3904 6306
20 370 123 428 σΥΙ

22 510 154 567 talia
190 502 281 561 tibi
312 496 768 569 improperantem
793 454 810 539 ε’
836 482 915 538 'I'u
959 479 1120 534 homo
1170 474 1235 529 de
1278 468 1499 544 pulvere
1529 466 1609 523 fa-

20 614 172 667 ctus,
204 609 262 652 tu
313 588 491 664 pulvis
522 583 812 655 aliquando
858 579 1092 646 futurus,
1122 583 1310 631 contra
1353 571 1523 625 Deum
1557 573 1610 641 te

22 685 294 757 extulisti,
316 691 504 739 contra
525 683 853 748 praeceptum
872 674 1012 745 ejus;
1038 679 1091 726 et
1110 670 1161 723 in
1192 678 1407 721 ctenum
1437 655 1612 715 omnis
1700 656 1703 659 “

22 784 235 859 peccati
259 791 314 837 et
336 773 690 834 immnnditia:
716 768 950 825 tumidus
977 760 1217 831 deiecisti
1252 767 1306 813 et
1350 768 1492 810 nunc
1519 764 1614 805 no-

25 881 125 937 stri
155 872 353 933 similis
372 884 493 925 esse
517 863 740 937 quaeris,
759 874 895 931 quos
925 869 1199 925 nunquam
1226 851 1278 905 in
1305 847 1486 916 aliquo
1514 857 1613 896 vo-

24 966 224 1025 luntati
252 962 350 1019 Dei
378 961 448 993 ⁸⁹⁹
470 953 771 1013 contraisse
797 946 1007 1005 cernis?
1038 942 1269 1011 Adjhaee
1292 938 1363 992 ita
1394 947 1616 1003 respon-

27 1066 160 1121 deas
192 1076 206 1113 :
245 1058 303 1113 Si
341 1068 463 1126 ego,
487 1059 548 1106 ιιι
575 1059 630 1103 ιιι
656 1044 795 1102 dicis
816 1042 908 1107 '°°,
927 1043 993 1096 de
1021 1037 1241 1110 pulvere
1268 1032 1442 1086 factus
1471 1043 1615 1092 sum,

29 1167 181 1214 certe
211 1167 321 1209 non
345 1159 429 1206 est
450 1142 646 1202 mirum
676 1141 720 1196 si
747 1146 910 1194 vento
936 1129 1251 1189 tentationis
1277 1122 1540 1194 impulsus
1565 1121 1617 1174 in

30 1248 221 1305 sordes
254 1258 374 1300 sum
408 1254 508 1311 ego
538 1233 825 1291 criminum
873 1228 1077 1298 lapsus.
1102 1220 1301 1276 Verum
1338 1215 1521 1286 agnita
1564 1220 1621 1267 et

30 1341 246 1397 credita
296 1329 671 1391 misericordia
703 1321 926 1387 Christi,
973 1316 1172 1389 spretis
1211 1311 1466 1368 omnibus
1502 1322 1622 1377 quae

32 1436 184 1489 illum
219 1429 363 1485 nolle
392 1426 533 1481 scire
577 1419 750 1492 potui,
790 1417 843 1470 in
887 1410 1099 1469 cunctis
1135 1422 1255 1478 qua:
1303 1403 1450 1459 illum
1483 1398 1623 1455 velle

32 1522 274 1580 intellexi
307 1515 687 1584 memetipsnm
717 1505 957 1563 exercui.
992 1502 1146 1559 Unde
1169 1496 1546 1553 tribulationes
1570 1498 1624 1547 et

33 1614 345 1685 angustias,
374 1611 426 1663 in
452 1608 596 1661 fame
624 1612 679 1657 et
717 1600 830 1664 siti,
862 1594 1085 1665 vigiliis,
1114 1588 1453 1652 verberibus,
1490 1600 1618 1639 con-

34 1706 280 1761 tumeliis
326 1701 553 1768 aliisque
586 1693 761 1749 modis
786 1684 1087 1744 innumeris
1117 1681 1184 1736 ad
1218 1681 1478 1735 honorem
1507 1673 1624 1744 ejus

34 1797 307 1851 sustinere
335 1807 438 1845 non
472 1786 621 1843 renui
649 1793 722 1845 et,
751 1792 978 1851 quaeque
1000 1774 1270 1830 nmndana
1299 1785 1396 1840 pro
1422 1767 1626 1822 viribus
1659 1778 1701 1832 Β

38 1890 168 1944 meis
230 1883 383 1940 nihili
425 1880 667 1951 pendens
703 1874 796 1938 δοί,
838 1870 1007 1938 ipsius
1052 1862 1427 1922 tantummodo
1457 1858 1623 1913 solius

39 1978 224 2052 gratim
257 1991 361 2049 per
408 1969 620 2042 singula
671 1961 1011 2021 reconciliari
1042 1955 1242 2013 studui.
1288 1951 1395 2007 Vos
1444 1959 1625 2005 autem

41 2070 171 2143 quid
189 2068 388 2133 horum
421 2074 657 2131 unquam
683 2056 765 2109 sui
798 2067 962 2109 causa
994 2041 1373 2103 sustinuistis?
1400 2040 1627 2109 Semper

43 2178 132 2216 vos
160 2150 361 2229 gloria,
386 2167 601 2222 semper
630 2145 943 2219 jucunditas
971 2148 1054 2196 est
1090 2136 1372 2194 comitata.
1414 2145 1630 2199 semper

45 2271 131 2309 vos
160 2247 587 2305 tennitdextcra
633 2240 727 2295 Dei
776 2248 937 2307 atque
982 2230 1220 2289 defendit
1249 2227 1316 2281 ab
1354 2226 1631 2294 impugna-

44 2344 181 2398 tione
202 2338 388 2393 umnis
414 2333 642 2407 peccati,
672 2332 743 2388 ita
769 2336 828 2382 ut
851 2326 990 2381 nulla
1019 2323 1172 2377 vobis
1194 2318 1496 2388 subriperet
1521 2329 1632 2368 ma-

44 2438 154 2492 cula
170 2434 317 2504 ejus.
336 2430 521 2500 Itaque
545 2426 592 2480 si
623 2441 652 2479 a
679 2422 955 2479 voluntate
982 2417 1149 2487 ipsius
1174 2428 1276 2467 non
1308 2400 1625 2475 recessistis,

46 2530 181 2583 illius
203 2527 280 2558 ’θ’
317 2524 517 2578 donum
549 2528 655 2583 est,
688 2532 718 2571 a
772 2530 879 2586 quo
914 2511 1118 2583 jngiter
1164 2506 1297 2562 tenti
1327 2504 1480 2559 estis.
1526 2500 1633 2556 Sed

46 2619 163 2690 quia
188 2618 316 2672 hazc
338 2609 686 2668 ratiocinatio
720 2607 842 2662 illos
880 2598 1257 2658 tantummodo
1297 2593 1516 2664 respicit
1542 2590 1634 2661 qui

46 2705 339 2779 perditioni
381 2718 493 2759 suae
520 2701 592 2737 ⁸⁸⁸
615 2701 724 2753 vim
756 2698 1000 2752 fecerunt
1027 2701 1084 2749 et
1120 2704 1343 2761 regnum
1374 2685 1636 2743 ctelorum

47 2799 318 2855 violenter
344 2801 641 2866 rapuerunt
668 2789 740 2821 ⁵³⁸
774 2786 993 2860 (Matth.
1035 2801 1115 2849 ιιι,
1143 2781 1255 2851 I2),
1285 2779 1412 2844 alii,
1445 2777 1534 2847 qui
1582 2774 1634 2829 in

50 2892 135 2948 illo
165 2898 325 2956 sunt,
356 2887 450 2943 sed
482 2884 589 2939 alio
615 2882 775 2937 modo
806 2877 1080 2941 intraturi,
1116 2874 1217 2929 alia
1252 2872 1461 2927 ratione
1486 2867 1636 2939 puri-

51 2995 209 3040 tatem
229 2982 556 3054 angelorum
597 2976 699 3033 sibi
724 2982 850 3030 sunt
875 2965 1242 3028 vindicaturi.',
1267 2965 1371 3019 Sed
1399 2961 1597 3033 quaeris
1622 2978 1635 3015 :

54 3077 197 3145 Quo?
227 3077 465 3131 forsitan
490 3074 619 3130 ista.
649 3070 844 3126 Dicent
866 3077 996 3131 ergo
1042 3060 1145 3114 illis
1181 3076 1194 3113 :
1224 3056 1362 3125 Quid
1392 3056 1445 3110 in
1474 3067 1640 3123 regno

58 3171 146 3224 Dei
181 3177 373 3225 vestra
406 3165 703 3237 qnmrimus
729 3155 1010 3229 mqualiter
1046 3151 1193 3206 beari
1248 3148 1339 3214 ὀδ,
1400 3148 1541 3201 dono
1585 3137 1709 3199 etC

59 3263 242 3333 gratia:
277 3258 406 3315 Jesu
446 3254 651 3312 Christi
685 3249 898 3307 Domini
935 3243 1104 3301 nostri
1154 3238 1501 3302 ascrihimus,
1550 3234 1641 3304 qui

54 3329 113 3409 ad
144 3356 255 3408 hoc
287 3352 538 3422 dignatus
575 3352 660 3401 est
694 3344 856 3398 homo
892 3337 1030 3401 ﬁeri,
1063 3334 1195 3405 pati,
1229 3329 1388 3396 mori,
1436 3336 1495 3381 ut
1521 3340 1640 3392 nos,

60 3448 121 3500 ab
147 3443 307 3500 omni
339 3440 538 3497 delicto
567 3437 620 3492 in
656 3432 921 3504 sanguine
952 3442 1049 3483 suo
1092 3422 1446 3494 iustificatos,
1476 3417 1647 3490 ipsius

58 3533 199 3603 regni
231 3538 524 3588 consortes
558 3524 815 3582 eiliceret.
850 3521 957 3575 Vos
997 3517 1160 3587 igitur
1183 3510 1534 3569 considerate
1578 3523 1644 3561 an

60 3624 287 3695 sanguis
311 3619 539 3686 Christi,
564 3618 654 3688 qui
692 3630 790 3687 pro
818 3611 976 3667 nobis
998 3617 1081 3662 est
1102 3604 1329 3669 effusus,
1358 3609 1520 3672 queat
1552 3615 1649 3654 no-

62 3716 139 3771 bis
166 3730 286 3769 non
324 3726 446 3767 esse
477 3706 720 3781 perfecta
761 3717 927 3759 causa
957 3695 1190 3753 salutis?
1228 3694 1367 3763 Quid
1415 3691 1481 3746 ad
1536 3690 1651 3745 luce

61 3807 263 3878 angeli,
296 3804 389 3876 qni
420 3802 676 3864 libenter,
712 3812 777 3851 eo
808 3792 951 3867 quod
980 3791 1104 3846 boni
1156 3796 1305 3851 sunt,
1331 3783 1527 3841 rationi
1558 3798 1651 3838 ac-

65 3897 443 3971 quiescerem
470 3894 679 3961 volunt,
711 3891 952 3944 dicerent
978 3883 1080 3938 nisi
1106 3896 1227 3953 quae
1254 3879 1394 3934 dicta
1417 3884 1541 3932 sunt
1568 3891 1655 3929 ra-

65 3996 205 4049 tione
230 3992 338 4047 niti
367 3989 438 4023 ⁸⁸⁷
465 3997 519 4043 et
545 3980 851 4055 hnjnsmodi
882 3976 1130 4032 homines
1152 3971 1273 4042 jure
1299 3985 1452 4026 suam
1475 3982 1655 4038 :equa-

66 4089 277 4142 litatem
334 4082 538 4139 debere
580 4074 808 4134 sortiri?
861 4069 996 4126 Cum
1046 4067 1230 4136 itaque
1267 4062 1441 4134 angeli
1492 4070 1656 4131 atque

68 4182 320 4237 homines
351 4190 487 4246 quos
525 4170 706 4242 magis
739 4176 793 4222 tu
820 4161 1163 4236 jndicavcras
1200 4156 1272 4189 ⁵⁰⁸
1319 4156 1656 4217 innocentes,

71 4272 161 4327 tibi
193 4265 567 4329 consentiant,
590 4275 713 4316 cum
746 4256 798 4311 in
849 4248 1061 4308 cunctis
1092 4264 1191 4322 pro
1219 4246 1449 4304 veritate
1486 4243 1659 4299 ratio-

70 4365 148 4417 nis
198 4363 470 4417 honorem
520 4352 788 4413 deferant,
834 4346 1130 4421 perpende.
1181 4342 1227 4399 si
1282 4339 1451 4406 vales,
1497 4349 1659 4407 quam

71 4460 220 4522 grata
250 4452 330 4507 sit
361 4444 623 4518 sapientia
674 4442 775 4496 ista
822 4455 926 4510 qua
968 4447 1048 4507 ιιι,
1094 4437 1235 4492 sicut
1287 4432 1355 4488 ab
1384 4428 1659 4493 omnibus,

72 4546 149 4599 sic
175 4556 376 4599 omnes
405 4556 435 4594 a
469 4549 520 4593 te
559 4546 959 4608 cognoscentur
999 4533 1054 4587 in
1100 4529 1207 4584 vita
1238 4525 1349 4580 illa.
1394 4522 1450 4578 Si
1478 4527 1658 4576 autem

70 4633 239 4693 fueris
282 4632 495 4699 malus,
545 4644 733 4686 verum
788 4630 950 4684 etiam
998 4623 1219 4681 omnino
1261 4618 1331 4653 '°’
1393 4611 1658 4685 sapientia

72 4728 322 4801 privatus
356 4766 373 4792 ,
447 4724 616 4781 tantis
686 4720 965 4793 urgeberis
1053 4714 1329 4774 doloribus
1398 4717 1460 4764 ut
1553 4720 1661 4761 non

1059 339 1185 395 ue.
1215 336 1308 398 ne
1332 296 1391 391 ε.
1435 324 1736 388 ausum
1764 313 2363 380 smnmummuus.

3188 288 3294 351 (58

1642 431 1684 486 Α
1716 457 1889 514 solum
1943 453 2226 524 insipiens,
2283 458 2472 501 verum
2530 437 2755 495 omnino
2811 422 2937 489 fias?
2970 434 3026 484 ει
3083 443 3290 485 amens.

2290 533 2515 595 CAPUT
2550 531 2709 589 LXII.

2127 634 2203 688 De
2231 630 2463 686 amicitia
2489 637 2535 680 et
2565 621 2865 679 inimicitia.

1786 733 1935 791 Nona
1964 744 2091 802 pars
2116 721 2464 799 beatitudinis
2485 728 2568 773 est
2592 711 2859 777 amicitia;
2888 706 3121 764 miseria:
3143 717 3292 767 vero,

1718 822 2027 883 inimicitia.
2067 798 2319 872 Perfecta
2364 817 2544 864 autem
2574 800 2811 859 amicitia
2834 805 2939 861 est,
2967 811 3088 866 quas
3116 794 3170 848 in
3202 792 3298 845 ini-
3345 788 3352 796 ’

1718 919 1981 995 micitiant
2006 906 2247 970 converti
2281 923 2386 962 non
2425 910 2622 974 potest.
2658 896 2767 953 Sed
2790 893 2913 963 quis
2933 891 3023 946 hic
3052 887 3297 943 habetm

1720 992 2017 1067 amicitiam
2070 1012 2297 1063 tantam,
2333 998 2498 1052 etiam
2552 992 2693 1046 filius
2719 1007 2847 1061 erga
2878 983 3124 1060 patrem?
3155 978 3295 1045 Quia

1723 1110 1901 1159 tamen
1934 1096 2111 1153 nullus
2157 1092 2320 1149 habet
2362 1088 2467 1151 hic,
2518 1082 2857 1139 inimicitiam
2911 1085 3138 1139 tantam,
3178 1085 3303 1143 quae

1722 1188 1962 1248 converti
2015 1200 2120 1240 non
2170 1180 2341 1252 possit
2390 1179 2441 1231 in
2488 1170 2781 1228 amicitiam
2823 1168 2913 1233 ⁸¹¹,
2945 1179 3048 1220 nec
3079 1163 3301 1218 omnino

1724 1283 1887 1338 habet
1913 1278 2002 1334 hic
2034 1272 2370 1330 inimicitiam
2410 1278 2700 1327 summam,
2733 1261 2788 1315 in
2821 1259 3000 1314 futuro
3026 1256 3095 1288 '”
3122 1262 3301 1308 autem

1724 1385 1817 1430 aut
1857 1369 2153 1428 amicitiam
2208 1362 2501 1435 perfectam
2548 1364 2641 1410 aut
2680 1352 3020 1408 inimicitiam
3068 1348 3302 1418 quisque

1725 1468 1817 1533 ⁵¹³,
1844 1462 2081 1520 inveniet
2110 1468 2408 1518 summam;
2458 1451 2659 1506 bonum
2706 1443 2907 1500 etenim
2935 1454 3203 1512 quemque
3226 1438 3306 1491 sic

1727 1530 1869 1617 Deus
1894 1566 2191 1623 omnesque
2213 1549 2301 1603 alii
2327 1545 2551 1616 diligent
2572 1539 2696 1594 boni
2723 1546 2783 1592 ut
2810 1550 2931 1589 eum
2956 1533 3156 1588 habere
3182 1530 3307 1585 odio

1727 1654 1869 1709 ultra
1902 1665 2008 1704 non
2052 1643 2281 1716 possint.
2328 1638 2603 1706 Quantum
2653 1643 2890 1696 namque
2937 1623 3183 1695 quisquis
3226 1635 3311 1675 se-

1732 1751 1932 1817 ipsum,
1959 1713 2170 1795 tantum
2198 1743 2253 1789 et
2276 1728 2491 1786 tamdiu
2522 1725 2708 1795 diliget
2738 1720 2990 1775 alterum.
3022 1715 3141 1770 Nec.
3162 1713 3308 1768 enim

1727 1838 1886 1893 video
1927 1829 2200 1904 quomodo
2244 1824 2402 1879 aliter
2434 1833 2557 1874 esse
2587 1813 2776 1885 possit,
2828 1807 3128 1880 praesertim
3186 1818 3308 1857 cum

1726 1943 1918 1985 omnes
1955 1938 2121 1979 unum
2171 1930 2369 1989 corpus
2413 1908 2615 1968 Christi
2644 1907 2774 1969 sint,
2812 1911 2868 1956 et
2914 1899 3188 1960 Christus,
3217 1894 3309 1962 qui

1726 2030 1813 2076 est
1842 2021 1956 2090 ipsa
1992 2030 2118 2086 pax,
2152 2011 2223 2066 sit
2248 2006 2490 2063 omnium
2513 2007 2696 2069 caput.
2726 1993 2836 2048 Nec
2861 1990 3051 2044 minori
3080 2003 3197 2042 sese
3228 1985 3315 2039 af-

1728 2114 1872 2170 fectu
1905 2107 2338 2178 complectantur
2376 2111 2538 2167 quam
2586 2089 2828 2146 membra
2867 2086 3027 2138 unius
3069 2077 3314 2148 corporis

1729 2208 1831 2263 sibi
1859 2204 2086 2260 invicem
2111 2195 2447 2266 copulantur.
2472 2188 2743 2255 Quantum
2769 2189 2927 2250 putas
2952 2175 3022 2208 ἰδ
3038 2170 3318 2227 abun-laus

1734 2301 1846 2356 eris
1877 2298 1929 2352 in
1969 2292 2281 2352 dilectione,
2305 2282 2523 2356 quando
2547 2280 2653 2334 hoc
2686 2274 2781 2330 tibi
2823 2271 2987 2327 fuerit
3016 2269 3069 2322 in
3098 2276 3316 2335 posses-

1733 2390 1922 2448 sione?
1970 2388 2223 2442 Attamen
2263 2380 2361 2434 ista
2398 2371 2593 2434 transi,
2639 2378 2695 2423 et
2730 2360 3101 2431 contemplare
3140 2356 3318 2425 ipsum

1733 2499 1833 2555 per
1860 2495 2020 2551 quem
2052 2477 2167 2530 haec
2196 2473 2339 2528 bona
2364 2466 2456 2522 tibi
2489 2473 2787 2535 pervenere
2812 2465 2865 2511 et
2892 2450 3161 2524 percipies
3189 2443 3319 2516 quia

1736 2576 1825 2631 ille
1849 2574 2131 2644 plusquam
2163 2575 2222 2621 ut
2255 2562 2485 2632 teipsum
2514 2565 2569 2613 et
2607 2570 2769 2625 quam
2796 2563 2985 2606 omnes
3026 2545 3116 2599 alii
3146 2555 3205 2596 sc
3235 2540 3321 2593 in-

1737 2642 2176 2737 comparabiliter
2200 2662 2346 2711 amet
2386 2661 2458 2717 te,
2492 2658 2545 2704 et
2588 2658 2642 2702 tu
2680 2660 2844 2713 super
2876 2642 3107 2711 teipsum
3142 2642 3198 2689 et
3229 2645 3324 2685 su-

1737 2777 1837 2834 per
1862 2771 2052 2813 omncs
2089 2753 2224 2807 alios
2273 2743 2526 2802 ineffabili
2575 2741 2805 2811 quadam
2856 2732 3124 2788 suavitate
3171 2724 3321 2780 illum

1741 2851 1965 2910 amabis.
2000 2845 2197 2902 Malum
2233 2834 2412 2896 autem
2457 2847 2727 2907 quemque
2753 2831 2831 2886 sie
2855 2827 2999 2881 Deus
3027 2830 3325 2887 omnesque

1739 2945 1867 3002 boni
1908 2940 2185 2998 habebunt
2228 2932 2354 2990 odio
2381 2938 2440 2985 ut
2481 2942 2582 2983 nec
2611 2924 2750 2979 filius
2797 2919 3013 2989 quidem
3069 2912 3326 2984 pietatem

1743 3038 1945 3094 habeat
1970 3034 2036 3089 de
2064 3038 2219 3102 patre
2250 3026 2303 3081 in
2340 3022 2519 3096 poenis
2554 3024 2866 3086 conspecto.
3014 3018 3017 3023 '

2306 3113 2536 3176 CAPUT
2574 3109 2756 3168 LXIII.

2150 3211 2229 3268 De
2259 3208 2542 3266 concordia
2566 3213 2613 3259 et
2637 3197 2927 3256 discordia.

1816 3311 2036 3368 Decima
2070 3321 2200 3379 pars
2242 3299 2593 3361 beatitudinis
2621 3305 2707 3351 est
2740 3286 3059 3349 concordia;
3097 3274 3333 3336 miseriae

1745 3422 1896 3473 vero,
1921 3400 2209 3460 discordia.
2240 3393 2598 3455 Concordiam
2622 3390 2785 3444 homo
2809 3382 2878 3415 ⁵³⁸
2903 3392 3009 3435 tam
3040 3388 3218 3431 raram
3242 3370 3333 3424 hic

1747 3498 1912 3555 habet
1957 3502 2017 3549 ut
2047 3507 2149 3549 nec
2173 3490 2277 3547 sibi
2324 3486 2426 3558 ipsi
2470 3496 2686 3551 semper
2726 3469 3036 3533 concordet.
3069 3466 3160 3519 Sic
3187 3462 3332 3516 enim

1752 3603 1953 3659 corpus
1988 3594 2044 3640 et
2065 3582 2247 3639 anima
2280 3577 2548 3634 dissident
2572 3571 2672 3627 sibi
2715 3576 2773 3622 ut
2804 3564 2946 3634 quod
2978 3573 3143 3615 unum
3172 3567 3337 3624 appe-

1753 3683 1818 3739 tit
1853 3680 2091 3736 alterum
2122 3675 2278 3732 nolit.
2315 3673 2514 3728 Verum
2550 3663 2675 3736 quia
2709 3675 2815 3715 non
2857 3667 3070 3722 semper
3109 3649 3210 3702 hoc
3243 3642 3335 3707 δί’,

1753 3734 1981 3835 faciunt,
2012 3768 2105 3825 sed
2139 3763 2432 3836 aliquando
2458 3734 2598 3813 idem
2628 3752 2833 3812 volunt,
2858 3761 2963 3801 non
2986 3744 3037 3796 in
3068 3734 3336 3794 discordia

1755 3880 1963 3925 summa
1991 3860 2310 3932 persistunt.
2348 3852 2407 3909 In
2444 3850 2547 3906 alia
2586 3860 2718 3901 vero
2755 3841 2891 3901 vita,
2920 3835 3004 3891 vel
3033 3834 3084 3887 in
3114 3842 3338 3886 concor-

1756 3962 1843 4017 dia
1871 3958 1954 4014 vel
1990 3923 2044 4012 in
2091 3964 2303 4009 summa
2348 3941 2643 4015 persistent
2684 3928 2974 3990 discordia.
3020 3923 3229 3990 Corpus
3262 3926 3340 3971 et-

1758 4053 1903 4106 enim
1926 4056 1981 4103 et
2002 4045 2184 4101 anima
2214 4037 2479 4107 cujusque
2508 4027 2704 4091 sancti,
2724 4014 3147 4080 imoconcordiae
3178 4017 3341 4065 tantm

1758 4150 1919 4200 erunt
1944 4150 2133 4194 omnes
2156 4131 2287 4201 justi
2316 4103 2532 4198 quanta:
2555 4122 2607 4175 in
2636 4113 2890 4189 praesenti
2924 4116 3050 4165 sunt
3078 4103 3216 4161 oeuli
3243 4116 3340 4155 no-

1760 4234 1880 4291 stri.
1913 4232 2068 4287 Sicut
2113 4224 2258 4280 enim
2298 4216 2487 4274 oculus
2526 4225 2667 4267 unus
2696 4205 2837 4263 verti
2868 4218 2972 4257 non
3022 4203 3198 4269 potest
3234 4206 3345 4263 quo

1762 4344 1867 4386 non
1894 4332 2137 4380 vertatur
2159 4324 2215 4373 et
2238 4314 2396 4377 alius,
2420 4308 2513 4366 sed
2544 4307 2594 4361 in
2625 4301 2871 4359 eamdem
2903 4302 3109 4368 partem
3131 4300 3348 4356 semper

1766 4420 2077 4480 volvuntur,
2105 4411 2185 4467 sic
2227 4406 2393 4463 etiam
2418 4411 2616 4470 corpus
2662 4402 2719 4449 et
2754 4390 2958 4451 anima,
2984 4383 3069 4439 vel
3114 4380 3349 4438 societas

1690 4491 1739 4552 Ῑ)
1767 4511 1856 4568 illa
1883 4466 2175 4579 iustorum,
2218 4495 2352 4554 nihil
2378 4466 2631 4565 poterunt
2655 4484 2794 4540 velle
2827 4481 3099 4536 diversum
3128 4472 3219 4537 "7,
3251 4466 3347 4525 sed

1765 4560 2008 4662 eamdem
2049 4607 2263 4665 semper
2290 4588 2621 4643 voluntatem
2660 4570 3175 4637 habebunt.Corpus
3204 4560 3348 4616 enim

1768 4708 1934 4752 unum
1963 4689 2188 4745 erimus.
2226 4678 2468 4738 Ecclesia
2500 4689 2606 4730 una
2643 4670 2868 4734 erimus,
2909 4675 3103 4734 sponsa
3148 4650 3351 4710 Christi

1353 4834 1589 4894 VARUE
1648 4822 2049 4888 LECTIONES.

138 4975 213 5049 “3
240 4966 810 5049 (ἐπιτεθένεῆιξσιξθιεηι

79 5056 131 5102 ιιι
164 5046 307 5100 dicis

78 5099 130 5169 ὲί
173 5099 340 5168 Ean.
394 5109 510 5166 Col.
562 5122 668 5162 non
710 5099 1033 5161 cecidistis,
1098 5099 1266 5169 ipsius

80 5146 118 5169 τι
184 5146 340 5168 DCIII.
394 5146 510 5166 νυν.
563 5146 668 5162 ιιιιισ
721 5146 993 5160 ινν-υυι--.ν
1100 5146 1109 5152 .
1156 5146 1262 5150 -..._

80 5188 150 5218 ιο.
185 5184 511 5253 Rapncrunt
540 5174 860 5253 :_ideo._alii\
904 5146 1033 5225 mss,
1059 5146 1304 5224 etrEdit.
1357 5160 1473 5215 Col.
1508 5146 1854 5226 wrapuerunt.
1911 5146 2015 5253 ﬁlii

932 5244 943 5253 .
1026 5241 1035 5251 .
1200 5239 1210 5249 .
1265 5234 1599 5253 ,A___,__‘___‘
1668 5240 1774 5253 κ...
1825 5229 1901 5253 Διῆ
1947 5217 2015 5253 VII.

702 5202 705 5221 ’
753 5202 841 5227 ίιΙΙΙ
904 5202 1007 5225 "to.
1059 5202 1106 5224 σι
1160 5202 1304 5220 μαι..
1358 5202 1473 5215 νυ..
1538 5202 1590 5212 ..ι
1618 5202 1720 5208 ιν..-
1741 5202 1851 5205 “VH

702 5245 773 5278 ⁸⁰⁶
824 5241 1039 5297 Rationi
1102 5239 1212 5294 veri
1254 5202 1638 5302 acquiescere'.
1668 5240 1774 5302 mss
1823 5229 1869 5273 et
1896 5217 2062 5271 «Edit.
2089 5213 2243 5302 ,σοι
2301 5202 2494 5291 ratiopi
2524 5202 2888 5302 .acquiescerq

1359 5257 1601 5285 IIIUSCUI'O
1670 5257 1774 5278 υιοο
1823 5257 1869 5273 νυ
1916 5257 2062 5271 μιν..
2131 5257 2243 5269 νν..
2301 5257 2491 5263 ---μνη

1340 5257 1411 5336 im
1437 5295 1962 5371 ltiagisjndieaveras
1995 5297 2046 5341 te
2077 5283 2140 5339 L.
2176 5280 2347 5371 magis
2370 5288 2420 5371 te
2443 5257 2805 5371 judie'a'verash
2875 5266 2943 5299 ‘°’
2956 5261 3165 5371 ³ξ’ξξιξὶιιιι
3195 5257 3358 5311 etiam

1948 5360 1960 5371 -
2025 5359 2033 5371 -
2094 5365 2105 5371 -
2341 5364 2381 5371 -.
2432 5345 2548 5371 ....:..
2602 5344 2667 5371 ,ιη
2809 5346 2856 5371 nl
3103 5328 3358 5371 minilinm

1571 5369 1642 5401 διο
1664 5368 1694 5401 Ω

1664 5366 1769 5419 Sed
1798 5366 1919 5429 quis
1948 5366 2112 5413 habet
2139 5371 2245 5409 mss
2295 5366 2401 5404 Seu
2430 5366 2551 5414 quis
2582 5366 2669 5398 mc
2702 5366 2881 5395 lluuct.

1664 5447 1691 5488 et
1715 5433 1863 5487 Edit.
1888 5429 2004 5483 Cal.
2036 5424 2371 5482 inimicitiam
2400 5424 2602 5488 tantam
2634 5427 2755 5488 qua:
2783 5405 3025 5488 converti
3058 5416 3161 5456 non
3193 5395 3365 5488 possit

579 5469 705 5513 verti
736 5473 842 5513 non
884 5469 1053 5523 passu
1076 5469 1128 5505 ιιι
1156 5469 1491 5502 ιιιιιιιιυιιιιιιιι
1517 5469 1620 5494 nias
1645 5469 1690 5491 υι
1890 5469 2004 5483 νυ..
2403 5469 2440 5472 Ὗ
2654 5469 2667 5484 _
3198 5469 3204 5470 ί

579 5531 651 5563 ³¹¹
675 5527 786 5583 Nec
817 5525 958 5579 nllus
988 5522 1210 5575 omnino
1238 5518 1402 5572 habet
1434 5514 1522 5568 hic
1551 5504 1890 5583 inimicitiam
1932 5514 2198 5555 summam
2220 5537 2235 5562 ,
2263 5500 2354 5548 aut
2381 5485 2695 5583 a‘micitiam.
2728 5481 2782 5535 In
2809 5479 2989 5533 futuro
3011 5488 3116 5527 mss
3139 5480 3184 5525 et
3212 5469 3365 5523 Edit.

1996 5570 2065 5583 “··
2100 5572 2114 5583 ι
2176 5578 2185 5583 -
2264 5582 2267 5583 ν
2304 5577 2398 5583 -υ-
2428 5568 2597 5583 μαι-η.
2656 5562 2742 5583 Α...
2772 5546 3106 5583 ςιιίηιῖιιὶιίεηη
3136 5542 3365 5583 animum

90 5606 210 5661 Col.
238 5621 344 5660 nec
368 5602 589 5659 omnino
618 5601 782 5656 habet
811 5597 900 5651 hic
924 5591 1265 5649 inimicitiam
1294 5598 1583 5643 smnmam.
1611 5581 1684 5661 In.
1703 5575 1886 5661 futuro

91 5692 197 5739 ιβιδ
226 5684 277 5731 ει
314 5673 457 5729 Edit.
488 5671 603 5728 Col.
629 5649 932 5726 antenraut
963 5661 1256 5719 amicitiam
1298 5669 1549 5728 magnam
1602 5649 1687 5707 vel
1732 5649 2051 5716 perfectam,
2116 5651 2209 5694 aut
2254 5649 2590 5690 nunncmam
2637 5649 2867 5696 (ιιιιδιιυυ
3092 5649 3363 5680 πωπω...

169 5762 255 5771 .,-
290 5762 363 5771 μ.-
397 5743 509 5771 ω-.
568 5752 610 5771 -.
667 5740 784 5771 sun.
834 5735 999 5771 n.1,...
1047 5732 1313 5771 ηηπῑιιηηι
1349 5735 1609 5771 ηιιειηιιιιιι
1720 5718 1792 5750 ⁸η
1827 5710 2181 5771 Concordiam
2215 5709 2374 5762 homo
2400 5719 2478 5757 ms
2504 5701 2570 5755 A.
2603 5699 2640 5771 ΙΔ
2665 5691 3027 5771 Concordiam
3048 5692 3178 5740 vero
3205 5683 3365 5735 homo

1650 5791 1717 5828 “7
1751 5763 2161 5844 vcfliii-éi-giu'n
2212 5794 2313 5833 mss
2350 5785 2395 5831 et
2422 5772 2563 5828 Edit.
2602 5769 2717 5824 Col.
2751 5764 2884 5824 velle
2911 5763 3186 5817 diversum

79 5248 396 5325 :eqnaliiatg
446 5248 591 5305 beati

83 5308 212 5381 moti
237 5342 322 5378 ms
358 5322 489 5376 Vict.
521 5329 569 5373 et
605 5317 755 5372 Edit.
788 5314 904 5370 Col.
931 5313 1141 5367 ratione
1171 5308 1266 5362 niti

81 5375 414 5450 omninonts
454 5390 597 5445 Vict.
628 5399 676 5442 et
710 5388 854 5442 Edit.
883 5382 999 5438 Col.
1033 5396 1219 5434 verum
1244 5375 1465 5450 omnino

86 5476 298 5522 tantam
321 5446 441 5534 qua:
464 5459 718 5534 converti.
736 5453 1053 5534 nonupossit
1076 5452 1131 5534 in
1156 5446 1491 5534 inimicitiam
1517 5457 1621 5523 mss
1645 5455 1671 5491 c

87 5537 141 5591 in
171 5534 469 5591 amicitiam

93 5732 363 5827 putas)!“
397 5743 529 5799 Vict.
564 5752 611 5797 et
649 5740 805 5827 'Edit.
834 5735 1020 5827 Col‘on,
1047 5732 1317 5792 omittunt,
1349 5735 1609 5827 qnqntum

166 5798 381 5879 Fiam
407 5798 618 5891 semper
649 5813 765 5875 haec
801 5825 878 5869 ms
905 5806 969 5864 Α.
999 5806 1020 5860 I
1057 5819 1161 5859 non
1198 5815 1411 5872 semper
1439 5798 1543 5852 hoc

1837 5360 1919 5414 uis
1948 5359 2112 5413 habet
2139 5371 2245 5409 mss
2267 5328 2551 5414 DSedquis
2582 5344 2669 5398 hic
2702 5341 2881 5395 habet.
2956 5333 3024 5414 ³¹ξ
3054 5328 3360 5407 Amicitiam

1994 5570 2065 5603 ⁸¹³
2087 5542 2623 5632 xulem-perfectam,
2655 5562 2747 5632 aut
2772 5542 3366 5632 inimicitiam‘quisque

1768 5645 2051 5705 erfectam,
2116 5651 2209 5694 aut
2254 5614 2867 5705 inimicitiam:quisque
2903 5691 2935 5705 η
2979 5615 3048 5648 ’λι
3091 5614 3363 5705 Quaptmn
