3904 6306
74 401 173 459 619

962 394 1085 448 LIB.
1114 391 1200 447 DE
1227 390 1286 446 S.
1318 387 1614 445 ANSELMI
1663 382 2252 443 SIMILITUDINIBUS.

3206 391 3318 445 653

74 508 345 567 multeties
375 500 567 562 accidit
595 514 652 560 ut
682 504 896 573 aliquis,
930 505 1020 573 qui
1058 506 1251 558 anima:
1273 518 1382 557 sua:
1411 501 1641 555 inlirmi-
1672 481 1920 554 Asancti
1946 514 2076 554 vero
2112 499 2544 568 homines-quasi
2570 498 2841 557 conversi.
2873 499 2983 556 Sed
3000 514 3113 555 nec
3138 503 3317 573 angeli

81 610 238 655 tatem
292 598 620 657 considerat,
660 595 981 651 medicinam
1006 596 1138 650 inde
1167 593 1462 664 spiritalem
1489 588 1639 661 quac-4

77 700 171 754 rat,
193 704 296 760 qua
326 689 395 743 ab
413 689 501 742 illa
522 688 777 741 vitiorum
806 701 1026 741 suorum
1052 686 1366 740 inﬁrmitate
1393 684 1641 738 mandari

76 780 260 834 valeat.
316 777 568 846 Cumque
613 776 663 831 ei
714 776 907 844 aliquis
957 775 1253 844 spiritualis
1307 775 1470 828 homo
1512 773 1643 827 dicit

72 868 206 939 quod
248 883 349 937 per
394 866 773 921 monachatum
813 874 995 934 posset
1020 865 1239 930 salvari,
1265 866 1357 919 dat
1382 864 1639 933 quidquid

76 961 223 1013 habet
262 957 408 1011 utin
465 955 796 1011 monasterio
847 955 1027 1025 aliquo
1079 955 1426 1024 suscipiatur,
1468 954 1554 1010 vel
1584 955 1635 1010 ei

77 1050 230 1119 gratis
268 1048 567 1118 aliquando
612 1046 949 1111 conceditur,
1000 1055 1055 1101 et
1087 1047 1399 1115 suscipitur.
1430 1046 1537 1101 Sed
1567 1046 1637 1087 ἰιι

68 1155 180 1192 cum
202 1137 410 1192 ordinis
431 1135 717 1190 difﬁcultas
738 1136 884 1204 cogit
902 1151 1024 1189 eum
1046 1136 1295 1205 vigilare,
1324 1136 1450 1189 dum
1474 1135 1639 1191 vellet

76 1227 329 1291 dormire;
390 1227 624 1291 esurire,
688 1227 814 1281 dum
878 1224 1037 1280 vellet
1059 1228 1261 1292 edere;
1294 1224 1469 1291 sitire,
1502 1222 1635 1280 dum

77 1319 220 1374 vellet
275 1318 490 1384 bibere;
541 1326 742 1379 tacere,
787 1316 913 1370 dum
938 1316 1100 1373 vellet
1131 1317 1308 1386 loqui;
1338 1318 1524 1389 legere
1547 1316 1637 1371 vel

72 1418 299 1467 cantare.
350 1407 478 1460 dum
504 1407 673 1461 vellet
707 1406 1022 1475 quiescere;
1055 1405 1266 1472 sedere,
1316 1423 1439 1462 cum
1476 1407 1638 1463 vellet

76 1506 206 1551 stare
257 1493 343 1550 vel
396 1493 710 1559 ambulare;
752 1503 855 1547 aut
883 1502 1034 1549 stare
1061 1494 1144 1548 vel
1173 1494 1476 1561 ambulare,
1510 1508 1634 1550 cum

76 1588 216 1643 vellet
259 1586 492 1651 sedere;
541 1585 767 1656 injurias
815 1586 1083 1641 sustinere
1108 1586 1326 1651 multas,
1358 1586 1633 1656 propriam

76 1678 390 1732 voluntatem
435 1692 505 1731 ex
531 1684 643 1731 toto
673 1677 967 1732 deserere:
1006 1676 1088 1732 Me
1110 1678 1387 1743 miserum,
1422 1677 1628 1746 inquit,

75 1772 203 1823 hunc
238 1769 495 1823 habitum
520 1782 688 1838 quare
736 1770 947 1839 suscepi
970 1768 995 1822 2
1022 1770 1193 1824 Antea
1222 1769 1361 1826 male
1387 1771 1631 1840 agebam,

77 1862 156 1914 sed
201 1862 357 1916 modo
402 1860 557 1931 pejus
609 1876 730 1931 ago,
785 1861 923 1930 quia
961 1870 1041 1917 tot
1068 1872 1122 1917 et
1151 1870 1325 1927 tanta,
1356 1877 1476 1931 quae
1499 1863 1633 1918 mihi

76 1952 329 2019 iubentur,
377 1953 677 2023 adimplere
710 1967 816 2009 non
851 1952 1038 2017 valeo;
1070 1963 1126 2008 et
1148 1954 1241 2008 vix
1279 1954 1381 2010 nisi
1408 1953 1632 2022 invitus,

77 2043 254 2113 aliquid
304 2044 437 2099 boui
492 2044 756 2113 perlicere
793 2044 967 2100 valeo.
1019 2045 1159 2113 Quid
1207 2046 1373 2116 igitur
1398 2045 1634 2102 αητνω

78 2137 211 2198 mihi,
267 2152 347 2192 vze
399 2137 536 2192 mihi
574 2138 586 2189 l
624 2137 691 2192 Ut
734 2137 861 2206 quid
897 2138 983 2192 his
1008 2136 1211 2193 credidi
1239 2138 1330 2207 qui
1367 2137 1499 2193 mihi
1531 2138 1635 2193 hoc

70 2225 780 2280 consuluerunt?Putabam
836 2227 978 2295 quod
1034 2230 1223 2282 omnes
1248 2226 1340 2281 isti
1383 2227 1635 2283 homines

76 2325 238 2370 essent
268 2318 471 2372 sancti.
508 2315 633 2372 Ilaec
655 2326 709 2373 et
730 2318 815 2372 his
840 2318 1039 2373 similia
1066 2319 1299 2375 novitius
1320 2320 1474 2384 dicit,
1501 2320 1633 2375 dum

78 2402 192 2456 ordo
235 2404 307 2458 illi
335 2404 610 2475 imprimis
646 2407 715 2438 ⁶¹³
746 2406 956 2461 videtur
982 2407 1192 2477 gravis;
1221 2408 1318 2463 sed
1346 2418 1634 2479 postquam

78 2496 225 2549 sensit
243 2504 295 2551 et
330 2512 522 2552 secum
554 2498 863 2553 considerat
887 2497 957 2529 ⁶¹⁸
985 2498 1134 2567 quia,
1168 2499 1283 2555 haec
1305 2499 1635 2555 unanimiter

80 2586 327 2654 patiendo,
358 2590 445 2643 sic
465 2590 643 2645 omnia
664 2605 757 2644 sua
781 2605 939 2661 posse
968 2590 1169 2646 aboleri
1198 2601 1419 2662 peccata
1447 2592 1636 2663 sicque

79 2680 339 2735 sanitatem
388 2681 594 2735 anima:
634 2683 797 2737 cilius
858 2698 1211 2753 recuperare,
1267 2692 1438 2739 totum
1491 2682 1635 2754 quod

78 2777 211 2821 antea
250 2785 415 2838 grave
472 2772 775 2836 videbatur,
818 2773 1078 2842 paulatim
1123 2770 1239 2829 leve
1279 2772 1532 2840 efﬁcitur,
1576 2781 1636 2830 et

79 2859 208 2925 quasi
241 2862 350 2929 jam
390 2861 533 2916 nihil
577 2862 716 2916 male
764 2863 993 2927 habens,
1046 2863 1219 2918 laetari
1262 2863 1470 2933 incipit,
1520 2862 1635 2920 Deo

79 2952 254 3017 gratias
284 2954 414 3024 agit.
454 2953 579 3022 quia
618 2954 1002 3010 monacbatum
1047 2956 1323 3027 suscipere
1348 2956 1631 3025 meruerit,

70 3054 123 3098 et
164 3061 339 3104 omnes
389 3048 493 3105 oui
546 3047 653 3103 tale
700 3049 985 3105 consilium
1038 3050 1142 3106 sibi
1176 3051 1440 3108 dederunt
1464 3050 1632 3107 bene-

76 3134 201 3195 dicit.
1013 3138 1017 3142 ’

564 3228 792 3285 CAPUT
828 3227 1111 3287 LXXVIII.

102 3316 350 3377 Conleutio
378 3322 527 3375 inter
552 3322 833 3376 monac/tos
849 3334 1141 3389 contrarios,
1166 3334 1215 3379 et
1241 3325 1465 3380 nutritas
1495 3325 1587 3381 ⁸⁸⁸.

130 3409 317 3467 Verum
345 3413 484 3484 quia
529 3414 597 3468 de
624 3416 904 3470 conversis
930 3425 984 3470 et
1020 3417 1239 3471 nutritis
1266 3427 1632 3487 congregatur

75 3500 186 3553 ordo
234 3502 653 3564 monachorum,
717 3503 1006 3559 dicendum
1053 3514 1137 3561 est
1176 3507 1319 3575 quod
1348 3507 1485 3562 solet
1510 3522 1633 3564 esse

70 3594 321 3647 contentio
363 3594 621 3664 quadam
661 3596 802 3649 inter
829 3597 1065 3651 nutritos
1092 3599 1391 3653 monachos
1420 3608 1475 3653 et
1501 3615 1633 3654 con-

76 3693 256 3735 versos.
302 3684 581 3738 Asserunt
624 3684 771 3737 enim
798 3684 870 3715 ⁵⁸⁸
890 3686 1088 3740 nutriti
1134 3702 1192 3740 se
1235 3687 1379 3740 nulla
1403 3688 1631 3743 crimina

72 3772 397 3837 commisisse,
444 3788 544 3827 nec
571 3788 630 3827 se
659 3774 710 3828 in
734 3774 916 3830 saeculi
946 3777 1195 3831 sordibus
1220 3776 1627 3847 coinquinasse,

74 3864 149 3913 sed
174 3865 291 3932 quia
320 3866 587 3920 mundam
609 3866 677 3921 ab
724 3865 951 3921 infantia
980 3868 1146 3922 vitam
1176 3868 1466 3934 duxerunt,
1495 3878 1551 3924 et
1573 3869 1631 3923 in

77 3947 152 4003 Dei
178 3955 391 4009 servitio
445 3970 666 4024 semper
711 3955 1122 4023 laboraverunt,
1156 3959 1274 4013 illos
1306 3975 1434 4014 vero
1461 3974 1630 4015 econ-

78 4044 217 4096 trario
233 4060 447 4113 seraper
472 4046 674 4102 vixisse
701 4048 769 4079 ⁶¹⁷
799 4049 1174 4114 considerant,
1204 4061 1260 4105 et
1285 4051 1406 4106 ideo
1429 4054 1631 4107 merito

77 4128 329 4188 inferiores
373 4150 503 4190 esse
545 4135 810 4202 judicent.
858 4140 922 4191 At
974 4148 1161 4193 contra
1190 4140 1458 4208 conversi,
1501 4142 1627 4210 quia

74 4223 321 4280 scientiam
379 4229 719 4283 exteriorum
766 4229 969 4285 habent
1002 4240 1057 4284 et
1107 4246 1193 4285 res
1222 4231 1291 4263 ⁸⁸⁸
1315 4234 1633 4289 monasterii

74 4314 316 4379 sapienter
367 4327 629 4380 tractant,
684 4320 901 4374 nutritis
956 4320 1086 4389 ipsis
1141 4322 1446 4377 necessaria
1478 4323 1631 4377 inve-

72 4402 222 4469 aiunt,
251 4410 501 4464 ordinem
532 4425 748 4479 quoque
783 4425 940 4465 suum
987 4412 1282 4467 ferventius
1310 4412 1628 4483 plerumque

1744 598 1965 644 sanctos
2020 589 2359 659 despiciunt,
2426 590 2553 659 quia
2598 590 2984 645 tentationibus
3025 589 3321 660 aliquando

1741 678 1870 735 victi
1921 688 2064 743 sunt,
2124 695 2225 735 nec
2263 681 2433 736 sancti
2464 678 2881 753 angelos,-quia
2909 682 3131 747 nullam,
3153 695 3320 754 quam

1743 772 2047 836 vincerent,
2098 770 2242 841 passi
2289 779 2414 825 sunt
2437 772 2805 828 tentationem.
2836 773 2897 828 Si
2915 774 3061 828 enim
3091 772 3321 829 Michael

1742 864 1950 918 diceret
1990 862 2154 917 Petro
2181 879 2193 915 :
2231 862 2309 915 Tu
2334 862 2620 917 Dominum
2656 865 2885 934 negasti,
2910 872 3092 934 posset
3124 863 3321 921 Petrus

1741 955 2070 1024 respondere
2099 967 2114 1007 :
2146 953 2347 1007 Verum
2388 953 2617 1021 quidem
2670 963 2754 1007 est
2777 956 2919 1023 quod
2950 955 3234 1018 dicis,-sed
3263 962 3320 1008 tu

1740 1059 1841 1115 pro
1856 1045 2094 1100 Domino
2116 1058 2391 1113 nunquam
2408 1043 2495 1097 vel
2512 1058 2676 1097 unum
2691 1044 2975 1114 colaphum
2997 1046 3317 1101 sustinuisti.

1737 1133 1897 1200 Quod
1926 1134 2147 1189 omnino
2196 1149 2302 1189 non
2334 1132 2559 1197 faciunt,
2589 1136 2686 1188 sed
2714 1135 2791 1188 ita
2822 1134 3061 1189 existunt
3088 1150 3320 1191 concor~

1740 1225 1835 1279 des
1865 1239 1929 1279 ac
1957 1225 2002 1279 si
2042 1240 2234 1280 omnes
2254 1234 2437 1280 essent
2458 1223 2654 1295 angeli,
2676 1224 2764 1291 vel
2784 1224 3047 1279 homines.
3074 1226 3164 1280 Sic
3193 1241 3321 1296 ergo

1737 1323 1863 1370 sunt
1886 1315 1954 1347 ⁶¹⁹
1987 1316 2076 1371 isti
2101 1331 2164 1371 ac
2188 1315 2232 1369 si
2265 1316 2450 1369 nutriti
2475 1316 2587 1370 sint
2613 1331 2805 1370 omnes
2826 1324 2918 1369 aut
2943 1316 3213 1371 conversi.
3257 1347 3261 1352 -

2274 1406 2501 1463 CAPUT
2537 1405 2775 1462 LXXIX.

1774 1493 2078 1551 Similitudo
2106 1498 2243 1551 inter
2270 1498 2570 1561 monachos,
2603 1506 2651 1551 et
2672 1496 2905 1566 angelos,
2928 1506 2975 1552 et
3000 1496 3169 1552 Deum
3190 1496 3282 1553 m.
3312 1498 3325 1553 η’

1811 1587 1906 1644 Sic
1954 1596 2039 1643 est
2088 1588 2235 1644 inter
2278 1588 2671 1644 monachorum
2728 1590 3205 1661 congregationem
3260 1590 3319 1646 in

1736 1681 1904 1737 terris
1949 1688 2007 1734 et
2039 1680 2513 1751 congregationem
2545 1679 2859 1749 angelorum
2900 1682 2952 1733 in
2980 1681 3154 1746 οωιιε,
3180 1696 3317 1751 quo—

1740 1770 1901 1825 modo
1948 1768 2091 1825 inter
2137 1783 2233 1824 eos
2276 1769 2367 1838 qui
2423 1776 2550 1824 sunt
2600 1770 2777 1825 adhuc
2814 1770 3053 1825 exterius
3088 1772 3143 1825 in
3174 1771 3311 1826 cella

1738 1860 2089 1927 novitiorum.
2139 1868 2197 1916 et
2233 1859 2354 1915 illos
2384 1861 2476 1930 qui
2511 1860 2624 1930 jam
2670 1870 2805 1914 sunt
2853 1861 3082 1917 interius
3102 1863 3160 1916 in
3190 1877 3320 1917 (δοκι-ρ

1735 1953 2059 2025 gregatione
2112 1951 2533 2017 monachorum,
2583 1952 2699 2023 qui,
2730 1961 2789 2006 ut
2824 1953 3120 2023 praevalent
3145 1954 3235 2019 ⁸⁸⁸,
3262 1954 3318 2011 in

1734 2045 1989 2100 omnibus
2025 2058 2085 2099 se
2125 2044 2365 2114 perfecte
2416 2042 2748 2098 custodiunt.
2802 2043 2915 2097 llos
2960 2044 3103 2097 enim
3149 2043 3319 2099 abbas

1739 2149 1840 2207 per
1859 2134 2212 2205 semetipsum
2234 2133 2348 2203 jam
2373 2132 2554 2189 omnia
2603 2133 2789 2189 docuit
2809 2149 2931 2203 quae
2954 2135 3069 2188 vult
3106 2149 3200 2189 eos
3222 2136 3320 2190 ob-

1734 2236 1995 2288 servare;
2037 2221 2144 2277 iilis
2172 2237 2300 2278 vero
2328 2222 2615 2292 magistros
2651 2236 2717 2276 ex
2765 2223 2882 2278 istis
2922 2224 3187 2292 praeponit
3222 2223 3317 2292 qui

1735 2327 1832 2370 eos
1855 2314 2085 2369 doceant
2111 2328 2231 2384 quae
2257 2312 2487 2385 debeant
2509 2315 2813 2370 custodire.
2861 2313 2951 2369 Isti
2970 2316 3088 2386 jam
3107 2317 3319 2386 probati

1734 2416 1865 2463 sunt
1891 2405 1946 2460 in
1991 2406 2139 2461 omni
2174 2406 2502 2472 humilitate,
2529 2414 2587 2461 et
2613 2407 2938 2473 obedientia,
2960 2416 3015 2462 et
3035 2408 3317 2477 patientia,

1734 2506 1795 2554 et
1817 2497 2196 2553 observatione
2218 2497 2460 2555 omnium
2482 2512 2605 2567 qua:
2620 2498 2762 2553 ordo
2782 2499 3045 2568 exposcit.
3087 2497 3165 2551 Illi
3188 2512 3321 2552 vero

1736 2590 1917 2645 adhuc
1930 2587 2206 2658 probandi
2231 2588 2302 2619 “'
2324 2596 2473 2653 sunt,
2504 2597 2685 2643 utrum
2725 2588 2890 2643 velint
2917 2602 3037 2643 esse
3061 2588 3322 2652 humiles.

1734 2682 2076 2746 obedientes,
2102 2678 2396 2749 patientes,
2426 2690 2483 2734 et
2507 2680 2801 2734 observare
2822 2679 3006 2734 omnia
3038 2694 3158 2749 quae
3184 2680 3323 2733 ordo

1734 2773 1991 2844 requirit.
2052 2771 2505 2840 Unumquemque
2551 2785 2681 2838 ergo
2728 2770 2941 2825 illorum
2996 2769 3041 2823 is
3095 2770 3186 2837 qui
3236 2769 3320 2823 eis

1733 2869 1997 2940 magister
2044 2865 2335 2935 deputatus
2384 2873 2469 2921 est
2518 2866 2729 2935 probat,
2771 2874 2832 2920 et
2857 2865 3131 2935 arguendo
3154 2873 3209 2919 et
3236 2864 3321 2918 ind

1734 2960 2032 3032 crepando.
2086 2957 2414 3028 Plerumque
2453 2958 2622 3012 etiam
2667 2956 2982 3027 ﬂagellando
3032 2965 3205 3010 tentat
3244 2972 3320 3012 an

1732 3059 1892 3121 aptus
1917 3052 1987 3106 ad
2010 3048 2411 3120 suscipiendum
2443 3047 2514 3080 ⁸⁸³
2553 3048 2607 3103 in
2634 3048 3054 3116 congregatione
3084 3048 3317 3105 aliorum

1651 3168 1702 3232 ε
1732 3143 1950 3197 existat.
1974 3143 2143 3211 Quem
2168 3143 2216 3199 si
2253 3138 2451 3195 viderit
2477 3147 2675 3196 cuncta
2731 3139 3005 3209 patienter,
3046 3140 3318 3195 sustinere

1730 3248 1789 3295 et
1816 3240 2045 3295 aliorum
2073 3239 2358 3297 consortio
2386 3252 2485 3309 per
2516 3236 2699 3291 omnia
2737 3234 2957 3303 dignum
2996 3246 3138 3293 esse,
3169 3232 3318 3285 venit

1730 3334 1801 3390 ad
1821 3335 2072 3389 abbatem
2104 3334 2362 3389 nurntians
2388 3332 2438 3386 ei
2474 3344 2661 3385 coram
2682 3327 2841 3383 omni
2866 3324 3312 3394 congregatione:

1726 3426 1982 3491 Domine,
2012 3426 2209 3496 inquit,
2239 3425 2474 3480 novitius
2496 3422 2608 3487 ille,
2632 3434 2795 3490 quem
2818 3418 2949 3471 mihi
2971 3415 3314 3479 commisisti,

1733 3518 1824 3583 W‘,
1856 3518 1931 3572 ita
1959 3518 2202 3587 perfecte
2236 3532 2296 3571 se
2324 3517 2487 3571 habet
2520 3512 2778 3569 omnibus
2807 3509 3007 3573 modis,
3034 3507 3177 3572 quod
3197 3506 3313 3574 jam

1730 3618 1816 3664 est
1846 3609 2041 3679 dignus
2066 3610 2205 3663 inter
2231 3624 2332 3663 nos
2357 3622 2501 3673 esse,
2529 3606 2573 3661 si
2595 3603 2820 3676 iubetis.
2863 3600 3068 3667 Quibus
3091 3599 3321 3663 auditis,

1730 3699 1903 3753 abbas
1956 3708 2053 3753 aut
2086 3714 2209 3752 eum
2241 3697 2452 3767 recipit,
2484 3695 2769 3752 communi
2795 3692 3028 3749 consilio
3056 3689 3312 3753 fratrum,

1732 3797 1829 3843 aut
1872 3790 2052 3844 adhuc
2083 3790 2333 3852 dimittit,
2374 3790 2441 3843 ad
2479 3787 2787 3857 exemplum
2816 3786 3044 3840 aliorum
3079 3783 3323 3837 novitio-'

1732 3893 1875 3932 rum.
1925 3876 2127 3946 Sicque
2161 3878 2229 3933 de
2259 3879 2364 3932 isto
2402 3878 2608 3932 novitio
2661 3876 2930 3946 condigne
2975 3873 3172 3943 agitur,
3218 3874 3315 3942 qui

1732 3984 2009 4025 servorum
2052 3970 2149 4024 Dei
2188 3968 2463 4024 consortio
2495 3968 2614 4037 jam
2654 3968 2850 4038 dignus
2882 3964 3132 4021 habetur.
3159 3964 3321 4019 Illum-

1734 4069 1913 4115 autem
1942 4060 2226 4123 novitium,
2276 4074 2435 4128 quem
2459 4059 2717 4129 magister
2740 4075 2869 4113 suus
2900 4059 3095 4114 viderit
3124 4059 3319 4113 inobo-

1733 4150 1990 4215 dientem,
2024 4150 2421 4219 impatientem,
2453 4150 2766 4218 superbum,
2803 4149 3309 4221 suseeptioneindi—

1731 4255 1915 4308 gnum,
1966 4248 2252 4309 postquam
2302 4253 2428 4297 eum
2484 4238 2574 4293 diu
2624 4239 2965 4307 toleraverit,
3017 4241 3312 4311 multisque

1733 4331 1908 4385 modis
1945 4330 2240 4387 emendare
2264 4331 2556 4386 tentaverit
2575 4331 2667 4398 ⁸³⁸,
2695 4334 2909 4390 tandem
2941 4335 2987 4390 si
3017 4335 3150 4389 nihil
3178 4349 3315 4405 pro-1

1734 4419 1896 4474 ﬁcere
1936 4430 2142 4489 potest,
2184 4423 2338 4477 venit
2358 4422 2432 4477 ad
2477 4421 2748 4491 abbatem,
2780 4434 2840 4482 et
2864 4426 3063 4482 taliaei
3092 4426 3264 4482 refert
3290 4445 3323 4483 ε.

71 4498 372 4565 custodiunt,
414 4499 539 4553 illos
589 4515 719 4553 vero
756 4515 952 4569 parum
982 4501 1036 4555 in
1073 4501 1157 4556 his
1182 4502 1361 4557 valere
1383 4504 1630 4560 conside-
1660 4512 1705 4567 D
1732 4510 1976 4575 Domine.
2023 4515 2218 4583 inquit,
2250 4517 2486 4573 novitius
2537 4519 2627 4574 ille
2662 4534 2821 4587 quem
2845 4519 3012 4574 habui
3039 4521 3092 4574 in
3113 4520 3183 4552 ⁶²⁶
3206 4536 3313 4576 cu-

76 4592 193 4642 rant.
224 4588 339 4642 ideo
383 4604 443 4643 se
504 4589 755 4643 meliores
802 4590 906 4644 illis
936 4592 1228 4659 aastimant,
1278 4594 1463 4662 sicque
1502 4593 1622 4649 aliis

74 4669 146 4723 alii
174 4688 228 4729 se
254 4677 579 4746 praeferunt.
627 4678 754 4732 dum
807 4695 913 4734 non
943 4696 1119 4746 suam,
1163 4683 1255 4737 sed
1280 4682 1508 4737 aliorum
1538 4684 1619 4739 in.

75 4758 353 4821 firmitatem
386 4772 699 4823 attendunt.
751 4769 857 4825 Sed
886 4772 931 4825 si
961 4788 1087 4826 vere
1127 4774 1371 4828 monachi
1417 4783 1621 4840 essent,

72 4851 136 4903 sic
166 4868 306 4912 esset
354 4860 505 4914 inter
531 4876 626 4915 eos
656 4862 926 4930 quomodo
962 4864 1104 4917 inter
1133 4864 1354 4932 angelos
1390 4865 1443 4918 in
1470 4866 1623 4920 caelis

71 4949 115 4993 ει
140 4942 371 5005 homines
398 4960 638 5007 sanctos.
689 4952 879 5023 Angeli
908 4955 1048 5007 enim
1078 4964 1202 5008 sunt
1223 4954 1379 5025 quasi
1410 4956 1621 5021 nutriti,

1728 4601 1923 4665 stodia,
1957 4611 2014 4656 ut
2037 4619 2159 4658 eum
2183 4607 2432 4662 docerem
2455 4609 2726 4677 quomodo
2750 4616 2932 4678 posset
2960 4624 3080 4664 esse
3115 4610 3308 4680 dignus

1727 4696 2142 4750 conversatione
2168 4707 2371 4761 nostra,
2402 4700 2474 4753 ita
2499 4715 2752 4769 perverse
2772 4715 2829 4753 se
2854 4700 3016 4755 habet
3050 4702 3101 4755 in
3130 4702 3306 4756 omnio

1726 4781 1830 4835 bus
1872 4796 1992 4850 qua:
2040 4784 2151 4854 agit
2189 4794 2249 4839 ut
2286 4802 2384 4841 nec
2404 4788 2551 4843 inter
2577 4789 2809 4858 reliquos
2858 4789 3089 4843 novitios
3113 4790 3304 4859 dignus

1728 4872 1800 4924 sit
1820 4876 2151 4928 conversari.
2179 4875 2477 4934 Providere
2504 4882 2686 4950 itaque
2721 4882 2876 4937 vobis
2899 4882 3149 4937 convenit
3173 4884 3305 4953 quid

1730 4958 1913 5028 potius
1944 4958 2012 5014 de
2041 4976 2106 5015 eo
2138 4954 2448 5023 faciendum
2483 4968 2573 5024 sit.
2599 4969 2681 5025 Ad
2709 4970 2812 5026 hoc
2835 4969 2921 5026 ille
2948 4958 3314 5049 respondens...

1339 5106 1590 5181 vanum
1629 5110 2028 5171 LECTIONES.

205 5242 525 5331 Gonceditiir
540 5256 592 5331 et
610 5249 931 5331 suscipitur;
941 5247 1047 5331 Sed
1063 5266 1139 5303 ms
1304 5251 1585 5331 conceditu
1597 5268 1638 5331 ι’..
1658 5252 1761 5331 Sed
1786 5323 1818 5331 ﬂ
1838 5253 1906 5331 ’ξ’
1939 5255 2004 5331 Et
2020 5253 2106 5308 vix
2127 5254 2228 5331 nisi
2254 5256 2689 5331 invitus._aliquid
2706 5260 2831 5315 boni
2852 5261 3107 5331 perﬁcere
3122 5263 3301 5321 valeo.

68 5304 187 5393 9"“
225 5314 425 5385 im"?
453 5317 611 5393 ""34.-
642 5320 659 5371 ¹
689 5304 834 5393 οηὶίμ
913 5319 983 5393 Ψ
1016 5304 1361 5393 ιηρῐιηίτῑρὶο
1390 5304 1492 5373 his;
1516 5304 1569 5373 ει
1608 5304 2253 5393 ᾅςὶίὶξσοιοηῗίιήιῖτῖὦὶε

2364 5328 2661 5399 "f_$entit,
2689 5340 2742 5384 et
2762 5328 2948 5385 secum
2968 5334 3301 5399 considerat,

72 5380 175 5457 quia
204 5380 295 5437 etc.
324 5402 398 5457 ms
430 5387 494 5441 Α.
532 5388 549 5440 l
584 5388 695 5440 Iuro
719 5390 981 5443 ubbreviut
1040 5380 1112 5422 ⁶¹³’
1139 5380 1288 5445 lutet:
1306 5406 1597 5445 conversos
1623 5390 1932 5454 Monachos,
1952 5405 2007 5447 et
2044 5380 2275 5449 nutritus
2300 5412 2377 5448 ms
2416 5380 2551 5452 Vict.
2573 5380 3304 5457 etEdita?deInter-blnda:

73 5452 185 5503 chos
211 5455 441 5507 nutritos
469 5466 520 5509 et
548 5473 835 5512 conversos

907 5461 976 5490 ⁶¹⁶
1014 5461 1311 5514 Attendunt
1340 5460 1482 5513 enim
1511 5477 1590 5514 ms
1629 5459 1761 5514 Vict.
1794 5462 1858 5516 15
1884 5473 2133 5517 asserunt
2163 5466 2304 5518 en‘im
2373 5466 2439 5499 ἰτ
2474 5468 2791 5522 Econtrario
2826 5472 3019 5525 vixisse
3041 5490 3144 5526 mss
3167 5489 3303 5529 con-

76 5521 217 5573 trario
242 5539 454 5647 seiuger
480 5527 672 5581 ι’ἰκίεςο
730 5528 798 5560 ⁸³⁸
833 5528 1040 5582 Habent
1061 5541 1113 5583 et
1141 5547 1228 5584 res
1264 5546 1340 5583 ms
1369 5530 1431 5583 Λ.
1470 5530 1487 5581 l
1528 5532 1744 5595 habent,
1773 5547 1861 5586 res
1920 5533 1988 5563 ⁶¹⁹
2018 5534 2107 5587 Sic
2142 5550 2268 5603 ergo
2298 5546 2422 5589 sunt
2449 5553 2526 5590 ms
2554 5521 2799 5595 sisic
2826 5521 3303 5612 ergo—sintn‘ﬁvlit

76 5582 217 5643 Deum
244 5610 318 5646 ms
395 5606 483 5647 ρει.
514 5597 573 5647 Α.
607 5599 627 5647 Ι
664 5608 711 5647 et
746 5597 889 5647 Edit.
924 5597 1107 5647 Colon-
1132 5602 1372 5647 amittunt
1460 5600 1527 5630 ⁶¹¹
1553 5600 1616 5647 Ill
1650 5603 1977 5647 nrapvaleanl
2003 5620 2105 5647 ηιμ
2134 5614 2191 5647 ιιι
2223 5606 2510 5647 nrmvnlpnt
2620 5607 2689 5639 9"
2720 5610 2901 5647 Διιιιιιι-
2930 5612 3186 5647 nmtmml:
3220 5628 3300 5647 ..η

73 5582 217 5665 [leum
230 5610 318 5665 gms

82 5650 195 5709 Vict.
222 5662 285 5715 l3
311 5664 376 5716 ad
406 5665 516 5721 haec

75 5736 174 5800 eam
182 5731 362 5787 misisti
389 5752 491 5790 mss

72 5790 171 5848 Col.
196 5805 436 5866 tentavit,

332 5898 598 5961 Ρλτιιοῐη
645 5903 835 5963 CLIX

395 5596 483 5672 ζει.
514 5597 573 5648 Α.
607 5599 711 5672 let
746 5597 1107 5672 ιξιιεμλςοιοη.
1132 5602 1372 5672 omittunt
1460 5600 1527 5630 ⁶²¹
1553 5600 1617 5672 Ut
1643 5603 1977 5672 praevaleant
2003 5620 2105 5657 mss
2134 5596 2513 5672 ut'praevaleut

2620 5607 2689 5639 ‘"
2714 5607 2912 5681 Adhuc
2930 5612 3186 5681 probandi
3204 5628 3300 5681 ints

580 5670 799 5748 rohandi
943 5670 1412 5748 :\il_recipieiiilum
1440 5671 1601 5748 nisti.
1632 5671 1657 5724 1
1684 5683 1733 5725 et
1754 5670 1898 5748 Edit.
1933 5673 2123 5748 ςοιηςξ
2148 5669 2234 5748 ’ρι’
2260 5672 2394 5728 Vict.
2425 5676 2497 5748 15
2526 5678 2591 5731 ad
2620 5669 3020 5748 suscipiendum
3072 5680 3142 5712 ⁶¹⁵
3161 5680 3297 5748 Mihi

568 5776 579 5786 .
608 5740 628 5790 1
655 5807 664 5808 7
687 5737 816 5793 Vict.
851 5740 917 5793 15
938 5750 986 5791 et
1017 5737 1368 5793 Εάὶιζϐοιοη.
1397 5740 1524 5793 mihi
1568 5742 1987 5800 commendastis
2057 5743 2125 5773 ⁸⁸⁸
2152 5742 2486 5808 Tentaverit,
2520 5764 2625 5800 mss
2654 5748 2717 5801 Α.
2751 5737 2785 5802 II
2814 5749 2945 5803 Vict.
2988 5748 3052 5804 15
3072 5760 3125 5804 et
3142 5747 3293 5803 Edit.

540 5807 609 5837 ⁶¹⁶
638 5807 806 5874 Quem
837 5810 1000 5865 habui
1040 5811 1092 5865 in
1125 5826 1226 5864 .nss
1258 5810 1323 5863 Α.
1354 5810 1375 5863 l
1406 5820 1453 5863 et
1506 5808 1639 5865 Vict.
1690 5811 1757 5864 13
1781 5821 1828 5865 et
1866 5812 2012 5864 Edit.
2044 5809 2156 5868 Col.
2198 5829 2358 5883 quem
2415 5807 2673 5871 habebam
2706 5818 2761 5872 in
3174 5830 3179 5833 ‘

2860 5911 2930 5971 21
