4002 6308
146 407 236 466 653
1114 400 1242 456 LIB.
1275 400 1360 457 DE
1398 399 1453 456 s.
1487 398 1787 456 ANSELMI
1820 392 2419 463 SlMlLlTUDlNIBUS.

3288 409 3394 468 65!

142 538 253 581 eum
289 518 536 592 proferre
587 528 806 591 propter
851 494 1060 574 ordinis
1089 518 1476 573 districtionem
1504 531 1713 587 eogno-
1740 519 1787 575 A
1816 519 2060 573 drantem
2091 519 2324 589 exigam.
2378 518 2492 575 Hoc
2525 519 2598 574 ita
2638 521 2882 589 judicato
2912 524 3003 591 “9,
3056 528 3395 587 convertitur

142 622 308 681 scunt,
360 629 466 669 non
522 628 646 670 eum
678 613 794 667 ideo
823 610 1119 676 dimittunt,
1146 609 1239 665 sed
1273 610 1340 665 ab
1367 624 1432 664 eo
1462 608 1709 664 districte

139 707 436 774 stultitiam,
487 714 547 760 ut
574 705 891 775 prtevalent,
939 717 1083 757 nunc
1111 702 1212 758 lioc
1250 718 1393 757 nunc
1431 700 1519 755 illo
1548 704 1708 777 modo

139 800 452 856 abscindunt
475 798 565 853 ⁸⁸⁸.
589 798 723 854 Cum
755 799 936 870 itaque
960 798 1123 855 fuerit
1142 794 1463 851 emendatus
1486 810 1514 847 a
1538 793 1705 857 vitiis,

136 898 184 945 et
207 889 394 944 mitior
439 887 634 954 factus,
663 888 728 943 ad
749 904 821 952 _se
848 904 1097 945 reversus
1125 885 1330 942 eisdem
1360 883 1564 954 gratias
1592 883 1710 937 red-

137 979 222 1044 dit,
248 979 449 1048 quibus
483 978 841 1045 irascebatur,
894 977 1039 1050 quod
1067 992 1189 1033 eum
1224 972 1611 1045 reprehensum
1636 973 1706 1004 ⁸⁸⁸

137 1071 485 1127 correxerint.
541 1070 681 1138 Quid
738 1069 1228 1142 igitur?Nunquid
1280 1084 1383 1124 non
1442 1067 1563 1140 ideo
1601 1064 1708 1121 sibi

134 1161 365 1234 proderit
416 1159 506 1215 illa
553 1168 703 1215 tanta
736 1162 1027 1229 districtio,
1071 1160 1197 1230 quia
1223 1172 1347 1213 eam
1386 1154 1706 1210 inﬁrmitate

135 1252 299 1310 carnis
328 1252 398 1285 ⁸⁸¹
421 1236 620 1307 invitus
639 1252 708 1307 ad
733 1252 922 1307 horam
953 1250 1211 1306 sustinuit
1234 1248 1325 1313 °",
1347 1260 1469 1301 cum
1498 1245 1565 1300 ad
1586 1260 1706 1300 eam

134 1342 485 1398 suﬂ‘erendatn
509 1352 699 1411 sponte
728 1357 823 1398 sua
850 1342 903 1396 in
929 1339 1258 1397 monasterio
1285 1352 1343 1392 se
1365 1335 1661 1407 alligaverit
1684 1335 1708 1389 ?

133 1434 372 1489 Proderit
396 1434 604 1503 utique,
656 1434 784 1503 quia
816 1443 873 1489 et
901 1448 998 1504 per
1021 1447 1139 1488 eam
1176 1430 1435 1485 liberatur
1463 1428 1532 1483 ab
1558 1428 1705 1482 omni

132 1524 436 1581 infirmitate
488 1526 769 1592 vitiorum,
828 1534 886 1581 et
928 1525 1069 1580 redit
1108 1523 1176 1577 ad
1208 1534 1389 1577 veram
1417 1520 1705 1575 sanitatem

133 1615 402 1669 virtutum.
461 1615 568 1672 Sed
597 1615 743 1671 dicet
768 1615 964 1686 aliquis
985 1615 1055 1647 ⁸⁸⁸
1082 1633 1095 1669 :
1124 1614 1316 1669 Melius
1350 1622 1495 1669 esset
1514 1622 1574 1667 ut
1595 1613 1705 1668 Deo

129 1707 232 1762 sine
279 1707 625 1776 professione
670 1708 900 1763 serviret
937 1716 1265 1777 spontaneos
1307 1724 1469 1779 quam
1504 1709 1556 1762 in
1589 1721 1706 1762 mo-

130 1798 360 1853 nasterio
413 1797 752 1869 professione
802 1812 862 1855 se
912 1798 1139 1868 alligans
1181 1798 1392 1855 servire
1416 1806 1705 1868 cogeretur

128 1889 343 1945 invitus.

650 1981 879 2039 CAPUT
914 1982 1173 2039 LXXXII.

252 2071 436 2138 Quam
466 2089 659 2144 magna
682 2074 755 2105 ⁶⁸⁸
780 2076 847 2130 sit
878 2093 993 2146 spes
1024 2077 1269 2131 monachi
1309 2077 1555 2148 professi.

185 2160 282 2217 Hic
310 2174 494 2218 autem
520 2175 599 2219 est
633 2165 1067 2234 respondendum
1113 2167 1238 2236 quia
1272 2175 1420 2222 tanta
1449 2166 1703 2223 distantia

122 2260 196 2306 est
223 2252 371 2307 inter
398 2253 548 2308 illum
592 2255 684 2324 qui
734 2272 842 2309 non
875 2255 989 2311 vult
1035 2256 1217 2313 facere
1244 2256 1357 2314 Deo
1382 2257 1702 2329 promissio-

123 2363 233 2402 nem
260 2349 539 2404 serviendi
564 2351 665 2406 sibi
698 2349 789 2417 ⁸⁸⁵,
827 2361 885 2406 et
911 2367 1033 2407 eum
1079 2353 1169 2423 qui
1194 2352 1427 2409 libenter
1450 2368 1571 2410 eam
1617 2352 1701 2409 fa-

120 2438 208 2505 cit,
230 2449 439 2509 quanta
469 2441 611 2497 inter
640 2442 889 2499 homines
936 2443 1071 2500 duos
1097 2444 1187 2514 qui
1234 2445 1395 2500 ambo
1419 2459 1486 2501 ex
1518 2445 1704 2501 debito

118 2535 312 2591 debent
342 2538 547 2594 servire
577 2538 795 2595 domino
836 2542 950 2596 uni.
991 2540 1098 2597 Sed
1148 2558 1289 2599 unus
1318 2558 1509 2599 eorum
1543 2559 1699 2601 acce-

116 2624 188 2678 dit
217 2627 289 2680 ad
316 2627 621 2694 dominum,
668 2640 723 2685 et
758 2631 893 2686 dicit
924 2636 950 2685 ε’
975 2632 1223 2698 Domine,
1276 2649 1343 2690 ex
1390 2643 1504 2691 toto
1531 2636 1698 2692 corde

119 2716 208 2769 tibi
238 2718 451 2772 servire
485 2719 629 2786 volo,
689 2722 783 2776 sed
818 2736 939 2776 esse
983 2721 1079 2777 tibi
1121 2722 1332 2779 ﬁdelem
1383 2725 1704 2795 promittere

116 2808 250 2861 nolo.
275 2809 417 2873 Quia
438 2810 483 2865 si
509 2811 610 2865 hoc
641 2811 734 2867 tibi
769 2813 1061 2883 promisso,
1092 2822 1277 2884 postea
1302 2828 1583 2885 peccarem
1608 2815 1702 2883 ⁸⁵⁸,

114 2900 334 2966 gravius
364 2902 683 2972 delinquens
712 2905 947 2975 graviori
975 2906 1212 2961 vindicta
1259 2905 1457 2976 dignus
1506 2907 1705 2965 existe-

116 3006 247 3045 rem.
313 2991 531 3059 Quanto
575 3002 753 3050 tamen
809 2996 1001 3051 melius
1040 3006 1254 3069 potero,
1296 2999 1528 3055 serviam
1583 3000 1698 3068 tibi,

114 3082 227 3147 sed,
261 3082 315 3137 si
365 3085 584 3153 quando
632 3100 930 3155 peccavero
980 3086 1103 3167 tibi,
1146 3087 1327 3156 judica
1356 3104 1444 3144 me
1468 3098 1527 3143 ut
1554 3088 1701 3144 illum

114 3174 197 3241 qui
228 3190 291 3228 se
320 3175 415 3230 tibi
446 3192 568 3232 esse
598 3176 811 3232 ﬁdelem
836 3178 1060 3234 mlnime
1107 3181 1374 3250 promisit.
1405 3181 1555 3236 Alter
1574 3195 1703 3236 vero

110 3267 276 3333 venit,
306 3276 363 3321 et
396 3268 529 3324 dicit
556 3288 568 3322 :
596 3268 844 3339 Domine,
869 3287 934 3327 ex
953 3280 1067 3327 toto
1099 3273 1261 3329 corde
1292 3287 1413 3328 meo
1438 3281 1490 3329 te
1512 3272 1699 3343 diligo,

114 3357 324 3429 tibique
378 3360 693 3418 ﬁdelitatem
722 3374 777 3420 et
812 3366 1200 3436 subjectionem
1243 3369 1627 3437 promitto,’ut,
1657 3370 1701 3424 si

109 3451 410 3520 aliquando
442 3453 622 3511 fecero
650 3467 835 3511 contra
865 3468 1196 3529 praeceptum
1231 3468 1399 3525 tuum,
1460 3476 1567 3515 non
1618 3476 1704 3515 me

104 3542 324 3609 judices
350 3556 409 3600 ut
438 3548 697 3614 alienum,
731 3550 823 3603 sed
884 3551 1141 3607 emendes
1168 3562 1227 3607 tit
1261 3554 1539 3623 prOprium
1590 3568 1707 3608 ser-

108 3650 263 3690 vum.
302 3635 403 3691 llis
432 3637 618 3707 itaque
649 3640 831 3706 dictis,
875 3642 1056 3696 evenit
1083 3650 1141 3696 ut
1193 3644 1352 3697 ambo
1392 3643 1532 3697 idem
1580 3658 1706 3712 pec-

107 3734 291 3777 catum
328 3734 521 3793 postea
553 3724 777 3793 faciant,
810 3744 875 3784 ac
906 3730 1103 3785 deinde
1156 3731 1487 3800 pmnitentes
1532 3732 1598 3763 ⁸⁵⁷
1637 3734 1704 3788 ad

107 3813 553 3871 misericordiam
580 3819 782 3872 domini
810 3821 892 3874 sui
943 3820 1189 3875 veniant.
1222 3822 1364 3877 Dicit
1391 3823 1575 3894 itaque
1606 3824 1704 3880 do-

107 3906 294 3962 minus
326 3907 400 3963 illi
449 3911 540 3979 qui
575 3911 677 3967 sibi
733 3912 1048 3968 ﬁdelitatem
1108 3916 1429 3984 promittere
1478 3916 1647 3973 noluit
1689 3937 1701 3983 :

101 3995 291 4062 Quare
324 3998 427 4055 hoc
453 4000 678 4056 fecisti?
724 4004 795 4059 At
824 4004 955 4059 ille:
1016 4006 1263 4069 Domine,
1301 4006 1493 4076 inquit,
1531 4009 1704 4062 conﬁ-

106 4098 227 4141 teor
259 4090 393 4159 quia
419 4091 642 4162 deliqui,
674 4095 765 4148 sed
804 4102 987 4149 tamen
1038 4112 1125 4151 me
1155 4096 1250 4151 tibi
1283 4113 1389 4152 non
1419 4112 1540 4154 esse
1568 4098 1704 4153 deli-

100 4189 334 4235 cturum
361 4198 469 4237 non
499 4185 744 4254 promisi.
780 4184 884 4241 Sed
918 4187 1006 4241 ille
1046 4204 1060 4241 :
1094 4186 1311 4257 ldeone,
1364 4188 1561 4258 inquit,
1600 4203 1702 4243 no-

100 4270 260 4326 luisti
286 4272 424 4327 milii
454 4274 767 4330 ﬁdelitatem
800 4278 1166 4346 promittere,
1197 4287 1258 4333 ut
1301 4293 1488 4348 posses
1514 4287 1703 4333 contra

98 4377 190 4417 me
235 4363 473 4419 liberius
495 4368 764 4435 peccare?
800 4369 940 4439 Ergo
962 4378 1016 4423 et
1053 4385 1152 4439 ego
1183 4379 1373 4426 contra
1421 4379 1489 4433 te,
1516 4385 1619 4424 non
1643 4380 1704 4425 ut

96 4468 232 4523 erga
270 4469 481 4522 meum,
509 4458 604 4512 sed
629 4468 686 4512 ut
719 4459 976 4514 adversus
1004 4462 1239 4515 alienum
1282 4477 1459 4532 agam,
1505 4471 1703 4516 totum‘

1811 606 1877 660 ad
1903 605 2065 661 alium
2104 615 2160 661 et
2190 608 2322 662 dicit
2362 608 2475 662 θεας
2524 608 2591 664 Ει
2640 620 2715 675 ιιι,
2757 612 2899 668 male
2954 628 3112 671 serve
3164 615 3256 684 ⁶⁶¹,
3297 620 3392 688 qui

1811 696 1944 753 milii
1971 696 2282 753 ﬁdelitatem
2312 699 2663 768 promiseras,
2710 711 2764 755 et
2789 702 2911 758 ideo
2958 705 3054 760 tibi
3092 707 3263 778 magis
3298 722 3393 764 ca-

1811 803 1940 843 vere
1966 789 2254 853 debueras,
2276 803 2446 858 quare
2481 789 2584 844 hoc
2614 790 2787 846 fecisti
2820 791 2843 845 ?
2871 792 2943 847 At
2971 794 3060 850 ille
3088 812 3101 849 ε
3136 796 3392 865 Domine,

1813 878 1911 942 ait,
1944 878 2208 933 conﬁteor
2234 892 2428 933 revera
2478 894 2566 934 me
2594 879 2886 949 deliquisse
2928 883 3135 955 tibique
3160 887 3394 943 ﬁdelita-

1813 977 1921 1023 tem
1944 968 2284 1039 promisisse.
2310 968 2417 1025 Sed
2463 980 2751 1040 postquam
2789 988 2875 1027 me
2900 976 3126 1043 poenitet
3148 993 3236 1034 me
3260 980 3393 1035 deli-

1812 1060 1995 1130 quisse
2019 1060 2111 1127 ⁸⁸³,
2145 1060 2316 1116 debeo
2341 1077 2443 1134 ego
2498 1065 2652 1134 pejus
2683 1066 2819 1136 pati,
2862 1068 2988 1137 quia
3035 1068 3132 1122 tibi
3163 1069 3394 1127 ﬁdelita-

1812 1161 1947 1218 tem,
1986 1161 2281 1223 antequam
2306 1154 2683 1225 deliquissem,
2709 1158 2960 1227 promisi,
2991 1174 3155 1229 quam
3185 1160 3273 1216 ille
3300 1164 3393 1232 qui

1812 1243 1957 1297 lianc
1982 1242 2075 1298 tibi
2103 1245 2217 1297 vult
2249 1244 2589 1314 promittere,
2607 1247 2771 1301 etiam
2802 1257 3086 1318 postquam
3116 1253 3397 1318 peccavit?

1813 1334 1939 1390 Ideo
1966 1335 2164 1405 quippe
2197 1335 2339 1390 volui
2372 1351 2459 1391 me
2511 1352 2630 1393 esse
2660 1347 2811 1394 tuum
2848 1348 2930 1407 ut,
2956 1341 3002 1395 si
3035 1344 3251 1411 quando
3271 1358 3398 1413 pec-

1811 1440 2016 1494 carem,
2050 1442 2157 1481 non
2190 1441 2277 1482 tne
2302 1425 2577 1496 judicares
2598 1439 2658 1484 ut
2678 1431 2938 1497 alienum,
2963 1433 3057 1488 sed
3078 1435 3399 1491 emendares

1809 1525 1869 1573 ut
1892 1518 2189 1588 proprium.
2227 1520 2299 1575 At
2325 1520 2616 1575 dominus:
2643 1520 2723 1575 Ita
2749 1531 2853 1585 est,
2886 1523 3082 1592 inquit,
3134 1533 3193 1578 ut
3238 1526 3394 1581 dicis.

1809 1606 1945 1663 Cum
1964 1624 2096 1681 ergo
2134 1609 2382 1677 voluero,
2410 1611 2477 1666 de
2506 1620 2557 1665 te
2586 1610 2879 1668 vindictam
2923 1615 3210 1685 accipiam,
3242 1625 3300 1668 ut
3330 1617 3398 1670 de

1810 1714 1951 1754 meo.
1981 1701 2072 1755 Sic
2094 1711 2276 1757 autem
2299 1713 2355 1758 et
2385 1699 2528 1760 Deus
2558 1705 2699 1760 inter
2731 1705 3038 1777 professum
3064 1708 3394 1762 monachum

1809 1802 1865 1847 et
1898 1792 2170 1850 nolentem
2219 1797 2465 1865 proﬁteri
2502 1798 2731 1869 judicat,
2766 1799 2833 1854 'si
2868 1814 2976 1855 eos
3030 1808 3216 1855 contra
3267 1814 3393 1856 eum

1736 1875 2063 1958 Bpeccasse
2122 1889 2405 1959 poeniteat.
2465 1889 2583 1945 Non
2634 1889 2806 1945 solum
2851 1900 3032 1945 autem
3090 1891 3393 1962 professum

1806 1979 1992 2036 mitius
2017 1979 2318 2050 iudicatm
2371 1996 2478 2037 non
2510 1980 2777 2053 professo,
2825 1983 2921 2037 sed
2963 1983 3128 2038 etiam
3157 1984 3396 2053 quolibet

1807 2071 1948 2129 laico
1975 2074 2151 2129 adhuc
2178 2074 2231 2128 in
2258 2074 2455 2130 smeulo
2481 2060 2796 2130 constituto.
2818 2074 2967 2135 Licet
2995 2075 3140 2130 enim
3168 2084 3395 2147 uterque

1806 2160 1949 2218 idem
1970 2172 2253 2233 peccatum
2291 2166 2617 2231 committat,
2651 2176 2829 2221 tamen
2878 2166 2923 2220 si
2974 2174 3088 2220 toto
3127 2181 3192 2220 ex
3232 2168 3395 2221 corde

1806 2258 2135 2310 monachum
2162 2256 2429 2324 pceniteat
2472 2255 2786 2325 deliquisse,
2835 2271 3067 2325 eumque
3122 2246 3392 2322 ordinem,

1807 2348 1894 2403 cui
1931 2363 1990 2404 se
2038 2347 2301 2415 subdidit,
2334 2349 2567 2404 ferventi
2605 2348 2676 2381 ⁵⁸⁸
2726 2364 2914 2405 amore
2940 2350 3231 2418 custodiat,
3283 2367 3397 2404 ma-

1802 2437 1981 2508 jorem
2027 2453 2192 2509 quam
2249 2438 2422 2494 laicus
2481 2439 2915 2496 misericordiam
2975 2452 3390 2511 consequetur,

1806 2530 2210 2600 quantumlibet
2257 2530 2347 2584 ille
2377 2531 2643 2601 poeniteat
2699 2532 3052 2588 saecularibus
3094 2533 3273 2588 adhuc
3302 2535 3397 2587 de-

1806 2630 2008 2677 tentus.
2040 2620 2098 2676 Si
2125 2636 2256 2677 vero
2277 2622 2544 2691 paenitere
2579 2623 2835 2690 noluerit,
2866 2622 3055 2695 majori
3105 2639 3267 2695 quam
3299 2623 3394 2679 lai-

1805 2725 1904 2767 cus
1935 2711 2269 2767 damnationi
2306 2713 2623 2783 subjacebit.

2325 2801 2553 2859 CAPUT
2584 2801 2871 2857 LXXXIII.

1878 2895 2185 2963 Similitudo
2205 2894 2339 2949 inter
2364 2893 2677 2971 monachum
2705 2904 3000 2964 peccantem
3025 2905 3073 2951 et
3103 2894 3314 2951 laicum.

1830 3010 1833 3011 ν
1876 2989 2031 3057 Quod
2089 2998 2149 3043 ut
2202 2986 2446 3058 apertius
2494 3004 2525 3041 a
2575 2987 2737 3042 simili
2775 2988 3079 3055 videamus,
3140 2989 3390 3045 homines

1804 3086 1941 3140 duos
1966 3082 2128 3137 unius
2150 3081 2355 3136 domini
2409 3095 2598 3137 servos
2628 3082 2954 3137 intueamur.
2984 3078 3159 3139 Ambo
3202 3083 3392 3157 itaque

1807 3192 1837 3230 a
1870 3175 2090 3233 domino
2119 3174 2210 3230 illo
2232 3174 2604 3245 possessiones
2653 3177 2901 3245 proprias
2925 3178 3209 3233 obtineant
3256 3180 3387 3245 sibi,

1806 3268 1907 3325 sub
1963 3267 2318 3339 jurejurando
2366 3268 2436 3299 ³⁵⁸
2487 3268 2758 3337 promisso
2802 3269 2944 3338 quod
2971 3271 3019 3324 ei
3056 3270 3242 3327 ﬁdeles
3270 3273 3391 3326 exi-

1806 3370 1972 3417 stant.
2032 3360 2185 3417 Unus
2237 3372 2418 3415 tamen
2466 3360 2683 3415 illorum
2753 3360 3068 3418 conditione
3141 3365 3233 3418 tali
3285 3365 3392 3420 hoc

1805 3450 1973 3506 faciat
2007 3450 2173 3519 quod,
2207 3450 2249 3504 si
2297 3450 2430 3520 quid
2462 3450 2532 3481 “°
2577 3450 2630 3504 in
2682 3465 2804 3505 eum
2850 3452 3175 3521 quandoque
3214 3454 3391 3509 delin-

1806 3552 1938 3613 quat
1976 3542 2067 3608 “7,
2093 3541 2162 3596 de
2214 3542 2435 3612 proprio
2462 3557 2582 3608 suo,
2625 3551 2786 3611 prout
2814 3544 2979 3598 fuerit
3018 3543 3245 3613 justum,
3288 3546 3390 3601 sibi

1805 3632 2099 3698 emendet;
2149 3632 2288 3686 alter
2317 3648 2449 3687 vero
2479 3632 2762 3689 dominum
2807 3649 2965 3688 suum
3017 3638 3154 3692 adeo
3204 3636 3393 3707 diligat

1807 3732 1867 3778 ut
1918 3723 2056 3780 nihil
2086 3722 2365 3793 proprium
2410 3725 2673 3790 retinere,
2720 3725 2973 3781 erunibus
3024 3728 3076 3781 ei
3128 3727 3388 3793 dimissis,

1805 3818 2128 3873 familiarius
2165 3816 2269 3873 sibi
2295 3815 2449 3871 malit
2479 3818 2548 3848 ⁸⁵⁸
2576 3818 2802 3873 servire.
2830 3817 2944 3874 lioe
2972 3820 3137 3873 etiam
3168 3828 3386 3889 pactum

1805 3928 1927 3969 cum
1954 3928 2020 3968 eo
2042 3912 2208 3968 faciat
2239 3912 2308 3944 ⁸⁸⁸
2335 3913 2500 3982 quod,
2526 3912 2572 3968 si
2620 3914 2909 3983 aliquando
2934 3916 3003 3947 ⁶⁷⁰
3036 3917 3166 3985 quid
3196 3926 3391 3973 contra

1805 4021 1930 4063 eum
1953 4006 2282 4069 committat,
2322 4006 2390 4059 de
2420 4005 2620 4075 seipso,
2652 4021 2757 4060 non
2788 4007 2856 4060 de
2885 4021 2943 4061 re
2969 4008 3038 4038 ⁸η
3066 4008 3264 4073 aliena,
3292 4009 3389 4063 sed

1806 4107 1865 4152 ut
1893 4100 1959 4153 de
2011 4098 2253 4169 proprio,
2298 4113 2461 4166 quam
2524 4098 2755 4153 voluerit
2794 4099 3085 4154 vindictam
3122 4111 3385 4155 assumat.

1806 4189 1902 4245 llis
1932 4190 2096 4261 igitur
2131 4189 2292 4254 actis,
2319 4189 2364 4244 si
2391 4189 2604 4259 culpant
2635 4191 2883 4246 eamdem
2923 4192 3213 4247 committit
3240 4202 3391 4249 uter-

1807 4294 1933 4348 que,
1961 4295 2026 4334 ac
2056 4278 2251 4335 deinde
2303 4279 2621 4349 poenitentia
2664 4281 2808 4336 ducti
2862 4282 3027 4337 velint
3073 4285 3388 4351 emendare,

1806 4373 1902 4426 sed
1931 4371 2020 4426 ille
2042 4371 2106 4426 de
2134 4371 2374 4442 proprio,
2410 4372 2553 4440 quod
2587 4386 2687 4427 nec
2716 4372 2892 4427 adhuc
2920 4382 3091 4428 totum
3119 4373 3229 4429 vult
3258 4373 3389 4429 dare

1804 4477 1904 4532 pro
1928 4462 2072 4516 illius
2098 4461 2270 4532 culpae
2323 4460 2713 4527 satisfactione,
2770 4462 2872 4516 iste
2923 4477 3054 4518 vero
3089 4463 3156 4519 de
3206 4465 3387 4535 seipso

93 4559 207 4615 que
240 4546 397 4616 quod
428 4549 536 4603 erit
566 4551 667 4605 mei
697 4549 836 4620 juris
863 4553 954 4619 ⁸⁵⁸,
987 4567 1156 4623 usque
1186 4554 1251 4610 ad
1280 4554 1530 4609 ultimum
1558 4569 1699 4626 qua-
1729 4571 1782 4630 υ
1808 4566 1968 4627 quem
1997 4552 2159 4611 etiam
2194 4560 2362 4608 totum
2405 4550 2622 4607 domino
2658 4551 3061 4622 mancipaverat
3101 4554 3271 4622 prius,
3304 4555 3385 4609 vi-

1406 4738 1638 4793 VARIAE
1678 4736 2076 4794 LECTIONES.

169 4849 247 4880 “9
312 4847 381 4903 Ut

86 5004 297 5042 ςειτιιιε

88 5059 318 5126 aliquis
354 5056 425 5111 In
450 5075 552 5127 mis
582 5059 664 5112 hic
690 5060 870 5127 incipit
894 5058 1057 5127 Caput
1088 5058 1158 5112 8‘2

82 5128 198 5181 sibi
244 5144 366 5179 mss
395 5138 441 5179 et
490 5126 637 5181 Edit.
666 5127 782 5181 Col.
816 5126 1083 5183 serviendi
1118 5128 1217 5182 sibi

82 5198 413 5264 promisso,
443 5210 626 5265 postea
665 5213 945 5265 peccarcm

81 5284 201 5336 mss
226 5265 313 5319 Β.
348 5268 373 5319 1
408 5278 453 5319 et
493 5266 622 5336 Vict.
658 5269 723 5321 15
751 5278 796 5321 et
839 5269 984 5321 Edit.
1016 5266 1202 5321 Colon.
1244 5268 1381 5336 juris

69 5335 356 5401 jtnlieato

74 5406 149 5436 3'“
202 5407 289 5460 Et
326 5416 379 5459 tu
404 5421 557 5461 serve
601 5425 705 5460 mss
732 5418 785 5462 ct
818 5418 891 5461 tu
918 5408 1056 5461 male
1092 5424 1248 5462 serve

66 5476 327 5545 judicat
354 5493 457 5533 mss
495 5477 560 5529 Α.
593 5478 716 5541 let
762 5477 897 5530 Vict.
931 5480 998 5531 15
1046 5476 1466 5546 ineliusjudicat

427 4848 741 4917 prmvalent,
785 4864 925 4902 nunc
984 4849 1088 4917 hoc
1149 4849 1241 4903 illo
1290 4850 1448 4905 modo
1490 4851 1813 4905 abscindunt
1856 4866 1933 4903 ms
1999 4850 2063 4901 Α.
2099 4850 2121 4903 1
2159 4850 2472 4917 praevalent,
2498 4852 2818 4906 abscindunt

91 4919 403 4973 lieudeudo
428 4915 544 4972 'mss
577 4919 639 4971 Α.
688 4920 711 4973 1
749 4929 795 4972 ct
844 4917 979 4972 Vict.
1014 4915 1080 4972 15
1126 4931 1169 4972 ει
1201 4920 1343 4973 Edit.
1376 4919 1490 4973 Col.
1524 4936 1646 4974 eum
1698 4919 2081 4988 reprehensum

409 4988 478 5018 ⁸⁸⁸
507 4988 711 5043 invitus
741 4989 994 5043 sustinuit
1027 5005 1130 5041 mss
1161 4990 1227 5043 ad
1259 4990 1446 5043 ituram
1480 4991 1737 5045 sustinuit
1773 5000 1850 5042 ms
1874 4989 1937 5043 Α.
1989 4991 2013 5041 1
2053 4990 2249 5043 invitus
2287 4994 2352 5047 ad
2399 4994 2585 5046 horam
2617 4992 2874 5045 sustinuit

1265 5060 1334 5092 αἰ
1371 5060 1755 5131 Quodmagna
1775 5076 1879 5112 mss
1907 5058 2134 5131 et_Edit.
2168 5058 2281 5113 Col.
2317 5059 2486 5127 Quam
2524 5078 2716 5131 magna

1329 5130 1398 5162 πθ
1431 5130 1484 5183 Si
1535 5129 1761 5184 lioe'tibi
1812 5129 2097 5200 promitto,
2145 5139 2198 5200 et
2238 5141 2420 5197 postea
2457 5131 2559 5184 sibi
2608 5129 2891 5200 peccarem
2926 5148 3030 5184 mss
3072 5133 3115 5186 si
3149 5133 3249 5186 hoc
3280 5133 3381 5187 tibi

1055 5198 1122 5270 ⁵⁸7
1166 5199 1365 5270 Deinde
1404 5201 1732 5270 pcenitenter
1755 5216 1857 5252 mss
1884 5209 1931 5251 et
1980 5198 2119 5270 fidit.
2152 5198 2267 5251 Col.
2317 5200 2509 5261 dein2le
2541 5198 2890 5270 prriuitentes-

1356 5408 1424 5439 θ⁶²
1456 5408 1706 5479 Pwnitet,
1741 5410 1863 5477 quia
1915 5408 2115 5478 deliqui
2165 5425 2269 5479 mss
2319 5410 2543 5478 ptenitet
2574 5424 2657 5463 me
2704 5410 2996 5479 deliquisse

1575 5478 1643 5509 °“
1672 5481 1802 5533 Cum
1844 5494 1908 5552 eli
1957 5481 2122 5552 corde
2151 5478 2431 5552 illonaclio
2482 5478 3093 5552 pteniteatdeliquisse,
3144 5498 3377 5549 eumque

2933 4854 3001 4884 ⁶⁵⁰
3037 4853 3171 4907 Eum
3197 4867 3383 4923 repre-

2194 4920 2259 4951 ⁸⁵¹
2294 4923 2664 4976 lntlrniitatem
2709 4920 2891 4976 carnis
2918 4940 3024 4976 mss
3066 4920 3381 4978 inﬁrmi—tate

2986 4993 3054 5023 ⁸⁸³
3093 4992 3197 5047 Sed
3228 4994 3379 5046 dicet

2827 5062 2896 5094 ⁸⁸⁵
2928 5063 3007 5115 Ad
3035 5062 3380 5116 serviendum

2976 5201 3044 5234 ⁸⁵⁸
3062 5202 3201 5271 Meri
3232 5203 3379 5271 juris

1493 5269 1561 5299 “9
1612 5270 1721 5322 Iloc
1770 5270 1955 5336 itaque
1978 5268 2217 5337 judicato
2264 5285 2367 5324 mss
2398 5272 2458 5322 Α.
2506 5268 2638 5325 Vict.
2677 5273 2741 5325 15
2784 5281 2829 5323 et
2857 5271 3000 5325 Edit.
3032 5270 3145 5325 Col.
3178 5268 3278 5327 hoc
3305 5273 3382 5326 ita

465 5335 532 5367 ⁶⁶⁰
560 5338 865 5393 Conversus
893 5339 957 5391 ad
988 5336 1150 5410 alium
1196 5335 1324 5393 dicit
1353 5340 1597 5410 mss_A.l
1646 5338 1777 5392 Vict.
1816 5335 1883 5391 13
1909 5350 1954 5410 et
1981 5335 2135 5410 Edit.
2190 5338 2305 5392 Cot.
2352 5342 2685 5394 convertitur
2732 5341 2800 5393 ad
2851 5342 3046 5410 alium,
3094 5352 3148 5397 et
3185 5343 3314 5395 dicit
3362 5361 3375 5398 :

3105 5412 3173 5444 ⁸⁸⁸
3199 5413 3377 5477 Minus

68 5548 369 5621 ordinem
397 5550 570 5621 cui__sc
600 5547 839 5621 subdidit
866 5548 1086 5621 ferventi
1110 5564 1219 5621 mss
1249 5561 1426 5621 tamen
1458 5548 1500 5602 si
1533 5557 1643 5621 toto
1675 5564 1741 5603 ex
1769 5548 2593 5621 cordeblonacitumdeliquisse
2629 5547 2925 5618 poeniteat;
2940 5568 3172 5621 eumque
3200 5547 3302 5605 cui
3318 5567 3377 5605 se

69 5616 359 5671 subdidit
406 5617 651 5671 ordinem
703 5618 930 5671 ferventi

75 5828 247 5883 Vict.
301 5827 369 5881 15
396 5839 439 5881 ct
480 5828 618 5883 Edit.
649 5829 755 5882 Col.
794 5827 931 5897 quod
976 5831 1017 5882 si
1050 5828 1336 5897 aliquando

1008 5618 1075 5688 ﬁ“
1104 5618 1213 5670 Sub
1261 5618 1614 5685 jurejurando
1651 5637 1726 5672 ms
1760 5619 1820 5671 Α.
1855 5621 1876 5671 1
1917 5616 2049 5671 Vict.
2085 5622 2150 5673 15
2181 5632 2225 5671 et
2258 5620 2400 5675 Erlit.
2430 5616 2547 5672 Col.
2580 5616 2718 5685 sibi;
2747 5616 3100 5688 jurejurando

65 5690 119 5743 εἰ
179 5686 343 5755 quid
390 5704 466 5740 ms
508 5686 639 5759 Vict.
678 5699 724 5742 et
791 5687 934 5742 Edit.
990 5686 1315 5759 Colmqttud
1367 5691 1409 5742 si
1464 5691 1589 5757 quid
1667 5691 1733 5722 ⁸⁵⁷
1774 5689 2055 5756 Delinqual
2086 5704 2161 5742 ms
2210 5690 2273 5742 A.
2318 5691 2340 5741 1
2398 5690 2685 5759 deliquerit

62 5759 257 5830 malit
290 5773 374 5830 ius
399 5758 459 5810 Α.
486 5758 892 5830 __llamiliarius
919 5758 1045 5830 velit
1085 5757 1188 5830 __°°9
1226 5758 1359 5811 Cum
1387 5776 1451 5813 eo
1484 5760 1639 5830 faciat
1675 5778 1748 5812 ms
1784 5760 1848 5811 Α.
1881 5761 1900 5812 1
1934 5774 2057 5813 cuni
2096 5775 2160 5813 eo
2193 5771 2479 5830 componat

1448 5830 1511 5859 ⁸⁷¹
1576 5828 1687 5883 Non
1722 5839 1778 5883 ut
1813 5832 1875 5884 de
1914 5847 1967 5883 re
2017 5847 2091 5885 ms
2128 5832 2187 5884 Α.
2226 5834 2249 5887 1
2295 5828 2426 5886 Vict.
2461 5831 2526 5885 15
2554 5841 2600 5885 et
2632 5829 2776 5884 Edit.
2810 5830 2922 5886 Col.
2958 5828 3063 5886 non
3106 5834 3168 5885 de
3202 5844 3258 5884 re

3174 5622 3245 5652 ⁶⁶⁶
3308 5621 3376 5674 Ut

2758 5691 2828 5722 ⁸⁸⁸
2878 5692 3218 5745 Fatniliarius
3270 5692 3371 5743 sibi

2588 5761 2656 5791 ⁶⁷⁰
2699 5760 2767 5815 Ut
2796 5762 2839 5814 si
2880 5761 3165 5829 aliquando
3194 5776 3270 5811 ms
3307 5762 3368 5814 Α,
