  <div class='ocr_page' id='page_1' title='image "/cluster/home/n/w/nwhite01/storage/ocr_20150623/159/hvd.32044024236648/336.png"; bbox 0 0 3904 6306; ppageno 0'>
   <div class='ocr_carea' id='block_1_1' title="bbox 126 347 2402 447">
    <p class='ocr_par' dir='ltr' id='par_1_1' title="bbox 126 347 2402 447">
     <span class='ocr_line' id='line_1_1' title="bbox 126 347 2402 447; baseline -0.017 -2"><span class='ocrx_word' id='word_1_1' title='bbox 126 390 217 447; x_wconf 74' lang='grc'><strong>657</strong></span> <span class='ocrx_word' id='word_1_2' title='bbox 1086 371 1215 427; x_wconf 86' lang='lat' dir='ltr'><strong>LIB.</strong></span> <span class='ocrx_word' id='word_1_3' title='bbox 1258 367 1345 424; x_wconf 82' lang='lat' dir='ltr'><strong>DE</strong></span> <span class='ocrx_word' id='word_1_4' title='bbox 1372 365 1428 422; x_wconf 88' lang='lat' dir='ltr'><strong>S.</strong></span> <span class='ocrx_word' id='word_1_5' title='bbox 1467 356 1768 421; x_wconf 76' lang='lat' dir='ltr'><strong>ANSELMI</strong></span> <span class='ocrx_word' id='word_1_6' title='bbox 1812 347 2402 414; x_wconf 73' lang='lat' dir='ltr'><strong>SIMILITUDINIBUS.</strong></span> 
     </span>
    </p>
   </div>
   <div class='ocr_carea' id='block_1_2' title="bbox 3257 345 3361 403">
    <p class='ocr_par' dir='ltr' id='par_1_2' title="bbox 3257 345 3361 403">
     <span class='ocr_line' id='line_1_2' title="bbox 3257 345 3361 403; baseline 0 -1"><span class='ocrx_word' id='word_1_7' title='bbox 3257 345 3361 403; x_wconf 71' lang='lat'><strong>658</strong></span> 
     </span>
    </p>
   </div>
   <div class='ocr_carea' id='block_1_3' title="bbox 127 459 3360 566">
    <p class='ocr_par' dir='ltr' id='par_1_3' title="bbox 127 459 3360 566">
     <span class='ocr_line' id='line_1_3' title="bbox 127 459 3360 566; baseline -0.013 -9"><span class='ocrx_word' id='word_1_8' title='bbox 127 512 229 557; x_wconf 91' lang='lat' dir='ltr'><strong>tum</strong></span> <span class='ocrx_word' id='word_1_9' title='bbox 252 498 318 531; x_wconf 67' lang='lat'><strong>“‘</strong></span> <span class='ocrx_word' id='word_1_10' title='bbox 349 497 418 552; x_wconf 87' lang='lat' dir='ltr'><strong>ab</strong></span> <span class='ocrx_word' id='word_1_11' title='bbox 440 511 503 552; x_wconf 93' lang='lat' dir='ltr'><strong>eo</strong></span> <span class='ocrx_word' id='word_1_12' title='bbox 536 492 739 566; x_wconf 74' lang='lat' dir='ltr'><strong>agenda</strong></span> <span class='ocrx_word' id='word_1_13' title='bbox 772 489 1015 558; x_wconf 69' lang='lat' dir='ltr'><strong>exigeret</strong></span> <span class='ocrx_word' id='word_1_14' title='bbox 1035 485 1127 551; x_wconf 81' lang='lat'><strong>&quot;&#39;,</strong></span> <span class='ocrx_word' id='word_1_15' title='bbox 1170 498 1289 553; x_wconf 86' lang='lat' dir='ltr'><strong>quae</strong></span> <span class='ocrx_word' id='word_1_16' title='bbox 1319 482 1429 536; x_wconf 86' lang='lat' dir='ltr'><strong>Deo</strong></span> <span class='ocrx_word' id='word_1_17' title='bbox 1470 478 1685 549; x_wconf 76' lang='lat' dir='ltr'><strong>placere</strong></span> <span class='ocrx_word' id='word_1_18' title='bbox 1713 477 1761 535; x_wconf 73' lang='grc' dir='ltr'><strong>Α</strong></span> <span class='ocrx_word' id='word_1_19' title='bbox 1790 480 1966 527; x_wconf 91' lang='lat' dir='ltr'><strong>statur</strong></span> <span class='ocrx_word' id='word_1_20' title='bbox 2007 468 2356 523; x_wconf 77' lang='lat' dir='ltr'><strong>vehementer</strong></span> <span class='ocrx_word' id='word_1_21' title='bbox 2407 472 2461 520; x_wconf 90' lang='lat' dir='ltr'><strong>et</strong></span> <span class='ocrx_word' id='word_1_22' title='bbox 2514 461 2677 527; x_wconf 92' lang='lat' dir='ltr'><strong>dolet,</strong></span> <span class='ocrx_word' id='word_1_23' title='bbox 2709 475 2929 531; x_wconf 78' lang='lat' dir='ltr'><strong>suaeque</strong></span> <span class='ocrx_word' id='word_1_24' title='bbox 2973 459 3267 529; x_wconf 62' lang='lat' dir='ltr'><strong>magistra,</strong></span> <span class='ocrx_word' id='word_1_25' title='bbox 3313 461 3360 515; x_wconf 85' lang='lat' dir='ltr'><strong>si</strong></span> 
     </span>
    </p>
   </div>
   <div class='ocr_carea' id='block_1_4' title="bbox 127 575 1683 663">
    <p class='ocr_par' dir='ltr' id='par_1_4' title="bbox 127 575 1683 663">
     <span class='ocr_line' id='line_1_4' title="bbox 127 575 1683 663; baseline -0.015 -17"><span class='ocrx_word' id='word_1_26' title='bbox 127 591 291 663; x_wconf 92' lang='lat' dir='ltr'><strong>potius</strong></span> <span class='ocrx_word' id='word_1_27' title='bbox 320 596 504 643; x_wconf 86' lang='lat' dir='ltr'><strong>nosset</strong></span> <span class='ocrx_word' id='word_1_28' title='bbox 524 584 615 637; x_wconf 65' lang='grc' dir='ltr'><strong>ω.</strong></span> <span class='ocrx_word' id='word_1_29' title='bbox 670 582 783 647; x_wconf 89' lang='lat' dir='ltr'><strong>Sic,</strong></span> <span class='ocrx_word' id='word_1_30' title='bbox 825 580 1069 649; x_wconf 89' lang='lat' dir='ltr'><strong>inquam,</strong></span> <span class='ocrx_word' id='word_1_31' title='bbox 1115 575 1387 646; x_wconf 81' lang='lat' dir='ltr'><strong>propriam</strong></span> <span class='ocrx_word' id='word_1_32' title='bbox 1420 586 1523 626; x_wconf 88' lang='lat' dir='ltr'><strong>non</strong></span> <span class='ocrx_word' id='word_1_33' title='bbox 1563 584 1683 640; x_wconf 80' lang='lat' dir='ltr'><strong>per-</strong></span> 
     </span>
    </p>
   </div>
   <div class='ocr_carea' id='block_1_5' title="bbox 127 666 1684 742">
    <p class='ocr_par' dir='ltr' id='par_1_5' title="bbox 127 666 1684 742">
     <span class='ocr_line' id='line_1_5' title="bbox 127 666 1684 742; baseline -0.015 -5"><span class='ocrx_word' id='word_1_34' title='bbox 127 685 206 738; x_wconf 86' lang='lat' dir='ltr'><strong>det</strong></span> <span class='ocrx_word' id='word_1_35' title='bbox 231 680 294 711; x_wconf 81' lang='grc'><strong>⁶⁹⁷</strong></span> <span class='ocrx_word' id='word_1_36' title='bbox 331 676 657 740; x_wconf 84' lang='lat' dir='ltr'><strong>mercedem,</strong></span> <span class='ocrx_word' id='word_1_37' title='bbox 686 673 730 726; x_wconf 90' lang='lat' dir='ltr'><strong>si</strong></span> <span class='ocrx_word' id='word_1_38' title='bbox 761 671 889 742; x_wconf 89' lang='lat' dir='ltr'><strong>quid</strong></span> <span class='ocrx_word' id='word_1_39' title='bbox 912 667 1093 738; x_wconf 90' lang='lat' dir='ltr'><strong>operis</strong></span> <span class='ocrx_word' id='word_1_40' title='bbox 1116 666 1242 721; x_wconf 93' lang='lat' dir='ltr'><strong>boni</strong></span> <span class='ocrx_word' id='word_1_41' title='bbox 1272 678 1434 733; x_wconf 83' lang='lat' dir='ltr'><strong>agere</strong></span> <span class='ocrx_word' id='word_1_42' title='bbox 1455 670 1684 732; x_wconf 78' lang='lat' dir='ltr'><strong>cogatur</strong></span> 
     </span>
    </p>
   </div>
   <div class='ocr_carea' id='block_1_6' title="bbox 125 759 1685 841">
    <p class='ocr_par' dir='ltr' id='par_1_6' title="bbox 125 759 1685 841">
     <span class='ocr_line' id='line_1_6' title="bbox 125 759 1685 841; baseline -0.012 -14"><span class='ocrx_word' id='word_1_43' title='bbox 125 781 396 841; x_wconf 80' lang='lat' dir='ltr'><strong>antequam</strong></span> <span class='ocrx_word' id='word_1_44' title='bbox 425 768 572 833; x_wconf 86' lang='lat' dir='ltr'><strong>velit,</strong></span> <span class='ocrx_word' id='word_1_45' title='bbox 603 765 687 819; x_wconf 91' lang='lat' dir='ltr'><strong>vel</strong></span> <span class='ocrx_word' id='word_1_46' title='bbox 716 771 936 819; x_wconf 90' lang='lat' dir='ltr'><strong>econtra</strong></span> <span class='ocrx_word' id='word_1_47' title='bbox 962 759 1340 829; x_wconf 77' lang='lat' dir='ltr'><strong>prohibeatur,</strong></span> <span class='ocrx_word' id='word_1_48' title='bbox 1376 770 1499 811; x_wconf 89' lang='lat' dir='ltr'><strong>cum</strong></span> <span class='ocrx_word' id='word_1_49' title='bbox 1523 767 1685 824; x_wconf 87' lang='lat' dir='ltr'><strong>agere</strong></span> 
     </span>
    </p>
   </div>
   <div class='ocr_carea' id='block_1_7' title="bbox 32 844 1682 929">
    <p class='ocr_par' dir='ltr' id='par_1_7' title="bbox 32 844 1682 929">
     <span class='ocr_line' id='line_1_7' title="bbox 32 844 1682 929; baseline -0.01 -13"><span class='ocrx_word' id='word_1_50' title='bbox 32 924 35 929; x_wconf 33' lang='grc' dir='ltr'><strong>η</strong></span> <span class='ocrx_word' id='word_1_51' title='bbox 124 864 259 924; x_wconf 82' lang='lat' dir='ltr'><strong>velit,</strong></span> <span class='ocrx_word' id='word_1_52' title='bbox 284 860 456 913; x_wconf 88' lang='lat' dir='ltr'><strong>donec</strong></span> <span class='ocrx_word' id='word_1_53' title='bbox 494 866 549 913; x_wconf 84' lang='lat' dir='ltr'><strong>et</strong></span> <span class='ocrx_word' id='word_1_54' title='bbox 599 857 768 926; x_wconf 85' lang='lat' dir='ltr'><strong>ipsam</strong></span> <span class='ocrx_word' id='word_1_55' title='bbox 824 854 1039 908; x_wconf 90' lang='lat' dir='ltr'><strong>amittat</strong></span> <span class='ocrx_word' id='word_1_56' title='bbox 1082 850 1418 905; x_wconf 77' lang='lat' dir='ltr'><strong>voluntatem</strong></span> <span class='ocrx_word' id='word_1_57' title='bbox 1472 844 1682 918; x_wconf 83' lang='lat' dir='ltr'><strong>agendi.</strong></span> 
     </span>
    </p>
   </div>
   <div class='ocr_carea' id='block_1_8' title="bbox 126 936 1686 1019">
    <p class='ocr_par' dir='ltr' id='par_1_8' title="bbox 126 936 1686 1019">
     <span class='ocr_line' id='line_1_8' title="bbox 126 936 1686 1019; baseline -0.009 -13"><span class='ocrx_word' id='word_1_58' title='bbox 126 951 230 1006; x_wconf 78' lang='lat' dir='ltr'><strong>Non</strong></span> <span class='ocrx_word' id='word_1_59' title='bbox 254 966 381 1019; x_wconf 86' lang='lat' dir='ltr'><strong>ergo</strong></span> <span class='ocrx_word' id='word_1_60' title='bbox 408 948 659 1002; x_wconf 89' lang='lat' dir='ltr'><strong>omittere</strong></span> <span class='ocrx_word' id='word_1_61' title='bbox 690 946 849 999; x_wconf 85' lang='lat' dir='ltr'><strong>debet</strong></span> <span class='ocrx_word' id='word_1_62' title='bbox 887 940 1150 1013; x_wconf 87' lang='lat' dir='ltr'><strong>quidquid</strong></span> <span class='ocrx_word' id='word_1_63' title='bbox 1187 940 1312 995; x_wconf 90' lang='lat' dir='ltr'><strong>boui</strong></span> <span class='ocrx_word' id='word_1_64' title='bbox 1340 937 1593 1008; x_wconf 67' lang='lat' dir='ltr'><strong>praelatus</strong></span> <span class='ocrx_word' id='word_1_65' title='bbox 1634 936 1686 992; x_wconf 87' lang='lat' dir='ltr'><strong>ei</strong></span> 
     </span>
    </p>
   </div>
   <div class='ocr_carea' id='block_1_9' title="bbox 124 1031 1689 1112">
    <p class='ocr_par' dir='ltr' id='par_1_9' title="bbox 124 1031 1689 1112">
     <span class='ocr_line' id='line_1_9' title="bbox 124 1031 1689 1112; baseline -0.009 -16"><span class='ocrx_word' id='word_1_66' title='bbox 124 1040 415 1112; x_wconf 67' lang='lat' dir='ltr'><strong>praecipiat,</strong></span> <span class='ocrx_word' id='word_1_67' title='bbox 467 1038 549 1092; x_wconf 78' lang='lat' dir='ltr'><strong>vel</strong></span> <span class='ocrx_word' id='word_1_68' title='bbox 579 1050 909 1107; x_wconf 66' lang='lat' dir='ltr'><strong>praasumere</strong></span> <span class='ocrx_word' id='word_1_69' title='bbox 938 1045 995 1088; x_wconf 94' lang='lat' dir='ltr'><strong>ut</strong></span> <span class='ocrx_word' id='word_1_70' title='bbox 1026 1042 1175 1103; x_wconf 82' lang='lat' dir='ltr'><strong>agat,</strong></span> <span class='ocrx_word' id='word_1_71' title='bbox 1205 1046 1234 1085; x_wconf 89' lang='lat' dir='ltr'><strong>a</strong></span> <span class='ocrx_word' id='word_1_72' title='bbox 1279 1031 1689 1099; x_wconf 89' lang='lat' dir='ltr'><strong>quibuscuuque</strong></span> 
     </span>
    </p>
   </div>
   <div class='ocr_carea' id='block_1_10' title="bbox 124 1116 1687 1199">
    <p class='ocr_par' dir='ltr' id='par_1_10' title="bbox 124 1116 1687 1199">
     <span class='ocr_line' id='line_1_10' title="bbox 124 1116 1687 1199; baseline -0.008 -12"><span class='ocrx_word' id='word_1_73' title='bbox 124 1147 233 1187; x_wconf 89' lang='lat' dir='ltr'><strong>eum</strong></span> <span class='ocrx_word' id='word_1_74' title='bbox 272 1130 571 1199; x_wconf 84' lang='lat' dir='ltr'><strong>prohibeat.</strong></span> <span class='ocrx_word' id='word_1_75' title='bbox 625 1128 720 1182; x_wconf 80' lang='lat' dir='ltr'><strong>Est</strong></span> <span class='ocrx_word' id='word_1_76' title='bbox 764 1128 905 1180; x_wconf 90' lang='lat' dir='ltr'><strong>enim</strong></span> <span class='ocrx_word' id='word_1_77' title='bbox 938 1125 1079 1179; x_wconf 91' lang='lat' dir='ltr'><strong>illius</strong></span> <span class='ocrx_word' id='word_1_78' title='bbox 1118 1123 1413 1192; x_wconf 65' lang='lat' dir='ltr'><strong>pratvidere</strong></span> <span class='ocrx_word' id='word_1_79' title='bbox 1454 1119 1525 1151; x_wconf 73' lang='grc'><strong>⁸⁸⁸</strong></span> <span class='ocrx_word' id='word_1_80' title='bbox 1555 1116 1687 1189; x_wconf 79' lang='lat' dir='ltr'><strong>quid</strong></span> 
     </span>
    </p>
   </div>
   <div class='ocr_carea' id='block_1_11' title="bbox 122 1212 1683 1293">
    <p class='ocr_par' dir='ltr' id='par_1_11' title="bbox 122 1212 1683 1293">
     <span class='ocr_line' id='line_1_11' title="bbox 122 1212 1683 1293; baseline -0.01 -16"><span class='ocrx_word' id='word_1_81' title='bbox 122 1222 407 1293; x_wconf 61' lang='lat' dir='ltr'><strong>prtecipiat,</strong></span> <span class='ocrx_word' id='word_1_82' title='bbox 433 1221 629 1290; x_wconf 88' lang='lat' dir='ltr'><strong>quidve</strong></span> <span class='ocrx_word' id='word_1_83' title='bbox 654 1219 937 1289; x_wconf 81' lang='lat' dir='ltr'><strong>prohibeat</strong></span> <span class='ocrx_word' id='word_1_84' title='bbox 966 1235 980 1282; x_wconf 90' lang='lat'><strong>;</strong></span> <span class='ocrx_word' id='word_1_85' title='bbox 1017 1218 1175 1287; x_wconf 87' lang='lat' dir='ltr'><strong>hujus</strong></span> <span class='ocrx_word' id='word_1_86' title='bbox 1206 1230 1332 1268; x_wconf 85' lang='lat' dir='ltr'><strong>vero</strong></span> <span class='ocrx_word' id='word_1_87' title='bbox 1376 1212 1530 1282; x_wconf 86' lang='lat' dir='ltr'><strong>sequi</strong></span> <span class='ocrx_word' id='word_1_88' title='bbox 1561 1225 1683 1265; x_wconf 89' lang='lat' dir='ltr'><strong>eum</strong></span> 
     </span>
    </p>
   </div>
   <div class='ocr_carea' id='block_1_12' title="bbox 121 1303 1686 1383">
    <p class='ocr_par' dir='ltr' id='par_1_12' title="bbox 121 1303 1686 1383">
     <span class='ocr_line' id='line_1_12' title="bbox 121 1303 1686 1383; baseline -0.008 -15"><span class='ocrx_word' id='word_1_89' title='bbox 121 1318 166 1368; x_wconf 86' lang='lat' dir='ltr'><strong>lu</strong></span> <span class='ocrx_word' id='word_1_90' title='bbox 191 1316 329 1368; x_wconf 93' lang='lat' dir='ltr'><strong>bono</strong></span> <span class='ocrx_word' id='word_1_91' title='bbox 378 1314 446 1346; x_wconf 80' lang='lat'><strong>“’</strong></span> <span class='ocrx_word' id='word_1_92' title='bbox 477 1329 571 1383; x_wconf 88' lang='lat' dir='ltr'><strong>per</strong></span> <span class='ocrx_word' id='word_1_93' title='bbox 597 1312 800 1366; x_wconf 85' lang='lat' dir='ltr'><strong>omnia.</strong></span> <span class='ocrx_word' id='word_1_94' title='bbox 829 1309 935 1365; x_wconf 91' lang='lat' dir='ltr'><strong>Sed</strong></span> <span class='ocrx_word' id='word_1_95' title='bbox 978 1320 1037 1364; x_wconf 93' lang='lat' dir='ltr'><strong>ut</strong></span> <span class='ocrx_word' id='word_1_96' title='bbox 1082 1310 1186 1364; x_wconf 92' lang='lat' dir='ltr'><strong>hoc</strong></span> <span class='ocrx_word' id='word_1_97' title='bbox 1231 1307 1507 1363; x_wconf 85' lang='lat' dir='ltr'><strong>voluntate</strong></span> <span class='ocrx_word' id='word_1_98' title='bbox 1561 1303 1686 1358; x_wconf 86' lang='lat' dir='ltr'><strong>obe-</strong></span> 
     </span>
    </p>
   </div>
   <div class='ocr_carea' id='block_1_13' title="bbox 122 1395 1688 1471">
    <p class='ocr_par' dir='ltr' id='par_1_13' title="bbox 122 1395 1688 1471">
     <span class='ocr_line' id='line_1_13' title="bbox 122 1395 1688 1471; baseline -0.005 -12"><span class='ocrx_word' id='word_1_99' title='bbox 122 1406 273 1459; x_wconf 87' lang='lat' dir='ltr'><strong>dieuti</strong></span> <span class='ocrx_word' id='word_1_100' title='bbox 300 1405 489 1469; x_wconf 80' lang='lat' dir='ltr'><strong>faciat,</strong></span> <span class='ocrx_word' id='word_1_101' title='bbox 522 1403 733 1458; x_wconf 86' lang='lat' dir='ltr'><strong>noverit</strong></span> <span class='ocrx_word' id='word_1_102' title='bbox 766 1418 796 1455; x_wconf 93' lang='lat' dir='ltr'><strong>a</strong></span> <span class='ocrx_word' id='word_1_103' title='bbox 845 1401 1008 1457; x_wconf 89' lang='lat' dir='ltr'><strong>simili</strong></span> <span class='ocrx_word' id='word_1_104' title='bbox 1056 1409 1190 1471; x_wconf 91' lang='lat' dir='ltr'><strong>quot</strong></span> <span class='ocrx_word' id='word_1_105' title='bbox 1225 1408 1350 1455; x_wconf 91' lang='lat' dir='ltr'><strong>sunt</strong></span> <span class='ocrx_word' id='word_1_106' title='bbox 1388 1395 1688 1453; x_wconf 83' lang='lat' dir='ltr'><strong>voluntatis</strong></span> 
     </span>
    </p>
   </div>
   <div class='ocr_carea' id='block_1_14' title="bbox 120 1490 801 1565">
    <p class='ocr_par' dir='ltr' id='par_1_14' title="bbox 120 1490 801 1565">
     <span class='ocr_line' id='line_1_14' title="bbox 120 1490 801 1565; baseline -0.007 -16"><span class='ocrx_word' id='word_1_107' title='bbox 120 1494 448 1549; x_wconf 83' lang='lat' dir='ltr'><strong>subditorum</strong></span> <span class='ocrx_word' id='word_1_108' title='bbox 486 1509 683 1565; x_wconf 84' lang='lat' dir='ltr'><strong>genera</strong></span> <span class='ocrx_word' id='word_1_109' title='bbox 707 1490 801 1544; x_wconf 85' lang='lat'><strong>&#39;°°.</strong></span> 
     </span>
    </p>
   </div>
   <div class='ocr_carea' id='block_1_15' title="bbox 630 1580 1163 1640">
    <p class='ocr_par' dir='ltr' id='par_1_15' title="bbox 630 1580 1163 1640">
     <span class='ocr_line' id='line_1_15' title="bbox 630 1580 1163 1640; baseline -0.006 -1"><span class='ocrx_word' id='word_1_110' title='bbox 630 1583 858 1640; x_wconf 82' lang='lat' dir='ltr'><strong>CAPUT</strong></span> <span class='ocrx_word' id='word_1_111' title='bbox 898 1580 1163 1637; x_wconf 80' lang='lat' dir='ltr'><strong>LXXXV.</strong></span> 
     </span>
    </p>
   </div>
   <div class='ocr_carea' id='block_1_16' title="bbox 120 1672 1687 1731">
    <p class='ocr_par' dir='ltr' id='par_1_16' title="bbox 120 1672 1687 1731">
     <span class='ocr_line' id='line_1_16' title="bbox 120 1672 1687 1731; baseline -0.004 0"><span class='ocrx_word' id='word_1_112' title='bbox 120 1676 417 1731; x_wconf 81' lang='lat' dir='ltr'><strong>Similitudo</strong></span> <span class='ocrx_word' id='word_1_113' title='bbox 458 1676 595 1731; x_wconf 83' lang='lat' dir='ltr'><strong>inter</strong></span> <span class='ocrx_word' id='word_1_114' title='bbox 639 1686 935 1730; x_wconf 85' lang='lat' dir='ltr'><strong>matronam</strong></span> <span class='ocrx_word' id='word_1_115' title='bbox 974 1686 1021 1729; x_wconf 89' lang='lat' dir='ltr'><strong>et</strong></span> <span class='ocrx_word' id='word_1_116' title='bbox 1067 1675 1297 1729; x_wconf 75' lang='lat' dir='ltr'><strong>divinam</strong></span> <span class='ocrx_word' id='word_1_117' title='bbox 1346 1672 1687 1728; x_wconf 83' lang='lat' dir='ltr'><strong>voluntatem.</strong></span> 
     </span>
    </p>
   </div>
   <div class='ocr_carea' id='block_1_17' title="bbox 181 1765 1688 1839">
    <p class='ocr_par' dir='ltr' id='par_1_17' title="bbox 181 1765 1688 1839">
     <span class='ocr_line' id='line_1_17' title="bbox 181 1765 1688 1839; baseline -0.003 -16"><span class='ocrx_word' id='word_1_118' title='bbox 181 1768 402 1824; x_wconf 79' lang='lat' dir='ltr'><strong>Accidit</strong></span> <span class='ocrx_word' id='word_1_119' title='bbox 448 1770 770 1839; x_wconf 88' lang='lat' dir='ltr'><strong>quandoque</strong></span> <span class='ocrx_word' id='word_1_120' title='bbox 798 1776 1097 1823; x_wconf 87' lang='lat' dir='ltr'><strong>matronam</strong></span> <span class='ocrx_word' id='word_1_121' title='bbox 1123 1767 1358 1837; x_wconf 89' lang='lat' dir='ltr'><strong>aliquam</strong></span> <span class='ocrx_word' id='word_1_122' title='bbox 1406 1765 1544 1820; x_wconf 85' lang='lat' dir='ltr'><strong>tilias</strong></span> <span class='ocrx_word' id='word_1_123' title='bbox 1565 1781 1688 1820; x_wconf 89' lang='lat' dir='ltr'><strong>cum</strong></span> 
     </span>
    </p>
   </div>
   <div class='ocr_carea' id='block_1_18' title="bbox 1788 555 3360 629">
    <p class='ocr_par' dir='ltr' id='par_1_18' title="bbox 1788 555 3360 629">
     <span class='ocr_line' id='line_1_18' title="bbox 1788 555 3360 629; baseline -0.006 -11"><span class='ocrx_word' id='word_1_124' title='bbox 1788 565 1969 628; x_wconf 88' lang='lat' dir='ltr'><strong>audet,</strong></span> <span class='ocrx_word' id='word_1_125' title='bbox 1998 564 2190 619; x_wconf 85' lang='lat' dir='ltr'><strong>durius</strong></span> <span class='ocrx_word' id='word_1_126' title='bbox 2213 557 2524 629; x_wconf 86' lang='lat' dir='ltr'><strong>respondet.</strong></span> <span class='ocrx_word' id='word_1_127' title='bbox 2548 555 2606 610; x_wconf 90' lang='lat' dir='ltr'><strong>Si</strong></span> <span class='ocrx_word' id='word_1_128' title='bbox 2632 563 2812 609; x_wconf 90' lang='lat' dir='ltr'><strong>autem</strong></span> <span class='ocrx_word' id='word_1_129' title='bbox 2860 562 3045 624; x_wconf 82' lang='lat' dir='ltr'><strong>aperte</strong></span> <span class='ocrx_word' id='word_1_130' title='bbox 3088 568 3216 609; x_wconf 88' lang='lat' dir='ltr'><strong>ausa</strong></span> <span class='ocrx_word' id='word_1_131' title='bbox 3254 569 3360 609; x_wconf 86' lang='lat' dir='ltr'><strong>non</strong></span> 
     </span>
    </p>
   </div>
   <div class='ocr_carea' id='block_1_19' title="bbox 1788 642 3363 717">
    <p class='ocr_par' dir='ltr' id='par_1_19' title="bbox 1788 642 3363 717">
     <span class='ocr_line' id='line_1_19' title="bbox 1788 642 3363 717; baseline -0.006 -10"><span class='ocrx_word' id='word_1_132' title='bbox 1788 652 1971 717; x_wconf 80' lang='lat' dir='ltr'><strong>fuerit,</strong></span> <span class='ocrx_word' id='word_1_133' title='bbox 2024 651 2075 707; x_wconf 91' lang='lat' dir='ltr'><strong>ei</strong></span> <span class='ocrx_word' id='word_1_134' title='bbox 2130 648 2342 706; x_wconf 87' lang='lat' dir='ltr'><strong>occulte</strong></span> <span class='ocrx_word' id='word_1_135' title='bbox 2395 647 2466 679; x_wconf 78' lang='grc'>⁷³³</span> <span class='ocrx_word' id='word_1_136' title='bbox 2512 645 2773 710; x_wconf 88' lang='lat' dir='ltr'><strong>detrahit,</strong></span> <span class='ocrx_word' id='word_1_137' title='bbox 2828 643 3081 713; x_wconf 85' lang='lat' dir='ltr'><strong>quodque</strong></span> <span class='ocrx_word' id='word_1_138' title='bbox 3132 642 3363 698; x_wconf 81' lang='lat' dir='ltr'><strong>faciebat</strong></span> 
     </span>
    </p>
   </div>
   <div class='ocr_carea' id='block_1_20' title="bbox 1786 734 3362 813">
    <p class='ocr_par' dir='ltr' id='par_1_20' title="bbox 1786 734 3362 813">
     <span class='ocr_line' id='line_1_20' title="bbox 1786 734 3362 813; baseline -0.006 -16"><span class='ocrx_word' id='word_1_139' title='bbox 1786 757 1923 813; x_wconf 82' lang='lat' dir='ltr'><strong>Opus</strong></span> <span class='ocrx_word' id='word_1_140' title='bbox 1945 740 2274 796; x_wconf 86' lang='lat' dir='ltr'><strong>intermittit.</strong></span> <span class='ocrx_word' id='word_1_141' title='bbox 2303 738 2455 805; x_wconf 83' lang='lat' dir='ltr'><strong>Quod</strong></span> <span class='ocrx_word' id='word_1_142' title='bbox 2488 737 2534 792; x_wconf 85' lang='lat' dir='ltr'><strong>si</strong></span> <span class='ocrx_word' id='word_1_143' title='bbox 2559 736 2772 806; x_wconf 87' lang='lat' dir='ltr'><strong>operari</strong></span> <span class='ocrx_word' id='word_1_144' title='bbox 2818 734 2968 804; x_wconf 77' lang='lat' dir='ltr'><strong>jussa</strong></span> <span class='ocrx_word' id='word_1_145' title='bbox 3004 734 3187 802; x_wconf 79' lang='lat' dir='ltr'><strong>fuerit,</strong></span> <span class='ocrx_word' id='word_1_146' title='bbox 3224 750 3362 803; x_wconf 77' lang='lat' dir='ltr'><strong>prae-</strong></span> 
     </span>
    </p>
   </div>
   <div class='ocr_carea' id='block_1_21' title="bbox 1789 822 3363 902">
    <p class='ocr_par' dir='ltr' id='par_1_21' title="bbox 1789 822 3363 902">
     <span class='ocr_line' id='line_1_21' title="bbox 1789 822 3363 902; baseline -0.008 -14"><span class='ocrx_word' id='word_1_147' title='bbox 1789 832 1960 888; x_wconf 90' lang='lat' dir='ltr'><strong>tendit</strong></span> <span class='ocrx_word' id='word_1_148' title='bbox 2015 832 2262 902; x_wconf 89' lang='lat' dir='ltr'><strong>protinus</strong></span> <span class='ocrx_word' id='word_1_149' title='bbox 2286 828 2429 898; x_wconf 89' lang='lat' dir='ltr'><strong>quod</strong></span> <span class='ocrx_word' id='word_1_150' title='bbox 2465 828 2535 881; x_wconf 90' lang='lat' dir='ltr'><strong>sit</strong></span> <span class='ocrx_word' id='word_1_151' title='bbox 2566 826 2807 880; x_wconf 70' lang='lat' dir='ltr'><strong>inﬁrma.</strong></span> <span class='ocrx_word' id='word_1_152' title='bbox 2839 825 2949 882; x_wconf 81' lang='lat' dir='ltr'><strong>Aut</strong></span> <span class='ocrx_word' id='word_1_153' title='bbox 2983 824 3027 879; x_wconf 87' lang='lat' dir='ltr'><strong>si</strong></span> <span class='ocrx_word' id='word_1_154' title='bbox 3057 822 3273 893; x_wconf 89' lang='lat' dir='ltr'><strong>quando</strong></span> <span class='ocrx_word' id='word_1_155' title='bbox 3295 823 3363 855; x_wconf 78' lang='grc'><strong>⁷¹’⁵</strong></span> 
     </span>
    </p>
   </div>
   <div class='ocr_carea' id='block_1_22' title="bbox 1788 915 3365 991">
    <p class='ocr_par' dir='ltr' id='par_1_22' title="bbox 1788 915 3365 991">
     <span class='ocr_line' id='line_1_22' title="bbox 1788 915 3365 991; baseline -0.008 -10"><span class='ocrx_word' id='word_1_156' title='bbox 1788 941 1846 981; x_wconf 89' lang='lat' dir='ltr'><strong>se</strong></span> <span class='ocrx_word' id='word_1_157' title='bbox 1876 924 2046 980; x_wconf 85' lang='lat' dir='ltr'><strong>solam</strong></span> <span class='ocrx_word' id='word_1_158' title='bbox 2077 923 2301 987; x_wconf 86' lang='lat' dir='ltr'><strong>viderit,</strong></span> <span class='ocrx_word' id='word_1_159' title='bbox 2331 920 2580 991; x_wconf 91' lang='lat' dir='ltr'><strong>protinus</strong></span> <span class='ocrx_word' id='word_1_160' title='bbox 2603 918 2805 985; x_wconf 83' lang='lat' dir='ltr'><strong>exsilit,</strong></span> <span class='ocrx_word' id='word_1_161' title='bbox 2846 918 3045 973; x_wconf 90' lang='lat' dir='ltr'><strong>ostium</strong></span> <span class='ocrx_word' id='word_1_162' title='bbox 3076 916 3228 986; x_wconf 89' lang='lat' dir='ltr'><strong>petit,</strong></span> <span class='ocrx_word' id='word_1_163' title='bbox 3258 915 3365 969; x_wconf 89' lang='lat' dir='ltr'><strong>huc</strong></span> 
     </span>
    </p>
   </div>
   <div class='ocr_carea' id='block_1_23' title="bbox 1792 1006 3362 1086">
    <p class='ocr_par' dir='ltr' id='par_1_23' title="bbox 1792 1006 3362 1086">
     <span class='ocr_line' id='line_1_23' title="bbox 1792 1006 3362 1086; baseline -0.008 -15"><span class='ocrx_word' id='word_1_164' title='bbox 1792 1016 2030 1086; x_wconf 79' lang='lat' dir='ltr'><strong>illucque</strong></span> <span class='ocrx_word' id='word_1_165' title='bbox 2059 1012 2454 1082; x_wconf 89' lang='lat' dir='ltr'><strong>circumspicit,</strong></span> <span class='ocrx_word' id='word_1_166' title='bbox 2492 1008 2713 1064; x_wconf 89' lang='lat' dir='ltr'><strong>mandat</strong></span> <span class='ocrx_word' id='word_1_167' title='bbox 2744 1008 2820 1062; x_wconf 91' lang='lat' dir='ltr'><strong>illi</strong></span> <span class='ocrx_word' id='word_1_168' title='bbox 2844 1007 2929 1063; x_wconf 93' lang='lat' dir='ltr'><strong>vel</strong></span> <span class='ocrx_word' id='word_1_169' title='bbox 2975 1007 3050 1062; x_wconf 93' lang='lat' dir='ltr'><strong>illi</strong></span> <span class='ocrx_word' id='word_1_170' title='bbox 3092 1006 3362 1061; x_wconf 80' lang='lat' dir='ltr'><strong>licentiam</strong></span> 
     </span>
    </p>
   </div>
   <div class='ocr_carea' id='block_1_24' title="bbox 1788 1100 3365 1179">
    <p class='ocr_par' dir='ltr' id='par_1_24' title="bbox 1788 1100 3365 1179">
     <span class='ocr_line' id='line_1_24' title="bbox 1788 1100 3365 1179; baseline -0.006 -19"><span class='ocrx_word' id='word_1_171' title='bbox 1788 1124 2029 1179; x_wconf 72' lang='lat' dir='ltr'><strong>qumret‘e</strong></span> <span class='ocrx_word' id='word_1_172' title='bbox 2052 1122 2237 1163; x_wconf 87' lang='lat' dir='ltr'><strong>secum</strong></span> <span class='ocrx_word' id='word_1_173' title='bbox 2284 1103 2561 1176; x_wconf 89' lang='lat' dir='ltr'><strong>loquendi.</strong></span> <span class='ocrx_word' id='word_1_174' title='bbox 2588 1101 2762 1168; x_wconf 85' lang='lat' dir='ltr'><strong>Quod</strong></span> <span class='ocrx_word' id='word_1_175' title='bbox 2809 1101 2856 1156; x_wconf 92' lang='lat' dir='ltr'><strong>si</strong></span> <span class='ocrx_word' id='word_1_176' title='bbox 2909 1100 2963 1154; x_wconf 90' lang='lat' dir='ltr'><strong>in</strong></span> <span class='ocrx_word' id='word_1_177' title='bbox 3004 1100 3107 1155; x_wconf 89' lang='lat' dir='ltr'><strong>hoc</strong></span> <span class='ocrx_word' id='word_1_178' title='bbox 3154 1106 3365 1169; x_wconf 85' lang='lat' dir='ltr'><strong>reperta</strong></span> 
     </span>
    </p>
   </div>
   <div class='ocr_carea' id='block_1_25' title="bbox 1790 1189 3365 1269">
    <p class='ocr_par' dir='ltr' id='par_1_25' title="bbox 1790 1189 3365 1269">
     <span class='ocr_line' id='line_1_25' title="bbox 1790 1189 3365 1269; baseline -0.006 -13"><span class='ocrx_word' id='word_1_179' title='bbox 1790 1202 1954 1257; x_wconf 81' lang='lat' dir='ltr'><strong>fuerit</strong></span> <span class='ocrx_word' id='word_1_180' title='bbox 1984 1211 2145 1269; x_wconf 86' lang='lat' dir='ltr'><strong>atque</strong></span> <span class='ocrx_word' id='word_1_181' title='bbox 2166 1207 2436 1267; x_wconf 82' lang='lat' dir='ltr'><strong>correpta,</strong></span> <span class='ocrx_word' id='word_1_182' title='bbox 2484 1195 2697 1266; x_wconf 90' lang='lat' dir='ltr'><strong>prosilit</strong></span> <span class='ocrx_word' id='word_1_183' title='bbox 2722 1192 2903 1248; x_wconf 92' lang='lat' dir='ltr'><strong>statim</strong></span> <span class='ocrx_word' id='word_1_184' title='bbox 2958 1192 3011 1247; x_wconf 92' lang='lat' dir='ltr'><strong>in</strong></span> <span class='ocrx_word' id='word_1_185' title='bbox 3064 1189 3365 1259; x_wconf 81' lang='lat' dir='ltr'><strong>huiusmodi</strong></span> 
     </span>
    </p>
   </div>
   <div class='ocr_carea' id='block_1_26' title="bbox 1789 1281 3369 1357">
    <p class='ocr_par' dir='ltr' id='par_1_26' title="bbox 1789 1281 3369 1357">
     <span class='ocr_line' id='line_1_26' title="bbox 1789 1281 3369 1357; baseline -0.006 -13"><span class='ocrx_word' id='word_1_186' title='bbox 1789 1292 1950 1345; x_wconf 88' lang='lat' dir='ltr'><strong>verba</strong></span> <span class='ocrx_word' id='word_1_187' title='bbox 1978 1310 1987 1342; x_wconf 92' lang='lat'><strong>:</strong></span> <span class='ocrx_word' id='word_1_188' title='bbox 2029 1290 2189 1357; x_wconf 86' lang='lat' dir='ltr'><strong>Quid,</strong></span> <span class='ocrx_word' id='word_1_189' title='bbox 2215 1288 2406 1357; x_wconf 88' lang='lat' dir='ltr'><strong>inquit,</strong></span> <span class='ocrx_word' id='word_1_190' title='bbox 2452 1285 2576 1350; x_wconf 78' lang='lat' dir='ltr'><strong>feci,</strong></span> <span class='ocrx_word' id='word_1_191' title='bbox 2617 1285 2761 1354; x_wconf 85' lang='lat' dir='ltr'><strong>quod</strong></span> <span class='ocrx_word' id='word_1_192' title='bbox 2790 1283 2869 1338; x_wconf 90' lang='lat' dir='ltr'><strong>sic</strong></span> <span class='ocrx_word' id='word_1_193' title='bbox 2897 1281 3119 1337; x_wconf 83' lang='lat' dir='ltr'><strong>debeam</strong></span> <span class='ocrx_word' id='word_1_194' title='bbox 3144 1282 3216 1313; x_wconf 83' lang='grc'><strong>⁷¹⁵</strong></span> <span class='ocrx_word' id='word_1_195' title='bbox 3248 1297 3369 1337; x_wconf 79' lang='lat' dir='ltr'><strong>cor-</strong></span> 
     </span>
    </p>
   </div>
   <div class='ocr_carea' id='block_1_27' title="bbox 1789 1371 3372 1451">
    <p class='ocr_par' dir='ltr' id='par_1_27' title="bbox 1789 1371 3372 1451">
     <span class='ocr_line' id='line_1_27' title="bbox 1789 1371 3372 1451; baseline -0.006 -17"><span class='ocrx_word' id='word_1_196' title='bbox 1789 1380 1891 1451; x_wconf 88' lang='lat' dir='ltr'><strong>ripi</strong></span> <span class='ocrx_word' id='word_1_197' title='bbox 1926 1381 2101 1446; x_wconf 71' lang='lat' dir='ltr'><strong>?Qu:P</strong></span> <span class='ocrx_word' id='word_1_198' title='bbox 2141 1378 2273 1432; x_wconf 89' lang='lat' dir='ltr'><strong>mira</strong></span> <span class='ocrx_word' id='word_1_199' title='bbox 2327 1378 2443 1431; x_wconf 81' lang='lat' dir='ltr'><strong>visa</strong></span> <span class='ocrx_word' id='word_1_200' title='bbox 2475 1391 2593 1429; x_wconf 91' lang='lat' dir='ltr'><strong>sum</strong></span> <span class='ocrx_word' id='word_1_201' title='bbox 2647 1390 2824 1445; x_wconf 84' lang='lat' dir='ltr'><strong>agere,</strong></span> <span class='ocrx_word' id='word_1_202' title='bbox 2877 1374 3005 1444; x_wconf 86' lang='lat' dir='ltr'><strong>quia</strong></span> <span class='ocrx_word' id='word_1_203' title='bbox 3059 1371 3372 1426; x_wconf 82' lang='lat' dir='ltr'><strong>inferuntur</strong></span> 
     </span>
    </p>
   </div>
   <div class='ocr_carea' id='block_1_28' title="bbox 1790 1466 3369 1538">
    <p class='ocr_par' dir='ltr' id='par_1_28' title="bbox 1790 1466 3369 1538">
     <span class='ocr_line' id='line_1_28' title="bbox 1790 1466 3369 1538; baseline -0.005 -11"><span class='ocrx_word' id='word_1_204' title='bbox 1790 1480 1870 1527; x_wconf 94' lang='lat' dir='ltr'><strong>tot</strong></span> <span class='ocrx_word' id='word_1_205' title='bbox 1919 1472 2049 1526; x_wconf 91' lang='lat' dir='ltr'><strong>mihi</strong></span> <span class='ocrx_word' id='word_1_206' title='bbox 2081 1472 2154 1504; x_wconf 80' lang='lat'><strong>&#39;”°</strong></span> <span class='ocrx_word' id='word_1_207' title='bbox 2206 1469 2596 1526; x_wconf 68' lang='lat' dir='ltr'><strong>contumelias?</strong></span> <span class='ocrx_word' id='word_1_208' title='bbox 2647 1468 2753 1522; x_wconf 88' lang='lat' dir='ltr'><strong>Sed</strong></span> <span class='ocrx_word' id='word_1_209' title='bbox 2795 1466 2905 1538; x_wconf 81' lang='lat' dir='ltr'><strong>jam</strong></span> <span class='ocrx_word' id='word_1_210' title='bbox 2945 1466 3078 1521; x_wconf 88' lang='lat' dir='ltr'><strong>satis</strong></span> <span class='ocrx_word' id='word_1_211' title='bbox 3123 1474 3369 1534; x_wconf 86' lang='lat' dir='ltr'><strong>apertum</strong></span> 
     </span>
    </p>
   </div>
   <div class='ocr_carea' id='block_1_29' title="bbox 1789 1556 3371 1634">
    <p class='ocr_par' dir='ltr' id='par_1_29' title="bbox 1789 1556 3371 1634">
     <span class='ocr_line' id='line_1_29' title="bbox 1789 1556 3371 1634; baseline -0.006 -16"><span class='ocrx_word' id='word_1_212' title='bbox 1789 1564 2004 1620; x_wconf 90' lang='lat' dir='ltr'><strong>videtur</strong></span> <span class='ocrx_word' id='word_1_213' title='bbox 2030 1579 2191 1634; x_wconf 83' lang='lat' dir='ltr'><strong>quam</strong></span> <span class='ocrx_word' id='word_1_214' title='bbox 2250 1562 2448 1632; x_wconf 91' lang='lat' dir='ltr'><strong>injuste</strong></span> <span class='ocrx_word' id='word_1_215' title='bbox 2475 1566 2665 1614; x_wconf 91' lang='lat' dir='ltr'><strong>contra</strong></span> <span class='ocrx_word' id='word_1_216' title='bbox 2697 1572 2781 1612; x_wconf 90' lang='lat' dir='ltr'><strong>me</strong></span> <span class='ocrx_word' id='word_1_217' title='bbox 2826 1566 3018 1627; x_wconf 81' lang='lat' dir='ltr'><strong>agatur</strong></span> <span class='ocrx_word' id='word_1_218' title='bbox 3064 1556 3154 1610; x_wconf 69' lang='lat'><strong>&quot;7.</strong></span> <span class='ocrx_word' id='word_1_219' title='bbox 3187 1556 3371 1625; x_wconf 86' lang='lat' dir='ltr'><strong>Itaque</strong></span> 
     </span>
    </p>
   </div>
   <div class='ocr_carea' id='block_1_30' title="bbox 1791 1647 3367 1719">
    <p class='ocr_par' dir='ltr' id='par_1_30' title="bbox 1791 1647 3367 1719">
     <span class='ocr_line' id='line_1_30' title="bbox 1791 1647 3367 1719; baseline -0.004 -12"><span class='ocrx_word' id='word_1_220' title='bbox 1791 1654 1995 1710; x_wconf 89' lang='lat' dir='ltr'><strong>residet</strong></span> <span class='ocrx_word' id='word_1_221' title='bbox 2032 1662 2250 1719; x_wconf 71' lang='lat' dir='ltr'><strong>mmsta,</strong></span> <span class='ocrx_word' id='word_1_222' title='bbox 2283 1652 2492 1715; x_wconf 88' lang='lat' dir='ltr'><strong>dolens,</strong></span> <span class='ocrx_word' id='word_1_223' title='bbox 2524 1649 2665 1719; x_wconf 91' lang='lat' dir='ltr'><strong>quod</strong></span> <span class='ocrx_word' id='word_1_224' title='bbox 2694 1648 2767 1703; x_wconf 90' lang='lat' dir='ltr'><strong>ita</strong></span> <span class='ocrx_word' id='word_1_225' title='bbox 2816 1649 2887 1704; x_wconf 84' lang='lat' dir='ltr'><strong>sit</strong></span> <span class='ocrx_word' id='word_1_226' title='bbox 2924 1648 3271 1718; x_wconf 90' lang='lat' dir='ltr'><strong>reprehensa.</strong></span> <span class='ocrx_word' id='word_1_227' title='bbox 3296 1647 3367 1701; x_wconf 85' lang='lat' dir='ltr'><strong>At</strong></span> 
     </span>
    </p>
   </div>
   <div class='ocr_carea' id='block_1_31' title="bbox 1792 1739 3372 1813">
    <p class='ocr_par' dir='ltr' id='par_1_31' title="bbox 1792 1739 3372 1813">
     <span class='ocr_line' id='line_1_31' title="bbox 1792 1739 3372 1813; baseline -0.004 -16"><span class='ocrx_word' id='word_1_228' title='bbox 1792 1752 2074 1813; x_wconf 89' lang='lat' dir='ltr'><strong>postquam</strong></span> <span class='ocrx_word' id='word_1_229' title='bbox 2104 1744 2169 1797; x_wconf 91' lang='lat' dir='ltr'><strong>ad</strong></span> <span class='ocrx_word' id='word_1_230' title='bbox 2196 1741 2466 1796; x_wconf 90' lang='lat' dir='ltr'><strong>modicum</strong></span> <span class='ocrx_word' id='word_1_231' title='bbox 2512 1739 2600 1793; x_wconf 86' lang='lat' dir='ltr'><strong>ille</strong></span> <span class='ocrx_word' id='word_1_232' title='bbox 2630 1739 2785 1794; x_wconf 90' lang='lat' dir='ltr'><strong>dolor</strong></span> <span class='ocrx_word' id='word_1_233' title='bbox 2818 1739 3043 1802; x_wconf 87' lang='lat' dir='ltr'><strong>resedit,</strong></span> <span class='ocrx_word' id='word_1_234' title='bbox 3088 1739 3372 1792; x_wconf 82' lang='lat' dir='ltr'><strong>maturita-</strong></span> 
     </span>
    </p>
   </div>
   <div class='ocr_carea' id='block_1_32' title="bbox 118 1827 1686 1929">
    <p class='ocr_par' dir='ltr' id='par_1_32' title="bbox 118 1855 1686 1929">
     <span class='ocr_line' id='line_1_32' title="bbox 118 1855 1686 1929; baseline -0.004 -17"><span class='ocrx_word' id='word_1_235' title='bbox 118 1859 179 1891; x_wconf 82' lang='lat'><strong>&#39;“</strong></span> <span class='ocrx_word' id='word_1_236' title='bbox 205 1858 423 1915; x_wconf 86' lang='lat' dir='ltr'><strong>ancillis</strong></span> <span class='ocrx_word' id='word_1_237' title='bbox 448 1859 721 1929; x_wconf 78' lang='lat' dir='ltr'><strong>magisme</strong></span> <span class='ocrx_word' id='word_1_238' title='bbox 748 1855 1149 1921; x_wconf 89' lang='lat' dir='ltr'><strong>commendare,</strong></span> <span class='ocrx_word' id='word_1_239' title='bbox 1182 1867 1241 1910; x_wconf 87' lang='lat' dir='ltr'><strong>ut</strong></span> <span class='ocrx_word' id='word_1_240' title='bbox 1261 1870 1354 1910; x_wconf 89' lang='lat' dir='ltr'><strong>eas</strong></span> <span class='ocrx_word' id='word_1_241' title='bbox 1380 1869 1543 1926; x_wconf 88' lang='lat' dir='ltr'><strong>opera</strong></span> <span class='ocrx_word' id='word_1_242' title='bbox 1573 1869 1686 1907; x_wconf 91' lang='lat' dir='ltr'><strong>mu-</strong></span> 
     </span>
    </p>
   </div>
   <div class='ocr_carea' id='block_1_33' title="bbox 1791 1827 3368 1929">
    <p class='ocr_par' dir='ltr' id='par_1_33' title="bbox 1795 1827 3368 1904">
     <span class='ocr_line' id='line_1_33' title="bbox 1795 1827 3368 1904; baseline -0.004 -17"><span class='ocrx_word' id='word_1_243' title='bbox 1795 1844 1898 1888; x_wconf 90' lang='lat' dir='ltr'><strong>tem</strong></span> <span class='ocrx_word' id='word_1_244' title='bbox 1923 1835 2213 1904; x_wconf 88' lang='lat' dir='ltr'><strong>quamdam</strong></span> <span class='ocrx_word' id='word_1_245' title='bbox 2249 1831 2551 1903; x_wconf 59' lang='lat' dir='ltr'><strong>praetendit.</strong></span> <span class='ocrx_word' id='word_1_246' title='bbox 2594 1827 2837 1901; x_wconf 76' lang='lat' dir='ltr'><strong>Cumque</strong></span> <span class='ocrx_word' id='word_1_247' title='bbox 2860 1829 3092 1884; x_wconf 65' lang='lat' dir='ltr'><strong>aestimat</strong></span> <span class='ocrx_word' id='word_1_248' title='bbox 3133 1828 3275 1898; x_wconf 91' lang='lat' dir='ltr'><strong>quod</strong></span> <span class='ocrx_word' id='word_1_249' title='bbox 3301 1830 3368 1881; x_wconf 89' lang='lat' dir='ltr'><strong>ab</strong></span> 
     </span>
    </p>
   </div>
   <div class='ocr_carea' id='block_1_34' title="bbox 119 1947 1685 2020">
    <p class='ocr_par' dir='ltr' id='par_1_34' title="bbox 119 1947 1685 2020">
     <span class='ocr_line' id='line_1_34' title="bbox 119 1947 1685 2020; baseline -0.001 -19"><span class='ocrx_word' id='word_1_250' title='bbox 119 1948 333 2005; x_wconf 84' lang='lat' dir='ltr'><strong>lierihus</strong></span> <span class='ocrx_word' id='word_1_251' title='bbox 361 1964 598 2020; x_wconf 85' lang='lat' dir='ltr'><strong>congrua</strong></span> <span class='ocrx_word' id='word_1_252' title='bbox 624 1950 830 2006; x_wconf 82' lang='lat' dir='ltr'><strong>doceat.</strong></span> <span class='ocrx_word' id='word_1_253' title='bbox 861 1948 967 2003; x_wconf 85' lang='lat' dir='ltr'><strong>Illis</strong></span> <span class='ocrx_word' id='word_1_254' title='bbox 1005 1962 1135 2002; x_wconf 87' lang='lat' dir='ltr'><strong>vero</strong></span> <span class='ocrx_word' id='word_1_255' title='bbox 1180 1947 1420 2016; x_wconf 71' lang='lat' dir='ltr'><strong>praecipit</strong></span> <span class='ocrx_word' id='word_1_256' title='bbox 1451 1955 1509 2001; x_wconf 90' lang='lat' dir='ltr'><strong>ut</strong></span> <span class='ocrx_word' id='word_1_257' title='bbox 1537 1947 1609 1978; x_wconf 75' lang='grc'><strong>⁷⁸⁸</strong></span> <span class='ocrx_word' id='word_1_258' title='bbox 1635 1947 1685 2001; x_wconf 89' lang='lat' dir='ltr'><strong>ei</strong></span> 
     </span>
    </p>
   </div>
   <div class='ocr_carea' id='block_1_35' title="bbox 120 2034 1687 2108">
    <p class='ocr_par' dir='ltr' id='par_1_35' title="bbox 120 2034 1687 2108">
     <span class='ocr_line' id='line_1_35' title="bbox 120 2034 1687 2108; baseline -0.003 -15"><span class='ocrx_word' id='word_1_259' title='bbox 120 2048 323 2093; x_wconf 74' lang='lat' dir='ltr'><strong>cunctae</strong></span> <span class='ocrx_word' id='word_1_260' title='bbox 351 2040 626 2105; x_wconf 87' lang='lat' dir='ltr'><strong>obediant,</strong></span> <span class='ocrx_word' id='word_1_261' title='bbox 676 2040 931 2108; x_wconf 87' lang='lat' dir='ltr'><strong>quodque</strong></span> <span class='ocrx_word' id='word_1_262' title='bbox 990 2034 1091 2091; x_wconf 85' lang='lat' dir='ltr'><strong>sibi</strong></span> <span class='ocrx_word' id='word_1_263' title='bbox 1123 2036 1430 2092; x_wconf 79' lang='lat' dir='ltr'><strong>faciendum</strong></span> <span class='ocrx_word' id='word_1_264' title='bbox 1470 2036 1542 2067; x_wconf 77' lang='lat'><strong>&#39;°&#39;</strong></span> <span class='ocrx_word' id='word_1_265' title='bbox 1600 2035 1687 2089; x_wconf 87' lang='lat' dir='ltr'><strong>ill-</strong></span> 
     </span>
    </p>
   </div>
   <div class='ocr_carea' id='block_1_36' title="bbox 112 2128 1687 2201">
    <p class='ocr_par' dir='ltr' id='par_1_36' title="bbox 112 2128 1687 2201">
     <span class='ocr_line' id='line_1_36' title="bbox 112 2128 1687 2201; baseline -0.001 -19"><span class='ocrx_word' id='word_1_266' title='bbox 112 2130 370 2201; x_wconf 74' lang='lat' dir='ltr'><strong>]unxerit,</strong></span> <span class='ocrx_word' id='word_1_267' title='bbox 394 2131 639 2201; x_wconf 83' lang='lat' dir='ltr'><strong>expedite</strong></span> <span class='ocrx_word' id='word_1_268' title='bbox 668 2131 1013 2201; x_wconf 85' lang='lat' dir='ltr'><strong>adimpleant.</strong></span> <span class='ocrx_word' id='word_1_269' title='bbox 1042 2129 1155 2185; x_wconf 84' lang='lat' dir='ltr'><strong>Hoc</strong></span> <span class='ocrx_word' id='word_1_270' title='bbox 1199 2130 1380 2199; x_wconf 91' lang='lat' dir='ltr'><strong>itaque</strong></span> <span class='ocrx_word' id='word_1_271' title='bbox 1407 2128 1687 2199; x_wconf 77' lang='lat' dir='ltr'><strong>disposito,</strong></span> 
     </span>
    </p>
   </div>
   <div class='ocr_carea' id='block_1_37' title="bbox 115 2221 1691 2296">
    <p class='ocr_par' dir='ltr' id='par_1_37' title="bbox 115 2221 1691 2296">
     <span class='ocr_line' id='line_1_37' title="bbox 115 2221 1691 2296; baseline 0.001 -20"><span class='ocrx_word' id='word_1_272' title='bbox 115 2224 369 2291; x_wconf 79' lang='lat' dir='ltr'><strong>magistra</strong></span> <span class='ocrx_word' id='word_1_273' title='bbox 396 2238 488 2277; x_wconf 88' lang='lat' dir='ltr'><strong>eas</strong></span> <span class='ocrx_word' id='word_1_274' title='bbox 542 2223 595 2278; x_wconf 88' lang='lat' dir='ltr'><strong>ill</strong></span> <span class='ocrx_word' id='word_1_275' title='bbox 636 2240 799 2277; x_wconf 77' lang='lat' dir='ltr'><strong>unum</strong></span> <span class='ocrx_word' id='word_1_276' title='bbox 843 2233 1159 2296; x_wconf 79' lang='lat' dir='ltr'><strong>congregat,</strong></span> <span class='ocrx_word' id='word_1_277' title='bbox 1189 2231 1242 2278; x_wconf 90' lang='lat' dir='ltr'><strong>et</strong></span> <span class='ocrx_word' id='word_1_278' title='bbox 1272 2222 1447 2294; x_wconf 83' lang='lat' dir='ltr'><strong>jungit</strong></span> <span class='ocrx_word' id='word_1_279' title='bbox 1497 2221 1691 2291; x_wconf 86' lang='lat' dir='ltr'><strong>cuique</strong></span> 
     </span>
    </p>
   </div>
   <div class='ocr_carea' id='block_1_38' title="bbox 115 2312 1685 2385">
    <p class='ocr_par' dir='ltr' id='par_1_38' title="bbox 115 2312 1685 2385">
     <span class='ocr_line' id='line_1_38' title="bbox 115 2312 1685 2385; baseline 0.002 -20"><span class='ocrx_word' id='word_1_280' title='bbox 115 2313 229 2381; x_wconf 91' lang='lat' dir='ltr'><strong>quid</strong></span> <span class='ocrx_word' id='word_1_281' title='bbox 281 2329 443 2385; x_wconf 84' lang='lat' dir='ltr'><strong>agere</strong></span> <span class='ocrx_word' id='word_1_282' title='bbox 467 2314 675 2377; x_wconf 84' lang='lat' dir='ltr'><strong>debeat,</strong></span> <span class='ocrx_word' id='word_1_283' title='bbox 700 2324 753 2367; x_wconf 89' lang='lat' dir='ltr'><strong>et</strong></span> <span class='ocrx_word' id='word_1_284' title='bbox 783 2313 1012 2369; x_wconf 76' lang='lat' dir='ltr'><strong>Helorus</strong></span> <span class='ocrx_word' id='word_1_285' title='bbox 1036 2314 1380 2384; x_wconf 83' lang='lat' dir='ltr'><strong>egrediantur</strong></span> <span class='ocrx_word' id='word_1_286' title='bbox 1408 2312 1685 2370; x_wconf 83' lang='lat' dir='ltr'><strong>observat.</strong></span> 
     </span>
    </p>
   </div>
   <div class='ocr_carea' id='block_1_39' title="bbox 625 2403 1171 2461">
    <p class='ocr_par' dir='ltr' id='par_1_39' title="bbox 625 2403 1171 2461">
     <span class='ocr_line' id='line_1_39' title="bbox 625 2403 1171 2461; baseline -0.004 -1"><span class='ocrx_word' id='word_1_287' title='bbox 625 2404 852 2461; x_wconf 82' lang='lat' dir='ltr'><strong>CAPUT</strong></span> <span class='ocrx_word' id='word_1_288' title='bbox 886 2403 1171 2458; x_wconf 82' lang='lat' dir='ltr'><strong>LXXXVI.</strong></span> 
     </span>
    </p>
   </div>
   <div class='ocr_carea' id='block_1_40' title="bbox 592 2497 1207 2567">
    <p class='ocr_par' dir='ltr' id='par_1_40' title="bbox 592 2497 1207 2567">
     <span class='ocr_line' id='line_1_40' title="bbox 592 2497 1207 2567; baseline -0.003 -15"><span class='ocrx_word' id='word_1_289' title='bbox 592 2497 672 2552; x_wconf 84' lang='lat' dir='ltr'><strong>De</strong></span> <span class='ocrx_word' id='word_1_290' title='bbox 695 2498 905 2567; x_wconf 78' lang='lat' dir='ltr'><strong>ﬁliabus</strong></span> <span class='ocrx_word' id='word_1_291' title='bbox 931 2509 1207 2552; x_wconf 65' lang='lat' dir='ltr'><strong>matronae.</strong></span> 
     </span>
    </p>
   </div>
   <div class='ocr_carea' id='block_1_41' title="bbox 180 2587 1690 2658">
    <p class='ocr_par' dir='ltr' id='par_1_41' title="bbox 180 2587 1690 2658">
     <span class='ocr_line' id='line_1_41' title="bbox 180 2587 1690 2658; baseline -0.002 -15"><span class='ocrx_word' id='word_1_292' title='bbox 180 2588 391 2656; x_wconf 85' lang='lat' dir='ltr'><strong>Quibus</strong></span> <span class='ocrx_word' id='word_1_293' title='bbox 419 2589 492 2643; x_wconf 90' lang='lat' dir='ltr'><strong>ita</strong></span> <span class='ocrx_word' id='word_1_294' title='bbox 523 2588 624 2645; x_wconf 89' lang='lat' dir='ltr'><strong>sub</strong></span> <span class='ocrx_word' id='word_1_295' title='bbox 647 2588 764 2657; x_wconf 88' lang='lat' dir='ltr'><strong>ejus</strong></span> <span class='ocrx_word' id='word_1_296' title='bbox 792 2588 1104 2658; x_wconf 84' lang='lat' dir='ltr'><strong>magisterio</strong></span> <span class='ocrx_word' id='word_1_297' title='bbox 1148 2587 1220 2619; x_wconf 63' lang='grc' dir='ltr'><strong>ὀδ</strong></span> <span class='ocrx_word' id='word_1_298' title='bbox 1245 2587 1502 2653; x_wconf 83' lang='lat' dir='ltr'><strong>astrictis,</strong></span> <span class='ocrx_word' id='word_1_299' title='bbox 1534 2587 1690 2641; x_wconf 66' lang='lat' dir='ltr'><strong>bonae</strong></span> 
     </span>
    </p>
   </div>
   <div class='ocr_carea' id='block_1_42' title="bbox 115 2678 1688 2751">
    <p class='ocr_par' dir='ltr' id='par_1_42' title="bbox 115 2678 1688 2751">
     <span class='ocr_line' id='line_1_42' title="bbox 115 2678 1688 2751; baseline -0.001 -16"><span class='ocrx_word' id='word_1_300' title='bbox 115 2683 323 2750; x_wconf 88' lang='lat' dir='ltr'><strong>quidem</strong></span> <span class='ocrx_word' id='word_1_301' title='bbox 358 2680 480 2735; x_wconf 72' lang='lat' dir='ltr'><strong>lilia:</strong></span> <span class='ocrx_word' id='word_1_302' title='bbox 506 2697 601 2751; x_wconf 87' lang='lat' dir='ltr'><strong>per</strong></span> <span class='ocrx_word' id='word_1_303' title='bbox 626 2681 808 2735; x_wconf 90' lang='lat' dir='ltr'><strong>omnia</strong></span> <span class='ocrx_word' id='word_1_304' title='bbox 862 2680 967 2736; x_wconf 83' lang='lat' dir='ltr'><strong>sibi</strong></span> <span class='ocrx_word' id='word_1_305' title='bbox 1021 2678 1417 2750; x_wconf 88' lang='lat' dir='ltr'><strong>obtemperant,</strong></span> <span class='ocrx_word' id='word_1_306' title='bbox 1458 2678 1552 2734; x_wconf 90' lang='lat' dir='ltr'><strong>sed</strong></span> <span class='ocrx_word' id='word_1_307' title='bbox 1590 2692 1688 2734; x_wconf 86' lang='lat' dir='ltr'><strong>nec</strong></span> 
     </span>
    </p>
   </div>
   <div class='ocr_carea' id='block_1_43' title="bbox 114 2767 1469 2839">
    <p class='ocr_par' dir='ltr' id='par_1_43' title="bbox 114 2767 1469 2839">
     <span class='ocr_line' id='line_1_43' title="bbox 114 2767 1469 2839; baseline -0.002 -15"><span class='ocrx_word' id='word_1_308' title='bbox 114 2771 341 2827; x_wconf 88' lang='lat' dir='ltr'><strong>abeundi</strong></span> <span class='ocrx_word' id='word_1_309' title='bbox 377 2768 524 2826; x_wconf 83' lang='lat' dir='ltr'><strong>foras</strong></span> <span class='ocrx_word' id='word_1_310' title='bbox 561 2770 835 2825; x_wconf 88' lang='lat' dir='ltr'><strong>licentiam</strong></span> <span class='ocrx_word' id='word_1_311' title='bbox 868 2782 1114 2839; x_wconf 63' lang='lat' dir='ltr'><strong>qumrere</strong></span> <span class='ocrx_word' id='word_1_312' title='bbox 1152 2776 1347 2823; x_wconf 86' lang='lat' dir='ltr'><strong>curant</strong></span> <span class='ocrx_word' id='word_1_313' title='bbox 1376 2767 1469 2821; x_wconf 80' lang='grc'><strong>⁷⁸⁵.</strong></span> 
     </span>
    </p>
   </div>
   <div class='ocr_carea' id='block_1_44' title="bbox 614 2856 1187 2914">
    <p class='ocr_par' dir='ltr' id='par_1_44' title="bbox 614 2856 1187 2914">
     <span class='ocr_line' id='line_1_44' title="bbox 614 2856 1187 2914; baseline -0.005 0"><span class='ocrx_word' id='word_1_314' title='bbox 614 2857 840 2914; x_wconf 86' lang='lat' dir='ltr'><strong>CAPUT</strong></span> <span class='ocrx_word' id='word_1_315' title='bbox 879 2856 1187 2913; x_wconf 83' lang='lat' dir='ltr'><strong>LXXXVII.</strong></span> 
     </span>
    </p>
   </div>
   <div class='ocr_carea' id='block_1_45' title="bbox 586 2948 1227 3017">
    <p class='ocr_par' dir='ltr' id='par_1_45' title="bbox 586 2948 1227 3017">
     <span class='ocr_line' id='line_1_45' title="bbox 586 2948 1227 3017; baseline -0.003 -14"><span class='ocrx_word' id='word_1_316' title='bbox 586 2949 657 3003; x_wconf 87' lang='lat' dir='ltr'><strong>De</strong></span> <span class='ocrx_word' id='word_1_317' title='bbox 680 2948 889 3003; x_wconf 75' lang='lat' dir='ltr'><strong>ancillis</strong></span> <span class='ocrx_word' id='word_1_318' title='bbox 915 2948 1027 3017; x_wconf 81' lang='lat' dir='ltr'><strong>ejus</strong></span> <span class='ocrx_word' id='word_1_319' title='bbox 1059 2948 1227 3002; x_wconf 79' lang='lat' dir='ltr'><strong>bonis.</strong></span> 
     </span>
    </p>
   </div>
   <div class='ocr_carea' id='block_1_46' title="bbox 175 3036 1687 3110">
    <p class='ocr_par' dir='ltr' id='par_1_46' title="bbox 175 3036 1687 3110">
     <span class='ocr_line' id='line_1_46' title="bbox 175 3036 1687 3110; baseline 0 -18"><span class='ocrx_word' id='word_1_320' title='bbox 175 3038 404 3094; x_wconf 76' lang='lat' dir='ltr'><strong>Ancilla:</strong></span> <span class='ocrx_word' id='word_1_321' title='bbox 432 3054 643 3110; x_wconf 88' lang='lat' dir='ltr'><strong>quoque</strong></span> <span class='ocrx_word' id='word_1_322' title='bbox 661 3037 732 3070; x_wconf 80' lang='grc'><strong>¹⁰⁶</strong></span> <span class='ocrx_word' id='word_1_323' title='bbox 759 3036 1010 3093; x_wconf 90' lang='lat' dir='ltr'><strong>similiter</strong></span> <span class='ocrx_word' id='word_1_324' title='bbox 1034 3036 1260 3102; x_wconf 78' lang='lat' dir='ltr'><strong>faciunt,</strong></span> <span class='ocrx_word' id='word_1_325' title='bbox 1291 3047 1517 3106; x_wconf 77' lang='lat' dir='ltr'><strong>excepto</strong></span> <span class='ocrx_word' id='word_1_326' title='bbox 1545 3036 1687 3108; x_wconf 89' lang='lat' dir='ltr'><strong>quod</strong></span> 
     </span>
    </p>
   </div>
   <div class='ocr_carea' id='block_1_47' title="bbox 112 3126 1688 3195">
    <p class='ocr_par' dir='ltr' id='par_1_47' title="bbox 112 3126 1688 3195">
     <span class='ocr_line' id='line_1_47' title="bbox 112 3126 1688 3195; baseline -0.003 -11"><span class='ocrx_word' id='word_1_327' title='bbox 112 3130 480 3185; x_wconf 87' lang='lat' dir='ltr'><strong>lnstabiliores</strong></span> <span class='ocrx_word' id='word_1_328' title='bbox 526 3131 788 3184; x_wconf 81' lang='lat' dir='ltr'><strong>existunt.</strong></span> <span class='ocrx_word' id='word_1_329' title='bbox 838 3127 976 3195; x_wconf 86' lang='lat' dir='ltr'><strong>Quia</strong></span> <span class='ocrx_word' id='word_1_330' title='bbox 1006 3126 1150 3180; x_wconf 92' lang='lat' dir='ltr'><strong>enim</strong></span> <span class='ocrx_word' id='word_1_331' title='bbox 1186 3128 1346 3181; x_wconf 66' lang='lat' dir='ltr'><strong>taedet</strong></span> <span class='ocrx_word' id='word_1_332' title='bbox 1394 3141 1488 3180; x_wconf 91' lang='lat' dir='ltr'><strong>eas</strong></span> <span class='ocrx_word' id='word_1_333' title='bbox 1514 3126 1566 3180; x_wconf 93' lang='lat' dir='ltr'><strong>in</strong></span> <span class='ocrx_word' id='word_1_334' title='bbox 1593 3141 1688 3181; x_wconf 89' lang='lat' dir='ltr'><strong>cu-</strong></span> 
     </span>
    </p>
   </div>
   <div class='ocr_carea' id='block_1_48' title="bbox 1792 1920 3371 1994">
    <p class='ocr_par' dir='ltr' id='par_1_48' title="bbox 1792 1920 3371 1994">
     <span class='ocr_line' id='line_1_48' title="bbox 1792 1920 3371 1994; baseline -0.003 -15"><span class='ocrx_word' id='word_1_335' title='bbox 1792 1926 1913 1981; x_wconf 86' lang='lat' dir='ltr'><strong>aliis</strong></span> <span class='ocrx_word' id='word_1_336' title='bbox 1957 1934 2234 1994; x_wconf 89' lang='lat' dir='ltr'><strong>reputetur</strong></span> <span class='ocrx_word' id='word_1_337' title='bbox 2280 1932 2513 1993; x_wconf 90' lang='lat' dir='ltr'><strong>matura,</strong></span> <span class='ocrx_word' id='word_1_338' title='bbox 2560 1920 2834 1977; x_wconf 87' lang='lat' dir='ltr'><strong>licentiam</strong></span> <span class='ocrx_word' id='word_1_339' title='bbox 2886 1936 3076 1974; x_wconf 88' lang='lat' dir='ltr'><strong>rursus</strong></span> <span class='ocrx_word' id='word_1_340' title='bbox 3122 1934 3371 1989; x_wconf 64' lang='lat' dir='ltr'><strong>qumrere</strong></span> 
     </span>
    </p>
   </div>
   <div class='ocr_carea' id='block_1_49' title="bbox 1794 2001 3361 2084">
    <p class='ocr_par' dir='ltr' id='par_1_49' title="bbox 1794 2001 3361 2084">
     <span class='ocr_line' id='line_1_49' title="bbox 1794 2001 3361 2084; baseline -0.006 -10"><span class='ocrx_word' id='word_1_341' title='bbox 1794 2027 1989 2075; x_wconf 80' lang='lat' dir='ltr'><strong>tental.</strong></span> <span class='ocrx_word' id='word_1_342' title='bbox 2014 2017 2184 2084; x_wconf 89' lang='lat' dir='ltr'><strong>Quam</strong></span> <span class='ocrx_word' id='word_1_343' title='bbox 2214 2017 2258 2071; x_wconf 92' lang='lat' dir='ltr'><strong>si</strong></span> <span class='ocrx_word' id='word_1_344' title='bbox 2288 2016 2486 2071; x_wconf 89' lang='lat' dir='ltr'><strong>habere</strong></span> <span class='ocrx_word' id='word_1_345' title='bbox 2508 2014 2831 2084; x_wconf 89' lang='lat' dir='ltr'><strong>nequiverit,</strong></span> <span class='ocrx_word' id='word_1_346' title='bbox 2853 2001 3101 2081; x_wconf 85' lang='lat' dir='ltr'><strong>protinus</strong></span> <span class='ocrx_word' id='word_1_347' title='bbox 3134 2010 3311 2066; x_wconf 88' lang='lat' dir='ltr'><strong>subdit</strong></span> <span class='ocrx_word' id='word_1_348' title='bbox 3350 2032 3361 2065; x_wconf 91' lang='lat'>:</span> 
     </span>
    </p>
   </div>
   <div class='ocr_carea' id='block_1_50' title="bbox 1794 2102 3366 2177">
    <p class='ocr_par' dir='ltr' id='par_1_50' title="bbox 1794 2102 3366 2177">
     <span class='ocr_line' id='line_1_50' title="bbox 1794 2102 3366 2177; baseline -0.006 -12"><span class='ocrx_word' id='word_1_349' title='bbox 1794 2109 2003 2165; x_wconf 90' lang='lat' dir='ltr'><strong>Stultus</strong></span> <span class='ocrx_word' id='word_1_350' title='bbox 2030 2117 2130 2175; x_wconf 92' lang='lat' dir='ltr'><strong>est,</strong></span> <span class='ocrx_word' id='word_1_351' title='bbox 2164 2108 2361 2177; x_wconf 89' lang='lat' dir='ltr'><strong>inquit,</strong></span> <span class='ocrx_word' id='word_1_352' title='bbox 2396 2107 2486 2175; x_wconf 92' lang='lat' dir='ltr'><strong>qui</strong></span> <span class='ocrx_word' id='word_1_353' title='bbox 2518 2105 2656 2160; x_wconf 89' lang='lat' dir='ltr'><strong>bene</strong></span> <span class='ocrx_word' id='word_1_354' title='bbox 2707 2105 2837 2174; x_wconf 81' lang='lat' dir='ltr'><strong>agit,</strong></span> <span class='ocrx_word' id='word_1_355' title='bbox 2887 2119 3008 2157; x_wconf 93' lang='lat' dir='ltr'><strong>cum</strong></span> <span class='ocrx_word' id='word_1_356' title='bbox 3062 2117 3215 2172; x_wconf 82' lang='lat' dir='ltr'><strong>aeque</strong></span> <span class='ocrx_word' id='word_1_357' title='bbox 3241 2102 3366 2157; x_wconf 88' lang='lat' dir='ltr'><strong>boni</strong></span> 
     </span>
    </p>
   </div>
   <div class='ocr_carea' id='block_1_51' title="bbox 1803 2194 3371 2263">
    <p class='ocr_par' dir='ltr' id='par_1_51' title="bbox 1803 2194 3371 2263">
     <span class='ocr_line' id='line_1_51' title="bbox 1803 2194 3371 2263; baseline -0.004 -7"><span class='ocrx_word' id='word_1_358' title='bbox 1803 2211 2109 2257; x_wconf 89' lang='lat' dir='ltr'><strong>tractentur</strong></span> <span class='ocrx_word' id='word_1_359' title='bbox 2150 2210 2203 2255; x_wconf 87' lang='lat' dir='ltr'><strong>et</strong></span> <span class='ocrx_word' id='word_1_360' title='bbox 2239 2198 2463 2253; x_wconf 69' lang='lat' dir='ltr'><strong>malim</strong></span> <span class='ocrx_word' id='word_1_361' title='bbox 2489 2236 2504 2251; x_wconf 95' lang='lat'><strong>.</strong></span> <span class='ocrx_word' id='word_1_362' title='bbox 2546 2196 2699 2263; x_wconf 90' lang='lat' dir='ltr'><strong>Quod</strong></span> <span class='ocrx_word' id='word_1_363' title='bbox 2753 2196 2797 2251; x_wconf 91' lang='lat' dir='ltr'><strong>si</strong></span> <span class='ocrx_word' id='word_1_364' title='bbox 2844 2195 3120 2250; x_wconf 87' lang='lat' dir='ltr'><strong>licentiam</strong></span> <span class='ocrx_word' id='word_1_365' title='bbox 3171 2194 3371 2250; x_wconf 89' lang='lat' dir='ltr'><strong>habere</strong></span> 
     </span>
    </p>
   </div>
   <div class='ocr_carea' id='block_1_52' title="bbox 1792 2287 3371 2365">
    <p class='ocr_par' dir='ltr' id='par_1_52' title="bbox 1792 2287 3371 2365">
     <span class='ocr_line' id='line_1_52' title="bbox 1792 2287 3371 2365; baseline -0.005 -18"><span class='ocrx_word' id='word_1_366' title='bbox 1792 2295 2014 2365; x_wconf 88' lang='lat' dir='ltr'><strong>poterit,</strong></span> <span class='ocrx_word' id='word_1_367' title='bbox 2040 2292 2185 2348; x_wconf 85' lang='lat' dir='ltr'><strong>foras</strong></span> <span class='ocrx_word' id='word_1_368' title='bbox 2214 2291 2498 2348; x_wconf 82' lang='lat' dir='ltr'><strong>confestim</strong></span> <span class='ocrx_word' id='word_1_369' title='bbox 2530 2290 2827 2359; x_wconf 84' lang='lat' dir='ltr'><strong>egreditur,</strong></span> <span class='ocrx_word' id='word_1_370' title='bbox 2871 2288 2977 2342; x_wconf 91' lang='lat' dir='ltr'><strong>huc</strong></span> <span class='ocrx_word' id='word_1_371' title='bbox 3018 2287 3248 2356; x_wconf 90' lang='lat' dir='ltr'><strong>illucque</strong></span> <span class='ocrx_word' id='word_1_372' title='bbox 3280 2303 3371 2339; x_wconf 87' lang='lat' dir='ltr'><strong>va-</strong></span> 
     </span>
    </p>
   </div>
   <div class='ocr_carea' id='block_1_53' title="bbox 1794 2377 3373 2457">
    <p class='ocr_par' dir='ltr' id='par_1_53' title="bbox 1794 2377 3373 2457">
     <span class='ocr_line' id='line_1_53' title="bbox 1794 2377 3373 2457; baseline -0.004 -18"><span class='ocrx_word' id='word_1_373' title='bbox 1794 2396 1974 2457; x_wconf 82' lang='lat' dir='ltr'><strong>gatur,</strong></span> <span class='ocrx_word' id='word_1_374' title='bbox 1998 2385 2258 2455; x_wconf 75' lang='lat' dir='ltr'><strong>iuvenum</strong></span> <span class='ocrx_word' id='word_1_375' title='bbox 2289 2382 2565 2439; x_wconf 89' lang='lat' dir='ltr'><strong>consortia</strong></span> <span class='ocrx_word' id='word_1_376' title='bbox 2586 2383 2812 2451; x_wconf 83' lang='lat' dir='ltr'><strong>expetit,</strong></span> <span class='ocrx_word' id='word_1_377' title='bbox 2835 2381 3004 2435; x_wconf 90' lang='lat' dir='ltr'><strong>multa</strong></span> <span class='ocrx_word' id='word_1_378' title='bbox 3032 2396 3137 2435; x_wconf 92' lang='lat' dir='ltr'><strong>non</strong></span> <span class='ocrx_word' id='word_1_379' title='bbox 3165 2377 3373 2450; x_wconf 82' lang='lat' dir='ltr'><strong>agenda</strong></span> 
     </span>
    </p>
   </div>
   <div class='ocr_carea' id='block_1_54' title="bbox 1766 2470 3372 2546">
    <p class='ocr_par' dir='ltr' id='par_1_54' title="bbox 1766 2470 3372 2546">
     <span class='ocr_line' id='line_1_54' title="bbox 1766 2470 3372 2546; baseline -0.007 -14"><span class='ocrx_word' id='word_1_380' title='bbox 1766 2474 2107 2532; x_wconf 89' lang='lat' dir='ltr'><strong>committit.</strong></span> <span class='ocrx_word' id='word_1_381' title='bbox 2169 2476 2239 2532; x_wconf 89' lang='lat' dir='ltr'><strong>Ut</strong></span> <span class='ocrx_word' id='word_1_382' title='bbox 2268 2490 2399 2546; x_wconf 83' lang='lat' dir='ltr'><strong>ergo</strong></span> <span class='ocrx_word' id='word_1_383' title='bbox 2431 2476 2531 2529; x_wconf 88' lang='lat' dir='ltr'><strong>hac</strong></span> <span class='ocrx_word' id='word_1_384' title='bbox 2558 2473 2912 2529; x_wconf 89' lang='lat' dir='ltr'><strong>similitudine</strong></span> <span class='ocrx_word' id='word_1_385' title='bbox 2962 2480 3138 2543; x_wconf 86' lang='lat' dir='ltr'><strong>potest</strong></span> <span class='ocrx_word' id='word_1_386' title='bbox 3170 2470 3372 2543; x_wconf 83' lang='lat' dir='ltr'><strong>colligi,</strong></span> 
     </span>
    </p>
   </div>
   <div class='ocr_carea' id='block_1_55' title="bbox 1795 2567 2952 2642">
    <p class='ocr_par' dir='ltr' id='par_1_55' title="bbox 1795 2567 2952 2642">
     <span class='ocr_line' id='line_1_55' title="bbox 1795 2567 2952 2642; baseline -0.003 -17"><span class='ocrx_word' id='word_1_387' title='bbox 1795 2571 1894 2625; x_wconf 88' lang='lat' dir='ltr'><strong>tria</strong></span> <span class='ocrx_word' id='word_1_388' title='bbox 1931 2579 2058 2627; x_wconf 90' lang='lat' dir='ltr'><strong>sunt</strong></span> <span class='ocrx_word' id='word_1_389' title='bbox 2080 2585 2278 2642; x_wconf 81' lang='lat' dir='ltr'><strong>genera</strong></span> <span class='ocrx_word' id='word_1_390' title='bbox 2302 2568 2594 2623; x_wconf 82' lang='lat' dir='ltr'><strong>voluntatis</strong></span> <span class='ocrx_word' id='word_1_391' title='bbox 2616 2568 2667 2621; x_wconf 89' lang='lat' dir='ltr'><strong>in</strong></span> <span class='ocrx_word' id='word_1_392' title='bbox 2700 2567 2952 2622; x_wconf 85' lang='lat' dir='ltr'><strong>subditis.</strong></span> 
     </span>
    </p>
   </div>
   <div class='ocr_carea' id='block_1_56' title="bbox 2274 2653 2858 2715">
    <p class='ocr_par' dir='ltr' id='par_1_56' title="bbox 2274 2653 2858 2715">
     <span class='ocr_line' id='line_1_56' title="bbox 2274 2653 2858 2715; baseline -0.007 0"><span class='ocrx_word' id='word_1_393' title='bbox 2274 2714 2277 2715; x_wconf 65' lang='lat'>,</span> <span class='ocrx_word' id='word_1_394' title='bbox 2312 2657 2538 2713; x_wconf 83' lang='lat' dir='ltr'><strong>CAPUT</strong></span> <span class='ocrx_word' id='word_1_395' title='bbox 2568 2653 2858 2711; x_wconf 84' lang='lat' dir='ltr'><strong>LXXXIX.</strong></span> 
     </span>
    </p>
   </div>
   <div class='ocr_carea' id='block_1_57' title="bbox 2000 2747 3157 2815">
    <p class='ocr_par' dir='ltr' id='par_1_57' title="bbox 2000 2747 3157 2815">
     <span class='ocr_line' id='line_1_57' title="bbox 2000 2747 3157 2815; baseline -0.007 -9"><span class='ocrx_word' id='word_1_396' title='bbox 2000 2754 2076 2806; x_wconf 89' lang='lat' dir='ltr'><strong>De</strong></span> <span class='ocrx_word' id='word_1_397' title='bbox 2114 2750 2422 2815; x_wconf 85' lang='lat' dir='ltr'><strong>obedientia,</strong></span> <span class='ocrx_word' id='word_1_398' title='bbox 2449 2748 2677 2812; x_wconf 83' lang='lat' dir='ltr'><strong>licentia,</strong></span> <span class='ocrx_word' id='word_1_399' title='bbox 2706 2758 2754 2801; x_wconf 87' lang='lat' dir='ltr'><strong>et</strong></span> <span class='ocrx_word' id='word_1_400' title='bbox 2786 2747 3157 2802; x_wconf 78' lang='lat' dir='ltr'><strong>inobellientia.</strong></span> 
     </span>
    </p>
   </div>
   <div class='ocr_carea' id='block_1_58' title="bbox 1866 2835 3373 2909">
    <p class='ocr_par' dir='ltr' id='par_1_58' title="bbox 1866 2835 3373 2909">
     <span class='ocr_line' id='line_1_58' title="bbox 1866 2835 3373 2909; baseline -0.004 -12"><span class='ocrx_word' id='word_1_401' title='bbox 1866 2841 2069 2897; x_wconf 83' lang='lat' dir='ltr'><strong>Ilorum</strong></span> <span class='ocrx_word' id='word_1_402' title='bbox 2121 2849 2301 2894; x_wconf 88' lang='lat' dir='ltr'><strong>autem</strong></span> <span class='ocrx_word' id='word_1_403' title='bbox 2362 2838 2600 2909; x_wconf 89' lang='lat' dir='ltr'><strong>primum</strong></span> <span class='ocrx_word' id='word_1_404' title='bbox 2660 2836 2969 2890; x_wconf 84' lang='lat' dir='ltr'><strong>obedientia</strong></span> <span class='ocrx_word' id='word_1_405' title='bbox 3004 2877 3019 2903; x_wconf 92' lang='lat'><strong>,</strong></span> <span class='ocrx_word' id='word_1_406' title='bbox 3074 2835 3373 2891; x_wconf 78' lang='lat' dir='ltr'><strong>secundant</strong></span> 
     </span>
    </p>
   </div>
   <div class='ocr_carea' id='block_1_59' title="bbox 1795 2927 3375 2999">
    <p class='ocr_par' dir='ltr' id='par_1_59' title="bbox 1795 2927 3375 2999">
     <span class='ocr_line' id='line_1_59' title="bbox 1795 2927 3375 2999; baseline -0.007 -8"><span class='ocrx_word' id='word_1_407' title='bbox 1795 2935 2037 2999; x_wconf 90' lang='lat' dir='ltr'><strong>licentia,</strong></span> <span class='ocrx_word' id='word_1_408' title='bbox 2072 2933 2290 2988; x_wconf 91' lang='lat' dir='ltr'><strong>tertium</strong></span> <span class='ocrx_word' id='word_1_409' title='bbox 2321 2928 2691 2985; x_wconf 87' lang='lat' dir='ltr'><strong>inobedientia</strong></span> <span class='ocrx_word' id='word_1_410' title='bbox 2720 2928 2826 2982; x_wconf 86' lang='lat' dir='ltr'><strong>dici</strong></span> <span class='ocrx_word' id='word_1_411' title='bbox 2862 2934 3059 2997; x_wconf 84' lang='lat' dir='ltr'><strong>potest.</strong></span> <span class='ocrx_word' id='word_1_412' title='bbox 3091 2927 3216 2982; x_wconf 77' lang='lat' dir='ltr'><strong>Ihec</strong></span> <span class='ocrx_word' id='word_1_413' title='bbox 3246 2941 3375 2981; x_wconf 91' lang='lat' dir='ltr'><strong>vero</strong></span> 
     </span>
    </p>
   </div>
   <div class='ocr_carea' id='block_1_60' title="bbox 1794 3016 3375 3099">
    <p class='ocr_par' dir='ltr' id='par_1_60' title="bbox 1794 3016 3375 3099">
     <span class='ocr_line' id='line_1_60' title="bbox 1794 3016 3375 3099; baseline -0.007 -17"><span class='ocrx_word' id='word_1_414' title='bbox 1794 3041 1995 3099; x_wconf 83' lang='lat' dir='ltr'><strong>genera</strong></span> <span class='ocrx_word' id='word_1_415' title='bbox 2025 3025 2206 3080; x_wconf 90' lang='lat' dir='ltr'><strong>omnia</strong></span> <span class='ocrx_word' id='word_1_416' title='bbox 2244 3019 2474 3076; x_wconf 90' lang='lat' dir='ltr'><strong>inveniri</strong></span> <span class='ocrx_word' id='word_1_417' title='bbox 2528 3026 2754 3088; x_wconf 89' lang='lat' dir='ltr'><strong>possunt</strong></span> <span class='ocrx_word' id='word_1_418' title='bbox 2803 3017 2857 3071; x_wconf 94' lang='lat' dir='ltr'><strong>in</strong></span> <span class='ocrx_word' id='word_1_419' title='bbox 2900 3016 3204 3082; x_wconf 88' lang='lat' dir='ltr'><strong>monachis,</strong></span> <span class='ocrx_word' id='word_1_420' title='bbox 3236 3031 3375 3086; x_wconf 83' lang='lat' dir='ltr'><strong>quos</strong></span> 
     </span>
    </p>
   </div>
   <div class='ocr_carea' id='block_1_61' title="bbox 1794 3109 3372 3186">
    <p class='ocr_par' dir='ltr' id='par_1_61' title="bbox 1794 3109 3372 3186">
     <span class='ocr_line' id='line_1_61' title="bbox 1794 3109 3372 3186; baseline -0.008 -11"><span class='ocrx_word' id='word_1_421' title='bbox 1794 3128 2041 3175; x_wconf 77' lang='lat' dir='ltr'><strong>matrona</strong></span> <span class='ocrx_word' id='word_1_422' title='bbox 2092 3115 2338 3186; x_wconf 78' lang='lat' dir='ltr'><strong>quaedam</strong></span> <span class='ocrx_word' id='word_1_423' title='bbox 2389 3111 2661 3183; x_wconf 81' lang='lat' dir='ltr'><strong>magistrae</strong></span> <span class='ocrx_word' id='word_1_424' title='bbox 2700 3109 2915 3166; x_wconf 91' lang='lat' dir='ltr'><strong>cuidam</strong></span> <span class='ocrx_word' id='word_1_425' title='bbox 2951 3110 3372 3174; x_wconf 82' lang='lat' dir='ltr'><strong>commendavit,</strong></span> 
     </span>
    </p>
   </div>
   <div class='ocr_carea' id='block_1_62' title="bbox 112 3199 3373 3288">
    <p class='ocr_par' dir='ltr' id='par_1_62' title="bbox 112 3199 3373 3288">
     <span class='ocr_line' id='line_1_62' title="bbox 112 3199 3373 3288; baseline -0.009 -10"><span class='ocrx_word' id='word_1_426' title='bbox 112 3223 279 3276; x_wconf 77' lang='lat' dir='ltr'><strong>studia</strong></span> <span class='ocrx_word' id='word_1_427' title='bbox 311 3222 519 3276; x_wconf 88' lang='lat' dir='ltr'><strong>diutius</strong></span> <span class='ocrx_word' id='word_1_428' title='bbox 544 3237 685 3285; x_wconf 89' lang='lat' dir='ltr'><strong>esse,</strong></span> <span class='ocrx_word' id='word_1_429' title='bbox 710 3220 985 3275; x_wconf 91' lang='lat' dir='ltr'><strong>licentiam</strong></span> <span class='ocrx_word' id='word_1_430' title='bbox 1018 3217 1162 3272; x_wconf 83' lang='lat' dir='ltr'><strong>foras</strong></span> <span class='ocrx_word' id='word_1_431' title='bbox 1181 3217 1252 3250; x_wconf 79' lang='lat'><strong>&#39;°&#39;</strong></span> <span class='ocrx_word' id='word_1_432' title='bbox 1281 3218 1511 3273; x_wconf 80' lang='lat' dir='ltr'><strong>exeundi</strong></span> <span class='ocrx_word' id='word_1_433' title='bbox 1543 3233 1689 3288; x_wconf 69' lang='lat' dir='ltr'><strong>qum-</strong></span> <span class='ocrx_word' id='word_1_434' title='bbox 1716 3200 1761 3263; x_wconf 89' lang='lat' dir='ltr'><strong>C</strong></span> <span class='ocrx_word' id='word_1_435' title='bbox 1794 3211 1845 3264; x_wconf 91' lang='lat' dir='ltr'><strong>id</strong></span> <span class='ocrx_word' id='word_1_436' title='bbox 1867 3219 1951 3264; x_wconf 92' lang='lat' dir='ltr'><strong>est</strong></span> <span class='ocrx_word' id='word_1_437' title='bbox 1978 3207 2221 3262; x_wconf 85' lang='lat' dir='ltr'><strong>voluntas</strong></span> <span class='ocrx_word' id='word_1_438' title='bbox 2261 3204 2440 3260; x_wconf 82' lang='lat' dir='ltr'><strong>divina</strong></span> <span class='ocrx_word' id='word_1_439' title='bbox 2474 3200 2738 3257; x_wconf 87' lang='lat' dir='ltr'><strong>voluntati</strong></span> <span class='ocrx_word' id='word_1_440' title='bbox 2767 3199 2977 3255; x_wconf 89' lang='lat' dir='ltr'><strong>abbatis</strong></span> <span class='ocrx_word' id='word_1_441' title='bbox 3005 3214 3193 3255; x_wconf 91' lang='lat' dir='ltr'><strong>eorum</strong></span> <span class='ocrx_word' id='word_1_442' title='bbox 3242 3215 3373 3269; x_wconf 67' lang='lat' dir='ltr'><strong>sup-</strong></span> 
     </span>
    </p>
   </div>
   <div class='ocr_carea' id='block_1_63' title="bbox 112 3308 1688 3382">
    <p class='ocr_par' dir='ltr' id='par_1_63' title="bbox 112 3308 1688 3382">
     <span class='ocr_line' id='line_1_63' title="bbox 112 3308 1688 3382; baseline -0.002 -17"><span class='ocrx_word' id='word_1_443' title='bbox 112 3323 230 3366; x_wconf 86' lang='lat' dir='ltr'><strong>runt</strong></span> <span class='ocrx_word' id='word_1_444' title='bbox 269 3313 624 3382; x_wconf 88' lang='lat' dir='ltr'><strong>quandoque.</strong></span> <span class='ocrx_word' id='word_1_445' title='bbox 655 3313 825 3378; x_wconf 87' lang='lat' dir='ltr'><strong>Quam</strong></span> <span class='ocrx_word' id='word_1_446' title='bbox 850 3310 894 3365; x_wconf 89' lang='lat' dir='ltr'><strong>si</strong></span> <span class='ocrx_word' id='word_1_447' title='bbox 935 3308 1009 3342; x_wconf 76' lang='grc'><strong>⁷⁸⁸</strong></span> <span class='ocrx_word' id='word_1_448' title='bbox 1047 3308 1294 3365; x_wconf 87' lang='lat' dir='ltr'><strong>obtinere</strong></span> <span class='ocrx_word' id='word_1_449' title='bbox 1344 3324 1450 3364; x_wconf 86' lang='lat' dir='ltr'><strong>non</strong></span> <span class='ocrx_word' id='word_1_450' title='bbox 1487 3308 1688 3375; x_wconf 88' lang='lat' dir='ltr'><strong>valent,</strong></span> 
     </span>
    </p>
   </div>
   <div class='ocr_carea' id='block_1_64' title="bbox 110 3401 1689 3467">
    <p class='ocr_par' dir='ltr' id='par_1_64' title="bbox 110 3401 1689 3467">
     <span class='ocr_line' id='line_1_64' title="bbox 110 3401 1689 3467; baseline -0.003 -9"><span class='ocrx_word' id='word_1_451' title='bbox 110 3420 210 3459; x_wconf 89' lang='lat' dir='ltr'><strong>non</strong></span> <span class='ocrx_word' id='word_1_452' title='bbox 261 3404 395 3458; x_wconf 89' lang='lat' dir='ltr'><strong>inde</strong></span> <span class='ocrx_word' id='word_1_453' title='bbox 455 3403 760 3467; x_wconf 89' lang='lat' dir='ltr'><strong>tristantur,</strong></span> <span class='ocrx_word' id='word_1_454' title='bbox 796 3401 878 3456; x_wconf 91' lang='lat' dir='ltr'><strong>vel</strong></span> <span class='ocrx_word' id='word_1_455' title='bbox 928 3409 1291 3467; x_wconf 89' lang='lat' dir='ltr'><strong>murmurant,</strong></span> <span class='ocrx_word' id='word_1_456' title='bbox 1338 3401 1433 3457; x_wconf 90' lang='lat' dir='ltr'><strong>sed</strong></span> <span class='ocrx_word' id='word_1_457' title='bbox 1480 3410 1689 3455; x_wconf 90' lang='lat' dir='ltr'><strong>tantum</strong></span> 
     </span>
    </p>
   </div>
   <div class='ocr_carea' id='block_1_65' title="bbox 110 3494 1689 3565">
    <p class='ocr_par' dir='ltr' id='par_1_65' title="bbox 110 3494 1689 3565">
     <span class='ocr_line' id='line_1_65' title="bbox 110 3494 1689 3565; baseline 0.001 -17"><span class='ocrx_word' id='word_1_458' title='bbox 110 3496 291 3549; x_wconf 88' lang='lat' dir='ltr'><strong>dicunt</strong></span> <span class='ocrx_word' id='word_1_459' title='bbox 334 3496 406 3527; x_wconf 77' lang='grc'><strong>⁷⁰⁹</strong></span> <span class='ocrx_word' id='word_1_460' title='bbox 429 3497 551 3565; x_wconf 86' lang='lat' dir='ltr'><strong>quia</strong></span> <span class='ocrx_word' id='word_1_461' title='bbox 580 3496 759 3550; x_wconf 89' lang='lat' dir='ltr'><strong>datam</strong></span> <span class='ocrx_word' id='word_1_462' title='bbox 813 3494 1046 3550; x_wconf 89' lang='lat' dir='ltr'><strong>libenter</strong></span> <span class='ocrx_word' id='word_1_463' title='bbox 1085 3495 1415 3564; x_wconf 87' lang='lat' dir='ltr'><strong>accipereut.</strong></span> <span class='ocrx_word' id='word_1_464' title='bbox 1460 3495 1614 3562; x_wconf 90' lang='lat' dir='ltr'><strong>Quod</strong></span> <span class='ocrx_word' id='word_1_465' title='bbox 1644 3496 1689 3550; x_wconf 93' lang='lat' dir='ltr'><strong>si</strong></span> 
     </span>
    </p>
   </div>
   <div class='ocr_carea' id='block_1_66' title="bbox 109 3586 1689 3656">
    <p class='ocr_par' dir='ltr' id='par_1_66' title="bbox 109 3586 1689 3656">
     <span class='ocr_line' id='line_1_66' title="bbox 109 3586 1689 3656; baseline 0.001 -14"><span class='ocrx_word' id='word_1_466' title='bbox 109 3588 181 3642; x_wconf 89' lang='lat' dir='ltr'><strong>eis</strong></span> <span class='ocrx_word' id='word_1_467' title='bbox 210 3601 477 3644; x_wconf 89' lang='lat' dir='ltr'><strong>concessa</strong></span> <span class='ocrx_word' id='word_1_468' title='bbox 525 3586 709 3654; x_wconf 82' lang='lat' dir='ltr'><strong>fuerit,</strong></span> <span class='ocrx_word' id='word_1_469' title='bbox 758 3586 1107 3655; x_wconf 75' lang='lat' dir='ltr'><strong>egrediuntur</strong></span> <span class='ocrx_word' id='word_1_470' title='bbox 1133 3586 1202 3618; x_wconf 87' lang='lat'><strong>&quot;°</strong></span> <span class='ocrx_word' id='word_1_471' title='bbox 1230 3603 1336 3656; x_wconf 93' lang='lat' dir='ltr'><strong>quo</strong></span> <span class='ocrx_word' id='word_1_472' title='bbox 1384 3588 1464 3644; x_wconf 89' lang='lat' dir='ltr'><strong>eis</strong></span> <span class='ocrx_word' id='word_1_473' title='bbox 1514 3590 1689 3644; x_wconf 85' lang='lat' dir='ltr'><strong>visum</strong></span> 
     </span>
    </p>
   </div>
   <div class='ocr_carea' id='block_1_67' title="bbox 110 3678 1549 3748">
    <p class='ocr_par' dir='ltr' id='par_1_67' title="bbox 110 3678 1549 3748">
     <span class='ocr_line' id='line_1_67' title="bbox 110 3678 1549 3748; baseline 0.003 -17"><span class='ocrx_word' id='word_1_474' title='bbox 110 3678 284 3743; x_wconf 80' lang='lat' dir='ltr'><strong>fuerit,</strong></span> <span class='ocrx_word' id='word_1_475' title='bbox 325 3687 652 3748; x_wconf 89' lang='lat' dir='ltr'><strong>cessantque</strong></span> <span class='ocrx_word' id='word_1_476' title='bbox 683 3678 896 3732; x_wconf 88' lang='lat' dir='ltr'><strong>interim</strong></span> <span class='ocrx_word' id='word_1_477' title='bbox 935 3678 1004 3709; x_wconf 68' lang='grc' dir='ltr'><strong>τυ</strong></span> <span class='ocrx_word' id='word_1_478' title='bbox 1036 3680 1104 3733; x_wconf 88' lang='lat' dir='ltr'><strong>ab</strong></span> <span class='ocrx_word' id='word_1_479' title='bbox 1135 3679 1389 3748; x_wconf 87' lang='lat' dir='ltr'><strong>operibus</strong></span> <span class='ocrx_word' id='word_1_480' title='bbox 1414 3680 1549 3736; x_wconf 90' lang='lat' dir='ltr'><strong>suis.</strong></span> 
     </span>
    </p>
   </div>
   <div class='ocr_carea' id='block_1_68' title="bbox 600 3766 1186 3825">
    <p class='ocr_par' dir='ltr' id='par_1_68' title="bbox 600 3766 1186 3825">
     <span class='ocr_line' id='line_1_68' title="bbox 600 3766 1186 3825; baseline 0.002 -2"><span class='ocrx_word' id='word_1_481' title='bbox 600 3768 828 3825; x_wconf 81' lang='lat' dir='ltr'><strong>CAPUT</strong></span> <span class='ocrx_word' id='word_1_482' title='bbox 859 3766 1186 3823; x_wconf 85' lang='lat' dir='ltr'><strong>LXXXVIII.</strong></span> 
     </span>
    </p>
   </div>
   <div class='ocr_carea' id='block_1_69' title="bbox 615 3858 1161 3915">
    <p class='ocr_par' dir='ltr' id='par_1_69' title="bbox 615 3858 1161 3915">
     <span class='ocr_line' id='line_1_69' title="bbox 615 3858 1161 3915; baseline -0.002 -1"><span class='ocrx_word' id='word_1_483' title='bbox 615 3860 694 3915; x_wconf 85' lang='lat' dir='ltr'><strong>De</strong></span> <span class='ocrx_word' id='word_1_484' title='bbox 723 3858 917 3914; x_wconf 82' lang='lat' dir='ltr'><strong>ancilla</strong></span> <span class='ocrx_word' id='word_1_485' title='bbox 940 3859 1161 3915; x_wconf 85' lang='lat' dir='ltr'><strong>latrone.</strong></span> 
     </span>
    </p>
   </div>
   <div class='ocr_carea' id='block_1_70' title="bbox 167 3950 1682 4024">
    <p class='ocr_par' dir='ltr' id='par_1_70' title="bbox 167 3950 1682 4024">
     <span class='ocr_line' id='line_1_70' title="bbox 167 3950 1682 4024; baseline 0 -15"><span class='ocrx_word' id='word_1_486' title='bbox 167 3953 328 4009; x_wconf 81' lang='lat' dir='ltr'><strong>Inter</strong></span> <span class='ocrx_word' id='word_1_487' title='bbox 354 3968 449 4009; x_wconf 86' lang='lat' dir='ltr'><strong>eas</strong></span> <span class='ocrx_word' id='word_1_488' title='bbox 492 3964 674 4009; x_wconf 86' lang='lat' dir='ltr'><strong>autem</strong></span> <span class='ocrx_word' id='word_1_489' title='bbox 725 3952 1046 4024; x_wconf 89' lang='lat' dir='ltr'><strong>quandoque</strong></span> <span class='ocrx_word' id='word_1_490' title='bbox 1096 3960 1179 4008; x_wconf 90' lang='lat' dir='ltr'><strong>est</strong></span> <span class='ocrx_word' id='word_1_491' title='bbox 1226 3950 1366 4008; x_wconf 87' lang='lat' dir='ltr'><strong>latro</strong></span> <span class='ocrx_word' id='word_1_492' title='bbox 1416 3953 1682 4023; x_wconf 65' lang='lat' dir='ltr'><strong>quaedam,</strong></span> 
     </span>
    </p>
   </div>
   <div class='ocr_carea' id='block_1_71' title="bbox 105 4043 1682 4116">
    <p class='ocr_par' dir='ltr' id='par_1_71' title="bbox 105 4043 1682 4116">
     <span class='ocr_line' id='line_1_71' title="bbox 105 4043 1682 4116; baseline 0.003 -20"><span class='ocrx_word' id='word_1_493' title='bbox 105 4044 398 4116; x_wconf 66' lang='lat' dir='ltr'><strong>przeceptis</strong></span> <span class='ocrx_word' id='word_1_494' title='bbox 429 4047 698 4116; x_wconf 71' lang='lat' dir='ltr'><strong>magistra:</strong></span> <span class='ocrx_word' id='word_1_495' title='bbox 752 4046 840 4100; x_wconf 79' lang='lat' dir='ltr'><strong>vix</strong></span> <span class='ocrx_word' id='word_1_496' title='bbox 889 4043 1110 4100; x_wconf 89' lang='lat' dir='ltr'><strong>obedire</strong></span> <span class='ocrx_word' id='word_1_497' title='bbox 1164 4043 1372 4098; x_wconf 87' lang='lat' dir='ltr'><strong>volens.</strong></span> <span class='ocrx_word' id='word_1_498' title='bbox 1407 4044 1533 4100; x_wconf 81' lang='lat' dir='ltr'><strong>Ilaec</strong></span> <span class='ocrx_word' id='word_1_499' title='bbox 1557 4046 1682 4115; x_wconf 89' lang='lat' dir='ltr'><strong>quia</strong></span> 
     </span>
    </p>
   </div>
   <div class='ocr_carea' id='block_1_72' title="bbox 104 4136 1683 4207">
    <p class='ocr_par' dir='ltr' id='par_1_72' title="bbox 104 4136 1683 4207">
     <span class='ocr_line' id='line_1_72' title="bbox 104 4136 1683 4207; baseline 0.004 -19"><span class='ocrx_word' id='word_1_500' title='bbox 104 4138 349 4192; x_wconf 89' lang='lat' dir='ltr'><strong>custodia</strong></span> <span class='ocrx_word' id='word_1_501' title='bbox 393 4137 467 4169; x_wconf 83' lang='grc'><strong>⁷¹¹</strong></span> <span class='ocrx_word' id='word_1_502' title='bbox 492 4139 647 4193; x_wconf 79' lang='lat' dir='ltr'><strong>taedio</strong></span> <span class='ocrx_word' id='word_1_503' title='bbox 669 4152 882 4207; x_wconf 87' lang='lat' dir='ltr'><strong>semper</strong></span> <span class='ocrx_word' id='word_1_504' title='bbox 907 4137 1113 4203; x_wconf 80' lang='lat' dir='ltr'><strong>existit,</strong></span> <span class='ocrx_word' id='word_1_505' title='bbox 1145 4136 1419 4192; x_wconf 90' lang='lat' dir='ltr'><strong>licentiam</strong></span> <span class='ocrx_word' id='word_1_506' title='bbox 1450 4139 1683 4195; x_wconf 77' lang='lat' dir='ltr'><strong>exeundi</strong></span> 
     </span>
    </p>
   </div>
   <div class='ocr_carea' id='block_1_73' title="bbox 104 4224 1685 4303">
    <p class='ocr_par' dir='ltr' id='par_1_73' title="bbox 104 4224 1685 4303">
     <span class='ocr_line' id='line_1_73' title="bbox 104 4224 1685 4303; baseline 0.004 -25"><span class='ocrx_word' id='word_1_507' title='bbox 104 4227 299 4295; x_wconf 63' lang='lat' dir='ltr'><strong>saepius</strong></span> <span class='ocrx_word' id='word_1_508' title='bbox 324 4229 537 4296; x_wconf 70' lang='lat' dir='ltr'><strong>quaerit,</strong></span> <span class='ocrx_word' id='word_1_509' title='bbox 572 4236 626 4281; x_wconf 90' lang='lat' dir='ltr'><strong>et</strong></span> <span class='ocrx_word' id='word_1_510' title='bbox 673 4243 866 4303; x_wconf 84' lang='lat' dir='ltr'><strong>causas</strong></span> <span class='ocrx_word' id='word_1_511' title='bbox 906 4243 1025 4297; x_wconf 78' lang='lat' dir='ltr'><strong>qua:</strong></span> <span class='ocrx_word' id='word_1_512' title='bbox 1074 4224 1425 4285; x_wconf 85' lang='lat' dir='ltr'><strong>rationabiles</strong></span> <span class='ocrx_word' id='word_1_513' title='bbox 1461 4229 1685 4285; x_wconf 90' lang='lat' dir='ltr'><strong>videan-</strong></span> 
     </span>
    </p>
   </div>
   <div class='ocr_carea' id='block_1_74' title="bbox 108 4319 1685 4391">
    <p class='ocr_par' dir='ltr' id='par_1_74' title="bbox 108 4319 1685 4391">
     <span class='ocr_line' id='line_1_74' title="bbox 108 4319 1685 4391; baseline 0.006 -22"><span class='ocrx_word' id='word_1_514' title='bbox 108 4324 191 4371; x_wconf 88' lang='lat' dir='ltr'><strong>tur</strong></span> <span class='ocrx_word' id='word_1_515' title='bbox 216 4319 519 4374; x_wconf 87' lang='lat' dir='ltr'><strong>adinvenit.</strong></span> <span class='ocrx_word' id='word_1_516' title='bbox 551 4320 723 4389; x_wconf 85' lang='lat' dir='ltr'><strong>Quam</strong></span> <span class='ocrx_word' id='word_1_517' title='bbox 750 4320 795 4375; x_wconf 89' lang='lat' dir='ltr'><strong>si</strong></span> <span class='ocrx_word' id='word_1_518' title='bbox 827 4321 1073 4376; x_wconf 89' lang='lat' dir='ltr'><strong>obtinere</strong></span> <span class='ocrx_word' id='word_1_519' title='bbox 1113 4336 1221 4376; x_wconf 87' lang='lat' dir='ltr'><strong>non</strong></span> <span class='ocrx_word' id='word_1_520' title='bbox 1250 4327 1447 4391; x_wconf 87' lang='lat' dir='ltr'><strong>potest,</strong></span> <span class='ocrx_word' id='word_1_521' title='bbox 1481 4325 1685 4378; x_wconf 68' lang='lat' dir='ltr'><strong>contri-</strong></span> 
     </span>
    </p>
   </div>
   <div class='ocr_carea' id='block_1_75' title="bbox 1793 3289 3373 3374">
    <p class='ocr_par' dir='ltr' id='par_1_75' title="bbox 1793 3289 3373 3374">
     <span class='ocr_line' id='line_1_75' title="bbox 1793 3289 3373 3374; baseline -0.006 -17"><span class='ocrx_word' id='word_1_522' title='bbox 1793 3300 2085 3374; x_wconf 71' lang='lat' dir='ltr'><strong>posuitm.</strong></span> <span class='ocrx_word' id='word_1_523' title='bbox 2110 3298 2352 3353; x_wconf 90' lang='lat' dir='ltr'><strong>Licentia</strong></span> <span class='ocrx_word' id='word_1_524' title='bbox 2380 3295 2580 3366; x_wconf 88' lang='lat' dir='ltr'><strong>quippe</strong></span> <span class='ocrx_word' id='word_1_525' title='bbox 2623 3292 2695 3325; x_wconf 81' lang='lat'><strong>&quot;°</strong></span> <span class='ocrx_word' id='word_1_526' title='bbox 2742 3291 2941 3347; x_wconf 92' lang='lat' dir='ltr'><strong>multos</strong></span> <span class='ocrx_word' id='word_1_527' title='bbox 2982 3293 3200 3362; x_wconf 88' lang='lat' dir='ltr'><strong>decipit.</strong></span> <span class='ocrx_word' id='word_1_528' title='bbox 3233 3289 3373 3347; x_wconf 90' lang='lat' dir='ltr'><strong>Obe-</strong></span> 
     </span>
    </p>
   </div>
   <div class='ocr_carea' id='block_1_76' title="bbox 1795 3385 3372 3450">
    <p class='ocr_par' dir='ltr' id='par_1_76' title="bbox 1795 3385 3372 3450">
     <span class='ocr_line' id='line_1_76' title="bbox 1795 3385 3372 3450; baseline -0.008 -1"><span class='ocrx_word' id='word_1_529' title='bbox 1795 3395 1993 3450; x_wconf 90' lang='lat' dir='ltr'><strong>dientia</strong></span> <span class='ocrx_word' id='word_1_530' title='bbox 2024 3407 2151 3447; x_wconf 84' lang='lat' dir='ltr'><strong>vero</strong></span> <span class='ocrx_word' id='word_1_531' title='bbox 2177 3400 2232 3445; x_wconf 90' lang='lat' dir='ltr'><strong>et</strong></span> <span class='ocrx_word' id='word_1_532' title='bbox 2272 3386 2637 3444; x_wconf 84' lang='lat' dir='ltr'><strong>inobedientia</strong></span> <span class='ocrx_word' id='word_1_533' title='bbox 2666 3385 2941 3440; x_wconf 87' lang='lat' dir='ltr'><strong>contraria</strong></span> <span class='ocrx_word' id='word_1_534' title='bbox 2973 3394 3128 3449; x_wconf 89' lang='lat' dir='ltr'><strong>sunt;</strong></span> <span class='ocrx_word' id='word_1_535' title='bbox 3175 3385 3372 3439; x_wconf 90' lang='lat' dir='ltr'><strong>harum</strong></span> 
     </span>
    </p>
   </div>
   <div class='ocr_carea' id='block_1_77' title="bbox 1793 3476 3373 3553">
    <p class='ocr_par' dir='ltr' id='par_1_77' title="bbox 1793 3476 3373 3553">
     <span class='ocr_line' id='line_1_77' title="bbox 1793 3476 3373 3553; baseline -0.009 -9"><span class='ocrx_word' id='word_1_536' title='bbox 1793 3489 1995 3553; x_wconf 89' lang='lat' dir='ltr'><strong>media,</strong></span> <span class='ocrx_word' id='word_1_537' title='bbox 2025 3485 2243 3541; x_wconf 89' lang='lat' dir='ltr'><strong>licentia</strong></span> <span class='ocrx_word' id='word_1_538' title='bbox 2280 3490 2384 3537; x_wconf 85' lang='lat' dir='ltr'><strong>est.</strong></span> <span class='ocrx_word' id='word_1_539' title='bbox 2436 3480 2485 3536; x_wconf 92' lang='lat' dir='ltr'><strong>Is</strong></span> <span class='ocrx_word' id='word_1_540' title='bbox 2533 3495 2664 3550; x_wconf 82' lang='lat' dir='ltr'><strong>ergo</strong></span> <span class='ocrx_word' id='word_1_541' title='bbox 2691 3493 2854 3549; x_wconf 91' lang='lat' dir='ltr'><strong>quem</strong></span> <span class='ocrx_word' id='word_1_542' title='bbox 2891 3476 3199 3533; x_wconf 88' lang='lat' dir='ltr'><strong>obedientia</strong></span> <span class='ocrx_word' id='word_1_543' title='bbox 3241 3490 3373 3530; x_wconf 87' lang='lat' dir='ltr'><strong>con-</strong></span> 
     </span>
    </p>
   </div>
   <div class='ocr_carea' id='block_1_78' title="bbox 1792 3567 3375 3651">
    <p class='ocr_par' dir='ltr' id='par_1_78' title="bbox 1792 3567 3375 3651">
     <span class='ocr_line' id='line_1_78' title="bbox 1792 3567 3375 3651; baseline -0.011 -14"><span class='ocrx_word' id='word_1_544' title='bbox 1792 3580 2011 3651; x_wconf 84' lang='lat' dir='ltr'><strong>stringit</strong></span> <span class='ocrx_word' id='word_1_545' title='bbox 2041 3577 2279 3633; x_wconf 89' lang='lat' dir='ltr'><strong>claustra</strong></span> <span class='ocrx_word' id='word_1_546' title='bbox 2302 3587 2409 3627; x_wconf 91' lang='lat' dir='ltr'><strong>non</strong></span> <span class='ocrx_word' id='word_1_547' title='bbox 2441 3570 2646 3641; x_wconf 83' lang='lat' dir='ltr'><strong>egredi,</strong></span> <span class='ocrx_word' id='word_1_548' title='bbox 2680 3570 2795 3623; x_wconf 93' lang='lat' dir='ltr'><strong>vult</strong></span> <span class='ocrx_word' id='word_1_549' title='bbox 2854 3578 3034 3623; x_wconf 90' lang='lat' dir='ltr'><strong>tamen</strong></span> <span class='ocrx_word' id='word_1_550' title='bbox 3084 3567 3258 3635; x_wconf 81' lang='lat' dir='ltr'><strong>exire,</strong></span> <span class='ocrx_word' id='word_1_551' title='bbox 3285 3581 3375 3621; x_wconf 81' lang='lat' dir='ltr'><strong>re-</strong></span> 
     </span>
    </p>
   </div>
   <div class='ocr_carea' id='block_1_79' title="bbox 1794 3662 3369 3748">
    <p class='ocr_par' dir='ltr' id='par_1_79' title="bbox 1794 3662 3369 3748">
     <span class='ocr_line' id='line_1_79' title="bbox 1794 3662 3369 3748; baseline -0.011 -20"><span class='ocrx_word' id='word_1_552' title='bbox 1794 3675 2038 3748; x_wconf 52' lang='lat' dir='ltr'><strong>gulaque</strong></span> <span class='ocrx_word' id='word_1_553' title='bbox 2068 3668 2461 3726; x_wconf 88' lang='lat' dir='ltr'><strong>districtionem</strong></span> <span class='ocrx_word' id='word_1_554' title='bbox 2486 3664 2714 3719; x_wconf 88' lang='lat' dir='ltr'><strong>licenter</strong></span> <span class='ocrx_word' id='word_1_555' title='bbox 2738 3663 2809 3695; x_wconf 79' lang='grc'><strong>⁷²¹</strong></span> <span class='ocrx_word' id='word_1_556' title='bbox 2837 3662 3131 3723; x_wconf 82' lang='lat' dir='ltr'><strong>declinare,</strong></span> <span class='ocrx_word' id='word_1_557' title='bbox 3174 3675 3369 3730; x_wconf 91' lang='lat' dir='ltr'><strong>quam-</strong></span> 
     </span>
    </p>
   </div>
   <div class='ocr_carea' id='block_1_80' title="bbox 1794 3752 3373 3826">
    <p class='ocr_par' dir='ltr' id='par_1_80' title="bbox 1794 3752 3373 3826">
     <span class='ocr_line' id='line_1_80' title="bbox 1794 3752 3373 3826; baseline -0.009 -6"><span class='ocrx_word' id='word_1_558' title='bbox 1794 3769 1876 3822; x_wconf 88' lang='lat' dir='ltr'><strong>vis</strong></span> <span class='ocrx_word' id='word_1_559' title='bbox 1899 3765 2032 3821; x_wconf 90' lang='lat' dir='ltr'><strong>nolit</strong></span> <span class='ocrx_word' id='word_1_560' title='bbox 2056 3765 2176 3817; x_wconf 89' lang='lat' dir='ltr'><strong>sine</strong></span> <span class='ocrx_word' id='word_1_561' title='bbox 2229 3757 2449 3814; x_wconf 88' lang='lat' dir='ltr'><strong>licentia</strong></span> <span class='ocrx_word' id='word_1_562' title='bbox 2482 3755 2535 3811; x_wconf 89' lang='lat' dir='ltr'><strong>id</strong></span> <span class='ocrx_word' id='word_1_563' title='bbox 2564 3768 2918 3826; x_wconf 84' lang='lat' dir='ltr'><strong>praesumere,</strong></span> <span class='ocrx_word' id='word_1_564' title='bbox 2947 3763 3003 3808; x_wconf 90' lang='lat' dir='ltr'><strong>et</strong></span> <span class='ocrx_word' id='word_1_565' title='bbox 3048 3752 3249 3807; x_wconf 85' lang='lat' dir='ltr'><strong>idcirco</strong></span> <span class='ocrx_word' id='word_1_566' title='bbox 3280 3766 3373 3806; x_wconf 86' lang='lat' dir='ltr'><strong>ac-</strong></span> 
     </span>
    </p>
   </div>
   <div class='ocr_carea' id='block_1_81' title="bbox 1795 3843 3367 3919">
    <p class='ocr_par' dir='ltr' id='par_1_81' title="bbox 1795 3843 3367 3919">
     <span class='ocr_line' id='line_1_81' title="bbox 1795 3843 3367 3919; baseline -0.011 -4"><span class='ocrx_word' id='word_1_567' title='bbox 1795 3870 1908 3915; x_wconf 86' lang='lat' dir='ltr'><strong>tum</strong></span> <span class='ocrx_word' id='word_1_568' title='bbox 1935 3872 2089 3913; x_wconf 90' lang='lat' dir='ltr'><strong>suum</strong></span> <span class='ocrx_word' id='word_1_569' title='bbox 2119 3851 2340 3908; x_wconf 91' lang='lat' dir='ltr'><strong>licentia</strong></span> <span class='ocrx_word' id='word_1_570' title='bbox 2370 3863 2475 3919; x_wconf 89' lang='lat' dir='ltr'><strong>qua</strong></span> <span class='ocrx_word' id='word_1_571' title='bbox 2503 3847 2754 3916; x_wconf 79' lang='lat' dir='ltr'><strong>praevalet</strong></span> <span class='ocrx_word' id='word_1_572' title='bbox 2795 3856 3025 3900; x_wconf 87' lang='lat' dir='ltr'><strong>conatur</strong></span> <span class='ocrx_word' id='word_1_573' title='bbox 3052 3843 3367 3909; x_wconf 76' lang='lat' dir='ltr'><strong>defendere,</strong></span> 
     </span>
    </p>
   </div>
   <div class='ocr_carea' id='block_1_82' title="bbox 1790 3926 3363 4023">
    <p class='ocr_par' dir='ltr' id='par_1_82' title="bbox 1790 3926 3363 4023">
     <span class='ocr_line' id='line_1_82' title="bbox 1790 3926 3363 4023; baseline -0.013 -14"><span class='ocrx_word' id='word_1_574' title='bbox 1790 3958 2074 4023; x_wconf 85' lang='lat' dir='ltr'><strong>peccatum</strong></span> <span class='ocrx_word' id='word_1_575' title='bbox 2101 3944 2346 4019; x_wconf 81' lang='lat' dir='ltr'><strong>profecto</strong></span> <span class='ocrx_word' id='word_1_576' title='bbox 2399 3939 2564 3995; x_wconf 84' lang='lat' dir='ltr'><strong>habet</strong></span> <span class='ocrx_word' id='word_1_577' title='bbox 2603 3954 2669 3992; x_wconf 82' lang='lat' dir='ltr'><strong>ex</strong></span> <span class='ocrx_word' id='word_1_578' title='bbox 2718 3938 2808 3991; x_wconf 89' lang='lat' dir='ltr'><strong>illa</strong></span> <span class='ocrx_word' id='word_1_579' title='bbox 2835 3937 3022 3991; x_wconf 88' lang='lat' dir='ltr'><strong>illicita</strong></span> <span class='ocrx_word' id='word_1_580' title='bbox 3068 3926 3363 3990; x_wconf 79' lang='lat' dir='ltr'><strong>voluntate.</strong></span> 
     </span>
    </p>
   </div>
   <div class='ocr_carea' id='block_1_83' title="bbox 1789 4027 3368 4107">
    <p class='ocr_par' dir='ltr' id='par_1_83' title="bbox 1789 4027 3368 4107">
     <span class='ocr_line' id='line_1_83' title="bbox 1789 4027 3368 4107; baseline -0.013 -7"><span class='ocrx_word' id='word_1_581' title='bbox 1789 4045 1906 4101; x_wconf 83' lang='lat' dir='ltr'><strong>Non</strong></span> <span class='ocrx_word' id='word_1_582' title='bbox 1937 4041 2081 4096; x_wconf 89' lang='lat' dir='ltr'><strong>enim</strong></span> <span class='ocrx_word' id='word_1_583' title='bbox 2114 4044 2397 4107; x_wconf 89' lang='lat' dir='ltr'><strong>postquam</strong></span> <span class='ocrx_word' id='word_1_584' title='bbox 2428 4038 2675 4084; x_wconf 89' lang='lat' dir='ltr'><strong>mortuus</strong></span> <span class='ocrx_word' id='word_1_585' title='bbox 2699 4038 2783 4083; x_wconf 90' lang='lat' dir='ltr'><strong>est</strong></span> <span class='ocrx_word' id='word_1_586' title='bbox 2809 4027 3028 4092; x_wconf 91' lang='lat' dir='ltr'><strong>mundo,</strong></span> <span class='ocrx_word' id='word_1_587' title='bbox 3068 4028 3368 4081; x_wconf 86' lang='lat' dir='ltr'><strong>claustrum</strong></span> 
     </span>
    </p>
   </div>
   <div class='ocr_carea' id='block_1_84' title="bbox 1772 4118 3366 4193">
    <p class='ocr_par' dir='ltr' id='par_1_84' title="bbox 1772 4118 3366 4193">
     <span class='ocr_line' id='line_1_84' title="bbox 1772 4118 3366 4193; baseline -0.011 -2"><span class='ocrx_word' id='word_1_588' title='bbox 1772 4124 1954 4192; x_wconf 73' lang='lat' dir='ltr'><strong>subiit</strong></span> <span class='ocrx_word' id='word_1_589' title='bbox 2003 4132 2069 4185; x_wconf 85' lang='lat' dir='ltr'><strong>ad</strong></span> <span class='ocrx_word' id='word_1_590' title='bbox 2097 4126 2278 4183; x_wconf 91' lang='lat' dir='ltr'><strong>mundi</strong></span> <span class='ocrx_word' id='word_1_591' title='bbox 2332 4120 2568 4193; x_wconf 84' lang='lat' dir='ltr'><strong>negotia,</strong></span> <span class='ocrx_word' id='word_1_592' title='bbox 2614 4120 2697 4173; x_wconf 81' lang='lat' dir='ltr'><strong>vel</strong></span> <span class='ocrx_word' id='word_1_593' title='bbox 2751 4118 3047 4186; x_wconf 83' lang='lat' dir='ltr'><strong>voluntate,</strong></span> <span class='ocrx_word' id='word_1_594' title='bbox 3099 4120 3366 4174; x_wconf 88' lang='lat' dir='ltr'><strong>ullatenus</strong></span> 
     </span>
    </p>
   </div>
   <div class='ocr_carea' id='block_1_85' title="bbox 1766 4206 3367 4284">
    <p class='ocr_par' dir='ltr' id='par_1_85' title="bbox 1766 4206 3367 4284">
     <span class='ocr_line' id='line_1_85' title="bbox 1766 4206 3367 4284; baseline -0.009 -2"><span class='ocrx_word' id='word_1_595' title='bbox 1766 4206 1970 4283; x_wconf 13' lang='lat' dir='ltr'><strong>{redire</strong></span> <span class='ocrx_word' id='word_1_596' title='bbox 1994 4220 2201 4284; x_wconf 90' lang='lat' dir='ltr'><strong>debuit,</strong></span> <span class='ocrx_word' id='word_1_597' title='bbox 2229 4215 2364 4271; x_wconf 82' lang='lat' dir='ltr'><strong>velle</strong></span> <span class='ocrx_word' id='word_1_598' title='bbox 2391 4223 2568 4267; x_wconf 88' lang='lat' dir='ltr'><strong>tamen</strong></span> <span class='ocrx_word' id='word_1_599' title='bbox 2620 4227 2776 4266; x_wconf 92' lang='lat' dir='ltr'><strong>suum</strong></span> <span class='ocrx_word' id='word_1_600' title='bbox 2830 4227 2937 4266; x_wconf 90' lang='lat' dir='ltr'><strong>non</strong></span> <span class='ocrx_word' id='word_1_601' title='bbox 2988 4211 3094 4267; x_wconf 89' lang='lat' dir='ltr'><strong>nisi</strong></span> <span class='ocrx_word' id='word_1_602' title='bbox 3138 4210 3367 4282; x_wconf 82' lang='lat' dir='ltr'><strong>permis-</strong></span> 
     </span>
    </p>
   </div>
   <div class='ocr_carea' id='block_1_86' title="bbox 1793 4305 3378 4383">
    <p class='ocr_par' dir='ltr' id='par_1_86' title="bbox 1793 4305 3378 4383">
     <span class='ocr_line' id='line_1_86' title="bbox 1793 4305 3378 4383; baseline -0.011 -6"><span class='ocrx_word' id='word_1_603' title='bbox 1793 4338 1886 4381; x_wconf 88' lang='lat' dir='ltr'><strong>sus</strong></span> <span class='ocrx_word' id='word_1_604' title='bbox 1943 4317 2084 4372; x_wconf 81' lang='lat' dir='ltr'><strong>facto</strong></span> <span class='ocrx_word' id='word_1_605' title='bbox 2116 4310 2337 4383; x_wconf 88' lang='lat' dir='ltr'><strong>implere</strong></span> <span class='ocrx_word' id='word_1_606' title='bbox 2364 4305 2646 4362; x_wconf 77' lang='lat' dir='ltr'><strong>voluitm.</strong></span> <span class='ocrx_word' id='word_1_607' title='bbox 2692 4305 3008 4361; x_wconf 87' lang='lat' dir='ltr'><strong>Obedicntia</strong></span> <span class='ocrx_word' id='word_1_608' title='bbox 3038 4320 3167 4378; x_wconf 87' lang='lat' dir='ltr'><strong>ergo</strong></span> <span class='ocrx_word' id='word_1_609' title='bbox 3202 4319 3378 4376; x_wconf 81' lang='lat' dir='ltr'><strong>quam</strong></span> 
     </span>
    </p>
   </div>
   <div class='ocr_carea' id='block_1_87' title="bbox 1378 4459 2053 4520">
    <p class='ocr_par' dir='ltr' id='par_1_87' title="bbox 1378 4459 2053 4520">
     <span class='ocr_line' id='line_1_87' title="bbox 1378 4459 2053 4520; baseline -0.006 -2"><span class='ocrx_word' id='word_1_610' title='bbox 1378 4462 1613 4519; x_wconf 79' lang='lat' dir='ltr'><strong>VARUE</strong></span> <span class='ocrx_word' id='word_1_611' title='bbox 1651 4459 2053 4520; x_wconf 81' lang='lat' dir='ltr'><strong>LECTIONES.</strong></span> 
     </span>
    </p>
   </div>
   <div class='ocr_carea' id='block_1_88' title="bbox 169 4555 3373 4645">
    <p class='ocr_par' dir='ltr' id='par_1_88' title="bbox 169 4555 3373 4645">
     <span class='ocr_line' id='line_1_88' title="bbox 169 4555 3373 4645; baseline -0.003 -21"><span class='ocrx_word' id='word_1_612' title='bbox 169 4571 241 4603; x_wconf 71' lang='lat' dir='ltr'><strong>m</strong></span> <span class='ocrx_word' id='word_1_613' title='bbox 294 4569 375 4645; x_wconf 76' lang='lat' dir='ltr'><strong>Ea</strong></span> <span class='ocrx_word' id='word_1_614' title='bbox 402 4582 565 4639; x_wconf 89' lang='lat' dir='ltr'><strong>opera</strong></span> <span class='ocrx_word' id='word_1_615' title='bbox 596 4577 805 4645; x_wconf 75' lang='lat' dir='ltr'><strong>tantum</strong></span> <span class='ocrx_word' id='word_1_616' title='bbox 813 4587 937 4645; x_wconf 77' lang='lat' dir='ltr'><strong>_nm</strong></span> <span class='ocrx_word' id='word_1_617' title='bbox 967 4581 1014 4645; x_wconf 73' lang='lat' dir='ltr'><strong>et</strong></span> <span class='ocrx_word' id='word_1_618' title='bbox 1046 4568 1192 4624; x_wconf 85' lang='lat' dir='ltr'><strong>Edit.</strong></span> <span class='ocrx_word' id='word_1_619' title='bbox 1237 4571 1421 4628; x_wconf 87' lang='lat' dir='ltr'><strong>Colon.</strong></span> <span class='ocrx_word' id='word_1_620' title='bbox 1443 4590 1614 4645; x_wconf 88' lang='lat' dir='ltr'><strong>eaque</strong></span> <span class='ocrx_word' id='word_1_621' title='bbox 1645 4589 1805 4645; x_wconf 88' lang='lat' dir='ltr'><strong>opera</strong></span> <span class='ocrx_word' id='word_1_622' title='bbox 1835 4581 2045 4628; x_wconf 89' lang='lat' dir='ltr'><strong>tantum</strong></span> <span class='ocrx_word' id='word_1_623' title='bbox 2118 4567 2187 4600; x_wconf 73' lang='grc'>⁸⁸⁸</span> <span class='ocrx_word' id='word_1_624' title='bbox 2212 4564 2401 4645; x_wconf 73' lang='lat' dir='ltr'><strong>Exiget</strong></span> <span class='ocrx_word' id='word_1_625' title='bbox 2427 4580 2533 4645; x_wconf 49' lang='lat' dir='ltr'><strong>mg</strong></span> <span class='ocrx_word' id='word_1_626' title='bbox 2557 4562 2799 4645; x_wconf 41' lang='lat' dir='ltr'><strong>eaigeret</strong></span> <span class='ocrx_word' id='word_1_627' title='bbox 2871 4555 3149 4645; x_wconf 50' lang='lat' dir='ltr'><strong>ﬁfl’otius</strong></span> <span class='ocrx_word' id='word_1_628' title='bbox 3176 4569 3373 4645; x_wconf 52' lang='lat' dir='ltr'><strong>nosces»</strong></span> 
     </span>
    </p>
   </div>
   <div class='ocr_carea' id='block_1_89' title="bbox 100 4628 3362 4714">
    <p class='ocr_par' dir='ltr' id='par_1_89' title="bbox 100 4628 3362 4714">
     <span class='ocr_line' id='line_1_89' title="bbox 100 4628 3362 4714; baseline -0.004 -20"><span class='ocrx_word' id='word_1_629' title='bbox 100 4658 203 4694; x_wconf 76' lang='lat' dir='ltr'><strong>mss</strong></span> <span class='ocrx_word' id='word_1_630' title='bbox 228 4628 634 4714; x_wconf 51' lang='lat' dir='ltr'><strong>potitls_:nosset</strong></span> <span class='ocrx_word' id='word_1_631' title='bbox 699 4640 771 4714; x_wconf 48' lang='lat' dir='ltr'><strong>f9}</strong></span> <span class='ocrx_word' id='word_1_632' title='bbox 811 4640 1090 4714; x_wconf 79' lang='lat' dir='ltr'><strong>Propriam</strong></span> <span class='ocrx_word' id='word_1_633' title='bbox 1123 4659 1227 4697; x_wconf 91' lang='lat' dir='ltr'><strong>non</strong></span> <span class='ocrx_word' id='word_1_634' title='bbox 1269 4628 1703 4712; x_wconf 12' lang='lat' dir='ltr'><strong>perditimjs</strong></span> <span class='ocrx_word' id='word_1_635' title='bbox 1724 4628 2005 4714; x_wconf 79' lang='lat' dir='ltr'><strong>propriam</strong></span> <span class='ocrx_word' id='word_1_636' title='bbox 2052 4655 2157 4695; x_wconf 89' lang='lat' dir='ltr'><strong>non</strong></span> <span class='ocrx_word' id='word_1_637' title='bbox 2201 4628 2391 4714; x_wconf 72' lang='lat' dir='ltr'><strong>perdet</strong></span> <span class='ocrx_word' id='word_1_638' title='bbox 2415 4634 2534 4714; x_wconf 45' lang='lat' dir='ltr'><strong>vf”?</strong></span> <span class='ocrx_word' id='word_1_639' title='bbox 2574 4628 2675 4714; x_wconf 60' lang='grc' dir='ltr'><strong>ῌὲῐ</strong></span> <span class='ocrx_word' id='word_1_640' title='bbox 2705 4633 2848 4712; x_wconf 82' lang='lat' dir='ltr'><strong>enim</strong></span> <span class='ocrx_word' id='word_1_641' title='bbox 2885 4631 3027 4714; x_wconf 74' lang='lat' dir='ltr'><strong>illius</strong></span> <span class='ocrx_word' id='word_1_642' title='bbox 3064 4628 3362 4714; x_wconf 54' lang='lat' dir='ltr'><strong>przesjd&#39;el-e</strong></span> 
     </span>
    </p>
   </div>
   <div class='ocr_carea' id='block_1_90' title="bbox 102 4708 1663 4781">
    <p class='ocr_par' dir='ltr' id='par_1_90' title="bbox 102 4708 1663 4781">
     <span class='ocr_line' id='line_1_90' title="bbox 102 4708 1663 4781; baseline 0.003 -16"><span class='ocrx_word' id='word_1_643' title='bbox 102 4728 204 4765; x_wconf 79' lang='lat' dir='ltr'><strong>mu</strong></span> <span class='ocrx_word' id='word_1_644' title='bbox 232 4708 364 4764; x_wconf 59' lang='lat'><strong>14.1</strong></span> <span class='ocrx_word' id='word_1_645' title='bbox 417 4708 546 4781; x_wconf 81' lang='lat' dir='ltr'><strong>Vict.</strong></span> <span class='ocrx_word' id='word_1_646' title='bbox 576 4711 661 4765; x_wconf 79' lang='grc'><strong>13.</strong></span> <span class='ocrx_word' id='word_1_647' title='bbox 695 4709 777 4765; x_wconf 91' lang='lat' dir='ltr'><strong>Sit</strong></span> <span class='ocrx_word' id='word_1_648' title='bbox 803 4708 945 4766; x_wconf 88' lang='lat' dir='ltr'><strong>enim</strong></span> <span class='ocrx_word' id='word_1_649' title='bbox 1000 4712 1143 4767; x_wconf 91' lang='lat' dir='ltr'><strong>illius</strong></span> <span class='ocrx_word' id='word_1_650' title='bbox 1184 4708 1483 4781; x_wconf 67' lang='lat' dir='ltr'><strong>pnevillere</strong></span> <span class='ocrx_word' id='word_1_651' title='bbox 1588 4708 1663 4748; x_wconf 68' lang='lat' dir='ltr'><strong>m</strong></span> 
     </span>
    </p>
   </div>
   <div class='ocr_carea' id='block_1_91' title="bbox 1747 4698 3364 4771">
    <p class='ocr_par' dir='ltr' id='par_1_91' title="bbox 1747 4698 3364 4771">
     <span class='ocr_line' id='line_1_91' title="bbox 1747 4698 3364 4771; baseline -0.012 0"><span class='ocrx_word' id='word_1_652' title='bbox 1747 4698 1847 4771; x_wconf 55' lang='lat' dir='ltr'><strong>um&#39;</strong></span> <span class='ocrx_word' id='word_1_653' title='bbox 1877 4716 1930 4768; x_wconf 90' lang='lat' dir='ltr'><strong>in</strong></span> <span class='ocrx_word' id='word_1_654' title='bbox 1962 4712 2104 4766; x_wconf 91' lang='lat' dir='ltr'><strong>bono</strong></span> <span class='ocrx_word' id='word_1_655' title='bbox 2134 4698 2237 4764; x_wconf 63' lang='lat' dir='ltr'><strong>mss</strong></span> <span class='ocrx_word' id='word_1_656' title='bbox 2263 4707 2328 4759; x_wconf 85' lang='grc' dir='ltr'><strong>Α.</strong></span> <span class='ocrx_word' id='word_1_657' title='bbox 2353 4707 2378 4760; x_wconf 98' lang='grc'><strong>1</strong></span> <span class='ocrx_word' id='word_1_658' title='bbox 2415 4702 2551 4759; x_wconf 85' lang='lat' dir='ltr'><strong>Vict.</strong></span> <span class='ocrx_word' id='word_1_659' title='bbox 2576 4703 2644 4757; x_wconf 84' lang='grc'><strong>15</strong></span> <span class='ocrx_word' id='word_1_660' title='bbox 2674 4718 2794 4756; x_wconf 91' lang='lat' dir='ltr'><strong>eum</strong></span> <span class='ocrx_word' id='word_1_661' title='bbox 2822 4702 2877 4754; x_wconf 89' lang='lat' dir='ltr'><strong>in</strong></span> <span class='ocrx_word' id='word_1_662' title='bbox 2909 4698 3079 4754; x_wconf 67' lang='lat' dir='ltr'><strong>bono</strong></span> <span class='ocrx_word' id='word_1_663' title='bbox 3140 4698 3222 4771; x_wconf 53' lang='lat'><strong>&quot;°°</strong></span> <span class='ocrx_word' id='word_1_664' title='bbox 3259 4698 3364 4771; x_wconf 82' lang='lat' dir='ltr'><strong>Per</strong></span> 
     </span>
    </p>
   </div>
   <div class='ocr_carea' id='block_1_92' title="bbox 99 4767 3362 4849">
    <p class='ocr_par' dir='ltr' id='par_1_92' title="bbox 99 4767 3362 4849">
     <span class='ocr_line' id='line_1_92' title="bbox 99 4767 3362 4849; baseline -0.004 -14"><span class='ocrx_word' id='word_1_665' title='bbox 99 4781 285 4835; x_wconf 86' lang='lat' dir='ltr'><strong>omnia</strong></span> <span class='ocrx_word' id='word_1_666' title='bbox 319 4796 398 4835; x_wconf 78' lang='lat' dir='ltr'><strong>ms</strong></span> <span class='ocrx_word' id='word_1_667' title='bbox 428 4780 494 4833; x_wconf 81' lang='grc' dir='ltr'><strong>Α.</strong></span> <span class='ocrx_word' id='word_1_668' title='bbox 530 4782 553 4835; x_wconf 95' lang='grc'><strong>1</strong></span> <span class='ocrx_word' id='word_1_669' title='bbox 590 4796 684 4849; x_wconf 91' lang='lat' dir='ltr'><strong>per</strong></span> <span class='ocrx_word' id='word_1_670' title='bbox 715 4782 915 4835; x_wconf 90' lang='lat' dir='ltr'><strong>omnia.</strong></span> <span class='ocrx_word' id='word_1_671' title='bbox 954 4783 1057 4835; x_wconf 90' lang='lat' dir='ltr'><strong>Sed</strong></span> <span class='ocrx_word' id='word_1_672' title='bbox 1096 4790 1154 4836; x_wconf 93' lang='lat' dir='ltr'><strong>ut</strong></span> <span class='ocrx_word' id='word_1_673' title='bbox 1184 4767 1297 4839; x_wconf 56' lang='lat' dir='ltr'><strong>&#39;boc</strong></span> <span class='ocrx_word' id='word_1_674' title='bbox 1337 4767 1611 4841; x_wconf 76' lang='lat' dir='ltr'><strong>voluntate</strong></span> <span class='ocrx_word' id='word_1_675' title='bbox 1638 4767 1909 4842; x_wconf 72' lang='lat' dir='ltr'><strong>obedienti</strong></span> <span class='ocrx_word' id='word_1_676' title='bbox 1952 4781 2145 4845; x_wconf 76' lang='lat' dir='ltr'><strong>faciat,</strong></span> <span class='ocrx_word' id='word_1_677' title='bbox 2196 4776 2409 4849; x_wconf 72' lang='lat' dir='ltr'><strong>noverit</strong></span> <span class='ocrx_word' id='word_1_678' title='bbox 2458 4790 2488 4828; x_wconf 89' lang='lat' dir='ltr'><strong>a</strong></span> <span class='ocrx_word' id='word_1_679' title='bbox 2533 4772 2857 4849; x_wconf 49' lang='lat' dir='ltr'><strong>similiuquot</strong></span> <span class='ocrx_word' id='word_1_680' title='bbox 2901 4780 3027 4849; x_wconf 76' lang='lat' dir='ltr'><strong>sunt</strong></span> <span class='ocrx_word' id='word_1_681' title='bbox 3067 4767 3362 4849; x_wconf 88' lang='lat' dir='ltr'><strong>voluntatis</strong></span> 
     </span>
    </p>
   </div>
   <div class='ocr_carea' id='block_1_93' title="bbox 100 4852 679 4920">
    <p class='ocr_par' dir='ltr' id='par_1_93' title="bbox 100 4852 679 4920">
     <span class='ocr_line' id='line_1_93' title="bbox 100 4852 679 4920; baseline -0.005 -16"><span class='ocrx_word' id='word_1_682' title='bbox 100 4852 445 4920; x_wconf 60' lang='lat' dir='ltr'><strong>subditorum</strong></span> <span class='ocrx_word' id='word_1_683' title='bbox 485 4866 679 4920; x_wconf 85' lang='lat' dir='ltr'><strong>genera</strong></span> 
     </span>
    </p>
   </div>
   <div class='ocr_carea' id='block_1_94' title="bbox 98 4918 942 4991">
    <p class='ocr_par' dir='ltr' id='par_1_94' title="bbox 98 4918 942 4991">
     <span class='ocr_line' id='line_1_94' title="bbox 98 4918 942 4991; baseline 0.008 -18"><span class='ocrx_word' id='word_1_684' title='bbox 98 4918 247 4974; x_wconf 81' lang='lat' dir='ltr'><strong>Edil.</strong></span> <span class='ocrx_word' id='word_1_685' title='bbox 280 4918 402 4975; x_wconf 85' lang='lat' dir='ltr'><strong>Col.</strong></span> <span class='ocrx_word' id='word_1_686' title='bbox 436 4918 676 4991; x_wconf 63' lang='lat' dir='ltr'><strong>praecipit</strong></span> <span class='ocrx_word' id='word_1_687' title='bbox 708 4931 765 4975; x_wconf 85' lang='grc' dir='ltr'><strong>ιιι</strong></span> <span class='ocrx_word' id='word_1_688' title='bbox 872 4921 942 4991; x_wconf 10' lang='grc'><strong>’⁸7³</strong></span> 
     </span>
    </p>
   </div>
   <div class='ocr_carea' id='block_1_95' title="bbox 101 4990 1669 5061">
    <p class='ocr_par' dir='ltr' id='par_1_95' title="bbox 101 4990 1669 5061">
     <span class='ocr_line' id='line_1_95' title="bbox 101 4990 1669 5061; baseline 0.003 -17"><span class='ocrx_word' id='word_1_689' title='bbox 101 4992 571 5061; x_wconf 68' lang='lat' dir='ltr'><strong>magisterium:</strong></span> <span class='ocrx_word' id='word_1_690' title='bbox 610 5003 656 5045; x_wconf 80' lang='lat' dir='ltr'><strong>et</strong></span> <span class='ocrx_word' id='word_1_691' title='bbox 700 4991 845 5045; x_wconf 84' lang='lat' dir='ltr'><strong>Edit.</strong></span> <span class='ocrx_word' id='word_1_692' title='bbox 887 4990 1001 5046; x_wconf 87' lang='lat' dir='ltr'><strong>Col.</strong></span> <span class='ocrx_word' id='word_1_693' title='bbox 1050 4990 1164 5045; x_wconf 77' lang='lat' dir='ltr'><strong>sub</strong></span> <span class='ocrx_word' id='word_1_694' title='bbox 1198 4994 1314 5061; x_wconf 89' lang='lat' dir='ltr'><strong>ejus</strong></span> <span class='ocrx_word' id='word_1_695' title='bbox 1356 4996 1669 5061; x_wconf 72' lang='lat' dir='ltr'><strong>magisterio</strong></span> 
     </span>
    </p>
   </div>
   <div class='ocr_carea' id='block_1_96' title="bbox 105 5060 1171 5116">
    <p class='ocr_par' dir='ltr' id='par_1_96' title="bbox 105 5060 1171 5116">
     <span class='ocr_line' id='line_1_96' title="bbox 105 5060 1171 5116; baseline 0.001 -2"><span class='ocrx_word' id='word_1_696' title='bbox 105 5069 299 5114; x_wconf 76' lang='lat' dir='ltr'><strong>curent</strong></span> <span class='ocrx_word' id='word_1_697' title='bbox 420 5060 492 5093; x_wconf 73' lang='grc'><strong>⁷⁸⁵</strong></span> <span class='ocrx_word' id='word_1_698' title='bbox 519 5062 743 5116; x_wconf 68' lang='lat' dir='ltr'><strong>Ancilla:</strong></span> <span class='ocrx_word' id='word_1_699' title='bbox 764 5076 894 5116; x_wconf 88' lang='lat' dir='ltr'><strong>vero</strong></span> <span class='ocrx_word' id='word_1_700' title='bbox 927 5079 1029 5116; x_wconf 78' lang='lat' dir='ltr'><strong>mss</strong></span> <span class='ocrx_word' id='word_1_701' title='bbox 1053 5062 1120 5114; x_wconf 83' lang='lat' dir='ltr'><strong>A.</strong></span> <span class='ocrx_word' id='word_1_702' title='bbox 1150 5063 1171 5115; x_wconf 89' lang='grc'><strong>1</strong></span> 
     </span>
    </p>
   </div>
   <div class='ocr_carea' id='block_1_97' title="bbox 93 5130 721 5186">
    <p class='ocr_par' dir='ltr' id='par_1_97' title="bbox 93 5130 721 5186">
     <span class='ocr_line' id='line_1_97' title="bbox 93 5130 721 5186; baseline 0.005 -3"><span class='ocrx_word' id='word_1_703' title='bbox 93 5130 213 5185; x_wconf 64' lang='grc' dir='ltr'><strong>θοι.</strong></span> <span class='ocrx_word' id='word_1_704' title='bbox 253 5130 535 5186; x_wconf 88' lang='lat' dir='ltr'><strong>licentiam</strong></span> <span class='ocrx_word' id='word_1_705' title='bbox 574 5130 721 5186; x_wconf 84' lang='lat' dir='ltr'><strong>foras</strong></span> 
     </span>
    </p>
   </div>
   <div class='ocr_carea' id='block_1_98' title="bbox 96 5200 1252 5257">
    <p class='ocr_par' dir='ltr' id='par_1_98' title="bbox 96 5200 1252 5257">
     <span class='ocr_line' id='line_1_98' title="bbox 96 5200 1252 5257; baseline 0.001 -4"><span class='ocrx_word' id='word_1_706' title='bbox 96 5202 290 5254; x_wconf 87' lang='lat' dir='ltr'><strong>dicunt</strong></span> <span class='ocrx_word' id='word_1_707' title='bbox 316 5217 395 5255; x_wconf 79' lang='lat' dir='ltr'><strong>ms</strong></span> <span class='ocrx_word' id='word_1_708' title='bbox 429 5200 564 5257; x_wconf 90' lang='lat' dir='ltr'><strong>Vict.</strong></span> <span class='ocrx_word' id='word_1_709' title='bbox 599 5202 661 5256; x_wconf 82' lang='grc'><strong>15</strong></span> <span class='ocrx_word' id='word_1_710' title='bbox 687 5202 779 5257; x_wconf 88' lang='lat' dir='ltr'><strong>sed</strong></span> <span class='ocrx_word' id='word_1_711' title='bbox 814 5211 1022 5256; x_wconf 87' lang='lat' dir='ltr'><strong>tantum</strong></span> <span class='ocrx_word' id='word_1_712' title='bbox 1063 5203 1252 5257; x_wconf 88' lang='lat' dir='ltr'><strong>dicunt</strong></span> 
     </span>
    </p>
   </div>
   <div class='ocr_carea' id='block_1_99' title="bbox 94 5268 1025 5343">
    <p class='ocr_par' dir='ltr' id='par_1_99' title="bbox 94 5268 1025 5343">
     <span class='ocr_line' id='line_1_99' title="bbox 94 5268 1025 5343; baseline 0.001 -21"><span class='ocrx_word' id='word_1_713' title='bbox 94 5286 173 5343; x_wconf 60' lang='lat' dir='ltr'><strong>gn;</strong></span> <span class='ocrx_word' id='word_1_714' title='bbox 205 5268 353 5343; x_wconf 59' lang='lat' dir='ltr'><strong>Vict.</strong></span> <span class='ocrx_word' id='word_1_715' title='bbox 383 5286 634 5327; x_wconf 87' lang='lat' dir='ltr'><strong>concessa</strong></span> <span class='ocrx_word' id='word_1_716' title='bbox 673 5272 1025 5343; x_wconf 78' lang='lat' dir='ltr'><strong>egrediuntur</strong></span> 
     </span>
    </p>
   </div>
   <div class='ocr_carea' id='block_1_100' title="bbox 791 4846 2576 4911">
    <p class='ocr_par' dir='ltr' id='par_1_100' title="bbox 791 4846 2576 4911">
     <span class='ocr_line' id='line_1_100' title="bbox 791 4846 2576 4911; baseline -0.005 -6"><span class='ocrx_word' id='word_1_717' title='bbox 791 4852 859 4882; x_wconf 82' lang='grc'><strong>⁷⁰¹</strong></span> <span class='ocrx_word' id='word_1_718' title='bbox 900 4852 1088 4905; x_wconf 88' lang='lat' dir='ltr'><strong>Filiam</strong></span> <span class='ocrx_word' id='word_1_719' title='bbox 1138 4868 1261 4907; x_wconf 91' lang='lat' dir='ltr'><strong>cum</strong></span> <span class='ocrx_word' id='word_1_720' title='bbox 1302 4872 1377 4907; x_wconf 79' lang='lat' dir='ltr'><strong>ms</strong></span> <span class='ocrx_word' id='word_1_721' title='bbox 1421 4859 1540 4911; x_wconf 77' lang='lat' dir='ltr'><strong>A.I</strong></span> <span class='ocrx_word' id='word_1_722' title='bbox 1584 4856 1725 4910; x_wconf 83' lang='lat' dir='ltr'><strong>Vict.</strong></span> <span class='ocrx_word' id='word_1_723' title='bbox 1760 4856 1826 4909; x_wconf 90' lang='grc'><strong>15</strong></span> <span class='ocrx_word' id='word_1_724' title='bbox 1857 4863 1903 4908; x_wconf 83' lang='lat' dir='ltr'><strong>et</strong></span> <span class='ocrx_word' id='word_1_725' title='bbox 1948 4851 2089 4905; x_wconf 82' lang='lat' dir='ltr'><strong>Edit.</strong></span> <span class='ocrx_word' id='word_1_726' title='bbox 2128 4848 2241 4903; x_wconf 88' lang='lat' dir='ltr'><strong>Col.</strong></span> <span class='ocrx_word' id='word_1_727' title='bbox 2282 4846 2420 4900; x_wconf 87' lang='lat' dir='ltr'><strong>ﬁlias</strong></span> <span class='ocrx_word' id='word_1_728' title='bbox 2454 4859 2576 4899; x_wconf 90' lang='lat' dir='ltr'><strong>cum</strong></span> 
     </span>
    </p>
   </div>
   <div class='ocr_carea' id='block_1_101' title="bbox 980 4910 3029 4992">
    <p class='ocr_par' dir='ltr' id='par_1_101' title="bbox 980 4910 3029 4992">
     <span class='ocr_line' id='line_1_101' title="bbox 980 4910 3029 4992; baseline 0.001 -19"><span class='ocrx_word' id='word_1_729' title='bbox 980 4922 1238 4992; x_wconf 89' lang='lat' dir='ltr'><strong>Quodque</strong></span> <span class='ocrx_word' id='word_1_730' title='bbox 1265 4925 1366 4979; x_wconf 85' lang='lat' dir='ltr'><strong>sibi</strong></span> <span class='ocrx_word' id='word_1_731' title='bbox 1397 4910 1708 4981; x_wconf 81' lang='lat' dir='ltr'><strong>l‘aciellllum</strong></span> <span class='ocrx_word' id='word_1_732' title='bbox 1739 4942 1818 4979; x_wconf 83' lang='lat' dir='ltr'><strong>ms</strong></span> <span class='ocrx_word' id='word_1_733' title='bbox 1866 4921 1999 4977; x_wconf 84' lang='lat' dir='ltr'><strong>Vict.</strong></span> <span class='ocrx_word' id='word_1_734' title='bbox 2029 4930 2075 4974; x_wconf 85' lang='lat' dir='ltr'><strong>et</strong></span> <span class='ocrx_word' id='word_1_735' title='bbox 2110 4917 2255 4973; x_wconf 85' lang='lat' dir='ltr'><strong>Edit.</strong></span> <span class='ocrx_word' id='word_1_736' title='bbox 2303 4915 2417 4970; x_wconf 82' lang='lat' dir='ltr'><strong>Col.</strong></span> <span class='ocrx_word' id='word_1_737' title='bbox 2448 4912 2698 4992; x_wconf 65' lang='lat' dir='ltr'><strong>Quqdque</strong></span> <span class='ocrx_word' id='word_1_738' title='bbox 2725 4910 3029 4992; x_wconf 53' lang='grc' dir='ltr'><strong>[δελθμψυξξι</strong></span> 
     </span>
    </p>
   </div>
   <div class='ocr_carea' id='block_1_102' title="bbox 1263 5060 2347 5127">
    <p class='ocr_par' dir='ltr' id='par_1_102' title="bbox 1263 5060 2347 5127">
     <span class='ocr_line' id='line_1_102' title="bbox 1263 5060 2347 5127; baseline -0.002 -12"><span class='ocrx_word' id='word_1_739' title='bbox 1263 5065 1353 5116; x_wconf 84' lang='lat' dir='ltr'><strong>ict.</strong></span> <span class='ocrx_word' id='word_1_740' title='bbox 1384 5066 1451 5118; x_wconf 85' lang='grc'><strong>15</strong></span> <span class='ocrx_word' id='word_1_741' title='bbox 1480 5076 1525 5118; x_wconf 82' lang='grc' dir='ltr'><strong>ει</strong></span> <span class='ocrx_word' id='word_1_742' title='bbox 1564 5066 1708 5120; x_wconf 77' lang='lat' dir='ltr'><strong>Edit.</strong></span> <span class='ocrx_word' id='word_1_743' title='bbox 1738 5064 1851 5118; x_wconf 84' lang='lat' dir='ltr'><strong>Cal.</strong></span> <span class='ocrx_word' id='word_1_744' title='bbox 1885 5060 2097 5117; x_wconf 77' lang='lat' dir='ltr'><strong>ancilla:</strong></span> <span class='ocrx_word' id='word_1_745' title='bbox 2136 5072 2347 5127; x_wconf 64' lang='lat' dir='ltr'><strong>quoque</strong></span> 
     </span>
    </p>
   </div>
   <div class='ocr_carea' id='block_1_103' title="bbox 830 5120 2911 5198">
    <p class='ocr_par' dir='ltr' id='par_1_103' title="bbox 830 5120 2911 5198">
     <span class='ocr_line' id='line_1_103' title="bbox 830 5120 2911 5198; baseline -0.006 -11"><span class='ocrx_word' id='word_1_746' title='bbox 830 5132 901 5171; x_wconf 83' lang='grc'><strong>⁷⁰⁸</strong></span> <span class='ocrx_word' id='word_1_747' title='bbox 938 5132 1108 5198; x_wconf 88' lang='lat' dir='ltr'><strong>Quam</strong></span> <span class='ocrx_word' id='word_1_748' title='bbox 1148 5132 1191 5186; x_wconf 91' lang='lat' dir='ltr'><strong>si</strong></span> <span class='ocrx_word' id='word_1_749' title='bbox 1225 5132 1361 5187; x_wconf 78' lang='lat' dir='ltr'><strong>forte</strong></span> <span class='ocrx_word' id='word_1_750' title='bbox 1391 5150 1496 5187; x_wconf 80' lang='lat' dir='ltr'><strong>mas</strong></span> <span class='ocrx_word' id='word_1_751' title='bbox 1543 5136 1609 5191; x_wconf 82' lang='grc' dir='ltr'><strong>Α.</strong></span> <span class='ocrx_word' id='word_1_752' title='bbox 1660 5137 1682 5189; x_wconf 96' lang='grc'><strong>1</strong></span> <span class='ocrx_word' id='word_1_753' title='bbox 1750 5132 1880 5187; x_wconf 85' lang='lat' dir='ltr'><strong>Vict.</strong></span> <span class='ocrx_word' id='word_1_754' title='bbox 1928 5132 1995 5186; x_wconf 90' lang='grc'><strong>15</strong></span> <span class='ocrx_word' id='word_1_755' title='bbox 2039 5140 2084 5183; x_wconf 84' lang='grc' dir='ltr'><strong>ει</strong></span> <span class='ocrx_word' id='word_1_756' title='bbox 2134 5120 2279 5198; x_wconf 69' lang='grc' dir='ltr'><strong>Εᾴὶιξ</strong></span> <span class='ocrx_word' id='word_1_757' title='bbox 2312 5123 2428 5178; x_wconf 87' lang='lat' dir='ltr'><strong>Col.</strong></span> <span class='ocrx_word' id='word_1_758' title='bbox 2465 5123 2706 5178; x_wconf 85' lang='lat' dir='ltr'><strong>omittunt</strong></span> <span class='ocrx_word' id='word_1_759' title='bbox 2771 5120 2911 5198; x_wconf 67' lang='lat' dir='ltr'><strong>forte</strong></span> 
     </span>
    </p>
   </div>
   <div class='ocr_carea' id='block_1_104' title="bbox 1357 5188 3360 5266">
    <p class='ocr_par' dir='ltr' id='par_1_104' title="bbox 1357 5188 3360 5266">
     <span class='ocr_line' id='line_1_104' title="bbox 1357 5188 3360 5266; baseline -0.008 -7"><span class='ocrx_word' id='word_1_760' title='bbox 1357 5203 1430 5234; x_wconf 85' lang='lat'><strong>&#39;“°</strong></span> <span class='ocrx_word' id='word_1_761' title='bbox 1467 5188 1796 5259; x_wconf 82' lang='lat' dir='ltr'><strong>Concessum</strong></span> <span class='ocrx_word' id='word_1_762' title='bbox 1831 5202 1994 5257; x_wconf 81' lang='lat' dir='ltr'><strong>fuerit</strong></span> <span class='ocrx_word' id='word_1_763' title='bbox 2024 5197 2372 5266; x_wconf 77' lang='lat' dir='ltr'><strong>egrediuntur</strong></span> <span class='ocrx_word' id='word_1_764' title='bbox 2399 5210 2510 5266; x_wconf 55' lang='lat' dir='ltr'><strong>mss</strong></span> <span class='ocrx_word' id='word_1_765' title='bbox 2532 5206 2785 5266; x_wconf 53' lang='lat' dir='ltr'><strong>concessa</strong></span> <span class='ocrx_word' id='word_1_766' title='bbox 2817 5188 2980 5244; x_wconf 79' lang='lat' dir='ltr'><strong>fuerit</strong></span> <span class='ocrx_word' id='word_1_767' title='bbox 3007 5190 3360 5266; x_wconf 76' lang='lat' dir='ltr'><strong>egrediuntur</strong></span> 
     </span>
    </p>
   </div>
   <div class='ocr_carea' id='block_1_105' title="bbox 1131 5260 3356 5330">
    <p class='ocr_par' dir='ltr' id='par_1_105' title="bbox 1131 5260 3356 5330">
     <span class='ocr_line' id='line_1_105' title="bbox 1131 5260 3356 5330; baseline -0.006 -2"><span class='ocrx_word' id='word_1_768' title='bbox 1131 5273 1200 5304; x_wconf 64' lang='grc' dir='ltr'><strong><em>ἰι</em></strong></span> <span class='ocrx_word' id='word_1_769' title='bbox 1235 5274 1466 5327; x_wconf 72' lang='lat' dir='ltr'><strong>Cessent</strong></span> <span class='ocrx_word' id='word_1_770' title='bbox 1514 5276 1727 5329; x_wconf 83' lang='lat' dir='ltr'><strong>interim</strong></span> <span class='ocrx_word' id='word_1_771' title='bbox 1769 5290 1872 5327; x_wconf 78' lang='lat' dir='ltr'><strong>mss</strong></span> <span class='ocrx_word' id='word_1_772' title='bbox 1914 5272 1978 5325; x_wconf 88' lang='grc' dir='ltr'><strong>Α.</strong></span> <span class='ocrx_word' id='word_1_773' title='bbox 2024 5260 2227 5323; x_wconf 45' lang='lat' dir='ltr'><strong>(Vict.</strong></span> <span class='ocrx_word' id='word_1_774' title='bbox 2270 5265 2337 5318; x_wconf 89' lang='grc'><strong>15</strong></span> <span class='ocrx_word' id='word_1_775' title='bbox 2376 5272 2428 5318; x_wconf 85' lang='lat' dir='ltr'><strong>et</strong></span> <span class='ocrx_word' id='word_1_776' title='bbox 2465 5262 2610 5316; x_wconf 85' lang='lat' dir='ltr'><strong>Edit.</strong></span> <span class='ocrx_word' id='word_1_777' title='bbox 2641 5260 2754 5315; x_wconf 86' lang='lat' dir='ltr'><strong>Col.</strong></span> <span class='ocrx_word' id='word_1_778' title='bbox 2785 5269 3106 5330; x_wconf 87' lang='lat' dir='ltr'><strong>cessantque</strong></span> <span class='ocrx_word' id='word_1_779' title='bbox 3134 5260 3356 5315; x_wconf 90' lang='lat' dir='ltr'><strong>interim</strong></span> 
     </span>
    </p>
   </div>
   <div class='ocr_carea' id='block_1_106' title="bbox 2684 4840 3361 4962">
    <p class='ocr_par' dir='ltr' id='par_1_106' title="bbox 2684 4840 3361 4962">
     <span class='ocr_line' id='line_1_106' title="bbox 2684 4840 3358 4909; baseline -0.007 -13"><span class='ocrx_word' id='word_1_780' title='bbox 2684 4841 2755 4873; x_wconf 70' lang='grc' dir='ltr'><strong>’θ’</strong></span> <span class='ocrx_word' id='word_1_781' title='bbox 2794 4840 3056 4909; x_wconf 60' lang='lat' dir='ltr'><strong>Praecepit</strong></span> <span class='ocrx_word' id='word_1_782' title='bbox 3094 4848 3153 4892; x_wconf 93' lang='lat' dir='ltr'><strong>ut</strong></span> <span class='ocrx_word' id='word_1_783' title='bbox 3177 4855 3280 4891; x_wconf 79' lang='lat' dir='ltr'><strong>mss</strong></span> <span class='ocrx_word' id='word_1_784' title='bbox 3310 4849 3358 4892; x_wconf 79' lang='lat' dir='ltr'><strong>et</strong></span> 
     </span>
     <span class='ocr_line' id='line_1_107' title="bbox 2684 4907 3361 4962; baseline 0 0"><span class='ocrx_word' id='word_1_785' title='bbox 2684 4910 3029 4962; x_wconf 68' lang='lat' dir='ltr'><strong>:faciclldum</strong></span> <span class='ocrx_word' id='word_1_786' title='bbox 3139 4907 3211 4941; x_wconf 72' lang='grc'><strong>⁷⁰⁸</strong></span> <span class='ocrx_word' id='word_1_787' title='bbox 3247 4907 3361 4962; x_wconf 86' lang='lat' dir='ltr'><strong>Sub</strong></span> 
     </span>
    </p>
   </div>
   <div class='ocr_carea' id='block_1_107' title="bbox 1780 4912 3359 5059">
    <p class='ocr_par' dir='ltr' id='par_1_107' title="bbox 1780 4912 3359 5059">
     <span class='ocr_line' id='line_1_108' title="bbox 1780 4912 3359 4982; baseline -0.011 -3"><span class='ocrx_word' id='word_1_788' title='bbox 1780 4942 1818 4979; x_wconf 78' lang='lat' dir='ltr'><strong>ts</strong></span> <span class='ocrx_word' id='word_1_789' title='bbox 1866 4921 1999 4977; x_wconf 87' lang='lat' dir='ltr'><strong>Vict.</strong></span> <span class='ocrx_word' id='word_1_790' title='bbox 2029 4930 2075 4974; x_wconf 85' lang='lat' dir='ltr'><strong>et</strong></span> <span class='ocrx_word' id='word_1_791' title='bbox 2110 4917 2255 4973; x_wconf 86' lang='lat' dir='ltr'><strong>Edit.</strong></span> <span class='ocrx_word' id='word_1_792' title='bbox 2303 4915 2417 4970; x_wconf 82' lang='lat' dir='ltr'><strong>Col.</strong></span> <span class='ocrx_word' id='word_1_793' title='bbox 2448 4912 2698 4982; x_wconf 86' lang='lat' dir='ltr'><strong>quodque</strong></span> <span class='ocrx_word' id='word_1_794' title='bbox 2725 4912 3029 4965; x_wconf 80' lang='lat' dir='ltr'><strong>faciendum</strong></span> <span class='ocrx_word' id='word_1_795' title='bbox 3139 4912 3211 4941; x_wconf 73' lang='grc'><strong>⁷⁰⁸</strong></span> <span class='ocrx_word' id='word_1_796' title='bbox 3247 4912 3359 4962; x_wconf 87' lang='lat' dir='ltr'><strong>Sub</strong></span> 
     </span>
     <span class='ocr_line' id='line_1_109' title="bbox 1780 4978 3359 5059; baseline -0.01 -12"><span class='ocrx_word' id='word_1_797' title='bbox 1780 4996 1852 5027; x_wconf 72' lang='lat'><strong>7“</strong></span> <span class='ocrx_word' id='word_1_798' title='bbox 1889 4993 2143 5059; x_wconf 57' lang='lat' dir='ltr'><strong>Quaerere</strong></span> <span class='ocrx_word' id='word_1_799' title='bbox 2180 4994 2376 5043; x_wconf 89' lang='lat' dir='ltr'><strong>curant</strong></span> <span class='ocrx_word' id='word_1_800' title='bbox 2414 4980 2667 5059; x_wconf 77' lang='lat' dir='ltr'><strong>m_s__V_ic_t.</strong></span> <span class='ocrx_word' id='word_1_801' title='bbox 2706 4991 2763 5059; x_wconf 88' lang='lat' dir='ltr'><strong>et_</strong></span> <span class='ocrx_word' id='word_1_802' title='bbox 2788 4980 2932 5059; x_wconf 61' lang='lat' dir='ltr'><strong>Egit.</strong></span> <span class='ocrx_word' id='word_1_803' title='bbox 2966 4978 3083 5034; x_wconf 87' lang='lat' dir='ltr'><strong>Col.</strong></span> <span class='ocrx_word' id='word_1_804' title='bbox 3113 4992 3359 5059; x_wconf 61' lang='lat' dir='ltr'><strong>qureret-t3</strong></span> 
     </span>
    </p>
   </div>
   <div class='ocr_carea' id='block_1_108' title="bbox 2457 5048 3355 5172">
    <p class='ocr_par' dir='ltr' id='par_1_108' title="bbox 2457 5048 3355 5172">
     <span class='ocr_line' id='line_1_110' title="bbox 2457 5048 3355 5107; baseline -0.006 -1"><span class='ocrx_word' id='word_1_805' title='bbox 2457 5054 2527 5085; x_wconf 86' lang='grc'><strong>⁷⁰⁷</strong></span> <span class='ocrx_word' id='word_1_806' title='bbox 2561 5051 2799 5107; x_wconf 80' lang='lat' dir='ltr'><strong>Licentia</strong></span> <span class='ocrx_word' id='word_1_807' title='bbox 2832 5048 2977 5105; x_wconf 80' lang='lat' dir='ltr'><strong>foras</strong></span> <span class='ocrx_word' id='word_1_808' title='bbox 3003 5066 3106 5103; x_wconf 75' lang='lat' dir='ltr'><strong>mss</strong></span> <span class='ocrx_word' id='word_1_809' title='bbox 3132 5048 3179 5102; x_wconf 74' lang='lat' dir='ltr'><strong>et</strong></span> <span class='ocrx_word' id='word_1_810' title='bbox 3207 5048 3355 5102; x_wconf 82' lang='lat' dir='ltr'><strong>Edit.</strong></span> 
     </span>
     <span class='ocr_line' id='line_1_111' title="bbox 2465 5118 3355 5172; baseline 0 0"><span class='ocrx_word' id='word_1_811' title='bbox 2465 5123 2706 5172; x_wconf 80' lang='lat' dir='ltr'><strong>omittunt</strong></span> <span class='ocrx_word' id='word_1_812' title='bbox 2771 5120 2911 5172; x_wconf 83' lang='lat' dir='ltr'><strong>forte</strong></span> <span class='ocrx_word' id='word_1_813' title='bbox 3015 5120 3086 5152; x_wconf 81' lang='grc'><strong>⁷⁰⁹</strong></span> <span class='ocrx_word' id='word_1_814' title='bbox 3126 5118 3355 5172; x_wconf 90' lang='lat' dir='ltr'><strong>Tantum</strong></span> 
     </span>
    </p>
   </div>
   <div class='ocr_carea' id='block_1_109' title="bbox 3172 5128 3372 5173">
    <p class='ocr_par' dir='ltr' id='par_1_109' title="bbox 3172 5128 3372 5173">
     <span class='ocr_line' id='line_1_112' title="bbox 3172 5128 3372 5173; baseline 0.005 -1"><span class='ocrx_word' id='word_1_815' title='bbox 3172 5128 3372 5173; x_wconf 79' lang='lat' dir='ltr'><strong>autum.</strong></span> 
     </span>
    </p>
   </div>
   <div class='ocr_carea' id='block_1_110' title="bbox 94 5329 3357 5412">
    <p class='ocr_par' dir='ltr' id='par_1_110' title="bbox 94 5329 3357 5412">
     <span class='ocr_line' id='line_1_113' title="bbox 94 5329 3357 5412; baseline -0.003 -18"><span class='ocrx_word' id='word_1_816' title='bbox 94 5338 165 5412; x_wconf 56' lang='grc' dir='ltr'><strong>ξ’ῗξ</strong></span> <span class='ocrx_word' id='word_1_817' title='bbox 210 5340 320 5412; x_wconf 70' lang='lat' dir='ltr'><strong>Vix</strong></span> <span class='ocrx_word' id='word_1_818' title='bbox 352 5343 573 5397; x_wconf 89' lang='lat' dir='ltr'><strong>obedire</strong></span> <span class='ocrx_word' id='word_1_819' title='bbox 602 5329 803 5397; x_wconf 54' lang='lat' dir='ltr'><strong>voleuns.</strong></span> <span class='ocrx_word' id='word_1_820' title='bbox 839 5340 964 5397; x_wconf 59' lang='lat' dir='ltr'><strong>Ilaec</strong></span> <span class='ocrx_word' id='word_1_821' title='bbox 996 5342 1162 5412; x_wconf 81' lang='lat' dir='ltr'><strong>igitur</strong></span> <span class='ocrx_word' id='word_1_822' title='bbox 1188 5344 1308 5410; x_wconf 86' lang='lat' dir='ltr'><strong>quia</strong></span> <span class='ocrx_word' id='word_1_823' title='bbox 1341 5345 1582 5397; x_wconf 88' lang='lat' dir='ltr'><strong>custodia</strong></span> <span class='ocrx_word' id='word_1_824' title='bbox 1608 5360 1714 5397; x_wconf 77' lang='lat' dir='ltr'><strong>mss</strong></span> <span class='ocrx_word' id='word_1_825' title='bbox 1744 5345 1808 5396; x_wconf 84' lang='grc' dir='ltr'><strong>Α.</strong></span> <span class='ocrx_word' id='word_1_826' title='bbox 1846 5345 1869 5397; x_wconf 97' lang='grc'><strong>1</strong></span> <span class='ocrx_word' id='word_1_827' title='bbox 1907 5352 1953 5396; x_wconf 82' lang='grc' dir='ltr'><strong>ει</strong></span> <span class='ocrx_word' id='word_1_828' title='bbox 1986 5339 2122 5395; x_wconf 89' lang='lat' dir='ltr'><strong>Vict.</strong></span> <span class='ocrx_word' id='word_1_829' title='bbox 2152 5335 2218 5391; x_wconf 88' lang='grc'><strong>15</strong></span> <span class='ocrx_word' id='word_1_830' title='bbox 2243 5337 2327 5389; x_wconf 81' lang='lat' dir='ltr'><strong>vix</strong></span> <span class='ocrx_word' id='word_1_831' title='bbox 2357 5333 2593 5412; x_wconf 40' lang='lat' dir='ltr'><strong>obedire‘</strong></span> <span class='ocrx_word' id='word_1_832' title='bbox 2608 5331 2812 5412; x_wconf 80' lang='lat' dir='ltr'><strong>volens.</strong></span> <span class='ocrx_word' id='word_1_833' title='bbox 2839 5329 2964 5412; x_wconf 64' lang='lat' dir='ltr'><strong>Haec</strong></span> <span class='ocrx_word' id='word_1_834' title='bbox 2992 5329 3357 5412; x_wconf 49' lang='lat' dir='ltr'><strong>quicustodia</strong></span> 
     </span>
    </p>
   </div>
   <div class='ocr_carea' id='block_1_111' title="bbox 92 5400 3358 5480">
    <p class='ocr_par' dir='ltr' id='par_1_111' title="bbox 92 5400 3358 5480">
     <span class='ocr_line' id='line_1_114' title="bbox 92 5400 3358 5480; baseline -0.003 -17"><span class='ocrx_word' id='word_1_835' title='bbox 92 5410 165 5441; x_wconf 81' lang='grc'><strong>⁷¹³</strong></span> <span class='ocrx_word' id='word_1_836' title='bbox 206 5409 279 5480; x_wconf 78' lang='lat' dir='ltr'><strong>Si</strong></span> <span class='ocrx_word' id='word_1_837' title='bbox 312 5426 443 5466; x_wconf 89' lang='lat' dir='ltr'><strong>vero</strong></span> <span class='ocrx_word' id='word_1_838' title='bbox 469 5424 658 5480; x_wconf 88' lang='lat' dir='ltr'><strong>aperta</strong></span> <span class='ocrx_word' id='word_1_839' title='bbox 678 5428 842 5466; x_wconf 89' lang='lat' dir='ltr'><strong>causa</strong></span> <span class='ocrx_word' id='word_1_840' title='bbox 872 5413 920 5466; x_wconf 90' lang='lat' dir='ltr'><strong>ei</strong></span> <span class='ocrx_word' id='word_1_841' title='bbox 950 5400 1054 5466; x_wconf 64' lang='lat' dir='ltr'><strong>non</strong></span> <span class='ocrx_word' id='word_1_842' title='bbox 1080 5400 1265 5474; x_wconf 81' lang='lat' dir='ltr'><strong>fuerit,</strong></span> <span class='ocrx_word' id='word_1_843' title='bbox 1292 5414 1342 5466; x_wconf 92' lang='lat' dir='ltr'><strong>ei</strong></span> <span class='ocrx_word' id='word_1_844' title='bbox 1371 5414 1580 5467; x_wconf 90' lang='lat' dir='ltr'><strong>occulte</strong></span> <span class='ocrx_word' id='word_1_845' title='bbox 1612 5429 1718 5466; x_wconf 78' lang='lat' dir='ltr'><strong>mss</strong></span> <span class='ocrx_word' id='word_1_846' title='bbox 1746 5413 1790 5466; x_wconf 92' lang='lat' dir='ltr'><strong>si</strong></span> <span class='ocrx_word' id='word_1_847' title='bbox 1821 5421 2001 5467; x_wconf 90' lang='lat' dir='ltr'><strong>autem</strong></span> <span class='ocrx_word' id='word_1_848' title='bbox 2042 5415 2226 5480; x_wconf 88' lang='lat' dir='ltr'><strong>aper_t_e</strong></span> <span class='ocrx_word' id='word_1_849' title='bbox 2266 5420 2399 5480; x_wconf 69' lang='lat' dir='ltr'><strong>ausa</strong></span> <span class='ocrx_word' id='word_1_850' title='bbox 2430 5418 2535 5458; x_wconf 90' lang='lat' dir='ltr'><strong>non</strong></span> <span class='ocrx_word' id='word_1_851' title='bbox 2568 5401 2754 5480; x_wconf 67' lang='lat' dir='ltr'><strong>fuerit,</strong></span> <span class='ocrx_word' id='word_1_852' title='bbox 2785 5400 2993 5457; x_wconf 91' lang='lat' dir='ltr'><strong>occulte</strong></span> <span class='ocrx_word' id='word_1_853' title='bbox 3005 5423 3075 5480; x_wconf 39' lang='grc' dir='ltr'><strong>ί-</strong></span> <span class='ocrx_word' id='word_1_854' title='bbox 3098 5401 3283 5480; x_wconf 73' lang='lat' dir='ltr'><strong>&quot;_&quot;_Ac</strong></span> <span class='ocrx_word' id='word_1_855' title='bbox 3309 5401 3358 5456; x_wconf 83' lang='lat' dir='ltr'><strong>si</strong></span> 
     </span>
    </p>
   </div>
   <div class='ocr_carea' id='block_1_112' title="bbox 95 5478 1033 5550">
    <p class='ocr_par' dir='ltr' id='par_1_112' title="bbox 95 5478 1033 5550">
     <span class='ocr_line' id='line_1_115' title="bbox 95 5478 1033 5550; baseline 0.005 -18"><span class='ocrx_word' id='word_1_856' title='bbox 95 5478 325 5550; x_wconf 86' lang='lat' dir='ltr'><strong>quando</strong></span> <span class='ocrx_word' id='word_1_857' title='bbox 349 5498 430 5550; x_wconf 10' lang='lat' dir='ltr'><strong>ints</strong></span> <span class='ocrx_word' id='word_1_858' title='bbox 463 5478 526 5534; x_wconf 61' lang='grc' dir='ltr'><strong>Αἰ</strong></span> <span class='ocrx_word' id='word_1_859' title='bbox 568 5484 592 5536; x_wconf 98' lang='grc'><strong>1</strong></span> <span class='ocrx_word' id='word_1_860' title='bbox 626 5492 719 5536; x_wconf 89' lang='lat' dir='ltr'><strong>aut</strong></span> <span class='ocrx_word' id='word_1_861' title='bbox 746 5483 789 5536; x_wconf 89' lang='lat' dir='ltr'><strong>si</strong></span> <span class='ocrx_word' id='word_1_862' title='bbox 818 5481 1033 5550; x_wconf 88' lang='lat' dir='ltr'><strong>quando</strong></span> 
     </span>
    </p>
   </div>
   <div class='ocr_carea' id='block_1_113' title="bbox 94 5549 1125 5614">
    <p class='ocr_par' dir='ltr' id='par_1_113' title="bbox 94 5549 1125 5614">
     <span class='ocr_line' id='line_1_116' title="bbox 94 5549 1125 5614; baseline 0.004 -13"><span class='ocrx_word' id='word_1_863' title='bbox 94 5558 185 5602; x_wconf 88' lang='lat' dir='ltr'><strong>tur</strong></span> <span class='ocrx_word' id='word_1_864' title='bbox 217 5549 360 5614; x_wconf 82' lang='lat' dir='ltr'><strong>mihi</strong></span> <span class='ocrx_word' id='word_1_865' title='bbox 394 5567 496 5605; x_wconf 80' lang='lat' dir='ltr'><strong>mss</strong></span> <span class='ocrx_word' id='word_1_866' title='bbox 526 5549 850 5607; x_wconf 29' lang='lat' dir='ltr'><strong>inferuntur’</strong></span> <span class='ocrx_word' id='word_1_867' title='bbox 873 5561 951 5606; x_wconf 92' lang='lat' dir='ltr'><strong>tot</strong></span> <span class='ocrx_word' id='word_1_868' title='bbox 993 5551 1125 5606; x_wconf 89' lang='lat' dir='ltr'><strong>lllilli</strong></span> 
     </span>
    </p>
   </div>
   <div class='ocr_carea' id='block_1_114' title="bbox 94 5621 1808 5683">
    <p class='ocr_par' dir='ltr' id='par_1_114' title="bbox 94 5621 1808 5683">
     <span class='ocr_line' id='line_1_117' title="bbox 94 5621 1808 5683; baseline 0.003 -12"><span class='ocrx_word' id='word_1_869' title='bbox 94 5628 323 5673; x_wconf 83' lang='lat' dir='ltr'><strong>cteutur</strong></span> <span class='ocrx_word' id='word_1_870' title='bbox 361 5628 417 5673; x_wconf 91' lang='lat' dir='ltr'><strong>ut</strong></span> <span class='ocrx_word' id='word_1_871' title='bbox 451 5622 595 5675; x_wconf 87' lang='lat' dir='ltr'><strong>mali.</strong></span> <span class='ocrx_word' id='word_1_872' title='bbox 637 5638 742 5683; x_wconf 78' lang='lat' dir='ltr'><strong>mss</strong></span> <span class='ocrx_word' id='word_1_873' title='bbox 783 5631 831 5675; x_wconf 84' lang='lat' dir='ltr'><strong>et</strong></span> <span class='ocrx_word' id='word_1_874' title='bbox 866 5621 1013 5677; x_wconf 86' lang='lat' dir='ltr'><strong>Edit.</strong></span> <span class='ocrx_word' id='word_1_875' title='bbox 1042 5621 1227 5677; x_wconf 82' lang='lat' dir='ltr'><strong>Colon.</strong></span> <span class='ocrx_word' id='word_1_876' title='bbox 1256 5632 1555 5677; x_wconf 87' lang='lat' dir='ltr'><strong>tractentur</strong></span> <span class='ocrx_word' id='word_1_877' title='bbox 1589 5632 1643 5678; x_wconf 90' lang='lat' dir='ltr'><strong>et</strong></span> <span class='ocrx_word' id='word_1_878' title='bbox 1680 5623 1808 5677; x_wconf 86' lang='lat' dir='ltr'><strong>mali</strong></span> 
     </span>
    </p>
   </div>
   <div class='ocr_carea' id='block_1_115' title="bbox 769 5688 2264 5763">
    <p class='ocr_par' dir='ltr' id='par_1_115' title="bbox 769 5688 2264 5763">
     <span class='ocr_line' id='line_1_118' title="bbox 769 5688 2264 5763; baseline -0.005 -14"><span class='ocrx_word' id='word_1_879' title='bbox 769 5692 841 5763; x_wconf 56' lang='grc' dir='ltr'><strong>Ψ</strong></span> <span class='ocrx_word' id='word_1_880' title='bbox 884 5690 1126 5747; x_wconf 86' lang='lat' dir='ltr'><strong>Licentia</strong></span> <span class='ocrx_word' id='word_1_881' title='bbox 1175 5693 1371 5763; x_wconf 91' lang='lat' dir='ltr'><strong>quippe</strong></span> <span class='ocrx_word' id='word_1_882' title='bbox 1417 5709 1494 5747; x_wconf 77' lang='lat' dir='ltr'><strong>ms</strong></span> <span class='ocrx_word' id='word_1_883' title='bbox 1548 5692 1685 5748; x_wconf 86' lang='lat' dir='ltr'><strong>Vict.</strong></span> <span class='ocrx_word' id='word_1_884' title='bbox 1736 5694 1803 5747; x_wconf 81' lang='grc'><strong>15</strong></span> <span class='ocrx_word' id='word_1_885' title='bbox 1850 5703 1898 5747; x_wconf 87' lang='lat' dir='ltr'><strong>et</strong></span> <span class='ocrx_word' id='word_1_886' title='bbox 1955 5693 2107 5763; x_wconf 77' lang='lat' dir='ltr'><strong>Edit.</strong></span> <span class='ocrx_word' id='word_1_887' title='bbox 2150 5688 2264 5744; x_wconf 83' lang='lat' dir='ltr'><strong>Col.</strong></span> 
     </span>
    </p>
   </div>
   <div class='ocr_carea' id='block_1_116' title="bbox 1666 5752 3141 5834">
    <p class='ocr_par' dir='ltr' id='par_1_116' title="bbox 1666 5752 3141 5834">
     <span class='ocr_line' id='line_1_119' title="bbox 1666 5752 3141 5834; baseline -0.002 -23"><span class='ocrx_word' id='word_1_888' title='bbox 1666 5764 1735 5797; x_wconf 76' lang='grc' dir='ltr'><strong>τη</strong></span> <span class='ocrx_word' id='word_1_889' title='bbox 1770 5763 1998 5834; x_wconf 79' lang='lat' dir='ltr'><strong>lnlplere</strong></span> <span class='ocrx_word' id='word_1_890' title='bbox 2024 5762 2137 5816; x_wconf 84' lang='lat' dir='ltr'><strong>vult</strong></span> <span class='ocrx_word' id='word_1_891' title='bbox 2174 5774 2276 5816; x_wconf 76' lang='lat' dir='ltr'><strong>mu</strong></span> <span class='ocrx_word' id='word_1_892' title='bbox 2311 5770 2359 5816; x_wconf 81' lang='lat' dir='ltr'><strong>et</strong></span> <span class='ocrx_word' id='word_1_893' title='bbox 2397 5756 2546 5812; x_wconf 77' lang='lat' dir='ltr'><strong>Edit.</strong></span> <span class='ocrx_word' id='word_1_894' title='bbox 2580 5752 2694 5810; x_wconf 83' lang='lat' dir='ltr'><strong>Col.</strong></span> <span class='ocrx_word' id='word_1_895' title='bbox 2727 5754 2949 5827; x_wconf 84' lang='lat' dir='ltr'><strong>implere</strong></span> <span class='ocrx_word' id='word_1_896' title='bbox 2976 5752 3141 5808; x_wconf 81' lang='lat' dir='ltr'><strong>voluit</strong></span> 
     </span>
    </p>
   </div>
   <div class='ocr_carea' id='block_1_117' title="bbox 94 5688 662 5758">
    <p class='ocr_par' dir='ltr' id='par_1_117' title="bbox 94 5688 662 5758">
     <span class='ocr_line' id='line_1_120' title="bbox 94 5688 662 5758; baseline 0.004 -17"><span class='ocrx_word' id='word_1_897' title='bbox 94 5688 304 5758; x_wconf 77' lang='lat' dir='ltr'><strong>Capitis</strong></span> <span class='ocrx_word' id='word_1_898' title='bbox 355 5692 662 5745; x_wconf 86' lang='lat' dir='ltr'><strong>omittuntur</strong></span> 
     </span>
    </p>
   </div>
   <div class='ocr_carea' id='block_1_118' title="bbox 94 5758 1560 5821">
    <p class='ocr_par' dir='ltr' id='par_1_118' title="bbox 94 5758 1560 5821">
     <span class='ocr_line' id='line_1_121' title="bbox 94 5758 1560 5821; baseline 0.008 -11"><span class='ocrx_word' id='word_1_899' title='bbox 94 5758 342 5812; x_wconf 83' lang='lat' dir='ltr'><strong>libenter</strong></span> <span class='ocrx_word' id='word_1_900' title='bbox 370 5776 466 5816; x_wconf 77' lang='lat' dir='ltr'><strong>mss</strong></span> <span class='ocrx_word' id='word_1_901' title='bbox 499 5772 543 5815; x_wconf 86' lang='lat' dir='ltr'><strong>et</strong></span> <span class='ocrx_word' id='word_1_902' title='bbox 593 5761 715 5816; x_wconf 78' lang='lat' dir='ltr'><strong>Edit</strong></span> <span class='ocrx_word' id='word_1_903' title='bbox 744 5761 858 5818; x_wconf 86' lang='lat' dir='ltr'><strong>Col.</strong></span> <span class='ocrx_word' id='word_1_904' title='bbox 905 5758 1560 5821; x_wconf 55' lang='lat' dir='ltr'><strong>districtionem&#39;licetlter</strong></span> 
     </span>
    </p>
   </div>
   <div class='ocr_carea' id='block_1_119' title="bbox 1141 5473 2895 5547">
    <p class='ocr_par' dir='ltr' id='par_1_119' title="bbox 1141 5473 2895 5547">
     <span class='ocr_line' id='line_1_122' title="bbox 1141 5473 2895 5547; baseline -0.003 -16"><span class='ocrx_word' id='word_1_905' title='bbox 1141 5480 1213 5515; x_wconf 73' lang='lat' dir='ltr'><strong>m</strong></span> <span class='ocrx_word' id='word_1_906' title='bbox 1251 5481 1401 5547; x_wconf 87' lang='lat' dir='ltr'><strong>Quod</strong></span> <span class='ocrx_word' id='word_1_907' title='bbox 1433 5483 1511 5537; x_wconf 89' lang='lat' dir='ltr'><strong>sic</strong></span> <span class='ocrx_word' id='word_1_908' title='bbox 1539 5484 1762 5538; x_wconf 80' lang='lat' dir='ltr'><strong>debeam</strong></span> <span class='ocrx_word' id='word_1_909' title='bbox 1790 5499 1896 5536; x_wconf 71' lang='lat' dir='ltr'><strong>mss</strong></span> <span class='ocrx_word' id='word_1_910' title='bbox 1922 5484 1984 5536; x_wconf 84' lang='grc' dir='ltr'><strong>Α.</strong></span> <span class='ocrx_word' id='word_1_911' title='bbox 2017 5483 2039 5537; x_wconf 97' lang='grc'><strong>1</strong></span> <span class='ocrx_word' id='word_1_912' title='bbox 2076 5473 2130 5533; x_wconf 64' lang='lat' dir='ltr'><strong>et</strong></span> <span class='ocrx_word' id='word_1_913' title='bbox 2164 5477 2303 5534; x_wconf 87' lang='lat' dir='ltr'><strong>Vict.</strong></span> <span class='ocrx_word' id='word_1_914' title='bbox 2334 5476 2403 5547; x_wconf 85' lang='grc'><strong>15</strong></span> <span class='ocrx_word' id='word_1_915' title='bbox 2431 5490 2536 5545; x_wconf 92' lang='lat' dir='ltr'><strong>quo</strong></span> <span class='ocrx_word' id='word_1_916' title='bbox 2566 5474 2644 5529; x_wconf 92' lang='lat' dir='ltr'><strong>sic</strong></span> <span class='ocrx_word' id='word_1_917' title='bbox 2672 5473 2895 5527; x_wconf 90' lang='lat' dir='ltr'><strong>debeam</strong></span> 
     </span>
    </p>
   </div>
   <div class='ocr_carea' id='block_1_120' title="bbox 1234 5546 3006 5621">
    <p class='ocr_par' dir='ltr' id='par_1_120' title="bbox 1234 5546 3006 5621">
     <span class='ocr_line' id='line_1_123' title="bbox 1234 5546 3006 5621; baseline -0.007 -14"><span class='ocrx_word' id='word_1_918' title='bbox 1234 5553 1303 5584; x_wconf 77' lang='grc'><strong>⁷³⁷</strong></span> <span class='ocrx_word' id='word_1_919' title='bbox 1345 5553 1542 5608; x_wconf 88' lang='lat' dir='ltr'><strong>Contra</strong></span> <span class='ocrx_word' id='word_1_920' title='bbox 1586 5566 1672 5607; x_wconf 90' lang='lat' dir='ltr'><strong>me</strong></span> <span class='ocrx_word' id='word_1_921' title='bbox 1718 5563 1882 5621; x_wconf 87' lang='lat' dir='ltr'><strong>agant</strong></span> <span class='ocrx_word' id='word_1_922' title='bbox 1918 5569 2024 5607; x_wconf 81' lang='lat' dir='ltr'><strong>mss</strong></span> <span class='ocrx_word' id='word_1_923' title='bbox 2051 5560 2097 5603; x_wconf 88' lang='lat' dir='ltr'><strong>et</strong></span> <span class='ocrx_word' id='word_1_924' title='bbox 2131 5550 2278 5603; x_wconf 82' lang='lat' dir='ltr'><strong>Edit.</strong></span> <span class='ocrx_word' id='word_1_925' title='bbox 2310 5546 2427 5602; x_wconf 79' lang='lat' dir='ltr'><strong>Col.</strong></span> <span class='ocrx_word' id='word_1_926' title='bbox 2459 5553 2646 5621; x_wconf 65' lang='lat' dir='ltr'><strong>contra</strong></span> <span class='ocrx_word' id='word_1_927' title='bbox 2685 5559 2772 5597; x_wconf 86' lang='lat' dir='ltr'><strong>me</strong></span> <span class='ocrx_word' id='word_1_928' title='bbox 2811 5551 3006 5621; x_wconf 74' lang='lat' dir='ltr'><strong>agatur</strong></span> 
     </span>
    </p>
   </div>
   <div class='ocr_carea' id='block_1_121' title="bbox 3005 5471 3355 5526">
    <p class='ocr_par' dir='ltr' id='par_1_121' title="bbox 3005 5471 3355 5526">
     <span class='ocr_line' id='line_1_124' title="bbox 3005 5471 3355 5526; baseline -0.009 1"><span class='ocrx_word' id='word_1_929' title='bbox 3005 5471 3076 5504; x_wconf 82' lang='grc'><strong>⁷¹⁶</strong></span> <span class='ocrx_word' id='word_1_930' title='bbox 3107 5471 3355 5526; x_wconf 81' lang='lat' dir='ltr'><strong>Infernu-</strong></span> 
     </span>
    </p>
   </div>
   <div class='ocr_carea' id='block_1_122' title="bbox 3109 5540 3356 5595">
    <p class='ocr_par' dir='ltr' id='par_1_122' title="bbox 3109 5540 3356 5595">
     <span class='ocr_line' id='line_1_125' title="bbox 3109 5540 3356 5595; baseline -0.008 -20"><span class='ocrx_word' id='word_1_931' title='bbox 3109 5541 3181 5575; x_wconf 66' lang='lat'><strong>118</strong></span> <span class='ocrx_word' id='word_1_932' title='bbox 3220 5540 3356 5595; x_wconf 70' lang='lat' dir='ltr'><strong>Tra_</strong></span> 
     </span>
    </p>
   </div>
   <div class='ocr_carea' id='block_1_123' title="bbox 1918 5611 3355 5740">
    <p class='ocr_par' dir='ltr' id='par_1_123' title="bbox 1918 5611 3355 5740">
     <span class='ocr_line' id='line_1_126' title="bbox 1918 5611 3355 5740; baseline -0.007 -63"><span class='ocrx_word' id='word_1_933' title='bbox 1918 5623 1990 5655; x_wconf 80' lang='grc'>⁷¹⁹</span> <span class='ocrx_word' id='word_1_934' title='bbox 2030 5622 2227 5676; x_wconf 89' lang='lat' dir='ltr'><strong>Eorum</strong></span> <span class='ocrx_word' id='word_1_935' title='bbox 2258 5616 2558 5740; x_wconf 71' lang='lat' dir='ltr'><strong>supposuit.</strong></span> <span class='ocrx_word' id='word_1_936' title='bbox 2589 5612 2655 5666; x_wconf 88' lang='lat' dir='ltr'><strong>In</strong></span> <span class='ocrx_word' id='word_1_937' title='bbox 2681 5628 2759 5667; x_wconf 83' lang='lat' dir='ltr'><strong>ms</strong></span> <span class='ocrx_word' id='word_1_938' title='bbox 2790 5613 2831 5666; x_wconf 81' lang='grc' dir='ltr'><em>Α</em></span> <span class='ocrx_word' id='word_1_939' title='bbox 2854 5611 2881 5667; x_wconf 76' lang='grc'><strong>1</strong></span> <span class='ocrx_word' id='word_1_940' title='bbox 2910 5623 2956 5667; x_wconf 77' lang='lat' dir='ltr'><strong>et</strong></span> <span class='ocrx_word' id='word_1_941' title='bbox 2984 5621 3168 5667; x_wconf 67' lang='lat' dir='ltr'><strong>cetera</strong></span> <span class='ocrx_word' id='word_1_942' title='bbox 3197 5611 3355 5681; x_wconf 74' lang='lat' dir='ltr'><strong>hujus</strong></span> 
     </span>
     <span class='ocr_line' id='line_1_127' title="bbox 1957 5681 3355 5740; baseline -0.001 0"><span class='ocrx_word' id='word_1_943' title='bbox 1957 5693 2100 5740; x_wconf 72' lang='lat' dir='ltr'><strong>Edit.</strong></span> <span class='ocrx_word' id='word_1_944' title='bbox 2150 5688 2264 5740; x_wconf 84' lang='lat' dir='ltr'><strong>Col.</strong></span> <span class='ocrx_word' id='word_1_945' title='bbox 2346 5685 2537 5740; x_wconf 85' lang='lat' dir='ltr'><strong>icentia</strong></span> <span class='ocrx_word' id='word_1_946' title='bbox 2577 5683 2739 5740; x_wconf 71' lang='lat' dir='ltr'><strong>igitur</strong></span> <span class='ocrx_word' id='word_1_947' title='bbox 2844 5684 2914 5717; x_wconf 80' lang='lat'><strong>&quot;“</strong></span> <span class='ocrx_word' id='word_1_948' title='bbox 2954 5681 3355 5738; x_wconf 83' lang='lat' dir='ltr'><strong>Districtionetn</strong></span> 
     </span>
    </p>
   </div>
   <div class='ocr_carea' id='block_1_124' title="bbox 2346 5683 3381 5766">
    <p class='ocr_par' dir='ltr' id='par_1_124' title="bbox 2346 5683 3381 5766">
     <span class='ocr_line' id='line_1_128' title="bbox 2346 5683 3381 5766; baseline -0.007 -24"><span class='ocrx_word' id='word_1_949' title='bbox 2346 5683 2537 5766; x_wconf 74' lang='lat' dir='ltr'><strong>icentia</strong></span> <span class='ocrx_word' id='word_1_950' title='bbox 2577 5683 2739 5766; x_wconf 71' lang='lat' dir='ltr'><strong>igitur</strong></span> <span class='ocrx_word' id='word_1_951' title='bbox 2838 5684 2914 5766; x_wconf 42' lang='lat'><strong>1’“</strong></span> <span class='ocrx_word' id='word_1_952' title='bbox 2934 5765 2937 5766; x_wconf 12' lang='grc' dir='ltr'><em>ν</em></span> <span class='ocrx_word' id='word_1_953' title='bbox 2954 5683 3355 5766; x_wconf 51' lang='lat' dir='ltr'><strong>Districtionetn</strong></span> <span class='ocrx_word' id='word_1_954' title='bbox 3378 5730 3381 5735; x_wconf 73' lang='lat'><strong>,</strong></span> 
     </span>
    </p>
   </div>
  </div>
