3904 6306
619 323 724 381 659

1639 321 1944 382 EADMERI
1983 324 2533 382 CANTHARIENSIS
2566 321 2871 379 MONACUI
3704 330 3771 385 ϐω

621 442 676 496 in
705 441 810 496 hoc
840 437 1121 508 amplexus
1157 440 1276 500 est,
1301 434 1474 504 ipsum
1522 434 1724 494 factum
1767 439 2070 506 excusabit,
2096 441 2191 496 sed
2223 443 2268 499 Α
2297 453 2459 494 sauro
2487 437 2558 470 ’³⁸
2587 437 2794 493 caelesti
2823 451 3096 506 nunquam
3127 436 3351 506 reponit,
3396 443 3524 492 sicut
3558 439 3770 500 uullusde.

630 531 774 587 velle
792 529 936 600 quod
960 537 1149 584 contra
1175 525 1538 582 obedientiam
1567 529 1774 598 habuit,
1802 532 2189 604 periculosum,

617 619 1084 692 nisilpaenituerit,
1111 617 1185 672 illi
1215 616 1338 670 erit.
1383 618 1535 686 Quod
1580 621 1845 699 nonnulli,
1881 622 2064 677 minus
2103 631 2191 677 at—

619 717 922 778 tendentes,
987 712 1202 767 licentia
1246 727 1409 782 quam
1459 730 1559 784 pro
1599 715 1866 783 implenda
1916 716 2193 772 voluntate

616 822 713 861 sua
741 813 1006 875 expetunt
1032 820 1174 874 stt-pe
1225 805 1504 860 falluntur.
1537 806 1608 862 Ut
1630 808 1794 878 igitur
1827 808 2065 863 breviter
2114 809 2192 864 lo-

617 911 756 964 quar
776 904 832 951 et
857 897 1153 965 succincte,
1176 897 1277 952 sub
1301 897 1414 966 ipsa
1447 897 1754 952 obedientia
1781 897 2025 953 viventes
2062 907 2192 952 sunt

615 991 881 1039 matrona:
903 985 1103 1056 regalis
1133 985 1255 1041 lilia:
1277 986 1370 1040 7“.
1409 985 1742 1040 Ancillarum
1792 1001 1920 1042 vero
1947 986 2188 1052 nomine,

617 1074 857 1130 licentiae
881 1077 1224 1132 adhaerentes
1264 1077 1469 1146 accipe.
1499 1076 1865 1133 lnobedientia
1893 1092 2041 1144 vero,
2069 1092 2190 1148 quae

615 1165 817 1220 dicitur
843 1175 898 1220 et
923 1167 1035 1237 ipsa
1061 1167 1225 1233 latro,
1273 1167 1502 1224 rebelles
1527 1168 1878 1239 designantur
1911 1168 1982 1201 m
2013 1170 2066 1224 in
2097 1185 2189 1225 or-

614 1258 741 1314 dine
765 1260 1084 1316 monastico.

1219 1330 1446 1387 CAPUT
1483 1329 1595 1386 XC.

788 1421 1092 1477 Similitudo
1128 1422 1263 1476 inter
1288 1423 1597 1476 monachum
1626 1431 1672 1476 et
1721 1423 2014 1478 denarium.

685 1511 894 1568 Rursus
940 1529 969 1567 a
1015 1513 1175 1569 simili
1221 1529 1506 1583 possumus
1544 1514 1725 1569 videre
1776 1528 1906 1587 quot
1935 1519 1986 1572 in
2019 1518 2194 1588 perfe-

613 1613 702 1661 cto
731 1605 801 1637 ⁷¹⁸
831 1606 1096 1661 monacho
1121 1606 1353 1662 debeant
1382 1623 1521 1663 esse.
1565 1609 1690 1665 Tria
1726 1611 1920 1682 cuique
1945 1612 2087 1667 bono
2114 1611 2194 1666 in-

613 1691 742 1748 sunt'
799 1693 1043 1759 denario,
1089 1709 1208 1764 qua:
1254 1696 1447 1765 cuique
1493 1698 1634 1752 bono
1661 1698 1860 1754 debent
1890 1700 1961 1731 ⁷¹⁶
2017 1700 2194 1754 inesse

2294 528 2508 583 narium
2531 526 2744 592 falsum,
2760 526 3020 597 licetapte
3042 535 3393 592 monetatum,
3413 529 3575 582 suom
3594 533 3771 591 thesauro

2295 635 2560 690 reponere
2619 621 2831 690 quaerit.
2889 618 3058 686 Quem
3117 634 3244 673 vero
3296 619 3482 675 viderit
3523 624 3769 681 obedientem

2294 727 2435 779 esse,
2490 713 2590 768 etsi
2620 711 2908 782 aliquando
2941 710 3231 782 fragilitate
3260 720 3442 782 peccet
3476 712 3770 778 humana,oon

2295 803 2442 857 hunc
2467 802 2647 856 tamen
2678 800 2908 871 repellit,
2959 801 3004 856 si
3038 816 3168 856 vere
3207 801 3464 872 paeniteat
3491 802 3568 855 ⁷³⁸.
3593 803 3648 859 Ut
3678 810 3769 861 enim

2295 894 2362 949 ab
2401 893 2639 948 invalido
2677 893 2920 961 denario,
2949 891 3209 947 denarius
3233 892 3303 924 ""
3332 893 3507 960 falsus,
3533 895 3599 949 sic
3623 912 3647 949 a
3667 899 3769 954 debili

2296 983 2478 1039 diﬂ‘ert
2503 986 2800 1040 monachus
2836 983 3006 1038 falsus
3037 983 3128 1037 ⁷³⁸.
3164 984 3433 1039 Invalidus
3457 985 3626 1056 quippe
3644 988 3769 1043 "’de-

2294 1074 2484 1130 uarius
2514 1076 2693 1130 minus
2721 1075 2882 1130 habet
2909 1074 3123 1145 pondus
3144 1090 3306 1144 quam
3341 1074 3522 1130 debeat
3543 1076 3696 1133 habere
3711 1081 3768 1144 τεο,

2295 1165 2387 1220 sed
2418 1165 2543 1220 illud
2576 1165 2720 1235 quod
2743 1165 2905 1220 habet
2926 1180 3064 1236 puro
3093 1179 3159 1219 ex
3191 1180 3300 1220 aere
3329 1166 3396 1197 ⁷⁸⁸
3423 1176 3624 1220 constat.
3649 1166 3770 1222 Falsus

2295 1269 2426 1309 vero
2474 1255 2717 1310 eamdem
2744 1270 2906 1325 quam
2939 1255 3114 1311 bonus
3158 1265 3427 1311 monetam
3450 1258 3767 1328 praetendit,sed

2296 1344 2526 1401 interius
2584 1345 2716 1401 latet
2764 1345 2973 1401 falsitas
3021 1346 3167 1401 acris.
3221 1345 3314 1401 Sic
3361 1345 3520 1402 falsus
3565 1351 3767 1404 monachus

2295 1436 2543 1490 eumdem
2568 1452 2727 1507 quem
2765 1437 2941 1493 bonus
2967 1436 3040 1471 ’δ’
3067 1437 3310 1492 habitum
3339 1437 3515 1504 habet,
3548 1439 3626 1493 sed
3650 1440 3767 1495 inobe

2297 1525 2511 1582 dientize
2577 1527 2785 1583 falsitas
2833 1528 3066 1584 interius
3114 1528 3270 1582 latet.
3317 1527 3512 1584 Debilis
3555 1544 3681 1596 vero,
3711 1536 3765 1586 ted

2293 1617 2570 1683 obediens,
2624 1617 2750 1674 licet
2797 1633 2903 1674 non
2935 1627 3162 1683 tantam,
3195 1618 3327 1687 quin
3376 1618 3633 1689 aliquando
3651 1620 3765 1680 cadat.

2296 1705 2495 1762 habeat
2535 1707 2908 1775 stabilitatem,
2942 1707 3266 1764 obedientia:
3307 1716 3482 1762 tamen
3501 1708 3662 1762 retinet
3677 1712 3766 1778 puri-

613 1783 900 1839 monacho.
928 1783 1192 1840 Denarius
1220 1787 1416 1856 quippe
1446 1789 1618 1845 bonus
1639 1804 1775 1856 puro
1795 1805 1860 1845 ex
1889 1805 2016 1853 aere,
2047 1798 2196 1846 recto
2228 1781 2272 1835 Β
2299 1805 2483 1853 tatem.
2509 1797 2627 1853 Mm
2652 1801 2849 1854 etenim
2875 1799 3102 1870 paenitet
3120 1813 3244 1855 eum
3270 1798 3395 1869 quia
3425 1797 3632 1870 deliquit,
3661 1803 3766 1870 quod-

609 1876 848 1942 pondere
872 1885 1198 1946 monetaque
1225 1877 1463 1950 legitima
1494 1881 1648 1936 debet
1678 1890 1951 1951 constare,
1979 1881 2022 1937 si
2045 1883 2190 1938 enim

607 1981 775 2020 unum
816 1982 882 2022 ex
920 1969 1007 2024 his
1049 1967 1304 2037 defuerit,
1332 1971 1538 2026 venalis
1579 1987 1699 2028 esse
1729 1989 1836 2028 non
1867 1975 2086 2044 poterit.
2122 1974 2194 2031 Ut

605 2073 736 2131 ergo
779 2061 985 2118 venalis
1008 2063 1185 2119 valeat
1213 2079 1354 2130 esse,
1381 2065 1498 2120 liazc
1527 2066 1624 2120 tria
1669 2067 1875 2136 pariter
1915 2067 2073 2123 debet
2098 2069 2194 2123 ha-

606 2152 760 2208 bere.
794 2152 918 2209 llaec
945 2170 1162 2226 quoque
1207 2157 1371 2212 debet
1418 2157 1621 2213 habere
1673 2167 1728 2213 et
1764 2161 2086 2226 monachus,
2134 2169 2195 2216 ut

606 2257 735 2298 vere
771 2245 1072 2302 monachus
1110 2261 1231 2302 esse
1262 2254 1561 2316 reputetur.
1597 2245 1726 2316 Ejus
1765 2248 1963 2319 quippe
1990 2248 2191 2305 metalli

604 2336 835 2404 puritas,
859 2351 995 2406 pura
1030 2344 1114 2392 est
1151 2336 1269 2408 ejus
1291 2336 1630 2403 obedientia;
1662 2337 1806 2392 nulla
1842 2338 1984 2393 enim
2008 2337 2194 2395 inobe-

606 2426 825 2482 dientiaa
852 2427 1049 2498 impuri
1059 2436 1159 2495 tas,
1185 2427 1278 2481 sed
1303 2425 1416 2482 sola
1448 2426 1501 2482 in
1525 2442 1590 2483 eo
1615 2427 1773 2484 debet
1799 2441 1921 2484 esse
1939 2427 2194 2484 obedien-

604 2517 704 2572 tia.
752 2517 979 2574 Rectum
1013 2534 1141 2576 vero
1175 2519 1320 2576 illius
1353 2519 1586 2591 pondus,
1630 2519 1900 2577 stabilitas
1944 2529 2029 2577 est
2066 2535 2195 2592 pro-

602 2607 762 2678 positi
785 2609 922 2679 ejus.
946 2607 1061 2664 Non
1087 2610 1230 2666 enim
1271 2610 1467 2666 leviter
1499 2611 1571 2644 ⁷²⁷
1599 2611 1872 2667 exsutilari
1917 2612 2080 2668 debet
2121 2611 2192 2668 ab

601 2715 671 2755 eo
716 2701 857 2770 quod
907 2703 1156 2774 cmperit,
1195 2704 1291 2760 sed
1338 2719 1512 2776 usque
1553 2705 1606 2760 in
1649 2704 1810 2760 tinem
1841 2718 2192 2774 perseverare

601 2791 838 2848 stabilis.
864 2792 1012 2850 Illius
1033 2804 1212 2852 autem
1237 2805 1474 2863 moneta,
1499 2795 1714 2851 habitus
1729 2803 1814 2852 est
1833 2795 2188 2863 monachalis,

601 2891 768 2955 atque
795 2893 1041 2954 tonsura,
1073 2896 1199 2942 ante
1221 2895 1276 2942 et
1301 2895 1471 2953 retro,
1499 2895 1552 2942 et
1575 2888 1660 2943 bis
1683 2887 2007 2944 consimilia.
2037 2886 2192 2944 Sicut

600 2977 748 3032 enim
785 2976 1042 3034 denarius
1079 2993 1108 3032 a
1153 2987 1373 3034 moneta
1414 2979 1769 3049 dignoscitur,
1811 2980 1965 3050 cujus
1999 2979 2070 3034 sit
2099 2993 2188 3035 re-

601 3067 780 3139 gionis
804 3067 899 3138 7”,
939 3068 1020 3124 sic
1040 3068 1106 3123 ab
1144 3067 1263 3122 istis
1292 3069 1590 3124 monachus
1618 3070 1770 3140 cujus
1790 3069 1860 3124 sit
1887 3069 2114 3125 ordinis.
2139 3068 2187 3124 ls

2295 1905 2401 1960 que
2430 1889 2477 1945 ei
2520 1891 2852 1962 praecipitur,
2888 1907 3021 1961 pura
3051 1891 3363 1947 obedientia
3405 1891 3543 1946 facit.
3577 1891 3650 1946 Ille
3671 1908 3764 1960 ergo,

2294 1987 2355 2034 ut
2395 1980 2648 2036 denarius
2693 1979 2881 2046 falsus,
2919 1997 2949 2036 a
3003 1981 3211 2037 caelesti
3272 1981 3518 2036 thesauro
3560 1981 3763 2050 repellitur,

2294 2070 2420 2128 huic
2456 2089 2604 2139 vero,
2635 2089 2733 2144 pro
2775 2075 2857 2130 sui
2909 2074 3126 2130 modulo
3169 2074 3398 2145 vigoris,
3451 2073 3517 2128 ibi
3559 2075 3761 2142 reponitur.

2294 2161 2437 2218 Nihil
2467 2166 2632 2234 igitur
2653 2167 2906 2237 cuiquam
2932 2165 3152 2236 prodest
3179 2165 3424 2220 habitum
3450 2166 3763 2219 monacbieite-

2295 2255 2494 2311 riorem
2531 2256 2752 2322 habere,
2784 2258 2828 2312 si
2872 2271 2978 2312 non
3017 2256 3294 2312 studuerit
3319 2265 3374 2312 et
3401 2255 3660 2311 interiorem
3683 2258 3761 2308 reti-

2292 2361 2425 2402 nere
2453 2347 2545 2400 ⁷³³.
2575 2348 2691 2402 Duo
2725 2347 2925 2418 quippe
2965 2356 3092 2403 sunt
3129 2348 3343 2403 ordinis
3367 2361 3549 2418 genera
3577 2346 3665 2399 viro
3684 2346 3763 2398 reii-

2293 2439 2446 2510 gioso
2491 2440 2885 2495 convenientia.
2937 2438 3114 2495 Unum
3156 2439 3422 2505 exterius,
3450 2451 3547 2508 quo
3571 2437 3761 2506 religiosos

2291 2530 2506 2585 videtur
2533 2529 2631 2596 ’“;
2666 2530 2809 2585 aliud
2841 2545 2969 2586 vero
2994 2529 3244 2598 interius,
3273 2546 3381 2600 quo
3399 2529 3760 2600 religiosusbabe-

2293 2631 2380 2678 tur
2405 2623 2498 2676 ⁷⁵⁸.
2537 2623 2603 2678 Ει
2639 2622 2766 2678 illud
2788 2621 3005 2691 quidem
3051 2623 3304 2678 exterius
3347 2621 3562 2689 factitii,
3590 2621 3664 2676 hoc
3684 2635 3761 2671 vero

2291 2716 2540 2782 interius,
2594 2715 2857 2770 naturalis
2891 2723 2978 2770 est
3015 2713 3222 2771 ordinis
3265 2714 3360 2768 "“.
3401 2713 3591 2769 Factitii
3635 2711 3759 2781 quippe

2291 2807 2499 2864 ordinis
2550 2807 2775 2864 laetitia:
2821 2815 2948 2864 sunt
2994 2807 3433 2870 consuetudines,
3473 2814 3526 2860 ut
3574 2804 3616 2859 in
3640 2803 3760 2858 ordine

2291 2898 2680 2956 monachorum
2711 2899 3063 2954 inveniuntur
3089 2897 3296 2968 plures.
3336 2897 3441 2952 Has
3464 2896 3630 2952 etenim
3648 2893 3758 2948 bomic

2290 3007 2389 3048 nes
2414 2993 2826 3057 adinvenerunt,
2860 2991 3182 3062 quibusdam
3229 2990 3300 3046 de
3325 2989 3495 3045 causis
3522 2983 3759 3042 rationabili-

2290 3082 2391 3138 bus
2436 3085 2504 3116 ⁷⁸⁷
2535 3082 2832 3139 servandas
2888 3081 3267 3137 instituerunt.
3324 3079 3572 3135 Naturalis
3611 3074 3760 3130 vero“

605 3166 790 3230 autem
819 3158 1120 3212 monachus
1142 3157 1234 3227 qui
1261 3157 1395 3213 adeo
1418 3167 1502 3213 est
1531 3173 1696 3213 senex
1728 3167 1786 3213 ut
1813 3167 1936 3214 ante
1957 3167 2013 3214 et
2043 3168 2188 3214 retro

2292 3173 2502 3230 ordinis
2529 3172 2805 3230 naturales
2842 3181 2970 3230 sunt
2991 3172 3247 3237 virtutes,
3277 3180 3338 3226 ut
3367 3169 3630 3231 humilitas,
3645 3165 3760 3221 chari-

596 3248 711 3317 jam
761 3259 992 3320 nequeat
1032 3249 1310 3315 inclinare,
1341 3249 1564 3305 denario
1587 3250 1663 3305 illi
1693 3260 1775 3306 est
1812 3250 2007 3306 similis
2032 3248 2186 3317 cujus

603 3349 876 3394 monetam
908 3339 1164 3409 temporis
1192 3337 1484 3410 antiquitas
1507 3337 1620 3406 jam
1649 3339 1878 3394 develat.
1920 3339 2026 3396 lste
2057 3354 2186 3395 vero

603 3429 698 3501 qui
738 3429 809 3486 "9
840 3431 1083 3486 habitum
1126 3431 1499 3486 monachalem
1541 3446 1643 3486 non
1673 3431 1868 3497 adhuc,
1893 3432 1986 3487 sed
2016 3433 2183 3487 vitam

601 3521 870 3592 suscepit,
913 3532 969 3578 et
1005 3522 1125 3579 ideo
1159 3537 1357 3578 nomen
1388 3539 1493 3579 non
1532 3523 1695 3579 habet
1741 3525 2012 3589 monachi,
2049 3525 2185 3581 assi-

601 3609 824 3666 milatur
869 3627 1092 3668 nummo
1139 3613 1462 3684 ponderoso,
1520 3623 1790 3670 monetam
1846 3625 2026 3671 tamen
2074 3633 2182 3673 non

601 3703 847 3769 habenti,
901 3713 954 3760 et
1005 3704 1125 3761 ideo
1153 3720 1261 3762 non
1290 3721 1442 3775 reque
1468 3704 1666 3762 venali.
1699 3707 1899 3762 Verum
1944 3707 2085 3763 sicut
2108 3707 2181 3740 ⁷³⁰

598 3797 691 3868 qui
749 3797 1064 3853 thesaurum
1126 3813 1455 3868 congregare
1515 3799 1820 3864 desiderat,
1873 3798 2182 3869 hujusmodi

600 3902 900 3953 nummum,
957 3902 1110 3958 aeque
1145 3889 1538 3946 ut.habentem
1567 3889 1644 3925 "i
1685 3898 1980 3957 monetam,
2011 3899 2178 3958 amat,

599 3977 682 4034 sic
711 3977 854 4034 Deus
887 3979 978 4050 qui
1019 3961 1275 4036 thesauro
1305 3980 1510 4037 ctelesti
1557 3997 1655 4038 nos
1684 3997 1875 4037 omnes
1914 3995 2180 4052 reponere

596 4069 746 4139 cupit
770 4069 868 4136 7";
931 4070 1238 4142 hujusmodi
1280 4073 1573 4139 hominem,
1625 4087 1778 4143 aeque
1825 4082 1886 4129 ut
1930 4074 2175 4130 habitum

600 4161 849 4215 monachi
890 4160 1200 4231 habentem,
1241 4164 1311 4219 ibi
1355 4165 1588 4235 reponit.
1620 4164 1790 4232 Quem
1820 4173 2000 4222 autem
2031 4166 2182 4222 vide-

599 4251 674 4305 rit
705 4252 942 4308 habitum
973 4255 1189 4326 quidem
1232 4257 1607 4312 monachicum
1632 4256 1835 4314 habere
1865 4258 1957 4324 ⁷³⁸,
1986 4259 2079 4314 sed
2111 4273 2176 4312 ex

599 4352 709 4394 aere
750 4339 960 4411 impuro
1035 4343 1087 4397 id
1125 4352 1209 4399 est
1255 4345 1654 4403 inobedientem
1699 4361 1844 4413 esse,
1890 4348 2036 4403 hunc
2062 4347 2179 4403 the-

2291 3276 2394 3334 tas,
2417 3276 2470 3324 et
2492 3267 2610 3324 aliae
2632 3267 2834 3339 plures.
2861 3267 2970 3322 Has
2994 3266 3138 3320 enim
3167 3265 3312 3321 Deus
3336 3266 3445 3335 ipse
3457 3263 3520 3296 7"
3541 3258 3759 3317 naturalitei

2288 3357 2482 3412 indidit
2530 3355 2778 3422 homini,
2831 3369 3051 3425 suaeque
3099 3369 3266 3410 causa
3323 3353 3506 3410 salutis
3557 3348 3757 3407 servandas

2288 3449 2582 3504 mandavit.
2626 3447 2718 3504 Ille
2744 3449 2928 3518 itaque
2977 3445 3217 3502 lactitius
3253 3445 3389 3501 ordo
3426 3445 3532 3500 sine
3570 3443 3648 3497 isto
3674 3436 3756 3490 nihil

2286 3537 2491 3592 homini
2539 3536 2778 3608 prodest,
2819 3535 2921 3593 iste
2957 3550 3086 3591 vero
3124 3537 3244 3591 siue
3299 3534 3389 3590 illo
3432 3535 3576 3588 etiam
3621 3528 3756 3584 salvam

2286 3629 2558 3686 hominem
2595 3637 2802 3700 potest;
2841 3637 2900 3684 ut
2929 3637 3110 3684 tamen
3132 3629 3339 3684 servari
3366 3628 3528 3684 valeat
3551 3617 3758 3688 iste,nlde

2285 3720 2630 3777 necessarius
2658 3719 2760 3776 sibi
2790 3730 2874 3777 est
2898 3730 2953 3776 et
2988 3719 3078 3776 ille
3099 3720 3192 3774 πο.

2874 3869 3104 3928 CAPUT
3144 3869 3280 3926 XCI.

2285 3983 2363 4040 De
2393 3984 2740 4040 similitudine
2764 3985 2899 4040 inter
2927 3984 3211 4054 corrigiam
3239 3993 3292 4037 et
3320 3981 3597 4054 sotularem,
3618 3971 3755 4028 etiam

2605 4055 2840 4110 ordinem
2868 4051 3131 4125 factitiu'm
3159 4063 3206 4108 et
3243 4051 3544 4109 naturalem.

2358 4167 2450 4224 Sic
2469 4167 2614 4224 enim
2641 4176 2725 4223 est
2751 4167 2894 4222 inter
2916 4165 3162 4222 ordinem
3195 4163 3458 4220 factitium
3482 4169 3529 4215 et
3552 4148 3753 4249 natule

2285 4261 2556 4330 quomodo
2619 4259 2761 4314 inter
2805 4257 3095 4328 corrigiam
3147 4264 3204 4310 et
3257 4255 3553 4310 sotularem.
3591 4246 3752 4330 Corrig]

2287 4325 2521 4418 namque
2542 4347 2656 4402 sola
2682 4346 2931 4419 colligata
2959 4325 3105 4416 pedi,
3139 4344 3290 4400 nullo
3324 4353 3406 4399 est
3434 4339 3696 4397 munimento
3712 4325 3750 4354 '"

1843 4459 2074 4517 VARUE
2099 4459 2504 4518 LECTlONES.

670 4590 742 4624 ⁷³³
764 4549 1129 4666 Regalisjlljze
1156 4608 1234 4666 ms
1263 4587 1413 4666 Vict._
1433 4593 1500 4650 15
1527 4592 1739 4665 regales
1766 4593 1889 4666 ﬁliae
2003 4591 2343 4666 ’“_Rebelles
2353 4591 2690 4666 designatur
2719 4607 2803 4666 ms
2830 4587 3062 4666 Vica-lli
3083 4598 3131 4644 et
3149 4575 3426 4666 Edit.'§ol.
3449 4567 3754 4666 rebglliopes
3822 4589 3823 4597 ‘

864 4660 892 4693 '-.'
943 4660 1013 4695 τη

645 4671 838 4718 nantur
943 4671 1013 4695 7"
1045 4671 1174 4728 Quae
1208 4671 1259 4716 in
1292 4671 1533 4732 perfecto
1573 4681 1679 4718 mss
1706 4673 1838 4734 quot
1878 4671 1930 4717 in
1963 4678 2020 4732 pe

645 4749 716 4787 on
745 4732 890 4787 enim
918 4729 1108 4803 leviter
1137 4730 1281 4786 Edit.
1317 4730 1500 4803 Colon.
1535 4749 1638 4800 nou
1669 4749 1798 4803 ergo
1826 4733 2020 4789 leviter

597 4803 690 4872 qui
728 4818 806 4856 ms
836 4803 898 4856 Α.
933 4802 982 4856 1.
1019 4801 1067 4857 ls
1089 4816 1234 4864 vero,
1277 4802 1369 4872 qui

1045 4661 1185 4738 Quae
1208 4661 1259 4738 in
1292 4663 1533 4738 perfecto
1573 4661 1679 4718 mss
1706 4673 1838 4738 quot
1877 4664 1930 4738 in
1963 4663 2212 4738 perfecto
2246 4733 2297 4738 __
2324 4663 2398 4698 ⁷³⁸
2428 4661 2575 4738 Dono
2601 4671 2656 4717 et
2681 4661 2921 4738 perfecto
2951 4661 3152 4738 debent
3175 4673 3282 4738 ius:
3311 4661 3324 4738 .1

2129 4717 2201 4766 θη
2241 4717 2830 4804 δίετεςὶοηίεπιέῌΛ.
2887 4733 2910 4784 1
2963 4731 3035 4785 sit
3080 4727 3386 4804 regimini?
3457 4723 3520 4755 ”’
3551 4717 3752 4804 ¹⁵Ξῗκῖῗῗῗί

1483 4778 2100 4860 “which-sed
2138 4778 2594 4893 vitam'su:cepi§
2609 4803 2685 4872 (et
2712 4801 2831 4856 ideo
2858 4815 3052 4855 nomen
3097 4778 3203 4893 ηξξη
3820 4875 3821 4878 η

2324 4663 2398 4698 m
2428 4649 2575 4717 Βοῖιο
2601 4671 2656 4717 et
2681 4661 2921 4731 perfecto
2951 4660 3152 4714 debent
3175 4673 3282 4731 ius;
3312 4649 3646 4731 ΔΙκηιο-έεζκξρι

599 4847 825 4929 niilatur
853 4888 1072 4927 nummo
1101 4847 1425 4942 ponde‘tmso,
1466 4882 1736 4930 monetam
1784 4847 1964 4929 tamen
2006 4889 2111 4927 non
2156 4874 2401 4936 habenti,
2432 4847 2650 4926 etvideo
2673 4887 2778 4926 non
2809 4885 2962 4940 aeque
2999 4868 3194 4924 venali.
3224 4865 3414 4942 Verum
3457 4847 3718 4942 sicut

595 4920 1432 5012 illis?ait'tiiiéisiiséebiife'i{J66
1465 4920 1765 5000 ἦὸῖἶῐιῖιὶὲι
1787 4920 2002 5000 sane"
2031 4920 2672 5009 Μόιιξὶἓῐιῖξᾞὲεῑηιῑιειιυτ
2698 4920 2939 5012 “omnia,
2975 4933 3498 5012 monetatnugndum
3536 4920 3753 5012 ιηῃιιιξξ

595 5014 722 5070 ideo
752 5013 990 5067 nondum
1022 5013 1220 5066 venali.
1253 5013 1323 5067 At
1354 5015 1495 5069 sicut

592 5087 660 5137 Α.
691 5083 715 5136 1
759 5097 1084 5152 recuperare
1114 5082 1263 5152 cupit

593 5152 664 5205 Α.
705 5154 730 5206 1
777 5152 920 5207 hunc
950 5153 1003 5207 in
1030 5153 1288 5206 thesauro

595 5222 942 5289 manuscript.
973 5224 1038 5276 Α.
1077 5225 1101 5277 1
1133 5223 1178 5278 si
1213 5222 1393 5277 statim
1421 5225 1686 5289 paeniteat

595 5239 942 5289 manuscript.
973 5239 1038 5276 Α.
1077 5239 1101 5277 ι
1133 5239 1178 5278 ει
1213 5239 1393 5277 statim

595 5291 670 5360 ⁷³³1
711 5290 800 5345 Sic
844 5291 1138 5360 aperl'ecto
1178 5291 1355 5347 diﬂ‘ert
1386 5239 1456 5348 bl:

598 5359 744 5415 lidus
769 5359 912 5433 enini
945 5379 1049 5416 mss
1077 5364 1141 5417 Α.
1176 5363 1201 5416 1
1225 5362 1354 5419 Vict.
1380 5365 1446 5418 l3
1470 5375 1517 5419 et
1545 5365 1689 5418 Edit.
1717 5359 1831 5418 Col.
1864 5362 2132 5433 Invalidus
2159 5363 2359 5433 quippe

1223 5433 1291 5467 7“
1332 5434 1469 5490 Puto
1504 5449 1567 5488 ex
1599 5449 1707 5489 aere
1748 5450 1827 5487 ms
1859 5444 1906 5487 et
1941 5432 2085 5487 Edit.
2138 5433 2252 5488 Col.

1743 5504 1813 5536 ⁷⁸³
1855 5504 2174 5557 Interiorem
2213 5497 2454 5557 retinere
2501 5517 2580 5554 ms
2613 5502 2677 5554 Α.
2713 5499 2737 5553 1
2777 5499 3091 5554 interiorem
3143 5497 3339 5551 habere

1879 5573 1954 5605 ⁷⁸⁵
1995 5572 2297 5641 Religiosus
2332 5573 2566 5627 habetur
2609 5587 2688 5641 ius
2726 5572 2789 5623 Α.
2831 5570 2854 5622 1
2900 5567 3183 5641 religiosus
3213 5565 3463 5641 habeatur

593 5644 713 5723 eius
738 5643 934 5723 quippe
963 5644 1098 5723 ordo
1129 5659 1237 5723 mss
1279 5640 1576 5723 Bée.__l’ict.
1608 5643 1936 5723 ideal-“Idib
1970 5641 2086 5723 got.
2123 5640 2324 5698 't’actitii
2354 5640 2800 5723 quippeordinis
2865 5717 2876 5723 Δ
2909 5640 3022 5723 ⁷⁸⁷.;

1657 5717 1727 5748 ⁷⁸⁸
1767 5713 2008 5769 Naturali
2049 5727 2180 5770 vero
2223 5729 2326 5766 mss
2358 5707 2405 5766 et
2448 5707 2596 5764 Edit.
2634 5709 2750 5764 Col.
2791 5707 3056 5763 naturalis
3085 5722 3215 5762 vero

1663 5786 1723 5838 Α.
1769 5786 1789 5838 1
1827 5793 1903 5840 cst
1936 5784 2024 5842 ille
2137 5785 2201 5816 ⁷⁵¹
2246 5781 2576 5838 Munimcuto
2611 5798 2686 5835 ms
2730 5779 2858 5834 l’ict.
2892 5778 3284 5849 l3juvameuto

595 5445 760 5503 quam
789 5431 1000 5503 debeat,
1025 5433 1117 5486 sed

594 5501 780 5570 script.
822 5501 886 5556 Α.
929 5501 1224 5571 1ευηᾶθῐη
1255 5517 1415 5571 quem
1461 5505 1634 5561 bonus

596 5573 823 5645 videtur
851 5589 927 5627 ms
958 5570 1094 5645 Vict.
1127 5573 1198 5628 15
1229 5570 1511 5645 religiosus
1546 5575 1774 5632 habetur

591 5714 714 5768 Δ.1
762 5715 827 5766 de
862 5715 1044 5770 causis
1085 5714 1549 5769 irrationabilibus

587 5785 660 5839 Ἀ.
697 5784 719 5838 1
753 5784 893 5839 Deus
924 5785 1036 5856 ipse
1139 5786 1210 5816 7"
1252 5784 1342 5840 Est
1366 5795 1416 5840 ct
1447 5785 1531 5838 illc
1561 5802 1634 5839 ms
1663 5786 1723 5838 Α.
1769 5786 1789 5838 1
1827 5793 1903 5840 cst
1936 5784 2024 5842 ille

1608 5014 1676 5045 ⁷³⁸
1719 5013 1794 5068 Ita
1841 5024 1900 5068 ut
1933 5013 2222 5067 habentem
2259 5029 2339 5068 ms
2368 5013 2433 5065 Α.
2469 5013 2493 5065 1
2527 5027 2680 5080 atque
2709 5020 2765 5064 ut
2798 5010 3084 5080 habentem

1365 5084 1437 5115 ⁷³³
1477 5084 1846 5139 Monachalem
1903 5083 2102 5138 habere
2144 5100 2221 5136 ms
2275 5084 2342 5137 Α.
2389 5084 2412 5136 1
2452 5079 2826 5138 Monachicum
2870 5079 3068 5134 habere

1397 5152 1468 5186 ⁷³⁸
1508 5153 1752 5220 Falsum,
1781 5155 1907 5208 licet
1933 5163 2445 5225 aptenronetatum,
2466 5168 2570 5225 suo
2601 5168 2678 5225 ms
2701 5151 2765 5204 Α.
2794 5151 2815 5203 1
2852 5148 3045 5225 falsum
3070 5163 3170 5225 suo
3207 5218 3220 5225 _
3275 5148 3425 5225 7-".Si
3449 5151 3557 5225 ﬁeri!

1794 5204 1950 5277 ﬁ"—
1967 5204 2706 5278 rvilli-dii.Vilenat'io'denarius
2732 5219 3076 5278 manuscript.
3112 5218 3176 5270 Α.
3200 5218 3223 5270 1
3253 5214 3318 5268 ab
3349 5208 3560 5265 invalido
3573 5204 3748 5278 ξξςῐξπξξδ

1439 5296 1682 5350 onachus
1719 5295 2071 5364 imperfectus
2098 5309 2176 5348 ms
2220 5294 2286 5344 A.
2320 5293 2372 5347 1.
2419 5289 2766 5364 Sicadebili
2794 5287 2975 5364 dill‘ert

3191 4988 3260 5038 l“
3277 4988 3283 4989 ί
3300 5005 3556 5072 Reponere
3585 4988 3691 5058 ευρίι
3706 4997 3750 5072 ff

3175 5076 3245 5108 ⁷³⁸
3284 5065 3432 5127 Hunc
3483 5070 3681 5135 thesaan
3705 5065 3750 5135 ’ξ

3275 5144 3346 5176 us
3372 5143 3425 5197 Si
3449 5151 3557 5192 vero
3577 5129 3750 5202 paeniteat

3056 5265 3309 5341 {inibitis
3327 5281 3484 5336 falsus
3573 5270 3627 5302 '”
3650 5265 3746 5341 1'1“:
3815 5317 3817 5341 ς

2469 5327 2967 5426 δῖθαῐὲῖὲιῖῗόυεὺξέι
2990 5358 3212 5420 habere,
3237 5355 3325 5410 sed
3347 5327 3742 5426 manycﬁP‘Li'J

2802 5429 2871 5461 ⁷⁸³
2910 5428 3151 5482 Eundem
3191 5414 3344 5496 quem
3375 5414 3747 5491 perlectusftd":

2802 5499 3091 5536 nlnrinram
3143 5497 3339 5536 Imhpre
3442 5487 3506 5521 7“
3535 5479 3744 5536 ΒεΙικιοευδ

3550 5550 3604 5583 :u
3631 5546 3745 5592 facile

2909 5616 3295 5692 lii7videtin-iusius
3323 5616 3665 5692 rationabilibué

3317 5684 3384 5734 θη
3419 5701 3561 5757 Deus,
3591 5684 3662 5757 ἰρεί
3693 5684 3742 5724 ¹¹⁸

2303 5449 2374 5514 PU
2384 5447 2443 5486 ro
2475 5447 2540 5486 ex
2581 5447 2689 5514 mre
