4002 6308
526 356 628 414 679

1558 343 1866 402 EADMERI
1896 335 2448 400 CANTUAIIIENSIS
2476 332 2784 394 MONACHI

493 457 498 462 ’
534 483 757 542 semper
791 467 968 524 omnis
997 469 1163 523 homo
1189 463 1419 534 quisque
1450 475 1516 517 eo
1545 461 1735 518 ordine
1775 476 1885 532 quo
1919 458 2124 516 consti-
2153 459 2198 519 Α
2229 455 2382 513 fieri?
2411 453 2798 525 Unusquisque
2827 451 2909 508 sui
2945 449 3156 506 ordinis
3181 454 3334 519 gerat
3360 444 3623 508 ofﬁcium,
3663 459 3736 501 ne
3758 478 3806 525 ει

528 571 688 620 tutus
718 559 787 615 ab
823 561 940 629 ipso
969 566 1074 612 est.

1059 644 1289 702 CAPUT
1324 643 1589 701 CXXVII.

661 742 740 797 De
767 740 932 794 tribus
958 740 1234 792 hominum
1264 736 1541 807 generibus
1577 751 1668 790 seu
1701 733 1996 788 ordinibus.

600 831 736 887 Tres
788 831 986 901 quippe
1039 835 1168 883 sunt
1219 811 1465 884 ordines
1498 827 1813 891 hominum,
1868 823 2126 879 videlicet

527 931 782 986 orantes,
839 919 1202 992 agricultores
1258 926 1314 974 et
1374 916 1712 972 defensores.
1769 915 1880 969 llos
1938 920 2122 966 autem

522 1013 752 1068 ordines
793 1010 874 1066 sic
918 1009 987 1065 ad
1025 1009 1241 1064 diversa
1285 1006 1459 1064 officia
1508 1006 1649 1062 Deus
1689 1005 1743 1060 in
1775 1005 1879 1059 hoc
1925 1001 2124 1056 mundo

525 1101 840 1171 disposuit,
915 1099 1372 1170 quemadmodum
1438 1096 1661 1167 quidam
1721 1093 2122 1165 paterfamilias

530 1207 660 1252 oves
687 1235 702 1258 ,
746 1203 802 1248 et
843 1193 1034 1248 boves.
1081 1200 1136 1247 et
1182 1205 1348 1247 canes
1398 1189 1666 1244 maximos
1712 1186 1766 1242 in
1817 1187 1980 1242 domo
2028 1199 2124 1242 sua

533 1286 832 1343 distribuit.

1055 1371 1282 1431 CAPUT
1319 1370 1597 1428 CXXVIII.

789 1466 1102 1537 Exemplum
1147 1465 1354 1528 ovium,
1397 1463 1552 1517 boum
1583 1469 1630 1516 et
1664 1475 1877 1515 canum.

604 1561 746 1618 Oves
774 1572 1005 1627 namque
1043 1556 1108 1610 ad
1158 1555 1263 1611 hoc
1298 1553 1463 1609 habet
1493 1563 1552 1608 ut
1581 1552 1667 1606 Iac
1709 1552 1813 1607 sibi
1843 1559 1900 1606 et
1937 1549 2124 1604 ianam

533 1652 749 1716 ferant;
806 1650 972 1704 boves
1021 1660 1173 1712 vero,
1221 1652 1282 1698 ut
1323 1651 1529 1700 terram
1579 1633 1904 1708 exerceant;
1962 1655 2127 1696 canes

532 1752 739 1808 autem,
771 1747 831 1793 ut
859 1750 967 1792 tam
1005 1751 1135 1792 oves
1164 1751 1328 1807 quam
1367 1737 1534 1791 boves
1573 1749 1602 1788 a
1636 1733 1775 1804 lupis
1805 1731 2121 1788 defendant.

2231 559 2400 608 totum
2427 551 2570 622 quod
2593 550 2727 605 vivit
2754 549 3042 618 deputetur
3064 544 3429 601 mendacium.

2751 661 2978 720 CAPUT
3035 657 3272 716 CXXIX.

2819 736 2899 788 De
2923 733 3220 787 mendacio.

2299 829 2357 886 Si
2385 829 2534 884 enim
2577 823 2720 898 quod
2761 823 2971 888 ordinis
3017 823 3100 878 sui
3147 829 3368 876 estnon
3416 817 3615 890 egerit,
3647 820 3808 873 omnis

2229 923 2346 992 ejus
2373 921 2620 978 exterior
2646 918 2870 973 habitus
2901 915 3185 978 mentitur,
3214 913 3308 984 qui
3346 927 3470 966 eum
3516 909 3729 965 ordinis
3745 910 3808 952 "ﬁ

2230 1017 2373 1072 illius
2416 1029 2538 1069 esse
2585 1019 2836 1065 testatur.
2885 1009 3056 1062 Actus
3099 1020 3314 1076 quoque
3350 1003 3514 1064 illius.
3544 1011 3608 1058 et
3637 1001 3805 1066 verba,

2229 1109 2454 1179 ipsaque
2482 1104 2744 1160 mentitur
2769 1101 3050 1172 cogitatio,
3071 1099 3197 1168 quia
3220 1097 3564 1152 [urendaeium
3596 1103 3808 1148 testatur

2226 1213 2328 1270 pro
2353 1212 2504 1252 vero.
2527 1195 2664 1250 Cum
2691 1193 2836 1248 enim
2864 1191 3142 1262 quidpiam
3171 1189 3284 1260 agit
3304 1187 3398 1254 ⁸⁸⁸,
3426 1186 3515 1242 vel
3545 1185 3708 1248 dicit,
3733 1184 3804 1239 vel

2227 1292 2453 1362 cogitat,
2481 1288 2564 1342 sic
2589 1301 2710 1342 esse
2735 1283 3025 1356 agendum,
3049 1283 3339 1338 dicendum
3361 1278 3808 1352 cogitandumque

2221 1381 2350 1436 aliis
2394 1381 2598 1435 indicat
2634 1377 2726 1432 ’“.
2778 1377 2906 1432 Plus
2954 1375 3156 1431 etenim
3207 1374 3452 1443 loquitur
3499 1371 3808 1441 plerumque

2230 1476 2393 1530 homo
2448 1483 2572 1528 actu
2627 1486 2790 1542 quam
2828 1470 3018 1535 verbo,
3071 1469 3212 1524 sicut
3269 1468 3374 1523 hoc
3423 1475 3607 1538 potest
3650 1463 3807 1520 videri

2225 1562 2498 1632 exemplo.
2795 1630 2818 1632 _
2843 1631 2846 1632 ν
2876 1628 3007 1632 ___
3058 1626 3236 1632 ____
3519 1573 3522 1576 ’

2775 1628 3011 1687 CAPUT
3048 1626 3261 1684 CXXX.

2681 1719 2995 1790 Exemplum
3039 1718 3105 1772 de
3145 1717 3368 1772 medico.

536 1796 595 1889 Si
647 1796 811 1902 igitur
861 1833 1056 1887 horum
1103 1796 1357 1900 quodque
1394 1796 1730 1884 animalium
1760 1841 1918 1881 suum
1971 1834 2124 1896 gerat
2155 1796 2200 1856 Β
2300 1817 2541 1874 Medicus
2565 1829 2799 1884 namque
2823 1812 3050 1868 herbam
3072 1810 3142 1842 ⁹¹⁸
3174 1809 3409 1878 aliquam
3440 1807 3486 1862 si
3519 1806 3730 1862 diceret
3746 1805 3805 1838 ’τ’

531 1924 789 1990 oﬁicium,
823 1923 955 1979 illud
1002 1923 1071 1978 ad
1104 1924 1272 1977 vitam
1307 1921 1566 1976 Dominus
1603 1927 1808 1982 servat,
1849 1916 1974 1986 quia
2012 1914 2130 1984 ejus

532 2017 640 2083 sibi
656 2015 726 2048 ’θ’
755 2015 905 2069 utilis
924 2022 1006 2070 est
1035 2013 1167 2067 vita.
1197 2011 1254 2066 Si
1280 2026 1407 2066 vero
1431 2009 1667 2064 oﬂicium
1690 2007 1834 2078 quod
1856 2016 1940 2062 est
1966 2021 2125 2061 suum

536 2086 648 2164 non
675 2106 870 2178 egerit,
909 2113 1085 2161 morte
1117 2103 1230 2159 sola
1264 2103 1547 2174 iudicatur
1576 2102 1820 2174 dignum,
1855 2099 1982 2170 quia
2009 2097 2129 2167 ejus

529 2199 646 2253 vita
677 2197 883 2252 nullum
933 2196 1039 2252 fert
1060 2195 1132 2228 ’⁸⁸
1159 2195 1419 2250 fructum.
1467 2194 1522 2250 Si
1564 2195 1708 2250 enim
1758 2194 1875 2250 ovis
1920 2193 2004 2248 lac
2045 2192 2127 2246 vel

529 2290 714 2345 lanam
736 2291 806 2322 ⁸⁸³
839 2304 947 2346 non
977 2287 1239 2352 attulerit,
1268 2288 1367 2342 bos
1393 2294 1574 2340 autem
1605 2294 1808 2340 terram
1834 2301 1940 2340 non
1969 2299 2130 2339 exer-

531 2382 745 2446 cuerit,
801 2394 962 2450 quem
1020 2379 1186 2433 alium
1239 2377 1480 2432 fructum
1532 2378 1676 2432 ferre
1724 2384 1982 2446 poterunt
2019 2375 2125 2429 '“I

535 2474 774 2537 Rursus,
819 2473 864 2528 si
901 2471 1056 2528 canis
1088 2471 1350 2527 custodite
1391 2469 1658 2541 pecudum
1693 2470 2000 2540 deputatus,
2031 2482 2127 2524 eas

537 2564 696 2635 lupos
727 2563 1035 2634 permiserit
1079 2563 1307 2625 laniare,
1354 2570 1444 2615 aut
1476 2561 1694 2615 easdem
1730 2560 1846 2629 ipse
1879 2558 1962 2614 vel
1991 2557 2128 2614 alios

533 2669 702 2711 canes
723 2655 952 2725 cmperit
974 2654 1340 2724 strangulare,
1363 2651 1493 2722 quid
1517 2651 1662 2705 aliud
1691 2651 1943 2706 dominus
1965 2664 2129 2720 agere

526 2748 696 2804 debet
723 2763 884 2818 quam
915 2762 1040 2803 eum
1075 2745 1350 2802 obruere?
1378 2745 1472 2801 Sic
1509 2752 1564 2799 et
1615 2744 1754 2799 Deus
1794 2742 1861 2798 de
1896 2741 2003 2797 illis
2030 2756 2126 2796 or-

525 2838 755 2895 dinibus
788 2839 906 2911 agit
946 2854 1094 2908 quos.
1111 2839 1178 2894 ad
1223 2837 1397 2894 ofﬁcia
1441 2837 1652 2892 diversa
1685 2836 1738 2890 in
1781 2836 1885 2891 hoc
1920 2835 2125 2892 mundo

533 2929 823 3000 disposuit.
851 2928 1126 2996 Quosdam
1159 2943 1415 2998 namque,
1457 2933 1517 2980 ut
1545 2924 1775 2980 clericos
1803 2925 2128 2980 monachos-

526 3037 663 3093 que,
716 3024 786 3078 ad
835 3022 940 3077 hoc
991 3021 1168 3091 ipsum
1217 3019 1484 3090 disposuit
1529 3027 1586 3073 ut
1634 3033 1736 3089 pro
1776 3018 1898 3073 aliis
1943 3027 2122 3085 orent,

528 3113 823 3184 mitesque,
851 3119 912 3167 ut
933 3127 1081 3175 oves,
1108 3112 1248 3166 lacte
1271 3109 1679 3180 praedicationis
1719 3124 1815 3165 eos
1857 3108 2122 3175 imbuant,

530 3202 775 3272 lanaque
819 3203 901 3257 sui
939 3202 1065 3256 boni
1111 3201 1343 3270 exempli
1389 3200 1659 3254 ferventes
1701 3199 1755 3255 in
1797 3200 1890 3255 Dei
1939 3216 2126 3256 amore

531 3289 762 3345 faciant.
804 3289 957 3344 Alios
993 3305 1141 3352 vero,
1176 3298 1234 3343 ut
1276 3287 1654 3359 agricultores,
1685 3289 1753 3344 ad
1798 3289 1903 3344 hoc
1945 3289 2122 3360 dispo-

525 3381 664 3443 suit,
713 3390 776 3436 ut
819 3382 887 3436 de
936 3396 1056 3447 suo,
1107 3381 1256 3437 velut
1308 3383 1468 3436 homn
1536 3381 1739 3446 labore,
1791 3379 1892 3451 ipsi
1941 3382 2126 3437 vivant

525 3479 588 3524 et
615 3469 727 3524 alii.
759 3469 1033 3537 Quosdam
1065 3473 1252 3538 etiam,
1283 3481 1344 3526 ut
1374 3471 1594 3539 milites,
1640 3472 1707 3526 ad
1746 3472 1849 3527 hoc
1887 3473 2125 3529 instituit

528 3573 596 3618 ut
651 3564 1034 3632 asperitatem,
1088 3574 1248 3635 prout
1297 3580 1523 3620 necesse
1576 3567 1759 3630 fuerit,
1811 3567 2122 3631 ostendant,

515 3670 755 3740 tamque
780 3665 1002 3712 orantes
1031 3673 1192 3726 quam
1223 3656 1575 3727 agricultores
1616 3659 1684 3714 ab
1722 3660 1966 3714 adversis
1994 3675 2124 3731 gen-

532 3747 703 3811 tibus,
736 3747 881 3802 velut
905 3764 934 3802 a
966 3749 1126 3820 lupis,
1175 3750 1486 3805 defendant.
1537 3753 1594 3807 Si
1622 3769 1754 3825 ergo
1783 3755 1865 3808 sui
1897 3757 2125 3825 quisque

531 3839 740 3894 ordinis
765 3839 999 3894 officium
1034 3841 1278 3910 impleat,
1310 3841 1524 3913 longam
1556 3855 1899 3913 promeretur
1930 3847 2119 3912 vitam,

527 3930 658 3996 quia
707 3941 1030 3986 czeterorum
1074 3932 1208 3985 vivit
1249 3934 1316 3987 ad
1345 3935 1652 3988 utilitatem.
1688 3934 1746 3989 Si
1798 3951 1926 3992 vero
1979 3936 2123 3992 istud

525 4034 691 4090 agere
718 4020 973 4083 noluerit,
1008 4020 1116 4075 vita
1164 4022 1278 4091 ipsa
1311 4022 1569 4093 indignus
1603 4025 1813 4090 existit,
1849 4027 1975 4094 quia
2006 4026 2123 4082 fru-

530 4123 677 4167 ctum
711 4127 816 4167 non
848 4112 1010 4168 affert
1043 4124 1268 4184 propter
1294 4130 1454 4183 quem
1487 4119 1640 4172 vivit.
1672 4117 1730 4174 Si
1768 4121 1914 4176 enim
1938 4121 2123 4177 clerici

2228 1918 2432 1981 aegroto
2461 1907 2799 1963 salutiferam
2818 1918 2963 1968 esse,
2991 1911 3047 1957 et
3078 1916 3185 1956 non
3201 1916 3272 1955 ex
3301 1912 3364 1954 ea
3394 1897 3805 1962 comederet’",

2230 2004 2391 2058 aliam
2431 2016 2560 2056 vero
2603 1996 2961 2060 mortiferam,
2995 1996 3111 2066 ipse
3139 2004 3316 2048 tamen
3356 2008 3424 2047 ex
3454 2006 3520 2045 ea
3552 1999 3808 2060 gustaret,

2229 2095 2349 2166 plus
2383 2094 2432 2148 ei
2464 2101 2586 2146 actu
2617 2105 2780 2160 quam
2813 2088 2981 2143 verbo
3010 2085 3236 2149 diceret,
3264 2083 3394 2153 quia
3427 2081 3553 2152 plus
3595 2081 3647 2135 ei
3679 2079 3810 2134 hanc

2229 2197 2351 2242 actu
2401 2199 2562 2255 quam
2612 2183 2778 2238 verbo
2796 2181 2867 2216 ’⁸⁸
2909 2177 3300 2236 comedendam
3353 2174 3631 2230 suaderet.
3686 2172 3807 2227 Cum

2229 2281 2396 2350 igitur
2423 2275 2700 2348 quippiam
2731 2274 2857 2345 quis
2887 2273 3020 2342 agit,
3059 2269 3145 2324 vel
3183 2267 3336 2333 dicit,
3363 2267 3448 2322 vel
3479 2267 3712 2336 cogitat,
3741 2265 3808 2320 sic

2227 2387 2350 2428 esse
2399 2368 2706 2440 agendum,
2755 2365 3043 2419 dicendum
3090 2361 3550 2432 cogitandumque
3610 2357 3810 2413 caeteris

2229 2465 2541 2523 manifestat
2563 2463 2655 2516 θη.
2709 2457 2861 2526 Quod
2915 2457 2958 2511 si
3014 2455 3088 2511 ita
3139 2463 3264 2522 est,
3318 2468 3510 2507 verum
3564 2461 3718 2511 actu,
3763 2458 3810 2505 et

2228 2561 2418 2622 verbo,
2467 2567 2522 2612 et
2568 2561 2748 2610 mente
2782 2553 3041 2622 loquitur.
3080 2548 3137 2604 Si
3181 2563 3313 2602 vero
3349 2563 3457 2602 non
3489 2555 3598 2612 est,
3627 2546 3806 2601 iisdem

2227 2651 2481 2710 omnibus
2503 2649 2574 2680 "°
2622 2655 2862 2702 econtra
2913 2643 3192 2699 mentitur.
3239 2639 3297 2694 In
3347 2649 3617 2709 quantum
3660 2638 3810 2709 igitur

2229 2756 2414 2798 verum
2445 2739 2665 2803 dicitur,
2710 2738 2877 2800 bene;
2913 2735 2967 2789 in
2999 2739 3261 2804 quantum
3297 2745 3430 2786 vero
3471 2729 3805 2784 mendacium

2229 2832 2527 2904 profertur,
2566 2828 2707 2883 male
2739 2827 2959 2890 vivitur,
2997 2823 3123 2893 quia
3152 2837 3314 2878 omne
3340 2829 3632 2891 peccatum
3673 2835 3811 2873 men-

2229 2923 2456 2978 dacium
2485 2935 2610 2976 esse
2649 2920 2934 2989 probatur.
2971 2915 3253 2985 Siquidem
3308 2929 3415 2968 non
3466 2913 3571 2967 nisi
3617 2909 3811 2981 cogita-

2231 3017 2397 3079 tione,
2434 3011 2714 3066 locutione
2759 3018 2814 3063 et
2863 3007 3028 3077 oper'e
3065 3016 3341 3074 peccatur,
3375 3005 3576 3075 quibus
3602 3004 3808 3072 quoties

2228 3120 2539 3181 peccamus,
2576 3105 2684 3158 Deo
2709 3109 2764 3158 et
2793 3100 3103 3155 horuinibus
3147 3098 3439 3154 mentimur
3460 3097 3551 3150 9“.
3591 3095 3688 3150 llis
3723 3096 3816 3150 ita-

2229 3213 2332 3268 que
2348 3195 2520 3250 tribus
2555 3191 2647 3246 Dei
2681 3191 2930 3246 timorem
2962 3204 3227 3260 ponamus
3259 3189 3538 3243 custodem
3565 3187 3637 3218 ⁹²¹
3672 3187 3810 3255 quia,

2229 3299 2464 3346 testante
2507 3292 2789 3362 Scriptura
2833 3303 2848 3338 :
2894 3284 3075 3339 Timor
3113 3282 3324 3337 Domini
3363 3279 3588 3350 expellet
3636 3295 3810 3344 pecca-

2221 3396 2335 3440 tum
2362 3384 2552 3458 (Eccli.
2582 3400 2622 3449 t,
2658 3384 2770 3453 27).
2795 3380 2980 3438 Timor
3007 3379 3239 3449 denique
3267 3377 3504 3447 Spiritus
3534 3374 3712 3432 sancti
3738 3380 3811 3428 est

2226 3479 2428 3534 donum
2457 3477 2800 3546 aliorumque
2827 3475 3068 3529 omnium
3101 3473 3360 3541 primum.

2765 3563 2998 3620 CAPUT
3046 3561 3282 3619 CXXXI.

2524 3656 2603 3712 De
2644 3665 2838 3727 septem
2879 3656 3031 3710 donis
3064 3653 3296 3725 Spiritus
3339 3653 3531 3708 sancti.

2297 3751 2514 3822 Septem
2541 3751 2740 3823 quippe
2785 3759 2912 3806 sunt
2938 3751 3082 3806 dona
3112 3748 3350 3818 Spiritus
3382 3749 3581 3812 sancti,
3623 3746 3810 3804 videli-

2225 3855 2330 3908 cet,
2385 3845 2566 3913 timor,
2612 3845 2808 3914 pietas,
2855 3842 3104 3908 scientia,
3155 3840 3447 3906 fortitudo,
3499 3841 3806 3905 consilium,

2226 3936 2558 3998 intellectus,
2601 3934 2889 4004 sapientia.
2930 3932 3132 3986 Horum
3180 3939 3359 3984 autem
3418 3931 3712 3993 donorum,
3757 3937 3812 3980 ut

2222 4026 2429 4081 dictum
2473 4034 2576 4089 est,
2626 4025 2790 4078 timor
2835 4034 2920 4078 est
2961 4023 3230 4093 primum,
3271 4020 3614 4089 aliorumque
3649 4018 3808 4073 veluti

2225 4119 2495 4189 quoddam
2555 4115 2988 4171 fundamentum.
3063 4114 3218 4169 Ilunc
3276 4127 3512 4180 namque
3579 4111 3812 4181 Spiritus

2226 4217 2446 4264 sanctus
2470 4207 2668 4262 mentis
2695 4207 2748 4261 in
2781 4221 2972 4276 campo
3000 4205 3276 4274 supponit,
3309 4204 3525 4273 aliaque
3553 4207 3698 4258 dona
3723 4216 3814 4258 suo

2227 4300 2282 4352 in
2311 4297 2504 4352 ordine
2522 4297 2594 4329 ⁹³⁸
2624 4296 2790 4350 veluti
2833 4295 2886 4349 in
2933 4296 3168 4350 aedificio
3209 4293 3626 4364 superimponit.
3663 4292 3812 4346 Prius

530 4206 902 4275 monachique
936 4208 1244 4262 orationem
1280 4208 1362 4263 vel
1397 4212 1838 4279 praedicationem
1876 4216 1997 4272 aliis
2026 4216 2127 4271 im-

530 4296 791 4365 pendere,
819 4297 902 4351 vel
929 4298 1091 4350 etiam
1112 4301 1315 4353 bonum
1343 4301 1411 4332 '“
1436 4304 1741 4372 exemplum
1765 4307 2120 4374 praetendere,

534 4395 628 4439 aut
662 4395 862 4439 terram
895 4388 1147 4458 agricolae
1192 4390 1465 4446 noluerint
1493 4394 1764 4458 excolere,
1809 4397 1951 4466 quod
1978 4397 2124 4452 aliud

2231 4398 2463 4444 mentem
2506 4396 2750 4443 metuere
2780 4386 2929 4453 facit,
2964 4400 3032 4441 ne
3059 4401 3160 4456 pro
3181 4385 3424 4454 peccatis
3455 4385 3570 4438 suis
3598 4396 3812 4453 separe

527 4487 790 4546 poterunt
818 4477 1053 4533 officium
1085 4481 1346 4550 explere?
1375 4471 1584 4538 Rursus
1612 4502 1623 4539 :
1659 4487 1704 4540 si
1755 4489 1953 4543 milites
1991 4488 2126 4544 alios
2158 4504 2202 4558 ι)
2230 4492 2319 4536 tur
2345 4497 2373 4534 a
2405 4481 2537 4546 Deo,
2566 4490 2623 4535 et
2648 4481 2700 4534 in
2731 4481 2907 4550 poenis
2943 4478 3138 4533 inferni
3163 4493 3286 4532 cum
3313 4477 3531 4531 diabolo
3560 4485 3812 4546 torquea-

533 4567 824 4624 defendere
873 4571 1177 4636 noluerint,
1237 4583 1330 4626 aut
1374 4575 1537 4628 etiam
1602 4594 1751 4632 more
1815 4581 2128 4636 rabidorum
2235 4584 2339 4631 tur.
2390 4573 2527 4629 Huic
2575 4575 2810 4643 denique
2857 4573 3036 4627 timori
3093 4569 3490 4641 superimponit
3534 4569 3812 4638 pietatem.

533 4673 763 4724 canum,
789 4661 1009 4716 eosdem
1039 4671 1132 4716 aut
1161 4664 1372 4734 seipsos
1403 4668 1702 4723 occiderint
1731 4669 1814 4725 vel
1839 4687 2138 4741 oppresses
2225 4684 2353 4724 cum
2383 4667 2550 4722 menti
2587 4667 2667 4721 sic
2707 4665 2965 4720 metuenti
3001 4665 3082 4718 sui
3115 4664 3285 4732 ipsius
3329 4662 3534 4732 aspirat
3565 4675 3809 4728 compas-

530 4749 666 4817 rint,
681 4751 813 4821 quid
840 4751 908 4805 de
935 4751 1040 4806 illis
1063 4753 1168 4808 nisi
1198 4755 1341 4824 quod
1371 4757 1440 4811 de
1473 4758 1678 4814 rabidis
1704 4761 1934 4816 canibus
1964 4763 2125 4818 debet
2226 4763 2458 4828 sionem,
2489 4761 2684 4832 pieque
2714 4758 2954 4816 recolere
2985 4757 3113 4813 facit
3141 4772 3305 4827 quam
3345 4757 3546 4811 misera
3573 4755 3685 4810 erit
3711 4753 3754 4809 si
3781 4765 3812 4806 ι

1837 4914 2076 4972 VARUS
2103 4919 2505 4977 LECTIONES.

598 5020 678 5107 ,'°_7
701 5019 977 5107 Qﬂianejlfs
998 5021 1104 5107 gilii
1130 5037 1207 5107 "t8
1220 5023 1337 5107 '13..
1369 5025 1648 5107 clujnssibi
1716 5027 1794 5107 ff"
1829 5028 2186 5107 Nullumufert
2215 5050 2292 5087 ms
2325 5032 2437 5087 Vict
2488 5033 2556 5088 I5
2582 5033 2786 5107 malum
2813 5032 2947 5107 facit
2967 5032 3089 5107 -Ψ
3123 5031 3233 5107 μιᾳ
3261 5039 3318 5107 et
3339 5031 3517 5084 lanam
3550 5045 3658 5107 mss
3685 5029 3805 5107 4.!

718 5091 982 5178 110,0“:
1001 5092 1180 5178 507‘“
1207 5091 1366 5178 βάξῆλ
1383 5088 1618 5178 (Ioh-laci
1648 5097 1732 5178 vel
1755 5099 1931 5178 lanam
2007 5101 2078 5132 "°
2117 5102 2285 5178 Ferre
2306 5106 2600 5178 poterunt?
2619 5121 2724 5178 mss
2743 5107 2808 5158 Α.
2839 5105 2859 5156 1
2893 5115 2940 5156 et
2959 5102 3104 5178 Edit.
3129 5101 3255 5178 Cof;
3269 5101 3418 5178 ferre
3443 5100 3812 5178 poterint?!»

532 5160 691 5244 ξθζδ·
717 5161 996 5244 δρῖῘειΊᾮ
1041 5163 1366 5244 ροίιιθνίηίηῖ
1397 5181 1473 5244 ζπε
1672 5168 1735 5220 I5
1757 5169 1937 5244 facere
1963 5173 2249 5244 poterint?
2307 5160 2385 5204 ’⁹¹¹
2412 5175 2481 5241 ΕΑ
2507 5175 2669 5229 etiam
2699 5177 2892 5244 bonum
2917 5189 3020 5225 mas
3041 5173 3198 5226 ϐου-ὸ.
3224 5171 3328 5244 597
3351 5160 3564 5244 Vict.”
3589 5167 3810 5244 etEdit.

529 5231 1797 5332 Exiet?vii"):22'22251’3112}.Marte.
1938 5231 2051 5332 .02“
2081 5243 2292 5325 ονάίιιίε
2317 5231 2488 5325 ἷι
2523 5249 2558 5326 ί.
2584 5244 2719 5296 νέοιο
2748 5244 2822 5326 ,ιδ
2843 5243 3145 5332 ρρῐ¹ίοὲξ⁰ᾏ
3171 5255 3222 5332 ‘f.
3242 5241 3388 5295 δέκα·
3417 5242 3658 5332 Cotus!“
3678 5258 3810 5332 ,εειιιπ

532 5302 875 5401 93⁸3ἰὶςέῘῖ
904 5302 1500 5401 92133ηεῖτέιξὶἷὲἐξξξὲἶίτέἔξξ
1523 5307 1652 5401 (Ψίιξ
1685 5311 1898 5401 fuit?"
1919 5302 1994 5363 Αῖ
2010 5312 2032 5364 ¹
2053 5327 2182 5393 Em“
2207 5314 2352 5401 ίξηίιει
2377 5314 2786 5401 ‘1"‘Pl’ii‘!".‘.‘.g"
2957 5313 3092 5401 θυῖε
3109 5312 3434 5401 Micam?
3469 5302 3812 5401 “."is'mdiw

576 5370 608 5451 [³
640 5370 884 5470 Medicas,
905 5386 1139 5470 ngmque
1165 5370 1384 5470 herbam
1423 5392 1500 5429 ms
1531 5370 1594 5430 Ᾱ.
1628 5379 1653 5431 I
1687 5370 1753 5434 εἷ’
1759 5381 1904 5434 enim
1953 5382 2191 5470 numinis
2219 5370 2442 5437 ltcrbain
2473 5370 2486 5384 ’
2511 5370 2612 5416 ’⁸³⁸
2635 5370 2882 5455 Aliquam
2936 5385 2981 5436 si
3027 5370 3233 5437 dic'eret
3272 5399 3349 5436 ms
3389 5383 3452 5436 A.
3483 5383 3508 5436 I
3544 5383 3811 5450 quandam

576 5457 720 5470 mum
992 5456 1143 5470 mm“
1180 5457 1233 5470 οη
1377 5461 1518 5470 mm
1549 5462 1662 5470 MM
1721 5459 1857 5470 ,,,,.
1986 5467 2125 5470 μμ,
2177 5461 2280 5470 ___.
2439 5452 2552 5470 π.-
2613 5455 2670 5470 ...
2950 5469 2959 5470 ,
3002 5469 3009 5470 ,
3056 5453 3067 5470 .
3112 5453 3195 5470 ηρ,
3523 5451 3583 5470 η.
3624 5469 3629 5470 ,
3665 5467 3720 5470 __
3755 5465 3807 5470 -_

535 5439 746 5525 Ἒίίευτει
803 5442 884 5525 ,⁹¹⁷
917 5441 1158 5525 Ᾰῧὲξῼξρι
1179 5442 1334 5497 SMU“
1354 5444 1520 5499 rerum
1545 5462 1687 5525 ςεερ.
1718 5464 1782 5504 ac
1804 5459 1862 5525 {Il
1883 5440 2305 5525 e:I:comcderet,
2338 5470 2415 5507 ms
2439 5452 2574 5509 Vict.
2611 5455 2675 5509 15
2703 5439 2970 5525 cognosco
2992 5453 3321 5508 salutiferam
3352 5466 3494 5508 esse.
3520 5439 3591 5506 E't
3618 5467 3726 5504 non
3749 5465 3812 5505 ex

530 5512 965 5597 ξοξιιςρξζζθῇ,
994 5509 1105 5597 -,’¹⁸
1118 5511 1288 5597 Quum
1313 5519 1620 5597 canifcrho
1659 5509 1851 5597 nisa/1.
1876 5521 1896 5572 I
1941 5519 2095 5597 Coro.
2247 5509 2411 5597 quam
2427 5525 2597 5597 verbo
2626 5596 2632 5597 γ
2668 5527 2737 5558 ⁹³⁹
2762 5509 2897 5580 Ᾰὶὶἱς
2933 5526 3240 5578 manifestat
3261 5539 3364 5576 tuas
3398 5521 3532 5578 Vict.
3563 5524 3628 5577 I5
3655 5520 3812 5576 Certi.

529 5579 1856 5681 ξΫῖηῗιῖ..ί⁵⁶ίξ;ιδιίζέηθῗέθὶἷῗξξῗῗέξέῗῖῗδὲἔῗἱῖῗξξέῖ]
1889 5594 2098 5681 “et”?
2125 5579 2325 5681 ίηίέἰεὲει
2353 5594 2466 5681 η⁹¹⁰
2510 5595 2732 5681 Eiidem.
2757 5598 3148 5681 9'.""“"!.5..".‘.”
3182 5597 3248 5647 Αο
3278 5596 3304 5647 ¹
3331 5594 3467 5648 (λονο
3517 5594 3620 5649 ⁵0⁷
3643 5595 3810 5648 “de”

529 5653 789 5727 omnibus
962 5651 1488 5727 Deo_et_hominibus
1531 5658 1823 5727 mentimur
1857 5675 1934 5712 ms
1963 5658 2028 5712 Λ.
2056 5660 2078 5713 Ι
2109 5662 2322 5727 omittit,
2353 5664 2464 5719 Deo
2503 5674 2560 5720 et
2590 5666 2897 5722 hominibus
2969 5666 3040 5698 '“
3069 5665 3336 5720 Ponamus
3368 5665 3674 5719 custodiam
3709 5677 3812 5717 nm

531 5717 842 5845 $3163???
861 5718 1250 5848 96370331252;
1277 5717 2322 5854 eet!Eligit.Calpgppqi‘usorqugodem'
2356 5717 2455 5767 7’55
2477 5717 2906 5792 suavifiiiiiiaé
2949 5751 3028 5791 nu
3070 5717 3201 5790 ζιιΪί
3243 5717 3350 5792 suo
3383 5717 3598 5805 quemne
3619 5733 3812 5789 ordine
