3904 6306
104 315 188 370 681
1081 305 1207 359 LIB.
1243 303 1331 359 DE
1369 302 1427 358 S.
1466 299 1765 357 ANSELMI
1799 296 2395 355 SIMILITUDINIBUS.

3239 294 3341 350 082

107 430 205 482 Deo
234 434 475 493 separata
514 434 563 478 et
592 425 644 477 in
677 422 889 476 inferre
924 434 1045 474 cum
1072 417 1287 473 diabolo
1315 415 1475 471 fuerit
1507 426 1666 469 torta.
1700 422 1745 477 Α
1776 410 1891 465 Non
1940 411 2082 464 enim
2137 422 2263 464 tunc
2310 423 2491 462 mores
2538 406 2809 468 dicuntur.
2857 422 2978 460 cum
3036 408 3144 462 cito
3189 409 3349 461 adve-

103 519 293 572 Dehinc
358 528 488 569 vero
549 513 830 569 scientiam
897 508 1288 579 superimponit
1349 506 1533 576 pietati
1572 507 1661 568 ου,

102 624 209 663 cum
247 619 419 669 meus,
454 620 573 676 qua:
621 605 700 658 sic
737 610 894 656 timet
932 600 1141 667 sibique
1182 597 1529 665 compatitur,
1560 610 1667 665 quo

98 701 260 753 valeat
281 698 442 752 modo
462 696 661 751 salvari
684 703 979 754 scrutatur,
1004 693 1162 761 eique
1190 690 1425 758 Spiritus
1447 698 1667 744 sanctus

101 787 246 857 hujus
270 790 348 843 rei
377 788 745 859 cognitionem
778 785 1025 855 largitur.
1056 782 1265 838 Exinde
1293 790 1470 836 autem
1505 780 1665 834 forti-

100 878 325 931 tudinem
368 876 764 946 superimpouit
804 874 1073 937 scientiae,
1109 888 1231 926 cum
1264 886 1416 926 mcns
1452 870 1665 941 pavida,

68 956 295 1038 'sibique
357 969 730 1039 compatiens,
784 966 1007 1036 jamque
1075 965 1205 1033 quid
1262 979 1424 1032 agere
1475 964 1669 1018 debeat

98 1059 280 1124 sciens,
312 1058 372 1111 lit
394 1058 553 1112 fortis
591 1056 827 1127 Spiritus
853 1055 1027 1111 sancti
1057 1055 1204 1108 dono
1230 1053 1297 1106 ad
1332 1052 1667 1122 operandam

96 1166 205 1219 qua:
250 1150 444 1205 didicit
495 1149 804 1219 quibusque
855 1146 1050 1202 salvari
1105 1160 1166 1200 se
1216 1159 1375 1214 posse
1425 1144 1667 1199 confidit.

95 1240 212 1294 Post
254 1240 375 1293 haec
418 1253 551 1294 vero
586 1237 879 1293 consilium
912 1234 1219 1290 fortitudini
1250 1236 1667 1303 supermdificat,

96 1346 204 1386 cum
252 1345 412 1385 mens
442 1329 548 1399 jam
600 1328 757 1383 fortis
803 1328 870 1381 ad
919 1325 1286 1397 operandum,
1318 1339 1439 1394 qua:
1479 1325 1565 1394 pie
1605 1327 1671 1379 ti-

1772 500 1926 552 niunt
1960 499 2176 566 citoque
2214 498 2487 559 recedunt,
2523 497 2616 551 sed
2654 510 2778 549 cum
2826 495 2879 550 in
2913 496 3089 550 anima
3129 498 3355 554 stabiles

1769 589 2025 645 existunt.

2278 678 2505 735 CAPUT
2546 678 2829 735 CXXXIV.

2064 771 2235 825 Mores
2266 769 2358 823 alii
2400 771 2539 834 boni,
2574 780 2620 824 et
2657 770 2786 823 mali
2815 770 2910 824 alii
2938 782 3079 826 sunt.

1847 865 2050 920 IIorum
2102 874 2281 917 autem
2338 878 2546 917 morum
2595 863 2683 916 alit
2738 864 2885 930 boui,
2919 865 3009 918 alii
3055 880 3185 921 vero
3230 876 3356 920 sunt

1772 957 1919 1011 mali.
1968 956 2099 1010 lieni
2157 956 2323 1024 igitur
2368 954 2632 1019 virtutes,
2688 953 2814 1008 mali
2866 964 3043 1009 autem
3098 955 3226 1009 vitia
3277 957 3355 1009 di-

1771 1056 1986 1101 cuntur.
2010 1086 2019 1093 κ

2290 1135 2518 1192 CAPUT
2570 1136 2832 1191 CXXXV.

2306 1227 2381 1282 De
2408 1230 2597 1282 virtute
2623 1238 2671 1281 et
2697 1228 2839 1281 vitio.

1846 1322 2089 1376 Virtutes
2135 1330 2313 1375 autem
2360 1319 2501 1373 bona
2548 1322 2791 1375 exterius
2841 1334 3027 1389 opera,
3072 1320 3199 1373 vitia
3234 1334 3363 1374 vero

94 1422 280 1477 mendo
311 1422 417 1475 scit
456 1434 579 1475 esse
623 1418 896 1481 facienda,
925 1432 1024 1472 suo
1063 1414 1442 1481 experimento
1484 1415 1674 1468 didicit
1772 1417 1992 1485 pariunt
2018 1412 2183 1468 mala.
2211 1412 2328 1467 Non
2362 1422 2539 1467 tamen
2577 1414 2789 1481 quoties
2824 1414 3003 1483 agitur
3030 1429 3164 1482 opus
3188 1413 3363 1467 virtu-

94 1514 323 1584 Spiritus
360 1514 532 1568 sancti
570 1512 764 1582 Tgratia
816 1512 947 1570 quid
1007 1511 1071 1564 de
1123 1508 1208 1560 his
1252 1508 1507 1562 omnibus
1552 1508 1672 1562 aliis

95 1604 371 1660 consulere
396 1605 611 1659 debeat.

601 1714 830 1771 CAPUT
877 1714 1142 1771 CXXX".
1178 1712 1179 1717 “

1776 1508 1845 1560 tis
1888 1505 1976 1561 vel
2016 1506 2154 1568 vitii,
2188 1505 2363 1559 virtus
2391 1505 2504 1575 ipsa
2551 1504 2634 1558 vel
2679 1506 2869 1557 vitium
2900 1505 3118 1575 proprie
3166 1506 3363 1559 dititur

1776 1599 1987 1653 haberi.
2032 1598 2181 1651 Tunc
2206 1597 2364 1667 :enim
2414 1606 2622 1652 tantum
2658 1599 2876 1667 proprie
2910 1598 3200 1664 habentur,
3236 1615 3361 1654 cum

1775 1708 1838 1745 ex
1867 1689 2263 1745 consuetudine
2290 1690 2655 1759 possidentur,
2687 1692 2829 1747 unde
2864 1700 2918 1745 et
2954 1692 3202 1746 homines
3228 1693 3362 1762 justi

90 1806 155 1860 De
175 1805 329 1859 donis
358 1804 589 1873 Spiritus
613 1804 783 1858 sancti
802 1805 1032 1875 quinque
1054 1805 1123 1857 ad
1145 1806 1391 1865 activam,
1416 1803 1522 1857 duo
1549 1820 1667 1858 vero
1704 1796 1747 1849 B
1774 1780 1858 1875 XCI
1893 1780 2071 1875 VI'IOSI
2117 1780 2393 1875 dICPM‘lT-
2424 1780 2559 1875 cal“
2591 1788 2769 1875 ἒυξξω
2804 1781 3041 1851 βοήθεια
3070 1782 3363 1875 habent”.

354 1876 423 1929 ad
449 1875 903 1945 contemplativam
936 1875 1091 1928 vitam
1128 1876 1405 1944 pertinent.

159 1963 291 2019 Haec
314 1974 493 2021 autem
520 1964 762 2034 quinque
789 1963 1025 2032 Spiritus
1054 1964 1227 2018 sancti
1260 1965 1399 2018 dona
1433 1964 1501 2017 ad
1537 1964 1672 2017 acti-

88 2068 216 2118 vam,
250 2054 365 2107 duo
395 2069 528 2109 vero
558 2068 677 2123 qua:
719 2062 1039 2122 sequuntur,
1075 2054 1125 2106 id
1167 2062 1247 2107 est
1284 2053 1590 2108 intellectus
1617 2062 1673 2108 et

88 2144 380 2215 sapientia,
410 2144 479 2198 ad
506 2144 980 2214 contemplativam
1021 2145 1292 2213 pertinent
1335 2145 1521 2199 vitam.
1576 2160 1669 2213 psa

86 2246 253 2293 tamen
284 2237 356 2270 ’⁸⁸
405 2234 646 2307 Spiritus
693 2245 917 2292 sanctus
969 2235 1158 2306 primis
1205 2235 1444 2305 quinque
1465 2235 1533 2269 9"
1581 2250 1671 2289 su-

87 2329 440 2399 perimponit,
484 2338 540 2383 ttt
590 2342 814 2382 suorum
861 2326 1152 2383 (editicium
1196 2327 1460 2381 donorum
1500 2328 1670 2396 possit

85 2420 296 2473 omnino
337 2419 629 2489 compleri.
664 2419 953 2487 Postquam
986 2418 1131 2473 enim
1167 2416 1404 2488 Spiritus
1445 2428 1668 2474 sanctus

89 2518 312 2566 mentem
365 2511 496 2567 facit
539 2521 827 2582 paventem
877 2509 1089 2579 sibique
1131 2510 1572 2578 compaticntem,
1617 2521 1672 2565 et

84 2618 138 2656 ca
172 2619 293 2674 qua:
324 2604 435 2659 scit
459 2618 583 2659 esse
624 2603 872 2658 facienda
905 2602 1118 2659 fortiter
1152 2614 1491 2673 operantem,
1522 2613 1575 2658 et
1603 2606 1669 2659 de

84 2693 205 2763 lpSiS
249 2698 338 2751 sui
389 2696 641 2766 exemplo
692 2696 814 2750 aliis
835 2696 904 2727 ⁹²⁷
963 2695 1370 2760 consulentem,
1422 2696 1670 2751 accendit

83 2788 324 2841 eamdem
350 2788 425 2827 ⁸³⁸
455 2788 520 2841 ad
563 2787 965 2857 intelligendum
998 2803 1100 2843 cur
1126 2788 1242 2843 hare
1284 2788 1368 2842 vel
1404 2788 1489 2842 illa
1531 2788 1670 2844 Deus

83 2879 396 2947 praecipiat;
425 2894 522 2932 cur
552 2879 733 2943 homo,
766 2880 888 2933 licet
915 2878 1072 2933 alteti
1105 2879 1306 2933 homini
1342 2878 1663 2944 benefaciat,

83 2968 272 3024 nullam
325 2970 397 3024 ab
443 2983 508 3024 eo
530 2968 604 3001 ’³⁸
653 2969 1147 3024 remunerationem
1192 2971 1407 3039 exigere
1449 2970 1665 3024 delicat.

81 3058 319 3125 Quorum
363 3072 421 3115 ut
449 3060 783 3115 intellectum
827 3058 1063 3131 Spiritus
1084 3071 1304 3116 sanctus
1331 3062 1496 3115 menti
1524 3063 1665 3132 aspi-

1778 1874 1898 1927 licet
1934 1874 2047 1942 ipsa
2078 1874 2301 1926 omnino
2330 1873 2438 1927 sint
2474 1872 2783 1938 dissimilia,
2819 1875 2958 1927 haud
2990 1883 3170 1928 tamen
3200 1874 3361 1929 dissi-

1774 1964 1921 2017 milia
1954 1979 2167 2032 semper
2193 1965 2394 2018 habent
2415 1964 2487 1996 ³³⁸
2516 1979 2699 2035 opera.

2285 2064 2513 2133 CAPUT
2552 2075 2840 2132 cxxxvr.

1847 2167 1918 2221 De
1948 2169 2201 2235 sap'entia
2244 2178 2291 2221 et
2332 2168 2597 2230 stultitia,
2646 2170 2959 2238 quandoque
3009 2172 3063 2221 in
3112 2172 3291 2224 eodem

2334 2239 2778 2293 convenientibus.

1843 2328 2098 2395 Quaedam
2133 2328 2278 2383 enim
2309 2344 2373 2383 ex
2404 2328 2556 2399 ipsis,
2594 2337 2654 2381 ut
2700 2328 2969 2397 sapientia
3012 2329 3249 2399 perfecta
3278 2341 3363 2383 at-

1772 2436 1877 2490 que
1896 2419 2127 2475 stultitia
2143 2420 2235 2486 Μ,
2254 2420 2442 2474 eadem
2468 2419 2675 2475 faciunt
2697 2421 3018 2490 plerumque
3036 2420 3148 2475 fieri
3174 2438 3360 2492 opera.

1772 2513 1927 2569 Sicut
1961 2513 2108 2568 enim
2159 2512 2402 2581 perfecte
2424 2512 2493 2544 ’³⁷
2526 2513 2744 2583 sapiens
2776 2513 3051 2567 dimittere
3101 2529 3207 2567 non
3252 2515 3365 2566 vult

1772 2606 1900 2675 quin
1934 2614 2062 2675 agat
2089 2606 2236 2674 quod
2282 2604 2385 2659 sibi
2417 2604 2617 2658 bonum
2666 2604 2901 2668 videtur,
2933 2604 3013 2658 sic
3040 2613 3094 2658 et
3136 2604 3225 2659 ille
3270 2608 3361 2674 qui

1772 2696 2011 2768 perfecte
2041 2695 2241 2750 stultus
2270 2706 2375 2750 est.
2408 2695 2607 2751 Verum
2638 2696 2743 2750 hoc
2774 2695 2895 2750 ideo
2926 2694 3016 2749 ille
3053 2694 3199 2761 facit,
3235 2698 3364 2765 quia

1772 2788 1876 2842 scit
1900 2787 2100 2841 bonum
2132 2801 2239 2841 non
2271 2800 2391 2840 esse
2418 2797 2476 2839 ut
2504 2786 2636 2840 illud
2671 2785 2939 2851 dimittat;
2967 2786 3165 2840 stultus
3213 2801 3360 2846 vero.

1775 2877 1901 2944 quia
1931 2877 2011 2931 sic
2051 2885 2225 2945 putat.
2259 2874 2357 2930 Est
2391 2884 2574 2931 autem
2605 2874 2745 2929 alius
2792 2875 3002 2929 medius
3038 2890 3137 2929 nec
3169 2876 3238 2928 ita
3272 2891 3361 2928 sa-

1774 2970 1926 3038 piens
1957 2970 2085 3037 quiu
2120 2978 2324 3023 metuat
2357 2969 2490 3032 falli,
2529 2984 2630 3023 nec
2678 2969 2751 3022 ita
2796 2967 2991 3023 stultus
3020 2976 3077 3021 ut
3117 2968 3169 3021 in
3221 2967 3365 3020 malo

1773 3061 1917 3128 quod
1970 3062 2197 3129 coeperit
2258 3074 2615 3130 perseverare
2675 3059 2825 3113 velit.
2888 3057 2987 3114 Hic
3034 3074 3165 3127 ergo
3219 3059 3363 3127 quod

81 3162 175 3217 rat,
209 3154 277 3207 ad
306 3153 386 3185 ⁸³⁸
418 3163 755 3223 postremum
788 3155 953 3209 etiam
992 3155 1317 3224 sapientiam
1347 3171 1671 3224 suprraccu-
1697 3148 1738 3204 C
1773 3152 1876 3205 sibi
1897 3152 1969 3182 ’³⁸
1998 3153 2195 3206 bonum
2225 3154 2458 3216 videtur,
2486 3167 2729 3222 pers:cpe
2756 3152 3002 3216 dimittit,
3035 3154 3160 3221 quia
3189 3153 3362 3221 magis

80 3245 263 3310 mulat,
310 3258 438 3299 cum
467 3244 610 3312 quod
653 3244 995 3299 videlicetm
1046 3247 1259 3301 ratione
1303 3246 1573 3316 intelligit,
1610 3247 1669 3301 fit

79 3335 171 3387 sibi
194 3335 264 3366 ⁸³⁸
299 3334 551 3403 sapidum
579 3344 744 3402 atque
765 3334 1137 3389 dulcissimum
1158 3377 1173 3400 ,
1200 3336 1419 3404 soloque
1445 3340 1666 3392 rectitu-

78 3425 210 3479 dinis
232 3440 432 3479 antore
454 3425 704 3493 sequitur
725 3425 869 3493 quod
899 3425 1151 3496 intelligit
1170 3442 1289 3481 esse
1311 3430 1663 3496 sequendum.

77 3515 152 3566 Ab
176 3517 277 3569 hac
315 3524 502 3568 tamen
526 3514 815 3583 sapientia,
846 3531 1009 3585 quam
1038 3525 1337 3571 extremam
1363 3520 1666 3586 posuimus,

76 3606 308 3674 Spiritus
356 3614 576 3660 sanctus
605 3606 743 3659 dona
787 3622 883 3660 sua
917 3606 1265 3662 dinumerare
1294 3623 1391 3677 per
1420 3607 1657 3677 Prophe-

75 3705 178 3750 tam
212 3696 433 3765 incipit,
475 3707 531 3751 ct
576 3712 747 3766 usque
782 3699 850 3751 ad
896 3698 1165 3760 timorem,
1194 3716 1224 3754 a
1270 3714 1375 3769 quo
1405 3700 1668 3768 coepimus

72 3789 407 3853 ascendere,
470 3790 867 3844 dinumerando
923 3789 1221 3846 descendit.
1275 3792 1425 3848 Unde
1470 3803 1667 3848 notan—

72 3883 191 3935 dum
218 3882 379 3952 quod
401 3882 472 3915 ’³³
503 3879 659 3937 nobis
687 3883 865 3936 innuit
895 3883 1269 3939 descendendo
1304 3886 1574 3954 quomodo
1598 3902 1665 3941 ex

70 3970 252 4025 iisdem
308 3972 471 4028 donis
520 3983 804 4027 construat
845 3971 897 4025 in
942 3972 1098 4027 nobis
1141 3971 1426 4028 aedilicium
1479 3990 1667 4031 ascen-

66 4061 261 4114 dendo.
314 4059 433 4116 lloc
471 4062 637 4131 igitur
681 4061 911 4121 aedificio
960 4062 1033 4116 ita
1082 4063 1398 4131 composito,
1433 4064 1667 4133 Spiritus

62 4161 290 4208 sanctus
351 4152 404 4207 in
448 4169 514 4207 eo
562 4155 796 4218 residet,
840 4163 1114 4224 totamque
1166 4153 1428 4210 familiam
1475 4157 1666 4211 domus

62 4242 370 4308 interioris,
399 4246 449 4302 id
479 4256 562 4301 est
588 4261 778 4300 onmes
801 4247 994 4301 anima:
1018 4261 1234 4313 sensus,
1269 4247 1406 4317 regit
1427 4257 1481 4301 et
1502 4251 1570 4301 ad
1592 4249 1663 4279 ’³⁵

60 4332 391 4403 obsequium
433 4336 689 4405 disponit.

590 4427 819 4484 CAPUT
858 4428 1138 4484 CXXXIII.

321 4515 397 4569 De
435 4517 781 4586 qualitatibus
822 4519 1025 4571 anima:r
1060 4525 1106 4571 et
1156 4534 1411 4572 mortuus.

131 4628 289 4683 Ilinc.
325 4631 522 4685 anima:
553 4630 874 4700 qualitates,
919 4647 1040 4699 qua:
1087 4632 1239 4701 prius
1287 4639 1443 4684 erant
1496 4632 1665 4684 iusta-

62 4718 228 4787 biles,
270 4718 391 4787 jam
445 4722 497 4775 in
538 4722 710 4776 bonos
760 4721 954 4790 redigit
1002 4735 1203 4777 mores.
1253 4719 1430 4776 Mores
1467 4722 1665 4791 quippe

61 4810 363 4875 qualitates
417 4820 542 4863 sunt
594 4812 789 4864 anima:
838 4810 888 4863 in
942 4810 1184 4864 habitum
1237 4808 1345 4877 jam
1408 4811 1660 4864 redactae.

1773 3258 1932 3312 quam
1959 3243 2060 3296 sibi
2094 3244 2316 3298 alterius
2343 3244 2516 3298 credit
2541 3244 2790 3298 consilio.

2267 3333 2500 3391 CAPUT
2547 3334 2859 3390 CXXXVII.

2176 3423 2254 3478 De
2292 3424 2414 3477 odio
2445 3434 2491 3477 et
2517 3440 2695 3478 amore
2716 3426 2934 3492 peccati.

1845 3512 1977 3567 Item
2020 3514 2321 3582 perfectum
2360 3515 2568 3584 peccati
2618 3514 2801 3568 odium
2834 3515 2928 3579 "’,
2976 3515 3361 3585 pet-lectusque

1773 3622 1925 3663 amor
1964 3608 2232 3677 ejusdem,
2270 3608 2415 3661 idem
2442 3608 2766 3677 plerumque
2789 3624 2926 3678 opus
2957 3610 3179 3664 exhibet
3209 3618 3360 3664 exte-

1772 3699 1902 3753 rius.
1958 3699 2111 3754 Sicut
2143 3701 2287 3754 enim
2332 3700 2422 3768 qui
2448 3699 2688 3770 perfecte
2733 3701 2847 3755 odit
2874 3703 2926 3755 in
2962 3717 3021 3757 se
3047 3712 3354 3772 peccatum,

1770 3805 1876 3845 non
1899 3801 2056 3845 curat
2086 3792 2209 3862 quis
2238 3790 2368 3846 illud
2395 3794 2715 3862 cognoverit
2742 3835 2756 3856 ,
2804 3794 2884 3848 sic
2926 3805 2981 3847 et
3013 3796 3229 3863 quidem
3277 3796 3358 3847 tli-

1770 3882 1968 3936 lectum
2005 3883 2055 3935 in
2086 3897 2144 3937 se
2182 3883 2424 3952 perfecte
2465 3884 2664 3955 diligit.
2711 3883 2908 3937 Verum
2956 3884 3059 3938 hoc
3099 3885 3189 3938 ille
3227 3884 3358 3937 facit

1770 3982 1828 4027 ut
1866 3974 1966 4028 sibi
2015 3974 2156 4028 Deus
2198 3975 2495 4044 indulgeat,
2540 3975 2641 4029 iste
2678 3988 2808 4029 vero
2840 3989 2939 4044 pro
2972 3988 3068 4029 sua
3101 3974 3201 4027 hoc
3228 3973 3356 4027 facit

1770 4067 2128 4136 impudentia.
2167 4066 2319 4121 Alius
2355 4082 2484 4121 vero
2514 4067 2725 4122 medius
2752 4077 2837 4121 est
2870 4066 2961 4136 qui
2995 4080 3096 4120 nec
3126 4066 3197 4119 ita
3232 4080 3356 4136 pec-

1768 4170 1948 4215 catum
1990 4160 2107 4215 odit
2139 4170 2193 4215 ut
2224 4164 2325 4216 hoc
2348 4178 2538 4217 omnes
2568 4161 2698 4215 velit
2721 4162 2887 4226 scire,
2921 4175 3021 4217 nec
3053 4176 3243 4215 rursus
3275 4162 3356 4215 sic

1767 4262 1915 4305 amat
1944 4263 2001 4306 ut
2030 4264 2083 4305 et
2121 4269 2311 4307 omnes
2354 4253 2480 4309 velit
2522 4255 2754 4308 nescire.
2796 4252 2896 4308 Hic
2939 4254 3106 4325 igitur
3145 4262 3199 4308 et
3242 4252 3356 4324 plu-

1768 4343 1920 4399 ribus
1944 4345 2072 4400 illud
2097 4347 2399 4411 abscondit,
2424 4357 2477 4401 ct
2516 4348 2605 4400 uni
2635 4357 2811 4401 tamen
2837 4363 2933 4417 per
2954 4348 3352 4404 confessionem

1768 4436 2051 4505 patefacit.

2262 4531 2491 4587 CAPUT
2531 4530 2859 4587 CXXXVIII.

2186 4622 2258 4676 De
2282 4623 2577 4677 humilitate
2602 4633 2648 4676 et
2677 4624 2919 4689 superbia

1841 4715 2088 4770 Rursus:
2123 4713 2359 4784 perfecta
2405 4714 2684 4768 humilitas
2721 4714 3072 4786 perfectaque
3101 4712 3352 4783 superbia

1767 4822 1929 4877 opera
1961 4808 2206 4876 quaedam
2244 4804 2445 4860 habent
2488 4807 2706 4861 similia.
2751 4806 2903 4861 Sicut
2933 4808 3077 4861 enim
3114 4805 3353 4876 perfecte
3402 4879 3407 4883 _

1374 4972 1456 5024 VA
1466 4968 1599 5024 RIA"
1648 4966 2049 5023 LECTIONES.

123 5088 197 5120 “”
224 5086 643 5156 Superimponit
690 5084 879 5155 pietati
928 5101 1032 5138 mss
1070 5086 1462 5155 superimponit
1498 5085 1668 5139 menti

657 5152 705 5211 is
740 5156 978 5224 quinque
1085 5157 1154 5191 ³³⁷
1203 5156 1278 5209 De
1314 5152 1462 5223 ipsis
1490 5156 1603 5209 suis
1648 5154 1910 5224 exemplis
1954 5152 2077 5206 aliis
2131 5170 2210 5206 ms
2246 5156 2313 5207 A.
2368 5156 2391 5207 1
2428 5157 2493 5209 de
2550 5155 2678 5222 ipsis
2728 5153 2976 5224 exemplo
3014 5155 3094 5207 sui
3127 5154 3245 5209 aliis
3273 5172 3350 5209 ms

1205 5225 1274 5257 ⁹²⁸
1326 5227 1621 5285 Accendit.
1674 5223 2009 5292 eandemque
2043 5240 2149 5276 mss
2198 5225 2446 5277 accendit
2496 5225 2722 5278 eandem
2753 5224 2898 5275 Edit.
2939 5223 3055 5277 Col.
3118 5226 3348 5289 accedit,

58 5158 309 5279 quinque
360 5173 462 5211 mss
512 5156 704 5238 primis
740 5156 978 5225 quinque
1010 5226 1040 5239 ν

80 5229 217 5281 .orb.
282 5224 392 5281 507
429 5230 495 5280 de
542 5242 623 5280 Slll
663 5225 910 5295 exemplo
953 5227 1074 5279 alus

56 5300 409 5365 eandemque

55 5371 121 5420 ad
152 5385 266 5421 mss
295 5369 362 5421 Α.
394 5369 416 5422 I
446 5366 602 5423 Carb.
642 5366 747 5421 507
799 5366 961 5419 menti
993 5366 1229 5435 aspirat;
1254 5368 1319 5419 ad

56 5455 132 5490 ms
164 5439 337 5491 (ἐρισι).
366 5438 467 5490 507
492 5452 723 5491 cumaue
747 5435 998 5490 videlicet

55 5510 120 5559 Α.
156 5509 178 5561 t
222 5522 420 5559 verum
466 5506 745 5561 sciendum
772 5506 913 5574 quia

55 5594 132 5631 ms
163 5578 232 5629 Α.
286 5578 309 5629 Ι
363 5577 645 5631 dissimilia
692 5576 895 5631 habent

1423 5365 1491 5396 9H

515 5297 585 5328 9”
619 5293 836 5349 Nullam
863 5306 1041 5350 tamen
1070 5294 1138 5348 ab
1164 5310 1229 5349 eo
1260 5312 1366 5349 mss
1396 5296 1461 5347 Α.
1506 5296 1529 5347 l
1578 5294 1715 5347 Vict.
1748 5296 1811 5349 I3
1857 5293 2012 5346 Corb.
2063 5293 2187 5347 507.
2239 5294 2439 5348 nullam
2492 5296 2560 5347 ab
2611 5310 2677 5349 eo

1654 5365 1821 5435 quodq
1846 5363 2100 5435 videlicet
2134 5380 2250 5435 mss
2297 5365 2362 5419 Α.
2415 5366 2435 5417 1
2483 5364 2616 5418 Vict.
2666 5365 2732 5418 15
2775 5381 2898 5418 cmn
2929 5368 3073 5435 quod
3104 5367 3351 5420 videlicet

1124 5436 1193 5467 ⁹³¹
1219 5435 1305 5491 Sit
1333 5434 1432 5489 sibi
1463 5452 1569 5489 mss
1608 5433 1730 5488 A.l
1785 5433 1938 5487 Corb.
1968 5433 2073 5487 507
2122 5434 2179 5488 fit
2228 5435 2328 5489 sibi

1028 5505 1099 5540 ⁸³⁸
1131 5505 1335 5561 Sensus
1366 5507 1505 5576 regit
1547 5515 1604 5560 et
1639 5506 1706 5559 ad
1748 5522 1849 5576 ιηιξ⁸
1870 5503 1935 5555 Α.
1991 5505 2042 5576 17
2069 5520 2258 5576 sensus
2287 5505 2353 5559 ad

1003 5577 1075 5609 ν³⁶
1101 5577 1210 5630 Αιιι
1258 5573 1484 5631 stultitia
1515 5593 1620 5629 mss
1646 5575 1771 5629 Α.1
1816 5573 1944 5628 Vict.
2000 5575 2067 5629 15
2110 5585 2157 5628 ct
2204 5574 2347 5628 Edit.
2397 5574 2511 5629 Col.
2560 5586 2724 5645 atque
2769 5577 2994 5632 stultitia

1777 5083 1848 5115 ⁹¹⁸
1872 5083 1988 5153 Ipsa
2043 5094 2220 5138 tamen
2270 5100 2345 5137 ms
2400 5085 2465 5139 Α.
2510 5084 2528 5135 l
2585 5085 2697 5149 ipse
2752 5093 2928 5136 tamen
3015 5084 3084 5117 ³³⁸
3137 5083 3352 5137 Primus

2785 5293 2854 5325 ’³ο
2896 5294 3057 5348 Menti
3100 5296 3343 5362 aspiret;

2429 5435 2497 5467 ⁸³³
2549 5434 2700 5506 Unde
2741 5437 3034 5491 notandum
3076 5437 3216 5506 quod
3266 5453 3347 5489 ms

2476 5506 2544 5537 9”
2579 5505 2843 5561 Dissimila
2890 5505 3104 5569 semper
3146 5508 3347 5560 habent

2476 5577 2511 5628 ι.
2560 5586 2724 5632 atoue
2769 5577 2994 5632 stultitia
3094 5577 3161 5609 ’³⁷
3194 5576 3347 5632 Sit-ut

56 5647 309 5719 perfecte
344 5664 443 5701 mss
471 5649 534 5699 Α.
580 5648 602 5719 l
664 5646 800 5719 Vict:
834 5648 901 5701 15
949 5645 1104 5701 Corb.
1142 5648 1255 5719 507
1284 5658 1331 5702 ct
1374 5645 1871 5719 Edit._Cﬁol.Asi_cut
1921 5646 2065 5719 enim
2103 5648 2350 5719 perfecte
2444 5649 2512 5679 “38
2567 5647 2664 5702 Hic
2716 5664 2845 5719 ergo
2892 5650 3033 5718 quod
3059 5649 3161 5703 sibi
3197 5648 3371 5707 Edit-

61 5709 171 5770 Col.
207 5720 323 5772 hoc
350 5732 471 5787 ergo
493 5718 594 5770 sibi
669 5716 751 5747 '3"
776 5716 1059 5771 Peccatum
1087 5718 1267 5773 odium
1298 5734 1400 5770 mss
1429 5728 1475 5770 et
1510 5716 1650 5770 Edit.
1683 5715 1795 5771 Col.
1839 5716 2043 5785 peccati
2083 5709 2262 5770 odium

468 5832 741 5890 PtTttOL.
772 5829 987 5891 CLIX.

2982 5832 3062 5890 22
