3870 6304
576 347 679 402 687

575 459 710 514 Nam
752 453 895 514 sicut
932 452 1112 510 anima
1170 449 1458 521 pretiosior
1487 456 1761 516 estquam
1813 460 2032 514 corpus,
2071 456 2150 495 sic
2177 448 2224 504 Α

575 549 796 616 gravius
827 555 909 602 est
940 544 1134 598 anima:
1163 541 1364 594 victum
1405 537 1622 592 auferre
1670 549 1834 604 quam
1878 531 2147 600 corporis.

579 640 766 698 Victus
809 650 936 692 vero
965 633 1157 690 anima:
1199 639 1284 687 est
1309 645 1462 686 amor
1507 627 1598 684 Dei
1639 635 1694 680 ct
1743 624 2003 696 proximi;
2047 622 2150 688 Qui

572 736 715 787 enlm
744 728 913 799 diligit
942 725 1261 797 proximum,
1295 722 1456 792 legem
1527 719 1752 787 implevit
1790 715 1981 788 (Rom.
2030 730 2146 776 xm,

571 824 664 888 8).
693 819 793 888 Qui
819 818 984 886 igitur
1009 813 1376 876 dilectionem,
1419 824 1524 880 qua
1547 809 1708 862 debet
1727 806 1908 859 anima
1931 811 2148 858 susten-

475 975 478 980 ι
574 909 700 974 tari,
727 907 880 972 tollit,
911 914 1173 978 quantum
1201 903 1254 957 in
1291 917 1351 957 se
1375 909 1477 967 est,
1509 899 1742 952 animam
1763 895 1975 952 occidit.
2011 893 2150 948 Pro-
2197 943 2204 948 .

571 1009 754 1070 ptcrea
781 999 1078 1053 cavendum
1101 1003 1186 1050 est
1223 1007 1290 1048 ne
1314 991 1599 1062 quisquam
1630 987 1834 1058 aliquid
1867 985 2148 1042 sinistrum

553 1095 640 1156 ,de
681 1091 863 1161 aliquo
897 1089 1041 1160 loqui
1081 1094 1391 1157 praisumat,
1429 1084 1529 1138 nisi
1564 1090 1783 1152 propter
1820 1076 2152 1134 emendatio-

551 1177 695 1238 'ncm
725 1181 840 1252 ejus
889 1182 994 1236 hoc
1041 1181 1224 1236 faciat.
1267 1178 1397 1230 Nam
1453 1175 1674 1246 praelato
1725 1180 1818 1226 aut
1872 1170 1942 1224 illi
1991 1184 2151 1238 quem

571 1285 702 1346 puto
735 1291 894 1346 posse
935 1273 1221 1328 consulere
1262 1269 1510 1340 peccanti
1551 1275 1604 1320 et
1635 1265 1886 1320 vitiorum
1925 1265 2152 1315 vulnera

573 1368 802 1428 mederi,
830 1367 998 1422 debeo
1029 1364 1250 1418 alterius
1274 1360 1556 1416 malefacta
1581 1366 1804 1430 pr0pter
1823 1353 2150 1411 emendatio-

575 1471 698 1511 nem
733 1457 1008 1526 detegere,
1033 1469 1153 1522 quae
1184 1466 1280 1520 per
1311 1451 1576 1518 meipsum
1613 1461 1823 1516 nequeo
1844 1443 2149 1498 emendare.

573 1547 641 1602 Et
665 1562 733 1601 ne
764 1545 899 1602 alius
939 1533 1321 1612 corrumpatur
1351 1541 1518 1610 ipsius
1547 1538 1867 1603 offensione,
1898 1549 2153 1604 compen-

573 1637 722 1691 diose
761 1636 924 1688 etiam
953 1648 1169 1702 possum
1197 1646 1319 1686 eum
1373 1643 1617 1691 monere,
1655 1641 1723 1681 ne
1771 1623 1864 1680 tali
1894 1623 2153 1692 jungatur

573 1726 834 1798 singulari
884 1725 1064 1794 aliqua
1119 1722 1532 1784 familiaritate;
1588 1719 1746 1773 aliter
1797 1731 1950 1780 vero,
2005 1713 2150 1769 nullo

568 1821 729 1877 modo
751 1822 815 1876 de
838 1820 1020 1890 aliquo
1045 1818 1337 1888 quidquam
1377 1813 1589 1868 adversi
1615 1811 1762 1882 loqui
1794 1810 1981 1865 debeo.

1151 1923 1376 1980 CAPUT
1421 1922 1571 1978 CLII.

665 2020 807 2088 Quid
864 2027 1046 2074 noceat
1099 2017 1443 2138 detractitzret
1489 2013 1613 2084 qu‘d
1651 2012 1814 2081 prosit
1865 2010 2057 2064 bonum

1258 2105 1324 2138 nu
1369 2102 1462 2138 “'8.

1258 2102 1462 2140 audire.

639 2179 906 2236 Caeterum
936 2179 1078 2235 sicut
1104 2177 1174 2208 ’⁸³
1208 2185 1364 2230 nocet
1387 2171 1568 2226 uinltis
1592 2171 1654 2224 de
1683 2168 1924 2238 qu-lihet
1949 2166 2148 2220 malum

565 2273 767 2338 dicere,
790 2273 868 2328 sic
897 2271 1142 2341 pluribus
1171 2267 1308 2324 solet
1339 2264 1596 2336 prodesse
1639 2263 1703 2315 de
1731 2261 1851 2314 aliis
1869 2259 2010 2314 bona
2051 2275 2148 2312 au-

568 2366 705 2420 dire.
749 2364 886 2419 Nam
929 2379 1051 2418 cum
1083 2362 1226 2416 bona
1291 2359 1356 2412 de
1384 2357 1565 2424 aliquo
1597 2351 1932 2414 referuntur,
1969 2351 2024 2404 hi
2055 2350 2148 2420 qui

569 2455 694 2510 boui
729 2463 854 2508 sunt
884 2453 1002 2522 ejus
1041 2450 1182 2506 facta
1223 2447 1573 2512 aemulantur;
1623 2457 1795 2513 eoque
1831 2443 2150 2513 propensius

567 2549 622 2602 in
663 2562 758 2600 sua
787 2541 1030 2600 bonitate
1052 2553 1400 2612 perseverare
1435 2536 1700 2598 nituntur,
1737 2548 1842 2602 quo
1867 2532 1954 2586 alii
2003 2531 2149 2600 ejus-

569 2642 690 2696 dem
753 2636 1014 2694 bonitatis
1075 2643 1372 2690 seclatores
1455 2629 1764 2682 laudantur.
1829 2625 1907 2679 Si-
1965 2633 2145 2679 autem

567 2731 892 2802 ptenitentes
967 2727 1204 2792 fuerint,
1268 2733 1418 2778 tanto
1479 2719 1774 2776 studiosius
1831 2733 1984 2772 suam
2035 2733 2146 2788 poc-

569 2823 880 2886 nitcntiam,
923 2829 982 2874 ut
1035 2819 1160 2875 boni
1217 2815 1540 2876 adiciantur,
1597 2820 1888 2884 peragunt,
1943 2819 2146 2880 quanto

563 2912 916 2983 gloriosiores
957 2910 1030 2944 ’“
1081 2910 1254 2964 bonos
1304 2920 1423 2962 esse
1455 2902 1609 2958 malis
1657 2899 1840 2954 sedula
1887 2900 2148 2956 relatione

567 3004 892 3073 percipiunt.
922 3000 1092 3055 Porro
1145 2998 1188 3052 si
1217 2996 1340 3052 mali
1375 2993 1598 3060 fuerint,
1643 2990 1992 3058 erubescunt,
2020 3008 2144 3048 eum

565 3097 632 3146 de
661 3093 783 3148 aliis
833 3093 970 3146 bona
1007 3089 1196 3146 referri
1227 3088 1468 3154 audiant,
1512 3104 1542 3142 a
1573 3089 1772 3158 quibus
1822 3087 2142 3156 semetipsos

1545 331 1846 388 EADMERI
1885 321 2443 384 CANTUABIENSIS
2467 317 2786 376 JMONACIII
3649 321 3716 380 ω

2812 429 3040 486 CAPUT
3087 429 3258 485 CLIV.

2717 523 3025 591 Exemplum
3057 522 3354 574 citharista.

2329 618 2397 673 Ut
2423 619 2467 673 si
2500 617 2544 672 is
2571 615 2662 688 qui
2701 617 2985 672 citharista
3026 627 3146 668 esse
3175 609 3370 674 debuit,
3415 615 3716 676 citharamm

2255 711 2502 778 cognovit
2527 707 2617 770 πθ,
2652 707 2882 777 qualiter
2928 707 3258 761 eitharcedus
3283 706 3306 759 ?
3335 706 3390 760 Si
3417 707 3556 762 etiam
3581 709 3718 766 instrn-

2256 809 2493 852 mentum
2549 797 2677 851 illud
2718 811 2823 850 non
2867 795 3170 866 agnoverit,
3219 805 3271 848 et.
3307 795 3347 848 si
3387 799 3630 864 agnoverit,
3659 803 3718 854 sed

2255 897 2474 958 tangere
2519 887 2646 940 illud
2679 885 2930 949 noluerit,
2980 884 3216 953 qualiter
3247 883 3547 940 cithartedns
3567 887 3718 944 erit?Si

2256 977 2436 1032 autem
2487 977 2618 1032 illud
2658 978 2959 1046 agnoverit,
2992 985 3044 1030 et
3081 975 3332 1046 tetigerit,
3367 977 3452 1030 sed
3496 977 3590 1044 ejus
3619 995 3718 1032 usum

2255 1067 2455 1121 habere
2479 1066 2886 1136 contempserit,
2915 1079 3190 1134 nunquam
3219 1075 3430 1134 propter
3456 1068 3720 1136 cognitionem

2254 1167 2308 1212 et
2325 1157 2673 1220 voluntatem,
2697 1157 2817 1212 sine
2835 1172 2935 1211 usu
2959 1157 3115 1224 hujus
3136 1157 3286 1220 artis,
3311 1158 3502 1225 peritus
3519 1159 3614 1213 erit.
3631 1159 3721 1212 “fali-

2257 1257 2340 1304 ter
2371 1265 2623 1316 namque,
2640 1249 2764 1303 licet
2792 1249 2915 1318 quis
2939 1249 3134 1304 habeat
3157 1243 3565 1304 scientiatli'bene
3581 1249 3718 1306 vivendi

2255 1349 2308 1394 et
2340 1339 2692 1404 volm‘ilatem,
2723 1354 3063 1410 nequaquam
3095 1341 3267 1392 bonus
3281 1340 3506 1405 crit,nisi
3525 1342 3646 1394 etiam
3667 1343 3708 1394 lto

2257 1431 2310 1484 ni
2368 1432 2550 1500 operis
2609 1445 2763 1485 usum
2823 1431 3056 1485 tenuerit
3123 1431 3276 1501 juxta
3325 1443 3465 1486 suam
3495 1432 3720 1502 possibilita-

2259 1531 2385 1575 tem.
2843 1527 2868 1546 ⁸

2831 1613 3062 1671 CAPUT
3099 1611 3257 1668 CLV.

2505 1705 2810 1760 Similitudo
2835 1706 2969 1760 inter
2990 1706 3193 1760 desides
3219 1714 3266 1759 et
3291 1715 3540 1774 peccantes

2186 1791 2230 1846 B
2327 1794 2468 1850 Sunt
2531 1806 2709 1852 autem
2773 1797 2994 1866 quidam
3052 1803 3362 1851 sanctarum
3427 1795 3721 1865 Scripturamm

2259 1886 2454 1957 ignari,
2479 1894 2533 1940 et
2556 1887 2682 1940 dum
2709 1885 2912 1956 aliquid
2945 1887 3012 1942 de
3051 1888 3132 1943 eis
3154 1885 3300 1955 quod
3331 1895 3530 1950 possent
3549 1889 3599 1940 ad
3619 1891 3722 1942 aditi-

2256 1987 2522 2041 cationem
2574 1977 2655 2041 sui
2707 1987 2960 2052 retinere,
3007 1986 3256 2048 audiunt,
3313 1985 3718 2038 contetnncndodi-

2255 2077 2505 2130 cunt'”:
2545 2096 2564 2127 ι
2587 2077 2669 2131 Ad
2707 2076 2835 2146 quid
2873 2075 3013 2130 istud
3052 2072 3322 2127 tantillum
3349 2071 3550 2126 tenebo?
3579 2070 3658 2125 Non
3683 2089 3720 2125 ex

2255 2179 2313 2218 re
2345 2175 2450 2218 tam
2497 2180 2660 2234 parva
2691 2165 2910 2235 sapiens
2948 2177 3072 2228 ero;
3111 2177 3212 2217 cur
3250 2175 3377 2230 ergo
3408 2159 3520 2214 mihi
3569 2161 3720 2214 latorem

2255 2254 2581 2327 imponam'h
2603 2249 2794 2312 Dicunt
2815 2275 2828 2309 :
2849 2255 2996 2311 clam
3020 2254 3498 2324 quiescam,vivam
3521 2262 3567 2306 ut
3587 2267 3720 2322 potero,

2253 2347 2379 2416 quia
2417 2346 2615 2402 frustra
2673 2347 2949 2419 sapientiae
3001 2333 3236 2415 amplius
3273 2343 3718 2408 studebo;nmienim

2253 2453 2441 2493 omnes
2463 2441 2713 2510 peribunt
2736 2441 2826 2510 qui
2856 2440 3127 2510 sapientes
3158 2453 3269 2492 non
3303 2445 3472 2492 sunt.»
3507 2435 3602 2492 llzec
3618 2439 3720 2492 cllas

2253 2530 2449 2584 similia
2478 2532 2629 2602 piger
2653 2543 2709 2586 et
2744 2531 3001 2602 insipiens
3034 2531 3258 2587 sibimet
3299 2536 3529 2605 proponit
3553 2545 3627 2586 nec
3647 2546 3721 2599 per-

2252 2623 2383 2692 cipit
2411 2625 2536 2694 quia
2566 2625 2819 2694 antiquus
2841 2625 3012 2680 hostis
3053 2626 3120 2680 ad
3164 2626 3438 2682 interitum
3462 2627 3558 2696 ejus
3580 2625 3720 2680 talia"

2251 2713 2353 2766 sibi
2382 2723 2637 2784 suggerit,
2669 2725 2936 2784 quatenus
2983 2731 3034 2768 in
3064 2717 3212 2770 omni
3243 2717 3348 2770 vita
3379 2733 3466 2772 sua
3490 2717 3592 2770 nulli
3609 2717 3720 2769 inten-

2251 2802 2345 2857 dat
2391 2803 2629 2869 utilitati,
2669 2805 2762 2858 sed
2804 2803 2864 2859 in‘
2901 2806 3234 2878 negligentia
3273 2817 3328 2863 et
3359 2819 3548 2879 torpore
3582 2821 3720 2876 semper

2249 2891 2394 2945 vivat
2417 2901 2471 2946 et
2498 2902 2700 2965 pereat.
2728 2895 2972 2966 Amplius
2999 2913 3246 2968 quoque:
3275 2917 3295 2952 α
3325 2899 3481 2964 Satis,
3517 2899 3572 2930 ’τ’
3595 2899 3720 2968 inquit.

2231 2994 2375 3052 psunt
2410 2985 2684 3054 sapientes
2717 2987 2768 3040 in
2802 2987 3024 3054 mundo,
3065 2991 3201 3047 satis
3234 2994 3526 3064 scriptores,
3555 2993 3648 3048 satis
3666 2991 3720 3060 qui

2248 3077 2450 3132 habent
2499 3079 2744 3146 peritiam
2791 3081 3012 3144 artium,
3050 3097 3156 3137 non
3206 3094 3291 3140 est
3339 3101 3462 3156 opus
3494 3095 3541 3139 ut
3567 3099 3638 3152 ego
3671 3097 3720 3134 me

562 3199 766 3240 vacuos
781 3197 900 3236 esse
930 3181 1317 3246 considerant;
1345 3189 1606 3248 tantoque
1639 3178 1852 3233 facilius
1883 3179 1947 3232 ad
1976 3177 2144 3248 pteni-
2175 3147 2214 3202 C
2251 3167 2476 3222 dicendo
2505 3168 2743 3240 fatigem.
2784 3170 3048 3228 Praeterea
3082 3147 3387 3244 pueritiam.
3414 3176 3512 3245 jam
3533 3147 3720 3241 exuijaa

565 3275 792 3332 tentiam
819 3283 1375 3340 revocantur,quanto
1400 3269 1604 3342 plures,
1627 3281 1682 3326 et
1709 3269 1846 3325 forte
1858 3270 2145 3325 debiliores

564 3382 624 3422 se
639 3368 778 3420 bona
791 3365 1001 3435 operari
1017 3365 1095 3422 eis
1109 3367 1433 3418 referuntur.
1452 3361 1530 3418 Sit
1550 3363 1864 3433 igituromni
1881 3361 2145 3416 Christia-

569 3474 640 3514 no
656 3459 709 3514 in
725 3457 904 3514 sedula
921 3455 1310 3512 consuetudine
1323 3470 1536 3526 semper
1547 3459 1685 3509 bona
1705 3453 1770 3508 de
1783 3453 1900 3507 aliis
1910 3455 2146 3508 aestima-

565 3565 644 3614 re,
675 3548 817 3605 bona
833 3548 1004 3619 loqui,
1029 3545 1302 3602 uihilmali
1330 3546 1556 3600 credere
1601 3545 1843 3616 nihilque
1877 3543 2143 3616 proferre.

1124 3637 1352 3694 CAPUT
1390 3637 1562 3694 CLIII.

915 3731 994 3787 De
1020 3732 1258 3795 scientia,
1294 3729 1556 3785 voluntate
1594 3740 1640 3784 et
1677 3747 1798 3784 usu.

633 3826 770 3881 Cum
801 3826 854 3880 in
899 3824 1152 3880 ouinihus
1189 3823 1259 3854 ’⁸⁸
1311 3808 1614 3878 actionibus
1650 3822 1848 3878 nostris
1907 3837 2144 3877 summo-

563 3931 694 3986 pere
715 3915 1064 3986 quairendnm
1097 3913 1170 3968 sit
1192 3912 1264 3944 ⁸⁸⁵
1291 3921 1349 3965 ut
1373 3912 1497 3966 boni
1529 3911 1718 3975 simus,
1747 3911 1984 3980 alioquin
2002 3911 2143 3966 beati

561 4022 682 4063 esse
712 4021 819 4060 non
863 4005 1184 4076 poterimus,
1236 4003 1586 4074 quaerendum
1620 4002 1784 4057 etiam
1815 4010 1901 4057 est
1949 4002 2146 4071 quibus

563 4099 744 4164 potius
792 4098 1046 4152 utendum
1093 4095 1166 4148 sit
1206 4103 1264 4149 ut
1293 4091 1762 4149 bonieflieiantur.
1809 4091 1932 4148 Tria
1961 4093 2146 4162 itaque

567 4191 699 4243 mihi
741 4203 864 4242 esse
920 4187 1171 4241 videntur
1225 4201 1346 4254 qua:
1403 4185 1712 4241 necessaria
1771 4194 1897 4240 sunt
1945 4184 2143 4240 volenti

567 4277 704 4334 effici
727 4281 922 4340 bonus,
953 4277 1158 4330 scilicet
1182 4276 1430 4340 scientia,
1469 4276 1719 4332 voluntas
1747 4285 1799 4328 et
1825 4277 1973 4331 u'sus.
2009 4273 2142 4329 Nam

567 4369 669 4423 nisi
700 4368 821 4439 quis
849 4367 1044 4422 babeat
1079 4365 1358 4421 scientiam
1409 4365 1610 4420 bonum
1637 4363 1892 4430 faciendi,
1936 4379 2142 4434 nequa-

2248 3261 2510 3314 scnectuti
2549 3261 2938 3332 appropinquo,
2991 3280 3090 3318 nec
3125 3267 3235 3334 iant
3281 3283 3480 3336 possem
3511 3267 3566 3298 ’τ’
3590 3267 3720 3320 δάπιδα

2248 3364 2408 3417 gnum
2454 3351 2692 3406 scientia:
2725 3349 2958 3408 fructum
3008 3357 3221 3424 venire,
3253 3359 3297 3413 si
3340 3361 3487 3414 modo
3517 3359 3718 3426 inciperem

2249 3441 2513 3496 laborare.
2538 3463 2555 3494 ι
2581 3442 2672 3498 Sic
2701 3460 2882 3500 secum
2913 3448 3066 3518 piger
3088 3458 3310 3517 tractat,
3333 3461 3386 3508 et
3407 3451 3453 3504 in
3474 3451 3540 3506 sui
3567 3445 3720 3516 torpori:

2247 3530 2452 3585 desidia
2483 3545 2813 3601 perseverat.
2858 3535 3032 3592 Simili
3063 3541 3232 3594 etiam
3261 3541 3416 3596 modo
3441 3551 3720 3608 nonnunquzm

2247 3635 2500 3690 pet-calor
2533 3625 2774 3680 irretitur
2823 3643 2890 3680 ne
2937 3627 3004 3682 ad
3040 3629 3196 3686 bona:
3245 3633 3548 3702 operationis
3585 3629 3718 3684 exerci-

2250 3715 2380 3766 tium
2422 3714 2710 3783 aliquando
2749 3725 3028 3787 exsurgat.
3061 3716 3215 3773 Solet
3244 3721 3386 3774 enitn
3425 3720 3668 3788 contingere
3685 3723 3721 3767 It

2249 3803 2296 3857 is
2324 3803 2412 3872 qui
2451 3804 2676 3860 luxnria:
2704 3805 3117 3876 inquinamento
3167 3809 3421 3878 fil-datur,
3447 3811 3720 3864 interdum»

2249 3893 2534 3964 metipsum
2567 3907 2877 3967 cognoscat,
2903 3907 2956 3954 et
2987 3897 3112 3954 facti
3144 3900 3227 3954 sui
3259 3903 3525 3970 poeniteat;
3551 3897 3622 3951 sed
3643 3907 3719 3948 cum

2248 3985 2443 4040 iterum
2466 3988 2690 4042 tentatio
2718 3989 3022 4055 advenerit,
3047 3989 3270 4045 etlocus
3299 3989 3534 4061 peccandi
3555 3985 3718 4040 adserit.

2249 4079 2412 4134 dicit:
2454 4097 2472 4131 ι
2509 4078 2688 4147 Quare
2733 4080 2894 4136 istam
2941 4082 3274 4152 voluptatem
3324 4077 3596 4153 perderem?
3629 4075 3720 4128 Satis

2247 4153 2410 4224 etiam
2439 4169 2576 4224 banc
2604 4170 2893 4226 admittere
2948 4183 3160 4242 potero,
3185 4173 3326 4228 sicut
3363 4185 3417 4228 et
3443 4171 3602 4224 multas
3635 4167 3720 4218 διῆκε

2248 4261 2379 4327 feci;
2412 4274 2464 4316 et
2495 4263 2546 4316 in
2580 4265 2761 4317 futuro
2785 4279 2906 4318 cum
2932 4265 3160 4320 satiatus
3187 4264 3361 4328 fuero,
3383 4264 3538 4319 omnia
3561 4262 3600 4314 ia
3619 4255 3718 4312 simul

2248 4355 2570 4420 confitebor,
2591 4363 2645 4410 et
2670 4355 2748 4410 sic
2778 4356 2950 4410 bonus
2976 4355 3199 4411 efficiar.
3233 4357 3476 4412 Satiabor
3505 4355 3642 4424 igitur,
3660 4347 3719 4400 duo

563 4476 725 4530 quam
777 4458 1000 4523 bonum,
1056 4457 1196 4510 unde
1241 4455 1472 4510 salutem
1513 4465 1899 4523 consequatur,
1927 4456 2141 4524 operari
2175 4485 2224 4544 Β
2255 4463 2353 4500 IICC
2381 4449 2486 4501 ι)εο
2512 4449 2575 4500 de
2605 4448 2856 4502 omnibus
2877 4449 2952 4480 ’⁷³
2977 4449 3339 4513 επιῖεΐειοίεπη;
3373 4457 3421 4502 ει
3449 4457 3554 4500 lum?
3581 4449 3718 4495 ¹έ¹¹¹¹¹¹¹¹¹

559 4549 784 4622 poterit.
813 4549 883 4603 Et
929 4548 974 4602 si
1012 4547 1173 4601 habet
1200 4543 1507 4609 scientiam,
1532 4544 1626 4599 sed
1657 4544 1986 4599 voluntatem
2017 4561 2148 4616 ope-

561 4643 718 4700 randi
741 4657 848 4698 non
870 4641 1148 4704 habuerit,
1179 4637 1352 4694 bonus
1386 4637 1531 4692 nullo
1559 4637 1717 4692 modo
1739 4639 1843 4692 erit
1869 4637 1960 4692 ³⁸⁷.
1991 4637 2144 4705 Quod

559 4735 604 4791 si
633 4734 762 4790 boni
808 4731 1138 4804 agnitionem
1189 4739 1244 4784 et
1303 4728 1634 4782 voluntatem
1686 4727 1941 4797 oper-andi
2005 4729 2148 4784 obti-

561 4825 758 4889 nuerit,
809 4839 912 4880 nec
953 4832 1130 4878 tamen
1193 4819 1312 4890 ejus
1367 4835 1522 4874 usum
1575 4835 1736 4890 opere
1771 4820 2142 4890 compleverit,

560 4934 684 4973 eum
709 4917 903 4987 possit.
934 4916 1108 4970 bonus
1141 4928 1480 4982 nequaquam
1507 4912 1630 4966 erit.

2249 4539 2522 4608 ieiunabo,
2552 4549 2677 4594 tunc
2701 4549 2778 4594 tot
2827 4539 3229 4608 afﬂictionibus,
3261 4551 3340 4595 tut
3369 4539 3630 4596 verberibus
3647 4543 3720 4584 crr-

2249 4648 2349 4700 pus
2380 4647 2556 4686 meum
2579 4633 2874 4700 castigabo.
2925 4643 3131 4688 tantum
3163 4633 3504 4704 υΙίιριιιοεγιιίε
3533 4637 3576 4682 el
3603 4621 3718 4694 Ρπτί⁴

2249 4726 2441 4779 monia:
2473 4725 2546 4756 '7‘
2569 4725 2818 4790 studebo,
2851 4735 2910 4780 ut
2953 4726 3007 4780 in
3035 4743 3121 4781 me
3153 4729 3282 4781 nihil
3314 4719 3716 4786 remaneatdigmml

2246 4817 2531 4888 supplicio.
2561 4817 2692 4871 Cum
2711 4819 2854 4872 enim
2887 4819 3065 4874 adhuc
3089 4819 3172 4873 illa
3204 4831 3258 4874 et
3305 4821 3386 4873 illa
3417 4819 3464 4872 iu
3492 4831 3560 4868 me
3585 4811 3718 4863 restem

2246 4914 2290 4966 si
2300 4925 2364 4966 ue
2373 4925 2474 4967 con
2483 4911 2733 4976 fessione,
2749 4925 2845 4964 cur
2859 4925 2945 4964 me
2955 4909 3024 4964 ab
3037 4911 3139 4966 hac
3154 4911 3264 4966 sola
3278 4895 3718 4980 compescerenter

1859 5063 2092 5118 νΛΒΙᾸΞ
2133 5061 2538 5118 LECTIONES.

632 5180 702 5211 ’⁸³
725 5179 988 5234 Caeterum
1033 5193 1160 5234 vero
1195 5179 1336 5232 sicut
1381 5192 1488 5230 mss
1525 5175 1658 5230 Vict.
1699 5173 1853 5229 (λοι-ὸ.
1900 5177 2002 5231 507
2053 5187 2307 5232 caeterum
2365 5176 2505 5229 sicut

559 5251 906 5318 gratiosiores
975 5248 1046 5282 "'
1068 5249 1131 5302 Α.
1165 5249 1299 5304 Cum
1342 5247 1758 5318 omnibusin”.
1803 5245 1934 5299 Vict.
1967 5246 2120 5300 Corlt.
2151 5258 2196 5301 et
2221 5245 2370 5318 ﬁdit.
2402 5245 2512 5318 Col.
2547 5246 2749 5318 omnin
2783 5245 3034 5300 Omnibus

1412 5317 1480 5348 ⁸⁸⁷
1525 5315 1680 5370 Nullo
1727 5318 1886 5369 modo
1916 5327 2000 5371 est
2054 5335 2178 5372 mss.
2221 5315 2356 5370 Vict.
2389 5317 2545 5370 ϐου-ὑ.
2583 5315 2726 5369 nullo
2752 5319 2910 5369 modo
2935 5320 3036 5369 erit

1841 5387 1910 5421 π’
1938 5388 2342 5441 Cuntemncndo
2371 5387 2534 5440 etiam
2559 5391 2742 5439 (llt‘lllll
2775 5401 2880 5438 mss
2919 5385 3048 5439 Vict.
3081 5385 3234 5439 Corb.
3267 5397 3312 5438 et
3364 5375 3493 5436 linit.
3517 5375 3605 5429 Col.
3633 5381 3714 5440 tott-

577 5317 709 5372 Vict.
751 5321 1094 5386 qmerendnm
1128 5321 1288 5373 etiam

570 5387 706 5441 Vict.
737 5387 892 5442 (ἐστίν.
935 5399 983 5441 et
1026 5389 1168 5442 Edit.
1201 5387 1316 5441 Col.
1351 5403 1453 5441 non
1482 5387 1733 5456 cognovit

561 5459 850 5512 tetnuendo
893 5459 1078 5512 dicunt
1148 5459 1218 5490 °"°
1251 5459 1341 5512 Eis
1376 5457 1499 5510 talia
1536 5473 1638 5510 mss
1684 5456 1818 5510 Vict.
1851 5456 2004 5510 Corb.
2042 5470 2088 5510 et
2129 5457 2273 5510 Edit.
2304 5457 2418 5510 Col.
2445 5459 2561 5522 ejus
2597 5459 2721 5510 talia
2819 5457 2888 5487 9“
2919 5457 3159 5522 Amplius
3187 5471 3396 5522 quoque
3431 5456 3656 5518 dicunliéj

1949 5527 2017 5557 ’τ’
2048 5527 2156 5581 Nec
2198 5529 2308 5596 jam
2358 5517 2575 5595 possunt
2629 5545 2732 5578 mss
2774 5525 2906 5580 Vict.
2938 5517 3092 5580 (loro.
3146 5517 3511 5596 et'lfd'it.__(_}ol.
3545 5517 3712 5596 tIrt’t‘plif'

560 5545 666 5582 mss
712 5537 758 5582 et
805 5526 953 5580 Edit.
997 5523 1111 5580 Col.
1155 5528 1384 5596 amplius
1419 5543 1667 5597 quoque,
1715 5527 1849 5597 satis

560 5613 772 5666 possunt
847 5598 919 5629 ³⁷⁸
954 5599 1132 5654 Donec
1171 5599 1278 5653 Deo
1321 5599 1388 5653 de
1429 5596 1679 5654 Omnibus
1710 5615 1786 5652 ms
1823 5596 1955 5651 Vict.
1989 5597 2155 5654 donec
2181 5603 2246 5652 de
2280 5597 2531 5652 omnibus

551 5668 900 5738 parsimonia

2605 5175 2673 5206 ⁸⁸⁸
2705 5175 2916 5241 Quanto
2940 5175 3294 5246 rgloriosiores
3331 5191 3404 5228 ms
3453 5170 3560 5246 Vict.
3585 5167 3716 5246 quarto

3131 5247 3202 5280 m
3231 5245 3552 5311 Qua-rendam
3583 5243 3642 5314 est
3669 5239 3716 5278 sn

3137 5316 3208 5348 ἐ’
3239 5321 3345 5368 non
3379 5311 3630 5380 cognoverit
3651 5311 3714 5348 Il“

2819 5437 2888 5487 “’7’
2919 5437 3159 5524 Amplius
3187 5437 3396 5524 qnoque
3429 5437 3714 5524 dicuntzsalij

2639 5597 2708 5630 9“
2737 5599 2803 5651 Et
2843 5599 3182 5667 parsimoniis
3231 5611 3350 5649 mss.
3387 5591 3499 5646 Vict.
3541 5595 3578 5638 et
3611 5575 3710 5634 (ἐστὶ
