3870 6304
54 378 169 429 689

1093 379 1219 433 LIB.
1253 381 1339 434 DE
1372 378 1430 435 Β.
1470 380 1769 435 ANSELMI
1804 381 2397 441 SlMIlJTUDINIBUS.

3220 390 3346 446 6%.

51 492 366 547 natione?»
397 491 543 546 Talia
575 492 816 547 nonnulli
850 494 1117 548 interdum
1136 496 1353 551 sibimet
1377 497 1505 566 ipsis
1523 512 1648 564 pra-
1679 501 1724 557 Α
1756 498 2229 565 sermocinatione,
2262 499 2485 553 scientia
2535 499 2853 569 acquiritur.
2888 500 3021 569 Quia
3051 517 3169 558 cum
3199 505 3359 573 quis~

50 601 117 637 ve
152 583 478 647 consulunt;
519 599 618 637 nec
656 585 838 639 miseri
885 589 1169 641 attendunt
1201 598 1400 655 quanta
1441 592 1643 643 erroris

49 674 291 744 caligine
338 675 565 728 interius
614 675 1057 731 obtenebrentur.
1102 678 1234 732 Nam
1267 690 1472 747 quanto
1515 692 1640 735 sunt

50 764 298 831 peccatis
322 762 540 833 obligati
574 767 884 836 majoribus,
912 783 975 823 ac
991 768 1237 824 bonitate
1265 773 1636 840 pauperiores,

48 864 208 910 Muto
236 856 497 911 deberem
531 872 651 912 esse
680 859 745 911 ad
789 873 950 913 omne
976 861 1427 917 delectameutum
1456 866 1643 919 diabo-

49 948 174 1001 lica:
236 948 598 1019 suggestionis
644 952 1026 1006 excutiendum
1073 956 1436 1011 ardentiores.
1487 956 1641 1014 Sicut

50 1039 200 1091 enim
239 1039 413 1094 virtus
460 1040 644 1095 virtuti
696 1044 1032 1097 accumulata
1058 1048 1298 1114 prodest,
1345 1050 1421 1103 sic
1454 1051 1638 1105 vilium

49 1128 360 1197 appositum
400 1129 529 1183 vitio
572 1130 745 1183 obest.
799 1130 1058 1201 Quisquis
1112 1150 1242 1203 ergo
1284 1138 1443 1192 hodie
1484 1140 1640 1208 quid-

48 1236 217 1289 quam
249 1220 377 1274 boni
406 1219 621 1288 operari
642 1222 713 1253 ’⁷⁸
739 1232 932 1291 potest,
959 1226 1266 1282 nullatenus
1297 1230 1398 1285 hoc
1422 1246 1644 1299 procra-

50 1316 262 1368 stinare
313 1312 491 1368 debet.
534 1314 686 1370 Unde
734 1315 1022 1372 Salomon:
1057 1320 1422 1393 Quodcunque
1474 1337 1641 1393 potest

48 1421 239 1458 manus
272 1414 363 1458 tua
393 1405 585 1474 facere,
631 1409 888 1462 instanter
930 1427 1170 1479 operare,
1199 1415 1325 1485 quia
1359 1432 1450 1470 nec
1490 1435 1640 1488 opus,

50 1511 138 1548 nec
166 1498 330 1562 ratio,
359 1512 453 1549 nec
483 1498 762 1568 sapientia,
788 1518 880 1555 nec
902 1505 1120 1558 scientia
1147 1517 1223 1560 est
1274 1511 1414 1563 amid
1444 1511 1641 1580 inferos

48 1586 255 1655 (Eccle.
295 1603 373 1655 lx,
406 1589 519 1661 10).
916 1596 917 1599 “

472 1702 475 1705 δ
621 1683 849 1741 CAPUT
896 1685 1073 1743 CLVI.

118 1769 437 1825 Similitudo
466 1775 602 1828 inter
634 1794 909 1847 pauperes,
943 1781 1133 1836 stultos
1160 1794 1206 1836 et
1233 1786 1565 1857 negligentes.

118 1858 322 1914 Verum
352 1863 652 1930 lmjusmodi
693 1868 942 1925 homines
975 1874 1045 1926 ita
1073 1874 1123 1927 in
1158 1880 1430 1944 peccando
1469 1882 1639 1950 negli-

50 1961 234 2044 gentes
272 1954 553 2012 imitantur
576 1961 736 2015 ctiam
789 1977 1057 2033 pauperes
1089 1964 1425 2037 insipientes.
1453 1970 1639 2044 Siqui-

48 2043 162 2095 dem
211 2060 428 2115 pauper
480 2049 755 2120 insipiens,
811 2068 931 2109 cum
980 2057 1194 2112 obolum
1245 2063 1499 2131 acquirit,
1536 2043 1640 2121 aut

46 2135 185 2188 aliud
222 2138 361 2205 quid
407 2142 557 2209 parvi
590 2146 914 2211 munusculi,
963 2148 1135 2203 dicit:
1174 2169 1191 2201 ι
1222 2151 1303 2205 Ad
1344 2153 1472 2222 quid
1511 2156 1639 2213 illud
1690 2212 1693 2215 γ

47 2227 320 2282 tantill-tnt
366 2226 679 2287 servarem?
720 2234 833 2289 Non
888 2249 1109 2307 propter
1154 2239 1256 2295 hoc
1317 2243 1470 2299 dives
1520 2261 1634 2303 ero.

50 2314 367 2386 Expeudam
406 2322 588 2392 itaque
639 2326 741 2380 hoc
798 2326 850 2381 in
899 2330 1095 2396 pomis,
1141 2342 1230 2385 aut
1264 2335 1511 2399 nucibus,
1546 2348 1637 2392 aut

51 2411 289 2478 qualibet
324 2413 429 2467 alia
465 2429 521 2469 re
560 2417 687 2471 mihi
733 2420 1063 2477 delectabili.
1114 2422 1227 2478 Non
1289 2428 1433 2480 enim
1494 2431 1636 2487 istud

48 2500 404 2558 custodiendo
426 2505 686 2562 sollicitus
714 2511 832 2565 volo
851 2512 1063 2568 haberi.
1088 2534 1106 2567 ι
1131 2515 1222 2569 Sic
1245 2520 1490 2586 stolidus,
1507 2525 1633 2579 dum

50 2594 392 2683 parvipendit
438 2600 671 2668 modica,
721 2618 993 2674 nunquam
1046 2608 1258 2677 prolicit
1310 2615 1377 2669 ad
1409 2616 1633 2683 majora.

50 2678 275 2748 Sapiens
297 2693 478 2740 autem
510 2703 713 2759 pauper
740 2707 900 2760 parva
931 2711 1051 2765 qua:
1078 2702 1426 2766 uaneiscitur,
1457 2678 1637 2761 custo-

50 2768 141 2832 dit,
184 2780 386 2842 etquo
435 2779 613 2833 minus
645 2796 702 2835 se
744 2782 945 2841 habere
996 2791 1320 2855 considerat,
1357 2810 1423 2850 eo
1466 2799 1635 2868 magis

52 2872 199 2917 nacta
239 2866 487 2923 retinere
524 2869 820 2941 desiderat,
861 2886 1128 2944 quatenus
1176 2898 1240 2936 ex
1289 2866 1633 2953 parvulorum

51 2958 299 3048 congerie
334 2963 397 3014 ad
428 2960 631 3031 majora
663 2976 826 3034 queat
864 2972 1189 3041 quandoque
1221 2980 1632 3048 pertingere’".

54 3043 136 3100 Sic
161 3047 427 3103 nimirum
452 3052 497 3106 is
522 3054 612 3123 qui
651 3069 709 3110 se
738 3073 1028 3128 pauperem
1070 3043 1309 3119 scientia:
1335 3043 1632 3125 acbonita-

56 3136 116 3191 tis
170 3139 349 3194 sentit
402 3142 560 3198 debet
607 3144 808 3212 facere,
865 3150 909 3204 si
967 3153 1035 3207 ad
1094 3155 1328 3225 aliquem
1383 3158 1631 3216 elfectnm

51 3229 287 3329 scientiae
346 3248 409 3287 ac
457 3236 717 3329 bonitatis
768 3240 896 3297 velit
937 3247 1243 3314 pervenire.
1304 3249 1436 3304 Nam
1497 3256 1635 3307 sicut

49 3316 189 3383 plura
246 3335 423 3390 grana
485 3316 740 3396 massam,
792 3340 846 3385 et
890 3324 1053 3402 gutta:
1111 3335 1328 3403 ﬂumen,
1384 3348 1436 3393 ct
1484 3344 1637 3398 multi

50 3412 243 3465 nummi
275 3412 499 3468 divitem
528 3414 750 3486 faciunt;
787 3423 865 3478 sic
899 3427 1082 3482 multm
1115 3430 1469 3488 scientiarum
1504 3452 1634 3490 seu-

53 3500 221 3593 tontia:
248 3503 329 3533 ""
361 3506 694 3575 sapientem,
748 3521 802 3567 et
848 3514 1032 3584 plures
1074 3519 1330 3577 bonitatis
1369 3526 1635 3593 actiones,

48 3584 237 3646 bonum
264 3598 566 3663 quemlibet
598 3600 856 3659 elliciunt.

602 3696 831 3755 CAPUT
870 3701 1067 3759 CLVII.

296 3777 377 3834 De
405 3784 620 3838 scientia
660 3798 708 3842 et
745 3791 909 3847 tribus
957 3798 1194 3865 partibus
1238 3818 1371 3871 ejus.

113 3868 241 3923 Cum
309 3872 470 3942 igitur
518 3879 744 3935 scientia
799 3885 871 3939 sit
916 3894 1223 3949 necessaria
1259 3868 1332 3952 tut
1360 3898 1430 3931 ³⁷⁸
1462 3899 1635 3957 bonus

52 3958 161 4025 quis
180 3960 477 4030 eﬂiciatur,
506 3976 562 4021 et
611 3973 959 4033 manifestum
992 3981 1062 4035 sit
1086 3983 1290 4039 nullum
1330 4002 1448 4042 eam
1477 4006 1634 4059 posse

51 4053 530 4153 comprehendere,
564 4062 656 4130 qui
708 4066 960 4125 minimas
1019 4071 1134 4140 ejus
1185 4087 1365 4144 partes
1414 4053 1636 4153 negligit

51 4139 303 4211 colligere
359 4146 492 4217 (nisi
526 4149 662 4208 forte
694 4156 817 4226 quis
869 4139 1056 4217 subito,
1088 4139 1439 4235 illulninetur,
1483 4139 1633 4228 sicut

54 4236 268 4334 apostoli
305 4247 357 4334 et
389 4243 708 4334 prophetae),
744 4254 1096 4318 qumrendum
1132 4265 1211 4312 est
1242 4265 1511 4328 quomodo
1535 4280 1632 4334 per

56 4326 277 4390 gratiam
310 4328 401 4384 Dei
447 4332 593 4388 illaut
626 4338 899 4397 valeamus
938 4326 1487 4416 acquirerei'l‘ribus
1523 4326 1627 4411 ita-

55 4429 151 4484 que
180 4423 364 4516 causis
393 4424 607 4482 videtur
636 4432 764 4486 mihi
799 4434 942 4491 illam
976 4456 1135 4508 posse
1159 4442 1406 4516 adipisci,
1433 4448 1631 4503 doctri-

56 4522 117 4562 na
149 4514 375 4581 scilicet,
418 4523 794 4590 experimento
822 4537 876 4582 et
907 4533 1134 4587 ratione.

595 4612 820 4672 CAPUT
866 4609 1085 4678 CLvu't.

654 4707 731 4761 De
766 4710 1028 4769 doctrina.

120 4786 221 4842 Per
250 4792 554 4850 doctrinam
607 4801 823 4870 quippe,
862 4820 979 4873 qua:
1032 4810 1244 4877 capitur
1291 4812 1523 4871 lectione
1573 4828 1630 4873 et

1750 591 1875 660 legit
1904 592 1995 655 θη,
2028 600 2121 644 aut
2158 591 2424 660 legentem
2452 592 2564 647 sive
2596 592 2903 663 loquentem
2931 594 3101 658 audit,
3129 595 3195 650 ad
3220 598 3323 652 hoc

1745 692 1802 734 ut
1840 696 2027 735 eorum
2077 696 2197 749 qua;
2230 682 2480 753 leguntur
2525 685 2637 740 sive
2681 685 2989 741 referuntur
3033 688 3331 743 scientiam.

1744 775 1960 839 habeat,
1987 775 2239 830 intendit.

2243 920 2251 927 ν
2307 894 2389 947 CA
2402 893 2538 949 PUT
2576 894 2754 951 CLIX.

2136 989 2209 1044 De
2239 991 2586 1061 experimento
2620 1002 2667 1045 et
2694 990 2913 1047 ratione.

1813 1080 2196 1151 Experimento
2236 1096 2365 1137 vero
2414 1081 2717 1149 acquiritur
2776 1083 3021 1147 scientia,
3073 1100 3193 1139 cum
3247 1086 3324 1141 rei

1744 1185 1906 1241 quam
1949 1170 2141 1239 aliquis
2178 1171 2446 1240 probavit,
2489 1182 2695 1226 certam
2737 1170 2899 1227 habet
2947 1175 3207 1228 notitiam.
3243 1175 3325 1231 Ex

1744 1263 1957 1317 ratione
1976 1260 2046 1292 “8°
2078 1275 2294 1332 quoque
2339 1262 2657 1331 percipitur,
2710 1278 2832 1317 eum
2880 1278 2979 1332 per
3026 1263 3323 1318 naturalem

1744 1357 1941 1412 mentis
1968 1356 2346 1412 discretionem
2382 1355 2432 1409 in
2461 1354 2566 1410 illis
2586 1370 2706 1425 qum
2732 1353 2977 1409 facienda
3007 1354 3125 1409 sive
3155 1356 3322 1409 omit-

1746 1452 1903 1504 tenda
1931 1460 2074 1513 sunt,
2107 1450 2230 1519 quis
2253 1448 2533 1505 solidatur.
2566 1448 2803 1504 Scientia
2835 1450 3000 1519 igitur
3040 1449 3126 1503 his
3154 1450 3326 1503 tribus

1746 1542 1907 1596 rebus
1948 1542 2265 1610 acquiritur.
2304 1539 2409 1596 Sed
2440 1540 2564 1611 quia
2594 1540 2765 1605 inﬂat,
2800 1541 2903 1595 nisi
2942 1556 3059 1595 eam
3086 1541 3329 1594 charilas

1742 1632 1991 1697 tedilicet,
2027 1632 2160 1687 nihil
2190 1647 2417 1702 prorsus
2445 1630 2659 1702 prolicit
2685 1632 2890 1701 absque
2926 1632 3203 1687 voluntate
3227 1633 3326 1686 bo-

1744 1724 1947 1777 nitatis.
1982 1722 2243 1778 Voluntas
2292 1724 2475 1794 itaque
2514 1723 2655 1778 bona
2704 1734 2808 1788 est,
2860 1738 2980 1794 qua:
3016 1724 3110 1777 Dei
3138 1723 3329 1777 volun-

1671 1800 1844 1901 Btati
1874 1813 2113 1882 subjecta
2157 1822 2270 1879 est;
2318 1829 2437 1884 quae
2467 1821 2595 1867 tunc
2628 1812 2891 1867 voluntati
2940 1813 3033 1866 Dei
3081 1812 3327 1883 subjecta

1746 1914 1846 1969 est,
1878 1906 2095 1976 quando
2129 1906 2179 1960 id
2208 1906 2322 1960 vult
2346 1905 2487 1975 quod
2517 1905 2658 1961 Deus
2705 1906 2821 1959 vult
2852 1921 2971 1961 eam
3004 1905 3137 1959 velle
3160 1905 3322 1959 debe-

1746 2014 1838 2062 re;
1879 2008 1931 2051 et
1958 1996 2250 2066 tuucjusta
2284 1997 2396 2052 sive
2425 2006 2568 2049 recta
2606 1997 2826 2061 dicitur,
2858 1997 3074 2065 quando
3102 1995 3154 2051 id
3184 1997 3327 2067 quod

1746 2088 1887 2143 Deus
1908 2088 2019 2144 vult
2048 2105 2167 2144 eam
2204 2090 2343 2147 velle
2365 2090 2583 2157 debere,
2616 2088 2985 2158 amplectitur.

2326 2203 2554 2262 CAPUT
2592 2203 2748 2260 CLX.

1816 2315 1966 2380 Quod
1985 2332 2088 2369 non
2115 2330 2317 2385 semper
2341 2315 2586 2370 debemus
2616 2314 2745 2369 velle
2781 2314 2920 2384 quod
2956 2313 3099 2369 Deus
3124 2324 3254 2369 utut.

1813 2405 1927 2460 Non
1961 2406 2104 2461 enim
2129 2421 2348 2477 semper
2394 2407 2529 2462 velle
2561 2405 2823 2462 debemus
2846 2406 2989 2476 quod
3023 2407 3166 2463 Deus
3195 2407 3328 2472 vult,

1742 2498 1836 2553 sed
1879 2499 2025 2568 quod
2077 2498 2221 2553 Deus
2278 2498 2347 2531 ⁸⁸³
2403 2500 2518 2553 vult
2562 2514 2662 2554 nos
2698 2499 2838 2554 velle
2874 2498 3095 2554 debere.
3143 2497 3328 2555 Voluit

1741 2588 1884 2643 enim
1926 2588 2068 2643 Deus
2117 2589 2335 2643 beatum
2364 2588 2657 2644 Martinum
2692 2591 2761 2643 ab
2799 2589 2902 2644 hac
2940 2589 3049 2644 vita
3099 2589 3324 2654 tollere;

1742 2680 1839 2734 sed
1874 2679 1918 2733 si
1947 2677 2064 2746 ejus
2092 2679 2341 2749 discipuli
2393 2680 2495 2734 hoc
2547 2688 2676 2733 tunc
2710 2678 3033 2742 voluissent,
3082 2679 3329 2733 crudeles

1741 2770 1928 2840 utique
1953 2770 2309 2826 exstitissent.
2357 2772 2431 2825 At
2473 2769 2928 2840 nolueruntquod
2966 2769 3108 2825 Deus
3134 2771 3327 2836 voluit,

1741 2862 1837 2917 sed
1882 2862 2168 2917 voluerunt
2197 2863 2338 2932 quod
2372 2863 2513 2917 Deus
2544 2862 2712 2917 voluit
2741 2877 2835 2917 eos
2864 2861 3002 2916 velle
3018 2862 3236 2926 debere,
3268 2871 3325 2916 et

1739 2950 1906 3006 vitam
1941 2952 2252 3023 “'justitite
2278 2962 2518 3007 tenuere.
2552 2952 2651 3019 Qui
2673 2967 2802 3024 ergo
2824 2968 2945 3008 cum
2973 2953 3201 3008 scientia
3232 2968 3328 3007 vo-

1738 3041 2002 3098 luntatetn
2051 3045 2186 3098 bene
2233 3044 2491 3111 operandi
2538 3052 2738 3112 portat,
2795 3044 3031 3098 maxima
3073 3058 3137 3098 ex
3172 3056 3326 3113 parte

1732 3134 1963 3190 bonitati
1994 3136 2410 3206 appropinquat.
2440 3135 2591 3191 Unde
2618 3136 2896 3190 sciendum
2925 3145 3007 3191 est
3035 3137 3161 3205 quia
3193 3138 3318 3205 qui.

1661 3221 1702 3276 C
1735 3243 1948 3298 cunque
1970 3226 2166 3283 bonam
2195 3228 2523 3283 voluntatem
2555 3228 2753 3283 habere
2780 3228 3070 3291 desiderat,
3102 3242 3328 3285 “CCCS?0

1738 3327 1903 3374 estut
1935 3336 1963 3373 a
1996 3320 2234 3373 vanitate
2276 3334 2398 3375 sese
2454 3319 2694 3373 alienare
2728 3320 2967 3374 studeat.
3010 3318 3148 3375 Nam
3181 3321 3326 3374 sicut

1738 3427 1844 3466 una
1866 3411 2108 3481 operatio
2132 3411 2292 3465 aliam
2316 3428 2344 3464 a
2369 3427 2428 3467 se
2450 3412 2721 3466 diversam
2747 3411 3118 3480 operationem
3142 3410 3328 3466 exclu-

1738 3502 1839 3566 dit,
1869 3502 1952 3558 sic
1989 3502 2249 3571 cogitatio
2277 3502 2662 3572 cogitationem
2693 3501 2939 3571 expellit.
2983 3510 3040 3555 et
3071 3501 3325 3556 voluntas

1738 3594 2090 3671 nihilominus
2122 3592 2453 3649 voluntatem
2504 3596 2737 3665 repellit.
2776 3594 2909 3649 Cum
2957 3593 3103 3647 enim
3156 3608 3324 3647 manu

1736 3688 1939 3751 scribo,
1970 3702 2076 3740 non
2105 3702 2295 3755 agrum
2326 3688 2562 3755 semine;
2596 3687 2785 3743 deinde
2815 3686 2978 3741 etiam
3002 3700 3125 3740 cum
3156 3685 3327 3740 senti-

1736 3795 1959 3845 navero,
1987 3778 2338 3846 scriptionem
2365 3780 2610 3836 excludo.
2638 3779 2728 3833 Sic
2760 3779 2944 3846 utique
2972 3792 3094 3831 cum
3127 3786 3182 3831 et
3213 3776 3329 3847 ipse

1736 3871 1807 3903 ⁸⁸³
1842 3871 2003 3925 inane
2031 3870 2161 3938 quid
2185 3872 2383 3940 cogito,
2417 3887 2523 3925 non
2553 3873 2770 3926 interim
2794 3869 3082 3923 utilitatem
3121 3883 3323 3937 penso;

1728 3972 1790 4019 et
1816 3976 1936 4015 cum
1966 3972 2155 4031 postea
2200 3962 2332 4017 utile
2363 3963 2493 4031 quid
2540 3974 2858 4032 pensavero,
2890 3960 3207 4014 inanitatem
3231 3974 3330 4014 ex-

1736 4051 1873 4121 pello
1903 4052 1992 4105 ⁹⁸⁸.
2025 4052 2118 4106 His
2164 4054 2331 4123 igitur
2360 4068 2480 4121 qua:
2510 4053 2748 4107 diximus
2797 4052 2864 4105 de
2893 4050 3120 4105 scientia
3151 4057 3206 4103 et
3228 4065 3324 4105 γο-

1736 4144 1947 4197 luntate
1979 4146 2330 4210 transcursis,
2356 4144 2636 4199 videamus
2658 4144 2823 4197 etiam
2850 4157 3013 4212 quam
3037 4140 3109 4195 sit
3136 4154 3325 4196 neces.

1735 4235 1911 4290 sarius
1937 4249 2067 4289 usus
2088 4235 2242 4291 bonae
2265 4236 2622 4307 operationis.
3030 4220 3041 4235 ”

2312 4349 2541 4405 CAPUT
2573 4348 2751 4405 CLXI.

2400 4440 2477 4496 De
2520 4458 2638 4497 usu.

1657 4556 1729 4651 D‘
1806 4550 2015 4623 Quippe
2039 4551 2177 4607 sicut
2205 4566 2401 4621 corpus
2427 4550 2854 4610 hmnanumsiue
2878 4555 3144 4625 frequenti
3177 4555 3325 4608 cibo.
3401 4590 3405 4595 ι

1743 4659 1858 4698 rum
1889 4661 1988 4699 usu
2020 4647 2208 4716 nequit
2240 4648 2556 4711 subsistere,
2609 4651 2688 4705 sic
2714 4650 2890 4703 anima
2920 4648 3127 4715 absque
3156 4646 3323 4700 virtu-

1741 4742 1853 4789 tum
1883 4734 2317 4807 frequentatione
2347 4755 2449 4794 non
2494 4749 2669 4810 potest
2708 4741 2911 4794 vivere.
2961 4738 3060 4806 Qui
3093 4754 3222 4809 ergo
3256 4740 3324 4793 ad

1737 4823 1987 4879 elTectum
2065 4827 2324 4883 bonitatis
2380 4830 2564 4885 venire
2615 4830 2903 4892 desiderat,
2958 4844 3181 4883 necesse
3239 4838 3323 4882 est

1371 4970 1603 5027 VARl/E'
1639 4976 2048 5035 LECTIONES.

124 5111 860 5206 230⁸Ῑῇ,(ξρθξὶξλρροι-αιηί
901 5138 1006 5206 γυιὲ
1036 5123 1168 5206 Vliet.
1208 5126 1362 5181 Corb.
1393 5141 1440 5184 et
1473 5130 1615 5206 Edit.
1648 5132 1762 5187 Col.
1786 5135 1941 5188 “boni
1978 5150 2189 5206 operari
2295 5139 2365 5170 ’7“

2443 5148 2612 5194 narrat
2658 5141 2980 5210 quandoque
3017 5142 3328 5211 pertingere

62 5181 309 5273 Et‘ll’ict.
328 5189 822 5273 queat-pertingere
853 5209 929 5273 ius
959 5192 1309 5273 Carbaqueut
1341 5202 1662 5273 quandoque
1690 5181 1996 5273 pertingere
2016 5181 2357 5262 ’κέν’-Μυκη

62 5252 249 5328 {nplge
290 5252 965 5315 sententiarum'scieutiac
998 5280 1074 5316 ms
1115 5252 1267 5317 (lori).
1328 5252 1507 5324 multa:

62 5316 406 5409 immanis
430 5329 583 5409 ,εςυίιη
602 5327 749 5409 tua:
779 5330 1044 5409 “om
1066 5316 1639 5409 ,ριςεςίει.“ῡδέῖ‹ῑιῖίές

68 5395 261 5443 ratione
298 5411 399 5448 mss
430 5395 559 5449 Vict.
596 5395 751 5451 Corb.
784 5410 829 5453 et
865 5399 1007 5454 Edit.
1055 5402 1168 5457 Col.
1202 5406 1277 5459 lix
1326 5395 1551 5462 ratioue‘
1602 5412 1669 5443 93‘

1678 5358 1805 5423 cum
1827 5346 1949 5423 quis
1982 5346 2108 5423 legit
2136 5364 2234 5423 ius.
2277 5346 2431 5401 Corb.
2475 5350 2617 5423 qugd
2649 5350 2922 5423 quisquis:
2938 5352 3063 5423 legit

1700 5415 1805 5485 Sed
1838 5417 1937 5469 hoc
1967 5415 2100 5470 velle
2136 5418 2325 5471 demus
2365 5415 2505 5485 quod
2536 5415 2682 5474 Deus
2728 5415 2830 5475 mis
2880 5415 3014 5476 Vict:
3040 5421 3196 5478 Corb.
3230 5425 3327 5478 sed

1883 5276 1954 5306 ⁸⁷⁸
1981 5277 2060 5327 Ad
2110 5276 2213 5331 hoc
2252 5289 2309 5330 ut
2343 5294 2446 5332 mss
2474 5278 2629 5331 Corb.
2670 5278 2803 5333 Vict.
2829 5291 2875 5334 et
2913 5282 3058 5335 Edit.
3106 5282 3217 5337 Col.
3270 5294 3328 5338 ut

1886 5346 1949 5401 tis
1982 5346 2108 5407 legit
2136 5364 2234 5401 ms.
2277 5346 2431 5401 Corb.
2475 5350 2617 5407 quod
2649 5350 2896 5407 quisquis
2938 5352 3063 5407 leait
3162 5352 3231 5385 ’⁸ο
3260 5354 3327 5407 Et

3309 5366 3327 5407 ι

64 5462 381 5557 ἓξξίῖδηθὲῆιξ,
436 5468 1114 5557 f3“.notaruntnuoll
1146 5473 1287 5557 Qfms
1336 5480 1529 5557 voluit;
1574 5483 1671 5557 sed
1701 5462 2830 5557 autem'tiao‘tbars‘t‘tiargtswafé
2856 5462 3327 5557 ἀὲΗὲἑοῖνέἴῖνῑῖῖηἶ

68 5544 159 5582 mss
188 5543 233 5583 ct
263 5532 401 5589 Etlit.
434 5535 546 5592 Col.
580 5548 633 5591 at
663 5540 946 5595 noluerunt

243 5544 401 5628 fuit:
426 5544 553 5628 [Coll
580 5548 637 5628 at
661 5544 946 5628 nt‘duIerunt
972 5544 1114 5628 quod
1146 5547 1305 5628 Deus
1344 5544 1537 5628 voluit:
1583 5553 1675 5605 sed
1706 5554 1991 5628 voluerunt
2019 5544 2159 5627 quod
2194 5559 2331 5611 Deus
2360 5558 2526 5612 voluit
2551 5544 2653 5616 eos
2672 5562 2804 5616 velle
2833 5544 3069 5628 delicis;
3100 5544 3155 5616 et
3184 5544 3323 5617 viam

354 5616 399 5691 et
424 5607 576 5689 Corb.
610 5611 676 5661 At
708 5600 1157 5691 voluerunt-quod
1199 5616 1336 5691 Deus
1366 5600 1537 5673 voluit

2443 5629 2514 5661 ’⁸³
2544 5631 2633 5702 Sic
2660 5633 2838 5701 itaque
2865 5651 2985 5687 cum
3017 5642 3071 5687 et
3112 5635 3222 5702 ipse
3249 5649 3325 5685 ms

76 5664 179 5721 vi.‘
426 5679 436 5689 ο
918 5664 921 5665 ⁷
954 5664 962 5666 ‘
1024 5664 1088 5707 "‘_'.
1110 5664 1157 5668 "'
1375 5664 1529 5673 “'""'
1562 5664 1652 5703 “"1’
1694 5664 1822 5677 ’νυν
1852 5664 2070 5707 ’ςνυιςιυν
2099 5664 2152 5681 ιιι
2186 5664 2318 5681 ἰαιιι
2544 5664 2633 5686 ωιτν
2661 5664 2838 5701 ιιοιιιυῦ
2865 5664 2985 5687 mu"
3017 5664 3071 5687 (τι
3112 5664 3222 5702 ιγδυ
3249 5664 3325 5685 tuo

76 5696 221 5771 ml”:-
258 5686 537 5771 ll‘E-enlntpse
585 5695 705 5733 cum
738 5696 815 5735 ms
845 5680 1000 5739 Corb.
1047 5701 1123 5739 ste
1165 5696 1349 5757 utique
1392 5706 1513 5744 cum
1547 5701 1594 5745 et
1631 5709 1743 5764 ipse
1818 5696 1886 5729 9"
1924 5695 2181 5752 Vzrlutem
2220 5700 2427 5771 expello
2458 5715 2533 5757 ms
2580 5700 2710 5756 Vict.
2751 5715 2796 5757 et
2835 5703 2975 5759 Edit.
3009 5702 3119 5759 Col.
3151 5705 3328 5758 inani-

70 5745 223 5794 tatem
256 5747 460 5814 expelli
