3870 6304
86 409 164 466 593
1064 403 1190 459 LIB.
1218 404 1305 461 DE
1348 404 1406 461 S.
1426 401 1729 460 ANSELMI
1766 398 2364 458 SIMILITUDINIBUS.

78 536 161 590 pro
182 526 228 573 te
274 516 325 570 in
360 513 589 570 vinculis
634 514 754 573 istis
797 530 883 571 me
913 530 1134 587 ponam,
1173 534 1393 588 poenam
1425 534 1524 588 pro
1566 527 1621 572 te
1650 520 1713 580 Α.
2214 575 2219 581 ,
2267 511 2493 569 CAPUT
2547 508 2777 566 CLXXI.

74 606 315 677 excipiam
340 605 473 671 "In
507 604 653 661 Bona
675 605 893 675 quidem
926 607 1048 662 talis
1070 609 1377 679 praeceptio,
1409 608 1537 676 quia
1555 622 1621 662 ex
1901 606 1978 659 De
2006 604 2356 674 suggestione,
2406 600 2746 656 delectatione
2782 610 2827 656 et
2866 614 3138 653 consensu.

80 699 290 770 perfecta
316 695 583 751 cbaritate
610 696 924 761 descendit;
959 698 1055 753 sed
1085 698 1227 753 mala
1257 698 1325 753 ad
1364 694 1629 753 hoc'con—
1800 696 1935 751 Tres
1958 710 2191 765 namque
2221 693 2612 749 delectationes
2639 700 2764 748 sunt
2799 708 2815 746 :
2849 706 2955 746 una
2992 704 3111 758 qua:
3140 691 3310 745 senti-

80 790 272 855 cessio,
325 786 451 857 quia
501 803 728 857 prorsus
782 789 967 845 obviat
1016 790 1297 845 cliaritati.
1346 789 1482 844 Nam
1534 790 1628 846 ubi
1733 796 1820 840 tur
1844 786 1896 840 in
1930 800 2094 839 carne
2127 792 2324 855 praeter
2352 782 2710 847 voluntatem,
2751 796 2872 850 qua:
2918 788 3148 835 vocatur
3187 794 3314 848 sug-

79 881 257 935 dictum
287 886 368 933 est
398 895 411 931 :
441 876 589 933 Alter
622 878 842 933 alterius
890 895 1050 934 onera
1079 877 1521 950 ’portare(Galat.
1551 894 1627 945 vi,
1734 877 1926 946 gestio.
1978 876 2096 929 Alia
2149 889 2269 943 quae
2316 874 2549 929 sentitur
2604 874 2655 927 in
2708 872 2988 926 voluntate
3029 870 3313 941 cogitatio-

82 974 145 1041 2),
174 986 269 1026 non
294 969 497 1026 dictum
517 980 631 1035 est,
654 985 823 1025 onera
843 971 1121 1041 imponite.
1153 970 1290 1025 Mala
1330 979 1414 1026 est
1430 968 1629 1037 jussio,
1734 968 1819 1023 nis
1845 968 1961 1031 ¹⁰⁰¹,
1994 981 2099 1021 non
2141 976 2320 1021 tamen
2367 965 2421 1018 in
2446 964 2722 1019 voluntate
2751 965 3002 1031 actionis,
3033 979 3153 1032 quae
3182 963 3315 1017 diei-

82 1074 129 1117 et
150 1062 273 1117 bona
298 1060 555 1127 obeditio,
590 1070 648 1116 ut
671 1063 717 1117 si
740 1061 864 1131 quis
891 1076 1052 1132 poma
1097 1061 1342 1128 cedrina,
1368 1060 1451 1117 vel
1475 1062 1633 1131 quip-
1736 1067 1825 1113 tur
1871 1058 2181 1113 delectatio.
2226 1056 2411 1111 Tertia
2440 1071 2561 1126 quae
2608 1056 2844 1110 sentitur
2877 1071 2998 1109 cum
3033 1055 3315 1108 voluntate
3344 1060 3351 1067 '

81 1153 203 1221 piam
227 1151 389 1217 aliud,
423 1153 567 1219 quod
615 1153 735 1207 sine
772 1152 1015 1221 periculo
1062 1151 1247 1208 haberi
1284 1166 1391 1207 non
1422 1162 1630 1220 posset,
1734 1150 1999 1221 operandi
2036 1151 2151 1216 ¹⁰⁰³,
2186 1156 2242 1204 et
2293 1150 2612 1202 notninatur
2661 1162 2977 1202 consensus.
3018 1147 3122 1201 Sed
3170 1146 3315 1200 illam
3352 1164 3355 1173 λ

82 1244 184 1312 quis
226 1242 473 1312 prmlatus
511 1243 613 1299 sibi
658 1241 839 1298 afferri
888 1244 1226 1313 praeciperet.
1280 1247 1429 1302 Unde
1466 1245 1633 1300 David
1734 1259 1855 1312 quae
1900 1242 2210 1296 nominatur
2249 1240 2539 1311 suggestio,
2591 1238 2735 1292 nulla
2788 1250 2947 1307 poena
3001 1236 3315 1290 comitatur.

84 1346 252 1399 aquam
289 1330 356 1385 de
383 1331 625 1387 cisterna
653 1332 757 1388 sibi
797 1330 979 1386 all‘erri
1009 1335 1300 1404 praecepit;
1344 1348 1465 1404 quae
1507 1333 1632 1402 quia
1736 1332 1871 1387 Nam
1897 1331 1986 1385 ubi
2021 1346 2126 1385 non
2158 1340 2241 1386 est
2269 1346 2573 1386 consensus
2618 1327 2938 1390 voluntatis,
2972 1326 3112 1379 nulla
3142 1326 3314 1394 sequi-

82 1424 125 1476 ln
153 1422 380 1491 periculo
425 1438 651 1478 suorum
697 1423 860 1480 allata
906 1433 1008 1492 est,
1054 1424 1308 1494 ptenituit
1355 1424 1630 1494 praecepti,
1668 1488 1671 1491 Α
1737 1433 1825 1478 tur
1848 1436 2004 1492 paena
2032 1420 2428 1475 delectationis.
2457 1418 2612 1475 Unde
2638 1417 2963 1487 Apostolus:
2998 1415 3149 1470 Nihil
3171 1416 3325 1467 dam-

88 1514 342 1585 uetuitque
369 1529 493 1570 earn
525 1516 737 1580 bibere,
767 1518 860 1571 sed
887 1532 1005 1573 eam
1028 1518 1254 1573 Domino
1278 1517 1467 1573 libavit
1738 1514 1967 1568 nationis
1998 1524 2071 1566 est
2093 1513 2174 1566 his
2210 1510 2303 1579 qui
2331 1518 2452 1564 sunt
2492 1510 2547 1562 in
2575 1507 2783 1562 Clu-isto
2805 1505 2955 1569 Jesu,
2978 1504 3066 1574 qui
3100 1519 3199 1557 non
3242 1520 3325 1555 se-

600 1606 831 1683 CAPUT
867 1606 1095 1663 CLXIX.
1737 1606 1970 1660 cundum
2016 1618 2226 1659 carnem
2274 1601 2543 1656 ambulant
2578 1598 2759 1667 (Rom.
2794 1613 2911 1661 vni,
2955 1598 3028 1665 1).
3064 1596 3128 1650 Et
3148 1595 3271 1649 alibi
3307 1611 3323 1648 :

384 1697 466 1753 De
491 1700 698 1764 timore,
723 1700 993 1754 commodo
1016 1711 1061 1755 et
1096 1718 1295 1756 amore.
1739 1694 2083 1751 Condelector
2104 1695 2203 1765 legi
2236 1692 2331 1746 Dei
2366 1690 2653 1745 secundum
2696 1688 2997 1741 interiorem
3034 1686 3316 1740 hominem.
3356 1698 3359 1701 '

144 1792 242 1848 Deo
282 1786 504 1862 quidem
533 1792 707 1847 tribus
744 1792 810 1847 de
842 1792 1022 1848 causis
1071 1793 1320 1849 homines
1366 1792 1633 1857 serviunt,
1749 1784 1916 1841 Video
1936 1796 2110 1840 autem
2139 1784 2301 1838 aliam
2328 1783 2489 1854 legem
2512 1782 2564 1835 in
2590 1780 2828 1834 membris
2853 1779 3000 1838 meis.
3030 1792 3323 1845 repugnan-

82 1887 301 1942 videlicet
328 1886 546 1950 timore,
574 1885 858 1939 commodo
887 1894 943 1939 et
984 1900 1189 1940 amore.
1221 1884 1360 1940 Sunt
1402 1899 1636 1954 namque
1667 1868 1710 1922 Β
1738 1888 1839 1933 tem
1878 1878 1979 1948 legi
2027 1877 2214 1932 mentis
2263 1891 2413 1940 mete,
2444 1885 2490 1928 et
2544 1873 2804 1943 captivum
2847 1858 2929 1924 m5
2969 1870 3238 1923 ducentem
3271 1870 3327 1920 in

84 1974 297 2030 nonnulli
325 1974 419 2044 qui
452 1975 496 2029 si
528 1988 717 2044 ptenas
756 1973 954 2029 inferni
987 1992 1092 2039 non
1134 1989 1251 2034 esse
1280 1977 1504 2041 scirent,
1535 1991 1633 2047 pro

1772 1987 1847 2040 age
1874 1970 2096 2039 peccati,
2117 1985 2233 2039 qua
2254 1978 2326 2024 est
2356 1968 2409 2021 in
2445 1965 2689 2019 membris
2724 1963 2855 2016 meis
2879 1959 3053 2032 (Rom.
3089 1975 3180 2021 vn,
3205 1958 3319 2026 2‘2).

83 2063 205 2118 nulla
260 2063 685 2132 repromissione
742 2070 1068 2119 teternorum
1123 2070 1387 2121 bonorum
1442 2081 1472 2120 a
1522 2066 1636 2121 suis
1736 2062 2055 2117 Interiorem
2091 2060 2364 2115 hominem
2401 2064 2560 2111 vocat
2599 2055 2770 2124 ipsam
2813 2052 3116 2113 rationem;
3150 2049 3320 2117 legem

81 2154 424 2224 voluptatibus
456 2165 733 2210 cessarent
760 2156 849 2209 ἠ.
885 2154 1013 2223 Qui,
1044 2155 1172 2210 licet
1209 2156 1633 2223 pmnasillorum
1738 2152 2130 2213 membrorum,
2181 2147 2598 2204 delectationem
2647 2145 2765 2199 sine
2804 2142 3113 2203 voluntate;
3152 2137 3325 2206 legem

86 2247 161 2313 qui
204 2247 360 2301 Deum
411 2246 637 2302 minime
677 2256 956 2313 verentur,
998 2248 1250 2313 evadant,
1302 2264 1407 2302 non
1454 2257 1635 2303 tamen
1740 2245 1857 2306 Dei,
1894 2240 2335 2297 observationem
2386 2237 2764 2292 mandatorum
2808 2229 2951 2299 ejus,
2990 2240 3110 2297 quae
3150 2235 3207 2280 et
3233 2225 3357 2291 lex,

3202 394 3320 452 694⁵,

82 2338 267 2405 plenam
315 2338 733 2393 retributionem
782 2339 1079 2394 invenient.
1139 2338 1241 2393 Alii
1300 2349 1480 2394 autem
1528 2338 1639 2394 Deo

82 2431 315 2497 serviunt,
346 2438 413 2484 ut.
437 2446 689 2501 magnum
720 2432 843 2487 inde
870 2432 1102 2486 habeant
1140 2431 1483 2485 commodum
1528 2431 1641 2485 sive

85 2523 127 2573 in
167 2520 414 2590 praesenti
471 2522 604 2586 vita,
651 2521 765 2576 sive
796 2529 852 2576 et
899 2521 952 2575 in
992 2521 1096 2576 hac
1126 2520 1288 2590 "’jet
1334 2520 1388 2574 in
1436 2519 1640 2585 futura,

84 2610 277 2676 Quibus,
304 2611 348 2666 si
381 2610 534 2666 Deus
566 2611 816 2676 voluerit,
860 2626 923 2666 ex
959 2611 1192 2681 quadam
1225 2611 1440 2665 ratione
1489 2619 1644 2680 pote-

85 2707 143 2759 rit
173 2706 339 2762 dicere
376 2725 395 2760 :
444 2726 462 2758 ι
492 2706 681 2762 Gratia
718 2706 987 2762 commodi
1016 2706 1205 2773 vestri,
1243 2707 1495 2761 mandata
1528 2719 1645 2761 mea

82 2796 328 2862 servastis,
352 2811 387 2849 n
405 2811 472 2850 on
498 2794 621 2865 quia
643 2811 777 2865 pure
801 2810 887 2849 me
913 2794 1238 2865 diligebatis,
1266 2795 1358 2850 sed
1384 2795 1645 2865 quoniam

85 2900 111 2938 a
132 2900 206 2940 me
229 2885 433 2941 lucrari
478 2884 762 2940 volebatis.
793 2904 813 2938 ι
853 2884 1006 2941 Sicut
1030 2886 1082 2940 bi
1112 2885 1202 2956 qui
1235 2887 1341 2957 regi
1377 2888 1646 2952 serviunt,

88 2990 179 3029 non
220 2990 400 3047 regem
439 2976 534 3011 ¹⁰⁰⁸
565 2976 740 3040 multi,
790 2976 884 3032 sed
936 2976 1162 3031 donaria
1203 2975 1436 3048 diligunt
1484 2976 1646 3048 regis.

88 3065 218 3120 Alius
243 3075 322 3121 est
351 3068 445 3135 qui
477 3079 602 3120 vere
636 3066 798 3120 Deum
830 3066 1027 3137 diligit,
1052 3074 1109 3122 et
1155 3066 1270 3121 solo
1310 3081 1493 3121 amore
1532 3068 1648 3137 ejus

88 3165 325 3227 przecepta
349 3158 474 3225 ejus
504 3155 756 3211 custodit.
786 3155 890 3211 Iste
913 3157 1158 3227 profecto
1188 3156 1433 3226 legaliter
1457 3158 1646 3221 servit,

88 3255 133 3297 et
173 3248 354 3301 bonam
410 3247 827 3319 perfectamque
887 3248 1191 3304 mercedem
1243 3248 1344 3303 sibi
1394 3249 1647 3317 acquirit.

89 3336 256 3405 Igitur,
296 3340 445 3395 sicut
480 3341 588 3395 Deo
618 3340 707 3395 ille
747 3340 878 3394 nihil
925 3341 1239 3411 prmposuit,
1280 3340 1359 3395 sic
1392 3340 1466 3393 illi
1514 3340 1655 3393 Deus

82 3426 207 3495 justa
252 3434 754 3502 recompensatione
788 3432 1011 3489 reddere
1054 3434 1213 3488 debet
1251 3433 1511 3503 seipsum,
1561 3432 1655 3505 qui

88 3518 228 3575 rebus
260 3523 520 3577 omnibus
542 3524 783 3579 excellit.

626 3616 857 3671 CAPUT
895 3615 1103 3671 CLXX.

363 3706 449 3760 De
482 3708 705 3771 ratione,
730 3708 992 3761 voluntate
1020 3719 1066 3761 et
1088 3709 1342 3777 appetitu.

146 3794 195 3849 In
223 3797 401 3851 anima
452 3805 564 3851 tres
604 3800 745 3851 sunt‘
770 3808 995 3864 naturze,
1056 3798 1307 3853 videlicet
1365 3798 1524 3862 ratio,
1568 3812 1661 3851 vo-

87 3882 244 3941 luntas
296 3896 349 3941 et
422 3889 717 3957 appetitus.
776 3889 1006 3945 Ratione
1053 3890 1386 3945 assimilatur
1431 3889 1657 3960 angelis,

86 3978 303 4047 appetitu
346 3980 532 4035 brutis
574 3981 921 4047 animalibus,
965 3982 1247 4039 voluntate
1273 3981 1364 4015 ¹⁰⁸¹
1392 3983 1659 4052 utrisque.

93 4066 329 4126 Voluntas
372 4073 523 4127 inter
574 4073 837 4126 rationem
889 4079 943 4126 et
993 4073 1284 4143 appetitum
1326 4073 1504 4128 inedia
1542 4083 1659 4139 est;

87 4158 357 4231 aliquando
386 4165 539 4219 enim
571 4165 638 4219 ad
686 4166 972 4231 rationem,
1018 4165 1309 4235 aliquando
1341 4167 1409 4220 ad
1456 4166 1667 4236 appeti-

91 4259 188 4307 tum
218 4270 273 4310 se
317 4258 508 4312 habet.
543 4255 647 4312 Sed
679 4258 895 4327 quando
929 4257 995 4311 ad
1029 4260 1295 4313 rationem
1340 4274 1398 4314 se
1434 4274 1668 4314 conver-

90 4341 162 4405 tit,
186 4344 305 4414 quia
331 4362 396 4400 ea
426 4361 550 4417 quze
574 4355 700 4400 sunt
725 4346 1065 4400 rationabilia
1086 4356 1141 4401 et
1169 4346 1474 4416 spiritualia
1501 4348 1664 4416 sapit,

89 4431 269 4488 dicitur
312 4436 482 4489 homo
512 4435 795 4490 rationalis
828 4445 883 4489 et
930 4435 1247 4506 spiritualis.
1278 4435 1505 4502 Quando
1538 4450 1667 4490 vero

1745 2333 1945 2389 mentis
1973 2332 2193 2394 dicitur,
2222 2330 2347 2399 quia
2380 2336 2563 2381 mente
2609 2332 2888 2386 servatur;
2939 2318 3112 2387 legem
3145 2322 3328 2368 autem
3360 2332 3361 2337 η

1744 2425 1987 2496 peccati,
2044 2436 2206 2494 quam
2251 2421 2402 2491 prius
2450 2419 2619 2487 legem
2664 2413 3033 2471 membrorum
3085 2405 3334 2461 nomina-

1746 2524 1918 2570 verat.
2496 2574 2509 2586 ,

2273 2602 2503 2660 CAPUT
2550 2598 2802 2655 CLXXII.

2226 2695 2304 2750 De
2329 2694 2626 2749 nominibus
2657 2692 2869 2745 animw.

1817 2789 1952 2844 Nota
2000 2788 2141 2859 quod
2196 2788 2351 2859 plura
2404 2794 2531 2841 sunt
2576 2784 2797 2839 nomina
2841 2781 3057 2835 animae.
3098 2776 3340 2833 Vocatur

1748 2880 1894 2935 enim
1927 2877 2222 2948 aliquando
2243 2875 2491 2944 spiritus,
2522 2887 2697 2937 mens,
2727 2870 2961 2933 animus,
2986 2868 3146 2931 ratio,
3178 2866 3339 2920 intel-

1751 2972 1947 3034 lectus,
1978 2968 2210 3023 interior
2242 2968 2426 3022 homo.
2462 2963 2672 3018 Dicitur
2707 2960 2875 3017 etiam
2910 2958 3091 3013 anima
3121 2963 3345 3025 vegeta-

1751 3064 1895 3127 bilis,
1947 3061 2243 3122 sensibilis.
2292 3056 2593 3114 rationalis.
2629 3054 2731 3111 Sed
2764 3069 2886 3129 cum
2916 3053 3071 3123 plura
3122 3044 3340 3103 nomina

1754 3158 1971 3220 habeat,
2017 3157 2084 3209 ad
2144 3155 2233 3209 illa
2280 3152 2459 3207 adhuc
2498 3149 2786 3205 redeamus
2820 3148 2886 3200 de
2934 3142 3133 3214 quibus
3161 3155 3345 3195 sermo

1758 3247 1857 3301 fuit
1887 3246 2057 3316 prius.
2090 3242 2226 3310 Quia
2258 3242 2512 3297 voluntas
2540 3241 2594 3293 in
2625 3238 2730 3292 illis
2756 3247 2850 3291 aut
2900 3245 3047 3290 recte
3075 3248 3132 3287 se
3181 3232 3345 3285 habeo

1755 3340 1854 3403 bit,
1878 3350 1932 3393 et
1954 3338 2062 3392 erit
2093 3335 2367 3404 legitima;
2399 3342 2489 3387 aut
2522 3331 2610 3386 illa
2640 3328 2962 3392 deserendo,
2994 3322 3342 3385 fornicatrix,

1758 3430 1881 3484 vilis
1910 3438 1965 3484 et
1994 3426 2228 3496 ahjecta.
2261 3423 2505 3493 Namque
2535 3422 2581 3476 si
2612 3420 2885 3483 voluntas,
2916 3430 3036 3487 qua:
3056 3423 3139 3471 est
3170 3412 3347 3467 media

1760 3522 1904 3575 inter
1934 3519 2201 3573 rationem
2237 3526 2291 3571 et
2322 3514 2619 3585 appetitum
2667 3509 2866 3565 rationi
2910 3503 3345 3565 concordaverit,
3376 3528 3383 3533 -

1762 3612 1999 3682 legitime
2040 3610 2211 3672 vivit;
2244 3607 2289 3662 si
2343 3620 2472 3661 vero
2523 3602 2812 3673 appetitui,
2842 3596 3165 3654 fornicatrix
3215 3593 3343 3648 erit.
3380 3616 3383 3617 ν

1764 3703 1861 3757 Est
1890 3716 2021 3769 ergo
2059 3700 2198 3754 ratio
2225 3700 2341 3763 sive
2370 3696 2619 3767 spiritus,
2651 3693 2803 3763 quasi
2832 3694 2945 3757 vir;
2978 3689 3250 3751 voluntas,
3289 3693 3351 3738 ut

1762 3808 1996 3863 sponsa;
2030 3791 2297 3859 appetitus
2328 3788 2528 3851 carnis,
2559 3785 2712 3855 quasi
2751 3784 2981 3837 adulter.
3027 3781 3141 3835 Non
3177 3778 3341 3849 igitur

1762 3884 1811 3937 ei
1876 3882 2122 3937 voluntas
2183 3880 2235 3934 in
2301 3878 2478 3947 aliquo
2533 3874 2878 3937 consentiat;
2940 3871 3202 3939 scriptum
3260 3876 3345 3921 est

1764 3976 1910 4030 enim
1937 3992 1949 4028 :
1981 3971 2436 4042 Concupiscentia,
2479 3984 2596 4021 cum
2625 3965 2935 4035 conceperit,
2975 3962 3112 4030 parit
3158 3976 3346 4027 pecca-

1766 4076 1910 4131 tum;
1960 4080 2080 4119 cum
2135 4071 2552 4118 consummatum
2605 4057 2796 4129 fuerit,
2857 4062 3067 4126 generat
3128 4060 3350 4105 mortem

1768 4157 1977 4229 (Iacob.
2012 4156 2187 4224 1,15).

2274 4241 2504 4300 CAPUT
2551 4238 2829 4297 CLXXIII.

2226 4338 2301 4391 De
2340 4334 2557 4390 sordido
2584 4332 2895 4401 exemplum.

1840 4431 2306 4502 Quemadmodum
2328 4428 2370 4483 si
2412 4426 2664 4482 sordidus
2704 4424 2905 4493 aliquis
2930 4428 2984 4476 et
3010 4417 3154 4474 omni
3188 4414 3382 4483 fetore,

92 4524 148 4578 ad
181 4529 479 4598 appetitum
507 4543 567 4583 se
598 4537 768 4595 tenet,
797 4529 922 4599 quia
953 4545 1015 4584 ea
1046 4530 1187 4599 sapit
1216 4544 1335 4599 qua:
1381 4539 1504 4584 sunt
1536 4545 1662 4583 car-
1696 4558 1743 4618 ο
1770 4525 1962 4595 plenus
2004 4527 2317 4577 occurreret
2371 4516 2529 4571 alicui
2583 4516 2770 4570 dicens
2819 4528 2877 4567 se
2923 4527 3045 4565 cum
3097 4522 3161 4562 eo
3223 4502 3359 4558 velle

156 4617 163 4618 κ
1913 4615 1958 4618 ,-,
2033 4615 2043 4618 -
2285 4611 2295 4618 .
2336 4610 2347 4618 .
2672 4607 2681 4618 ι
2865 4603 2876 4618 I
2933 4602 2942 4612 ι
2985 4610 3090 4618 ,μβΔ
3129 4597 3220 4618 Inﬁt
3285 4596 3358 4618 ,2-

92 4617 218 4671 nalia
271 4629 325 4675 et
372 4620 833 4676 irrationabilium
878 4622 1218 4689 animalium,
1254 4623 1454 4677 dicitur
1503 4624 1665 4677 homo

93 4710 313 4765 carnalis
333 4713 452 4767 sive
478 4711 750 4767 animalis.
787 4712 940 4771 Unde
962 4713 1225 4780 scriptum
1251 4721 1332 4767 est
1360 4731 1372 4765 :
1404 4712 1664 4767 Animalia

92 4800 231 4854 homo
256 4820 359 4856 non
386 4804 605 4874 percipit
631 4821 692 4859 ea
715 4822 831 4876 qua:
857 4805 949 4859 Dei
977 4815 1117 4859 sunt.
1157 4805 1467 4874 Spiritualis
1493 4815 1667 4859 autem

94 4893 339 4960 dijttdicat
385 4900 587 4964 omnia,
611 4910 659 4954 et
704 4900 813 4967 ipse
847 4916 879 4951 α
925 4900 1127 4952 nemine
1154 4900 1433 4967 judicatur
1465 4898 1514 4966 (I
1544 4898 1664 4951 Cor.

94 4985 279 5053 11,14).
312 4985 453 5041 Cum
483 4988 665 5059 itaque
695 4988 846 5058 juxta
891 4990 993 5043 hoc
1031 4991 1173 5058 quod
1202 4990 1453 5041 voluntas
1486 5002 1543 5041 se
1571 4989 1668 5041 ha-

96 5071 196 5138 bet,
225 5076 427 5131 dicitur
452 5079 613 5133 homo
634 5078 870 5134 carnalis
897 5081 1010 5134 sive
1037 5078 1359 5150 spiritualis,
1393 5079 1669 5133 sciendum

95 5174 170 5219 est
213 5168 354 5236 quod
403 5170 676 5225 interdum
718 5173 967 5241 quaedam
1014 5172 1325 5226 sentiuntur
1372 5170 1427 5226 in
1482 5186 1668 5238 carne,

98 5257 280 5321 quibus
300 5259 555 5316 voluntas
590 5262 816 5316 minime
844 5262 1136 5317 consentit.

1773 4615 2071 4675 consiliari,
2111 4627 2216 4665 non
2266 4610 2488 4665 deberet
2518 4607 2752 4660 mundus
2799 4602 3096 4657 subsistere
3129 4597 3247 4664 Μ’,
3282 4596 3361 4652 sis

1776 4727 1874 4767 nec
1904 4711 2154 4764 voluntas
2178 4704 2434 4776 appetitui
2469 4702 2673 4756 carnali
2711 4699 3081 4767 acquiescere.

2292 4794 2520 4853 CAPUT
2557 4790 2837 4848 CLXXIV.

2244 4890 2341 4957 (De
2368 4888 2625 4959 quadrato
2652 4883 2843 4951 lapide.

1848 4983 2158 5051 Quadratus
2182 4979 2317 5049 lapis
2348 4994 2441 5032 sex
2472 4973 2699 5044 aequalia
2729 4973 2889 5025 habet
2914 4970 3103 5031 latera,
3128 4966 3182 5018 in
3213 4964 3357 5034 quod

1776 5078 1972 5131 horum
2022 5072 2323 5134 ceciderit,
2382 5068 2610 5121 firmiter
2643 5061 2888 5131 jacchit;
2943 5059 3021 5112 sic
3074 5055 3364 5127 providen-

1779 5173 1903 5225 dum
1939 5178 2022 5223 est
2053 5166 2170 5218 viro
2211 5162 2380 5231 justo,
2421 5171 2479 5212 ut
2523 5158 2575 5211 in
2620 5171 2717 5210 suo
2750 5152 3009 5223 persistat
3055 5147 3360 5218 proposito.

1776 5261 1946 5330 llujus
1985 5267 2164 5313 autem
2224 5255 2391 5309 latera
2450 5264 2545 5304 sex
2609 5248 2725 5302 lucc
2776 5253 2945 5300 sunt:
3002 5247 3361 5312 prosperitas.

1332 5372 1565 5429 VARI/E1
1598 5370 1997 5431 LECTIONES.

161 5465 237 5535 "fg
258 5465 365 5520 Pro
400 5479 615 5534 poenam
662 5478 713 5522 te
745 5466 1006 5535 accipiam
1052 5483 1130 5519 ms
1176 5463 1306 5518 Vict.
1334 5476 1546 5535 pugnam
1578 5480 1675 5535 pro
1723 5472 1777 5517 te
1796 5461 2063 5535 excipiam
2107 5475 2184 5513 ms
2227 5455 2384 5535 Cori):

778 5512 1000 5591 ’°"'Sive
1567 5512 2027 5588 CorbXsive—ertin
2054 5512 2172 5582 hac,
2231 5527 2319 5558 ³⁰⁰⁰
2348 5512 2463 5580 Non
2496 5524 2621 5593 quia
2657 5512 2833 5593 regem
2885 5535 2986 5573 mss
3016 5516 3173 5571 Corb.
3220 5512 3361 5593 _Vt'ct.

100 5552 168 5589 ms
200 5532 335 5590 Vict.
365 5532 673 5591 cessassent

2426 5468 2526 5524 pro
2555 5460 2608 5508 Ie
2647 5450 2871 5518 eripiam
2979 5446 3055 5524 “ﬁ
3076 5446 3370 5524 cessarent

101 5585 194 5675 non
221 5585 762 5675 régémmﬁii'niuo
795 5585 1843 5675 assii-ni'latiu'ri.“appetitus;voluntas
1873 5617 1999 5675 πιδὶ
2019 5596 2336 5675 γὶειτροιξὸ.
2387 5585 2597 5675 ratione
2628 5585 3002 5673 assinpila_tur..
3055 5585 3362 5675 appetitui...

101 5674 364 5731 voluntate

464 5677 553 5710 tm
576 5677 632 5730 In
662 5660 935 5747 voluntate
963 5660 1320 5747 suggestiou'is
1362 5692 1465 5727 mss
1521 5673 1654 5747 Vict.
1682 5674 1912 5747 Gortynia
1953 5669 2098 5747 Edit.
2132 5669 2252 5747 Col._
2276 5670 2330 5722 in
2356 5667 2633 5747 voluntate
2663 5660 3003 5747 cogitationis

3106 5655 3198 5687 ¹⁰⁰³
3230 5653 3362 5707 Cum

104 5746 366 5817 voluntate
394 5746 653 5817 operandi
702 5725 942 5817 mittet]
964 5725 1653 5817 iiirévolunta‘teoperaudi
1690 5725 1815 5817 ἶίθολ
1841 5741 2147 5817 Nuirtlebet
2168 5742 2258 5811 qui
2285 5742 2517 5794 mundus
2543 5745 2627 5792 est
2657 5725 2951 5789 subsistere
2975 5744 3049 5782 ms
3095 5725 3222 5780 Vict.
3258 5737 3362 5778 non

105 5814 313 5874 deberet
340 5812 575 5875 mundus
601 5819 870 5876 sustinere
900 5815 1040 5869 fidit.
1067 5816 1181 5871 Col.
1209 5831 1313 5872 non
1352 5812 1505 5871 debet
1554 5814 1783 5870 mundus
1830 5812 2128 5869 subsistere
