3870 6304
520 328 650 390 -69ἳ

1581 321 1658 374 EA
1669 316 1881 373 DMERI
1919 313 2468 370 CANTL'ABIENSIS
2504 312 2825 369 MONACHI'.
3648 324 3715 380 ηε

534 440 881 498 adversitas,
931 451 1013 490 su.
1048 441 1293 497 .ioertas,
1319 431 1605 500 subiectio,
1656 430 1708 484 in
1747 437 1962 486 secreto
1991 443 2129 495 esse,
2163 435 2212 491 Α
2243 427 2439 482 neiicio
2487 427 2764 497 ingratum
2816 434 3074 491 existere,
3125 433 3266 493 ,usto
3317 425 3406 480 Dei
3444 427 3714 509 judicium

545 539 601 583 et
636 531 686 582 in
728 529 969 599 publico;
1000 528 1052 581 in
1094 526 1289 595 quibus
1329 522 1579 591 singulis,
1632 522 1688 576 si
1722 539 1753 577 a
1787 521 2130 578 diabolo—im-

544 619 810 696 pulsetur.
843 627 968 683 stet,
1003 633 1102 674 nec
1142 634 1170 671 a
1201 617 1478 688 proposito
1513 623 1814 670 moveatur.

1077 730 1306 786 CAPUT
1345 728 1600 786 CLXXV.

1164 823 1240 876 De
1261 834 1493 892 peccato.

616 935 689 987 De
734 947 958 1003 peccato
1009 934 1183 987 tribus
1240 936 1413 990 modis
1464 935 1755 1004 loquimur.
1813 939 2124 994 Secundum

540 1037 815 1089 naturain,
844 1026 895 1078 id
929 1036 1011 1080 est
1048 1025 1354 1080 districtam
1382 1025 1672 1094 justitiam,
1708 1040 1767 1084 ut
1813 1030 1943 1084 illud
1977 1049 1988 1084 :
2018 1030 2123 1094 Qui

537 1119 732 1172 dixerit
789 1119 947 1187 fratri
993 1136 1110 1184 suo,
1159 1121 1324 1188 fatue,
1375 1137 1492 1174 reus
1550 1123 1647 1174 erit
1697 1122 1942 1191 gehennw
1987 1123 2122 1190 ignis

540 1205 757 1266 (Matth.
801 1223 855 1272 v,
881 1207 997 1276 22).
1045 1207 1350 1262 Secundum
1383 1209 1632 1278 gratiam,
1657 1218 1717 1264 ut
1752 1228 1764 1263 :
1803 1209 2124 1280 Quacunque

538 1299 671 1350 hora
699 1300 1014 1367 ingemuerit
1054 1311 1314 1368 peccator,
1354 1309 1623 1370 peccatum
1650 1319 1803 1358 suum
1837 1304 2125 1358 remittetur

537 1392 587 1442 ei
644 1391 866 1458 (Ezech.
910 1399 1086 1463 xvm).
1141 1393 1207 1447 Et
1259 1410 1273 1446 :
1329 1393 1702 1449 Convertimini
1739 1396 1808 1449 ad
1855 1413 1955 1461 me,
1997 1396 2122 1450 dicit

538 1481 818 1546 Dominus,
840 1494 888 1536 et
915 1501 1008 1553 ego
1035 1494 1302 1538 convertar
1330 1486 1399 1537 ad
1421 1502 1507 1540 vos
1529 1484 1717 1558 (Zacli.
1746 1502 1785 1550 ι,
1814 1488 1890 1555 ὅ).
1917 1485 2124 1541 Secun-

538 1573 665 1624 dum
691 1573 1050 1641 disciplinam,
1084 1583 1140 1627 ut
1179 1589 1302 1628 cum
1329 1576 1641 1644 prmcipitur
1671 1576 1875 1630 homini
1911 1585 2118 1630 tantum

536 1662 620 1714 vel
657 1673 862 1718 tantum
888 1665 1170 1734 pmnitere.
1207 1665 1499 1734 Disciplina
1539 1675 1623 1722 est
1653 1668 1752 1723 sub
1775 1669 1966 1738 gratia,
1994 1670 2117 1737 quia

536 1755 715 1809 nullus
748 1757 1017 1824 poenitere
1064 1757 1156 1812 vel
1198 1759 1515 1814 satisfacere
1563 1769 1747 1830 posset
1801 1761 1900 1814 nisi
1944 1761 2114 1832 gratia
2148 1783 2192 1840 Β

491 1918 504 1928 ⁵
533 1849 876 1916 praeveniret.

1007 2031 1083 2085 De
1107 2031 1452 2086 similitudine
1487 2047 1636 2087 certe.

605 2119 802 2174 Videas
828 2121 1104 2176 hominem
1134 2123 1228 2155 ¹⁰⁰⁵
1252 2124 1303 2176 in
1333 2125 1570 2178 vanitate
1594 2125 1663 2178 ab
1690 2124 1916 2178 infantia
1949 2139 2120 2193 usque

533 2211 599 2261 ad
649 2212 973 2276 profundam
1019 2224 1354 2269 senectutem
1398 2225 1797 2277 conversatum,
1845 2214 1960 2270 sola
2009 2225 2118 2268 ter-

533 2314 662 2351 rena
693 2311 1016 2367 sapientem,
1047 2312 1102 2356 et
1131 2304 1182 2356 in
1210 2305 1295 2359 his
1336 2306 1553 2374 penitus
1583 2305 1930 2360 obduratum.
1980 2306 2114 2359 Cum

535 2387 640 2441 hoc
674 2403 772 2458 age
801 2390 867 2443 de
895 2391 1289 2458 spiritualibus,
1333 2393 1462 2448 huic
1496 2395 1561 2448 de
1593 2395 1892 2451 subtilitate
1920 2396 2117 2451 divinae

532 2480 1011 2549 contemplationis
1046 2482 1289 2552 loquere,
1320 2485 1464 2539 hunc
1497 2497 1706 2541 secreta
1749 2475 1934 2542 rimari
1961 2489 2118 2544 ccele-

531 2565 635 2620 stia
663 2568 817 2632 doce,
851 2578 904 2622 et
933 2571 1232 2639 prospicies
1263 2559 1772 2644 eumknequaquam
1801 2590 1960 2644 posse
1998 2579 2114 2631 haec

528 2657 718 2712 videre
743 2660 853 2714 ³⁸⁸⁸.
893 2659 1004 2715 Nec
1048 2663 1266 2726 inicum,
1310 2662 1562 2718 indurata
1597 2674 1682 2722 est
1709 2681 1858 2733 cera,
1905 2668 1958 2721 in
1997 2669 2115 2724 istis

530 2755 746 2804 aetatem
771 2751 1018 2819 nutrivit,
1049 2753 1223 2808 aliena
1251 2755 1319 2809 ab
1350 2754 1470 2811 istis
1493 2756 1644 2826 sequi
1672 2757 1878 2812 didicit.
1912 2757 1956 2812 E
1978 2774 2111 2814 con-

509 2848 611 2897 tra
655 2841 966 2896 consideres
995 2858 1221 2910 puerum
1266 2853 1428 2899 aetate
1471 2854 1526 2899 et
1575 2846 1802 2900 scientia
1839 2855 2110 2915 tenerum,

527 2946 630 2986 nec
659 2933 882 3000 bonum,
917 2950 1017 2990 nec
1067 2937 1266 2990 malum
1305 2937 1620 2993 discernere
1662 2940 1955 3005 valentem,
2010 2959 2113 2998 nec

525 3032 580 3078 te
616 3026 839 3093 quidem
899 3027 1205 3098 intelligere
1259 3029 1326 3082 de
1369 3028 1676 3097 luijusmodi
1727 3032 2106 3091 disserentem.

2240 517 2307 571 ad
2341 515 2431 546 ιοίο
2457 515 2680 568 meliora
2724 513 2995 582 proﬁciat,
3022 527 3120 568 nec
3167 515 3308 583 quod
3347 519 3535 589 accepit
3565 519 3635 575 diu
3661 535 3713 578 te.

2241 605 2493 668 iieatw“,
2518 612 2613 658 aut
2637 603 2688 657 iu
2712 619 2776 658 eo
2802 603 3010 658 utiliter
3043 604 3316 673 persistat.
3346 603 3532 676 Quippe
3552 609 3647 662 dum
3665 612 3714 665 in-

2234 676 2512 751 cessanter
2538 692 2826 748 laboriosis
2855 692 3277 760 cogitationibus
3304 693 3370 750 de
3391 695 3635 761 mutando,
3655 710 3716 753 aut

2235 787 2278 841 si
2304 785 2497 838 mutari
2527 798 2630 838 nou
2659 782 2821 849 valet,
2847 781 3038 838 saltem
3062 784 3127 838 de
3155 783 3495 852 improbando
3512 788 3716 854 proposito

2233 875 2550 939 meditatur,
2579 889 2857 944 nunquam
2897 873 3115 928 interim
3161 875 3230 927 ad
3277 873 3428 926 ﬁnem
3453 874 3714 944 perfectionis

2233 968 2456 1022 tendere
2506 976 2753 1022 conatur.
2784 962 2918 1018 Nam
2972 964 3224 1035 quoniam
3271 963 3344 1018 illi
3371 962 3456 996 ¹⁶¹¹
3483 963 3714 1021 fundamen-

2229 1066 2341 1112 tum
2372 1055 2514 1126 quod
2545 1055 2727 1124 posuit
2751 1054 3021 1124 displicet,
3049 1055 3356 1110 nullatenus
3382 1053 3453 1109 illi
3472 1063 3712 1111 structuram

2227 1153 2383 1208 bonae
2417 1151 2508 1182 “1'
2533 1148 2658 1202 vita:
2691 1149 3131 1222 supersediﬁcare
3167 1136 3317 1202 libet.
3345 1145 3488 1202 Unde
3516 1145 3565 1200 fit
3591 1157 3630 1199 ut
3652 1148 3712 1185 "ti

2226 1246 2676 1315 quemadmodum
2723 1243 3033 1317 arbuscula,
3081 1240 3128 1297 si
3171 1253 3314 1307 smpe
3361 1237 3710 1307 transplantetur,

2227 1346 2321 1391 aut
2371 1352 2546 1408 nuper
2579 1321 2818 1407 plantata
2851 1338 2904 1392 in
2935 1337 3127 1392 eodem
3173 1332 3317 1397 loco,
3346 1329 3518 1384 crebra
3556 1332 3710 1384 cmwul-

2224 1428 2377 1485 sione
2415 1427 2505 1461 ¹⁰¹³
2536 1429 2886 1499 inquietetur.
2930 1441 3269 1498 nequaquam
3317 1425 3538 1479 radicare
3567 1422 3707 1483 valens,

2225 1518 2531 1573 ariditatem
2581 1519 2689 1574 cito
2740 1519 2965 1572 attrahit
3023 1533 3124 1572 nec
3148 1503 3155 1506 ﬂ
3177 1518 3246 1571 ad
3304 1517 3521 1586 aliquam
3567 1513 3711 1572 fructui

2221 1609 2554 1668 fertilitatem
2583 1610 2830 1682 pervenit
2857 1628 2869 1666 :
2904 1611 2982 1666 sic
3022 1609 3213 1666 infelix
3261 1611 3556 1674 monachus,
3578 1611 3612 1664 si
3644 1626 3708 1664 se-

2222 1703 2343 1773 pius
2368 1704 2434 1759 de
2463 1703 2579 1759 loco
2606 1705 2673 1759 ad
2697 1703 2873 1759 locum
2904 1702 3123 1773 proprio
3145 1702 3387 1773 appetitu
3419 1709 3619 1782 movetur
3635 1703 3706 1762 "“.

2221 1801 2313 1846 aut
2345 1793 2398 1848 in
2435 1809 2540 1856 uno
2569 1809 2914 1864 permanens,
2953 1792 3271 1863 frequenter
3298 1793 3413 1864 ejus
3443 1792 3548 1848 odio
3570 1805 3704 1847 εοιιοιι·

2227 1889 2374 1942 titur.

2713 1999 2942 2056 CAPUT
2991 1999 3323 2062 eLxxvtn,
3407 1957 3409 1960 ﬁ

2570 2092 2648 2146 De
2680 2095 2857 2162 pueris
2893 2093 3090 2162 planta:
3118 2094 3453 2162 comparatis.

2295 2207 2408 2271 Die,
2434 2219 2638 2274 quceso,
2663 2207 2708 2259 si
2739 2205 2976 2276 plantam
3005 2203 3224 2262 arboris
3253 2205 3307 2260 in
3336 2207 3486 2281 horto
3514 2214 3587 2260 tuo
3610 2206 3708 2276 plta-

2221 2305 2386 2361 tares,
2413 2306 2468 2351 et
2497 2312 2621 2350 mox
2659 2297 2806 2350 illam
2845 2312 2912 2352 ex
2954 2297 3102 2353 omni
3146 2304 3308 2366 parte
3351 2297 3422 2350 ita
3448 2297 3710 2352 concludens

2219 2401 2278 2442 ut
2334 2403 2519 2444 ramos
2579 2405 2707 2444 suos
2753 2388 3061 2444 nullatenus
3097 2389 3394 2444 extendere
3428 2396 3597 2459 posset,
3626 2405 3706 2443 una

2216 2497 2338 2536 eain
2399 2490 2522 2551 post
2573 2495 2748 2535 annos
2808 2480 3168 2544 excluderes,
3217 2480 3393 2550 qualis
3449 2478 3584 2534 arbor
3624 2479 3706 2531 inde

2216 2575 2460 2644 prodiret
2485 2574 2619 2627 ’°"?
2651 2572 2895 2628 Profecto
2922 2573 3126 2628 inutilis
3157 2571 3345 2637 arbor,
3378 2585 3550 2639 rugosa
3571 2581 3612 2625 et
3628 2570 3703 2638 gib-

2216 2666 2300 2721 bis
2337 2667 2511 2736 plena,
2540 2668 2707 2722 ramis
2736 2667 2848 2720 suis
2876 2665 3116 2718 incurvis
3147 2663 3425 2734 perplexa.
3461 2663 3556 2717 lioe
3576 2663 3702 2729 utique

2216 2757 2418 2821 facitis,
2451 2771 2484 2810 o
2519 2771 2617 2810 vos
2647 2770 2932 2825 puerorum
2968 2754 3242 2823 magistri,
3274 2755 3339 2808 de
3365 2753 3528 2821 pueris
3557 2753 3706 2816 vestris,

2214 2851 2304 2919 qui
2333 2850 2558 2920 plantati
2596 2858 2720 2903 sunt
2749 2864 2849 2918 per
2885 2849 3218 2904 oblationem
3266 2850 3317 2904 in
3339 2850 3567 2907 Ecclesiae
3583 2851 3702 2910 horto.

2213 2950 2272 2995 ut
2321 2948 2572 2994 crescant
2599 2938 2692 2970 ⁸⁸⁸⁸
2722 2949 2777 2992 et
2815 2937 3146 2992 fructiﬁcent
3194 2935 3331 2992 Deo.
3368 2941 3469 2996 Vos
3507 2949 3645 2995 autem
3666 2940 3703 2992 in

2214 3041 2422 3086 tantum
2473 3031 2796 3093 terroribus,
2847 3030 3010 3086 minis
3071 3041 3128 3086 et
3188 3034 3493 3088 verberibus
3531 3032 3699 3098 undique

522 3112 632 3169 Nec
654 3115 868 3183 quidem
893 3118 1110 3172 mirum.
1142 3118 1316 3173 Mollis
1341 3120 1483 3173 enim
1507 3130 1591 3176 est
1613 3136 1758 3188 cera,
1788 3127 2014 3195 etquasi
2039 3127 2107 3182 li-
2136 3122 2177 3179 C
2213 3123 2330 3178 illos
2357 3124 2669 3189 coarctatis,
2705 3133 2763 3178 ιιι
2807 3123 2952 3178 nulla
2981 3125 3199 3193 penitus
3225 3124 3386 3181 liceat
3414 3125 3503 3180 sibi
3529 3123 3704 3178 libertate

522 3221 718 3274 quens,
752 3223 852 3262 nec
890 3209 1177 3280 imaginem
1218 3210 1381 3279 sigilli
1405 3216 1784 3282 quoquomodo
1816 3218 2104 3287 recipiens.

521 3296 732 3353 Medius
763 3301 955 3355 horum
984 3303 1302 3358 adolescens
1323 3313 1374 3358 et
1399 3301 1619 3371 juvenis
1653 3316 1735 3362 est
1763 3350 1777 3374 ,
1811 3326 1878 3365 ex
1911 3313 2109 3367 teneri—

522 3390 715 3446 tudine
757 3402 919 3463 atque
949 3396 1146 3451 duritia
1183 3398 1336 3465 quasi
1364 3413 1427 3453 ex
1476 3407 1756 3458 senectute
1785 3413 1841 3458 et
1875 3407 2104 3475 pueritia

520 3497 763 3553 congrue
807 3495 1157 3557 temperatus.
1184 3490 1240 3544 Si
1283 3504 1413 3558 ergo
1461 3490 1605 3546 hunc
1658 3492 2002 3566 instruxeris,
2037 3501 2105 3555 ad

519 3589 900 3647 quemcunque
925 3581 1176 3636 utilitatis
1206 3585 1508 3651 profectum
1555 3585 1724 3650 voles,
1771 3587 1891 3643 sive
1931 3590 2106 3646 hone-

521 3668 702 3734 statis,
747 3679 872 3739 apte
907 3671 1206 3728 informare
1230 3675 1457 3731 valebis.

1022 3785 1251 3843 CAPUT
1289 3787 1591 3844 CLXXVII.

778 3875 857 3930 De
888 3887 1082 3932 conatu
1119 3871 1316 3934 diaboli
1347 3890 1530 3934 contra
1561 3883 1837 3938 nouitium.

585 3968 722 4023 Cum
788 3969 1034 4026 diabolus
1091 3973 1280 4043 nequit
1330 3978 1655 4031 monachum
1700 3977 1933 4034 obruere
1982 3981 2105 4036 vitae

515 4074 678 4127 quam
705 4059 984 4131 professus
1006 4071 1091 4117 est
1119 4065 1264 4128 odio,
1290 4067 1484 4122 nititur
1510 4069 1602 4100 ²⁰⁰⁷
1645 4083 1767 4122 eum
1801 4085 2100 4128 conversa-

517 4153 684 4206 tionis
715 4153 766 4206 in
819 4169 924 4222 qua
973 4165 1056 4208 est
1108 4158 1392 4221 subruere,
1455 4159 1693 4218 fastidio.
1733 4166 1802 4220 Et
1854 4164 1983 4220 licet
2024 4167 2101 4222 illi

514 4242 894 4296 monachicum
923 4246 1254 4314 propositum
1278 4249 1372 4282 ¹⁰⁰⁸
1399 4255 1692 4310 tenendum
1717 4273 1872 4327 quasr
1899 4274 2102 4314 conce-

515 4332 627 4390 dat.
673 4342 851 4385 tamen
897 4335 999 4388 hoc
1037 4336 1160 4403 quia
1189 4339 1291 4392 sub
1341 4340 1558 4406 talibus,
1607 4356 1704 4400 aut
1745 4349 1912 4404 etiam
1956 4351 2101 4406 inter

518 4420 676 4486 tales,
720 4431 814 4476 aut
844 4422 897 4476 in
926 4424 1016 4476 tali
1049 4425 1164 4479 loco
1195 4420 1399 4498 incepit
1427 4433 1537 4497 1°”,
1573 4434 1721 4489 ἰΙΙιιιιι
1757 4441 1984 4495 stultum
2016 4443 2101 4496 ni-

515 4515 620 4569 mis
655 4515 1158 4589 imprudentemque
1189 4523 1521 4581 multimodis
1565 4533 1823 4588 versuliis
1866 4550 2098 4605 arguere

512 4625 618 4663 non
650 4620 847 4666 cessat.
880 4609 950 4666 Ut
989 4612 1113 4669 dum
1147 4613 1219 4669 illi
1271 4619 1560 4685 persuadet
1606 4622 1846 4695 incoepto
1878 4625 1971 4683 Dei
2000 4629 2096 4684 bc-

2213 3215 2395 3282 pou'ri.
2429 3217 2615 3287 Itaque
2667 3216 2962 3273 indiscrete
2989 3219 3261 3288 Oppressi,
3277 3231 3479 3296 pravas
3497 3226 3544 3270 et
3575 3215 3701 3282 spina-

2210 3324 2329 3363 rum
2383 3323 2532 3363 more
2574 3309 2856 3379 perplexas
2908 3311 3273 3379 cogitationes
3306 3309 3439 3363 infra
3481 3322 3533 3362 se
3566 3317 3703 3374 αιιιεορ

2210 3408 2356 3463 runt,
2386 3397 2570 3453 fovent
2597 3410 2652 3454 et
2677 3400 2945 3454 nutriunt.
2975 3400 3128 3457 Unde
3155 3399 3218 3454 fit
3248 3407 3306 3453 ut
3326 3399 3444 3468 quia
3471 3396 3579 3452 nihil
3602 3409 3700 3448 ιιιιιιι·

2209 3491 2311 3556 ris,
2352 3491 2484 3546 nihil
2529 3491 2766 3561 pietatis,
2806 3491 2940 3546 nihil
2987 3492 3383 3548 benevolentiae
3430 3490 3552 3544 circa
3601 3485 3698 3540 sein

2208 3582 2365 3636 nobis
2394 3583 2654 3647 sentiunt,
2681 3595 2780 3635 nec
2823 3581 2901 3636 illi
2941 3581 3172 3653 alicujus
3209 3586 3338 3639 boni
3371 3586 3420 3639 in
3462 3581 3615 3637 vobis;
3639 3572 3700 3629 sed

2207 3671 2466 3742 quidquid
2507 3679 2591 3726 est
2625 3671 2760 3735 odii,
2794 3671 3110 3742 impietatis,
3146 3673 3538 3730 malevolentia.
3573 3674 3698 3735 postea

2207 3775 2355 3829 spem
2389 3751 2958 3830 liabeant.'Contingit
2983 3761 3169 3830 itaque
3201 3760 3491 3817 miserabili
3518 3755 3638 3811 modo
3653 3761 3689 3803 ut

2207 3853 2348 3906 sicut
2369 3865 2602 3920 corpore
2623 3861 2900 3931 crescunt,
2921 3851 3001 3906 sic
3021 3863 3077 3906 et
3101 3851 3154 3906 in
3187 3854 3274 3909 eis
3300 3854 3456 3907 timor
3475 3855 3650 3906 tantum.
3663 3849 3700 3893 et

2209 3941 2432 4011 invidia,
2485 3949 2540 3996 et
2579 3942 2818 4010 suspicio
2842 3943 3021 3997 omnis
3069 3942 3197 3997 mali
3249 3951 3450 3998 crescat
3485 3954 3542 3994 ex
3575 3931 3695 3991 vobis

2206 4046 2424 4102 semper
2461 4032 2618 4101 pretii
2646 4039 2702 4086 et
2733 4031 2940 4084 incurvi
2985 4029 3052 4083 ad
3081 4031 3241 4096 vitia,
3279 4045 3459 4086 secum
3491 4019 3697 4097 praeuali-

2207 4132 2386 4178 tantes
2427 4131 2522 4176 aut
2563 4120 2832 4190 quomodo
2880 4129 3088 4176 vestras
3134 4123 3360 4177 insidias
3403 4128 3455 4176 et
3498 4113 3697 4172 mellina

2208 4217 2381 4272 tiones
2411 4216 2623 4271 valeant
2661 4215 2889 4279 evitare,
2920 4223 3014 4268 aut
3037 4213 3235 4270 deinde
3265 4213 3458 4270 saeculo
3478 4208 3631 4264 redite.

2719 4331 2946 4386 CAPUT
2981 4327 3268 4383 CLXXIX.

2587 4419 2897 4492 Exemplum
2927 4422 2991 4474 de
3021 4420 3222 4473 Iuntina
3249 4421 3386 4474 auri.

2288 4533 2520 4600 Vidistis,
2565 4550 2750 4604 quaeso
2783 4536 2896 4599 m”,
2927 4547 3162 4604 unquam
3185 4533 3444 4589 artiﬁcem
3478 4521 3693 4584 etiamin:

2207 4627 2324 4682 auri
2357 4626 2442 4682 vel
2471 4627 2680 4695 argenti
2702 4625 2834 4679 solis
2875 4626 3321 4695 percussionibus
3353 4623 3438 4655 ““
3481 4615 3690 4686 imaginem

1807 4824 1889 4878 VA
1903 4824 2038 4880 RUE
2090 4827 2490 4884 LECTIONES.

581 4951 673 4984 ¹⁰⁰⁸
699 4951 908 5004 Videris.
932 4952 1201 5008 hominem
1230 4972 1336 5010 mss
1356 4968 1404 5011 et
1435 4955 1580 5010 Edit.
1614 4957 1726 5012 Col.
1755 4960 1938 5014 videas
1958 4961 2230 5016 hominem
2309 4961 2401 4993 ¹⁰⁰⁶
2433 4961 2511 5014 Ad
2545 4963 2659 5015 lure
2689 4961 2870 5014 videre
2901 4976 3003 5012 mss
3035 4960 3147 5015 haec
3176 4960 3356 5012 videre
3394 4972 3464 5008 ms
3494 4950 3599 5005 νίειο
3621 4944 3688 4996 lt“

513 5020 692 5096 videre
767 5021 856 5096 ’ἀοῖ
890 5020 1022 5096 ϐιιιιι
1053 5024 1298 5096 diabolus
1334 5029 1519 5096 nequit
1542 5031 1921 5084 monaehatmn
1948 5031 2107 5087 alicui
2131 5032 2262 5086 dare
2289 5032 2430 5086 odio.
2455 5033 2643 5084 nititur
2671 5047 2748 5082 ms
2779 5028 2926 5084 Gem.
2953 5027 3016 5082 G.
3050 5030 3138 5082 40.
3163 5029 3296 5084 Cum
3318 5025 3537 5080 diabolus
3554 5027 3684 5096 {1199f

509 5090 668 5142 chum
694 5093 881 5167 nequit
903 5092 1130 5167 obruere
1157 5095 1277 5149 vita:
1303 5089 1464 5167 quam
1495 5099 1771 5167 professus
1800 5111 1881 5153 est
1921 5102 2064 5159 odio.
2095 5102 2288 5156 nititur
2363 5102 2457 5133 ¹⁰⁰⁸
2489 5101 2864 5154 lilouacliatum
2892 5101 3219 5166 propositum
3253 5115 3354 5151 mss
3393 5089 3684 5167 ArnonachicllliI

508 5155 840 5240 preposituin
917 5163 1010 5243 ξ⁰⁰⁹
1033 5164 1174 5217 [.oco
1201 5155 1437 5236 suscepit
1475 5155 1551 5220 ius
1581 5167 1728 5224 Gem.
1754 5170 1868 5224 loco
1896 5155 2123 5238 incepit
2169 5172 2260 5203 ¹⁰¹⁰
2287 5171 2653 5243 Multimodis"
2684 5170 2868 5243 necad
2892 5155 3249 5243 Inis'GemaG.
3281 5167 3348 5220 40
3373 5165 3506 5243 illum
3525 5155 3683 5243 Si???“

511 5227 692 5306 izimis,
719 5229 1219 5306 imprudeutemque
1245 5227 1578 5292 multimodis
1601 5242 1852 5294 versutiis
1877 5227 2103 5306 arguere
2123 5256 2229 5295 non
2256 5254 2463 5302 cessat;
2497 5252 2552 5294 ut
2580 5241 2705 5294 dum
2733 5240 2804 5291 illi
2845 5240 3133 5306 persuadet
3155 5239 3360 5305 incepto
3387 5234 3470 5306 Dei
3493 5227 3684 5306 bene“???

509 5296 781 5376 ingratum
797 5296 1071 5376 existere;
1098 5296 1460 5376 justojudicio
1486 5310 1575 5362 Dei
1609 5324 1706 5363 nec
1729 5311 1794 5363 ad
1872 5296 2078 5365 “"YDiu
2111 5321 2288 5366 teneat
2309 5329 2384 5364 ms
2407 5296 2554 5366 Gem.
2585 5311 2799 5372 omittit,
2831 5296 2920 5362 diu
2998 5310 3088 5340 ¹⁰¹²
3117 5296 3458 5376 Improbando
3480 5296 3682 5376 βνοβθῗίὲ³

509 5378 605 5450 etc.
632 5367 889 5450 m‘sng'e‘m.
927 5367 1277 5450 iinproha‘mlo
1307 5379 1464 5450 initio
1472 5379 1808 5450 meditatur;
1847 5397 2119 5448 nunquam
2148 5381 2212 5433 ad
2243 5383 2402 5436 ﬁnem
2432 5367 2796 5450 perfectionis.
2823 5381 3042 5432 tendere
3071 5367 3315 5450 conatur.
3346 5367 3677 5450 Νιιζηίίῑξιοηίξίξ

509 5437 584 5490 illi
679 5438 771 5470 ¹⁰¹³
800 5437 1136 5494 Sli'ueturani
1163 5447 1413 5501 bonzems
1447 5447 1578 5502 Vict.
1611 5437 1843 5502 fructum
1891 5437 2045 5504 bona:
2122 5449 2214 5482 ¹⁰¹⁴
2249 5451 2314 5506 Ut
2359 5437 2524 5504 lit'ut
2587 5467 2663 5504 ius
2711 5450 2850 5501 unde
2882 5451 2939 5500 .'°'.t
2981 5459 3040 5502 ut.
3133 5449 3224 5479 ¹⁰¹⁵
3248 5437 3610 5506 (Ζοιιειιιαιιὶοηιὲ
3629 5441 3678 5506 ηεξ

509 5506 658 5595 (ἔβηςἶ
689 5511 1066 5595 (ςοιιινιιιξίριιιε.
1111 5514 1203 5595 mf
1231 5518 1480 5595 A_ppeliht
1512 5529 1876 5595 movetur-"ms
1919 5503 2064 5573 Geni.
2109 5503 2347 5589 appetitu
2383 5503 2618 5595 mutatur
2807 5518 3004 5595 Quales
3031 5527 3194 5595 putas
3233 5530 3407 5595 ramos
3439 5503 3677 5595 ξξιίξιξάξξξί

507 5593 585 5660 ius
615 5577 773 5660 Uenta
782 5582 965 5660 qualis
991 5583 1152 5660 arbor
1179 5577 1301 5641 inde
1315 5577 1570 5660 prodiret
1617 5588 1736 5660 Α¹⁰⁸⁸
1768 5588 1978 5644 Scilicet
2012 5599 2070 5642 ut
2091 5577 2339 5645 crescant
2378 5607 2482 5644 mss
2513 5591 2694 5660 Car6._
2716 5577 2851 5660 Vict“.
2879 5599 2926 5641 et
2960 5577 3102 5660 fidit.
3153 5587 3334 5660 Colon.
3359 5581 3677 5660 omittunt”?

505 5647 636 5771 liclet
711 5641 1086 5776 ‘°‘°'Autlis}‘is,
1112 5669 1296 5724 quaiso
1323 5641 1426 5711 ius:
1451 5657 1679 5722 vidistis,
1707 5641 1893 5729 quaeso
1912 5641 1924 5643 ί
1946 5641 2895 5729 ίιοεοῖἑμδῐίξῑεῖειιιέὲιρθἓέέιέειοηιιυε
2935 5676 3011 5712 m3
3055 5641 3186 5713 Vict.
3216 5655 3362 5712 σοι-ὸ.
3387 5660 3430 5706 et
3458 5641 3644 5702 Ειίίιιίιο

508 5735 567 5773 so
593 5735 638 5774 is
663 5737 999 5776 oereussrom
1026 5738 1105 5776 )tlS

508 5735 638 5774 SOHS
663 5735 1105 5789 percussmnitius
