  <div class='ocr_page' id='page_1' title='image "/cluster/home/n/w/nwhite01/storage/ocr_20150623/159/hvd.32044024236648/356.png"; bbox 0 0 3870 6304; ppageno 0'>
   <div class='ocr_carea' id='block_1_1' title="bbox 100 376 189 430">
    <p class='ocr_par' dir='ltr' id='par_1_1' title="bbox 100 376 189 430">
     <span class='ocr_line' id='line_1_1' title="bbox 100 376 189 430; baseline -0.022 0"><span class='ocrx_word' id='word_1_1' title='bbox 100 376 189 430; x_wconf 71' lang='lat'><strong>697</strong></span> 
     </span>
    </p>
   </div>
   <div class='ocr_carea' id='block_1_2' title="bbox 1095 362 2396 429">
    <p class='ocr_par' dir='ltr' id='par_1_2' title="bbox 1095 362 2396 429">
     <span class='ocr_line' id='line_1_2' title="bbox 1095 362 2396 429; baseline -0.002 -2"><span class='ocrx_word' id='word_1_2' title='bbox 1095 374 1219 428; x_wconf 86' lang='lat' dir='ltr'><strong>LIB.</strong></span> <span class='ocrx_word' id='word_1_3' title='bbox 1251 374 1338 428; x_wconf 80' lang='lat' dir='ltr'><strong>DE</strong></span> <span class='ocrx_word' id='word_1_4' title='bbox 1370 374 1427 428; x_wconf 91' lang='lat' dir='ltr'><strong>S.</strong></span> <span class='ocrx_word' id='word_1_5' title='bbox 1459 373 1758 428; x_wconf 75' lang='lat' dir='ltr'><strong>ANSELMI</strong></span> <span class='ocrx_word' id='word_1_6' title='bbox 1802 362 2396 429; x_wconf 72' lang='lat' dir='ltr'><strong>SIMILITUDINIBUS.</strong></span> 
     </span>
    </p>
   </div>
   <div class='ocr_carea' id='block_1_3' title="bbox 3221 386 3323 442">
    <p class='ocr_par' dir='ltr' id='par_1_3' title="bbox 3221 386 3323 442">
     <span class='ocr_line' id='line_1_3' title="bbox 3221 386 3323 442; baseline 0.029 -4"><span class='ocrx_word' id='word_1_7' title='bbox 3221 386 3323 442; x_wconf 79' lang='lat'><strong>698</strong></span> 
     </span>
    </p>
   </div>
   <div class='ocr_carea' id='block_1_4' title="bbox 101 482 3324 560">
    <p class='ocr_par' dir='ltr' id='par_1_4' title="bbox 101 482 3324 560">
     <span class='ocr_line' id='line_1_4' title="bbox 101 482 3324 560; baseline 0.001 -16"><span class='ocrx_word' id='word_1_8' title='bbox 101 488 367 557; x_wconf 85' lang='lat' dir='ltr'><strong>speciosam</strong></span> <span class='ocrx_word' id='word_1_9' title='bbox 400 485 696 539; x_wconf 86' lang='lat' dir='ltr'><strong>formasse?</strong></span> <span class='ocrx_word' id='word_1_10' title='bbox 733 484 846 539; x_wconf 83' lang='lat' dir='ltr'><strong>Non</strong></span> <span class='ocrx_word' id='word_1_11' title='bbox 889 493 1035 555; x_wconf 89' lang='lat' dir='ltr'><strong>puto.</strong></span> <span class='ocrx_word' id='word_1_12' title='bbox 1080 485 1217 551; x_wconf 87' lang='lat' dir='ltr'><strong>Quid</strong></span> <span class='ocrx_word' id='word_1_13' title='bbox 1249 487 1409 539; x_wconf 87' lang='lat' dir='ltr'><strong>tunc?</strong></span> <span class='ocrx_word' id='word_1_14' title='bbox 1440 486 1639 551; x_wconf 79' lang='lat' dir='ltr'><strong>Quate-</strong></span> <span class='ocrx_word' id='word_1_15' title='bbox 1670 491 1715 545; x_wconf 83' lang='grc' dir='ltr'><strong>Λ</strong></span> <span class='ocrx_word' id='word_1_16' title='bbox 1747 483 1891 539; x_wconf 88' lang='lat' dir='ltr'><strong>enim</strong></span> <span class='ocrx_word' id='word_1_17' title='bbox 1921 484 2004 536; x_wconf 91' lang='lat' dir='ltr'><strong>his</strong></span> <span class='ocrx_word' id='word_1_18' title='bbox 2035 498 2261 551; x_wconf 90' lang='lat' dir='ltr'><strong>persona</strong></span> <span class='ocrx_word' id='word_1_19' title='bbox 2305 482 2420 552; x_wconf 88' lang='lat' dir='ltr'><strong>ejus</strong></span> <span class='ocrx_word' id='word_1_20' title='bbox 2463 486 2639 553; x_wconf 84' lang='lat' dir='ltr'><strong>eget),</strong></span> <span class='ocrx_word' id='word_1_21' title='bbox 2671 488 2906 542; x_wconf 92' lang='lat' dir='ltr'><strong>ostendit</strong></span> <span class='ocrx_word' id='word_1_22' title='bbox 2949 490 3101 545; x_wconf 85' lang='lat' dir='ltr'><strong>nobis</strong></span> <span class='ocrx_word' id='word_1_23' title='bbox 3128 494 3324 560; x_wconf 78' lang='lat' dir='ltr'><strong>quibus</strong></span> 
     </span>
    </p>
   </div>
   <div class='ocr_carea' id='block_1_5' title="bbox 102 576 1642 646">
    <p class='ocr_par' dir='ltr' id='par_1_5' title="bbox 102 576 1642 646">
     <span class='ocr_line' id='line_1_5' title="bbox 102 576 1642 646; baseline -0.003 -14"><span class='ocrx_word' id='word_1_24' title='bbox 102 595 185 632; x_wconf 78' lang='lat' dir='ltr'><strong>nus</strong></span> <span class='ocrx_word' id='word_1_25' title='bbox 205 588 372 646; x_wconf 91' lang='lat' dir='ltr'><strong>aptam</strong></span> <span class='ocrx_word' id='word_1_26' title='bbox 396 576 615 631; x_wconf 77' lang='lat' dir='ltr'><strong>formam</strong></span> <span class='ocrx_word' id='word_1_27' title='bbox 640 594 704 629; x_wconf 84' lang='lat' dir='ltr'><strong>ex</strong></span> <span class='ocrx_word' id='word_1_28' title='bbox 751 576 945 629; x_wconf 82' lang='lat' dir='ltr'><strong>lamina</strong></span> <span class='ocrx_word' id='word_1_29' title='bbox 973 576 1188 640; x_wconf 91' lang='lat' dir='ltr'><strong>formet,</strong></span> <span class='ocrx_word' id='word_1_30' title='bbox 1214 593 1354 631; x_wconf 90' lang='lat' dir='ltr'><strong>nunc</strong></span> <span class='ocrx_word' id='word_1_31' title='bbox 1406 592 1526 631; x_wconf 89' lang='lat' dir='ltr'><strong>eam</strong></span> <span class='ocrx_word' id='word_1_32' title='bbox 1553 578 1642 608; x_wconf 78' lang='grc'>¹⁰¹¹</span> 
     </span>
    </p>
   </div>
   <div class='ocr_carea' id='block_1_6' title="bbox 100 665 1647 737">
    <p class='ocr_par' dir='ltr' id='par_1_6' title="bbox 100 665 1647 737">
     <span class='ocr_line' id='line_1_6' title="bbox 100 665 1647 737; baseline -0.003 -14"><span class='ocrx_word' id='word_1_33' title='bbox 100 686 183 723; x_wconf 83' lang='lat' dir='ltr'><strong>suo</strong></span> <span class='ocrx_word' id='word_1_34' title='bbox 212 667 557 721; x_wconf 89' lang='lat' dir='ltr'><strong>instrmnento</strong></span> <span class='ocrx_word' id='word_1_35' title='bbox 586 666 775 737; x_wconf 85' lang='lat' dir='ltr'><strong>leviter</strong></span> <span class='ocrx_word' id='word_1_36' title='bbox 801 666 997 734; x_wconf 90' lang='lat' dir='ltr'><strong>premit</strong></span> <span class='ocrx_word' id='word_1_37' title='bbox 1022 674 1073 720; x_wconf 91' lang='lat' dir='ltr'><strong>et</strong></span> <span class='ocrx_word' id='word_1_38' title='bbox 1122 665 1374 733; x_wconf 89' lang='lat' dir='ltr'><strong>percutit,</strong></span> <span class='ocrx_word' id='word_1_39' title='bbox 1415 677 1464 720; x_wconf 91' lang='lat' dir='ltr'><strong>et</strong></span> <span class='ocrx_word' id='word_1_40' title='bbox 1497 676 1647 735; x_wconf 84' lang='lat' dir='ltr'><strong>post-</strong></span> 
     </span>
    </p>
   </div>
   <div class='ocr_carea' id='block_1_7' title="bbox 97 758 1644 829">
    <p class='ocr_par' dir='ltr' id='par_1_7' title="bbox 97 758 1644 829">
     <span class='ocr_line' id='line_1_7' title="bbox 97 758 1644 829; baseline -0.003 -15"><span class='ocrx_word' id='word_1_41' title='bbox 97 761 287 814; x_wconf 84' lang='lat' dir='ltr'><strong>modum</strong></span> <span class='ocrx_word' id='word_1_42' title='bbox 324 758 527 829; x_wconf 88' lang='lat' dir='ltr'><strong>planat;</strong></span> <span class='ocrx_word' id='word_1_43' title='bbox 579 775 722 813; x_wconf 90' lang='lat' dir='ltr'><strong>nunc</strong></span> <span class='ocrx_word' id='word_1_44' title='bbox 761 759 923 812; x_wconf 91' lang='lat' dir='ltr'><strong>etiam</strong></span> <span class='ocrx_word' id='word_1_45' title='bbox 956 759 1193 813; x_wconf 90' lang='lat' dir='ltr'><strong>discreto</strong></span> <span class='ocrx_word' id='word_1_46' title='bbox 1246 758 1514 813; x_wconf 81' lang='lat' dir='ltr'><strong>lcvamine</strong></span> <span class='ocrx_word' id='word_1_47' title='bbox 1554 760 1644 789; x_wconf 81' lang='grc'><strong>¹⁰²¹</strong></span> 
     </span>
    </p>
   </div>
   <div class='ocr_carea' id='block_1_8' title="bbox 98 845 1645 915">
    <p class='ocr_par' dir='ltr' id='par_1_8' title="bbox 98 845 1645 915">
     <span class='ocr_line' id='line_1_8' title="bbox 98 845 1645 915; baseline 0.001 -14"><span class='ocrx_word' id='word_1_48' title='bbox 98 848 248 901; x_wconf 86' lang='lat' dir='ltr'><strong>levius</strong></span> <span class='ocrx_word' id='word_1_49' title='bbox 292 845 431 900; x_wconf 89' lang='lat' dir='ltr'><strong>levat</strong></span> <span class='ocrx_word' id='word_1_50' title='bbox 458 854 512 901; x_wconf 90' lang='lat' dir='ltr'><strong>et</strong></span> <span class='ocrx_word' id='word_1_51' title='bbox 548 846 823 901; x_wconf 75' lang='lat' dir='ltr'><strong>informat.</strong></span> <span class='ocrx_word' id='word_1_52' title='bbox 867 845 957 902; x_wconf 90' lang='lat' dir='ltr'><strong>Sic</strong></span> <span class='ocrx_word' id='word_1_53' title='bbox 988 856 1043 900; x_wconf 92' lang='lat' dir='ltr'><strong>et</strong></span> <span class='ocrx_word' id='word_1_54' title='bbox 1087 862 1203 910; x_wconf 88' lang='lat' dir='ltr'><strong>vos,</strong></span> <span class='ocrx_word' id='word_1_55' title='bbox 1238 847 1279 899; x_wconf 87' lang='lat' dir='ltr'><strong>si</strong></span> <span class='ocrx_word' id='word_1_56' title='bbox 1332 861 1527 915; x_wconf 90' lang='lat' dir='ltr'><strong>pueros</strong></span> <span class='ocrx_word' id='word_1_57' title='bbox 1556 863 1645 902; x_wconf 87' lang='lat' dir='ltr'><strong>ve-</strong></span> 
     </span>
    </p>
   </div>
   <div class='ocr_carea' id='block_1_9' title="bbox 94 940 1643 1008">
    <p class='ocr_par' dir='ltr' id='par_1_9' title="bbox 94 940 1643 1008">
     <span class='ocr_line' id='line_1_9' title="bbox 94 940 1643 1008; baseline 0.001 -12"><span class='ocrx_word' id='word_1_58' title='bbox 94 952 217 996; x_wconf 79' lang='lat' dir='ltr'><strong>stros</strong></span> <span class='ocrx_word' id='word_1_59' title='bbox 262 940 454 1008; x_wconf 88' lang='lat' dir='ltr'><strong>cupitis</strong></span> <span class='ocrx_word' id='word_1_60' title='bbox 486 941 726 995; x_wconf 91' lang='lat' dir='ltr'><strong>moribus</strong></span> <span class='ocrx_word' id='word_1_61' title='bbox 766 940 921 995; x_wconf 88' lang='lat' dir='ltr'><strong>bonis</strong></span> <span class='ocrx_word' id='word_1_62' title='bbox 970 949 1192 994; x_wconf 88' lang='lat' dir='ltr'><strong>ornatos</strong></span> <span class='ocrx_word' id='word_1_63' title='bbox 1236 956 1376 1007; x_wconf 89' lang='lat' dir='ltr'><strong>esse,</strong></span> <span class='ocrx_word' id='word_1_64' title='bbox 1425 957 1643 997; x_wconf 77' lang='lat' dir='ltr'><strong>necesse</strong></span> 
     </span>
    </p>
   </div>
   <div class='ocr_carea' id='block_1_10' title="bbox 92 1032 1643 1102">
    <p class='ocr_par' dir='ltr' id='par_1_10' title="bbox 92 1032 1643 1102">
     <span class='ocr_line' id='line_1_10' title="bbox 92 1032 1643 1102; baseline 0.002 -16"><span class='ocrx_word' id='word_1_65' title='bbox 92 1041 158 1086; x_wconf 82' lang='lat' dir='ltr'><strong>est</strong></span> <span class='ocrx_word' id='word_1_66' title='bbox 178 1041 229 1084; x_wconf 93' lang='lat' dir='ltr'><strong>ut</strong></span> <span class='ocrx_word' id='word_1_67' title='bbox 250 1046 365 1085; x_wconf 90' lang='lat' dir='ltr'><strong>cum</strong></span> <span class='ocrx_word' id='word_1_68' title='bbox 395 1032 836 1101; x_wconf 90' lang='lat' dir='ltr'><strong>depressionibus</strong></span> <span class='ocrx_word' id='word_1_69' title='bbox 866 1033 1175 1097; x_wconf 84' lang='lat' dir='ltr'><strong>verberum,</strong></span> <span class='ocrx_word' id='word_1_70' title='bbox 1211 1034 1536 1102; x_wconf 78' lang='lat' dir='ltr'><strong>impendatis</strong></span> <span class='ocrx_word' id='word_1_71' title='bbox 1564 1037 1643 1089; x_wconf 89' lang='lat' dir='ltr'><strong>eis</strong></span> 
     </span>
    </p>
   </div>
   <div class='ocr_carea' id='block_1_11' title="bbox 89 1121 1641 1193">
    <p class='ocr_par' dir='ltr' id='par_1_11' title="bbox 89 1121 1641 1193">
     <span class='ocr_line' id='line_1_11' title="bbox 89 1121 1641 1193; baseline 0.005 -21"><span class='ocrx_word' id='word_1_72' title='bbox 89 1132 300 1191; x_wconf 73' lang='lat' dir='ltr'><strong>paternae</strong></span> <span class='ocrx_word' id='word_1_73' title='bbox 347 1121 565 1191; x_wconf 90' lang='lat' dir='ltr'><strong>pietatis</strong></span> <span class='ocrx_word' id='word_1_74' title='bbox 602 1130 656 1175; x_wconf 88' lang='lat' dir='ltr'><strong>et</strong></span> <span class='ocrx_word' id='word_1_75' title='bbox 706 1121 1138 1181; x_wconf 85' lang='lat' dir='ltr'><strong>mansuetudinis</strong></span> <span class='ocrx_word' id='word_1_76' title='bbox 1186 1121 1429 1177; x_wconf 93' lang='lat' dir='ltr'><strong>levamen</strong></span> <span class='ocrx_word' id='word_1_77' title='bbox 1480 1133 1641 1193; x_wconf 91' lang='lat' dir='ltr'><strong>atque</strong></span> 
     </span>
    </p>
   </div>
   <div class='ocr_carea' id='block_1_12' title="bbox 91 1212 1636 1285">
    <p class='ocr_par' dir='ltr' id='par_1_12' title="bbox 91 1212 1636 1285">
     <span class='ocr_line' id='line_1_12' title="bbox 91 1212 1636 1285; baseline 0.002 -18"><span class='ocrx_word' id='word_1_78' title='bbox 91 1214 379 1267; x_wconf 81' lang='lat' dir='ltr'><strong>subsidium.</strong></span> <span class='ocrx_word' id='word_1_79' title='bbox 413 1212 621 1268; x_wconf 86' lang='lat' dir='ltr'><strong>Tenera</strong></span> <span class='ocrx_word' id='word_1_80' title='bbox 655 1215 872 1283; x_wconf 79' lang='lat' dir='ltr'><strong>quidem</strong></span> <span class='ocrx_word' id='word_1_81' title='bbox 921 1218 1124 1271; x_wconf 79' lang='lat' dir='ltr'><strong>teneris</strong></span> <span class='ocrx_word' id='word_1_82' title='bbox 1152 1214 1266 1282; x_wconf 82' lang='grc'><strong>¹⁰²³,</strong></span> <span class='ocrx_word' id='word_1_83' title='bbox 1295 1216 1434 1269; x_wconf 88' lang='lat' dir='ltr'><strong>sicut</strong></span> <span class='ocrx_word' id='word_1_84' title='bbox 1459 1225 1511 1270; x_wconf 92' lang='lat' dir='ltr'><strong>et</strong></span> <span class='ocrx_word' id='word_1_85' title='bbox 1538 1217 1636 1285; x_wconf 83' lang='lat' dir='ltr'><strong>ipsi</strong></span> 
     </span>
    </p>
   </div>
   <div class='ocr_carea' id='block_1_13' title="bbox 89 1306 1638 1376">
    <p class='ocr_par' dir='ltr' id='par_1_13' title="bbox 89 1306 1638 1376">
     <span class='ocr_line' id='line_1_13' title="bbox 89 1306 1638 1376; baseline 0.001 -18"><span class='ocrx_word' id='word_1_86' title='bbox 89 1306 234 1359; x_wconf 84' lang='lat' dir='ltr'><strong>teneri</strong></span> <span class='ocrx_word' id='word_1_87' title='bbox 264 1323 408 1370; x_wconf 73' lang='lat' dir='ltr'><strong>sunt,</strong></span> <span class='ocrx_word' id='word_1_88' title='bbox 453 1309 537 1360; x_wconf 89' lang='lat' dir='ltr'><strong>lac</strong></span> <span class='ocrx_word' id='word_1_89' title='bbox 583 1306 817 1371; x_wconf 88' lang='lat' dir='ltr'><strong>scilicet,</strong></span> <span class='ocrx_word' id='word_1_90' title='bbox 869 1322 974 1361; x_wconf 91' lang='lat' dir='ltr'><strong>non</strong></span> <span class='ocrx_word' id='word_1_91' title='bbox 1016 1308 1246 1362; x_wconf 88' lang='lat' dir='ltr'><strong>solidum</strong></span> <span class='ocrx_word' id='word_1_92' title='bbox 1291 1307 1470 1360; x_wconf 86' lang='lat' dir='ltr'><strong>cibum</strong></span> <span class='ocrx_word' id='word_1_93' title='bbox 1500 1322 1638 1376; x_wconf 78' lang='lat' dir='ltr'><strong>pra:-</strong></span> 
     </span>
    </p>
   </div>
   <div class='ocr_carea' id='block_1_14' title="bbox 87 1395 1634 1466">
    <p class='ocr_par' dir='ltr' id='par_1_14' title="bbox 87 1395 1634 1466">
     <span class='ocr_line' id='line_1_14' title="bbox 87 1395 1634 1466; baseline 0 -18"><span class='ocrx_word' id='word_1_94' title='bbox 87 1395 249 1450; x_wconf 88' lang='lat' dir='ltr'><strong>bentes</strong></span> <span class='ocrx_word' id='word_1_95' title='bbox 274 1396 349 1451; x_wconf 90' lang='lat' dir='ltr'><strong>eis</strong></span> <span class='ocrx_word' id='word_1_96' title='bbox 382 1395 613 1449; x_wconf 89' lang='lat' dir='ltr'><strong>necdum</strong></span> <span class='ocrx_word' id='word_1_97' title='bbox 661 1396 726 1449; x_wconf 93' lang='lat' dir='ltr'><strong>ad</strong></span> <span class='ocrx_word' id='word_1_98' title='bbox 778 1397 1070 1465; x_wconf 90' lang='lat' dir='ltr'><strong>perfcetam</strong></span> <span class='ocrx_word' id='word_1_99' title='bbox 1095 1406 1308 1451; x_wconf 66' lang='lat' dir='ltr'><strong>aetatem</strong></span> <span class='ocrx_word' id='word_1_100' title='bbox 1345 1397 1634 1466; x_wconf 78' lang='lat' dir='ltr'><strong>provectis.</strong></span> 
     </span>
    </p>
   </div>
   <div class='ocr_carea' id='block_1_15' title="bbox 206 1470 1100 1541">
    <p class='ocr_par' dir='ltr' id='par_1_15' title="bbox 206 1470 1100 1541">
     <span class='ocr_line' id='line_1_15' title="bbox 206 1470 1100 1541; baseline 0.002 -3"><span class='ocrx_word' id='word_1_101' title='bbox 206 1478 209 1483; x_wconf 90' lang='lat'>&#39;</span> <span class='ocrx_word' id='word_1_102' title='bbox 578 1470 807 1541; x_wconf 69' lang='lat' dir='ltr'><strong>CAPUT</strong></span> <span class='ocrx_word' id='word_1_103' title='bbox 843 1486 1100 1541; x_wconf 78' lang='lat' dir='ltr'><strong>CLXXX.</strong></span> 
     </span>
    </p>
   </div>
   <div class='ocr_carea' id='block_1_16' title="bbox 642 1575 1033 1631">
    <p class='ocr_par' dir='ltr' id='par_1_16' title="bbox 642 1575 1033 1631">
     <span class='ocr_line' id='line_1_16' title="bbox 642 1575 1033 1631; baseline 0 -1"><span class='ocrx_word' id='word_1_104' title='bbox 642 1575 720 1630; x_wconf 88' lang='lat' dir='ltr'><strong>De</strong></span> <span class='ocrx_word' id='word_1_105' title='bbox 758 1577 1033 1631; x_wconf 81' lang='lat' dir='ltr'><strong>charitate.</strong></span> 
     </span>
    </p>
   </div>
   <div class='ocr_carea' id='block_1_17' title="bbox 140 1665 1631 1734">
    <p class='ocr_par' dir='ltr' id='par_1_17' title="bbox 140 1665 1631 1734">
     <span class='ocr_line' id='line_1_17' title="bbox 140 1665 1631 1734; baseline 0.007 -19"><span class='ocrx_word' id='word_1_106' title='bbox 140 1666 227 1731; x_wconf 81' lang='lat' dir='ltr'><strong>Qui</strong></span> <span class='ocrx_word' id='word_1_107' title='bbox 267 1665 593 1721; x_wconf 88' lang='lat' dir='ltr'><strong>charitatem</strong></span> <span class='ocrx_word' id='word_1_108' title='bbox 627 1666 679 1719; x_wconf 89' lang='lat' dir='ltr'><strong>in</strong></span> <span class='ocrx_word' id='word_1_109' title='bbox 716 1669 880 1721; x_wconf 87' lang='lat' dir='ltr'><strong>corde</strong></span> <span class='ocrx_word' id='word_1_110' title='bbox 912 1669 1131 1734; x_wconf 88' lang='lat' dir='ltr'><strong>retinet,</strong></span> <span class='ocrx_word' id='word_1_111' title='bbox 1162 1668 1263 1723; x_wconf 90' lang='lat' dir='ltr'><strong>hoc</strong></span> <span class='ocrx_word' id='word_1_112' title='bbox 1318 1669 1458 1723; x_wconf 85' lang='lat' dir='ltr'><strong>unde</strong></span> <span class='ocrx_word' id='word_1_113' title='bbox 1488 1668 1631 1725; x_wconf 90' lang='lat' dir='ltr'><strong>Deus</strong></span> 
     </span>
    </p>
   </div>
   <div class='ocr_carea' id='block_1_18' title="bbox 85 1756 1632 1829">
    <p class='ocr_par' dir='ltr' id='par_1_18' title="bbox 85 1756 1632 1829">
     <span class='ocr_line' id='line_1_18' title="bbox 85 1756 1632 1829; baseline 0.005 -22"><span class='ocrx_word' id='word_1_114' title='bbox 85 1757 253 1824; x_wconf 83' lang='lat' dir='ltr'><strong>gratias</strong></span> <span class='ocrx_word' id='word_1_115' title='bbox 287 1757 388 1811; x_wconf 88' lang='lat' dir='ltr'><strong>scit</strong></span> <span class='ocrx_word' id='word_1_116' title='bbox 437 1757 515 1820; x_wconf 90' lang='lat' dir='ltr'><strong>ei,</strong></span> <span class='ocrx_word' id='word_1_117' title='bbox 560 1756 869 1823; x_wconf 63' lang='lat' dir='ltr'><strong>habetm‘;</strong></span> <span class='ocrx_word' id='word_1_118' title='bbox 910 1758 999 1812; x_wconf 91' lang='lat' dir='ltr'><strong>ille</strong></span> <span class='ocrx_word' id='word_1_119' title='bbox 1043 1774 1174 1814; x_wconf 91' lang='lat' dir='ltr'><strong>vero</strong></span> <span class='ocrx_word' id='word_1_120' title='bbox 1204 1760 1270 1815; x_wconf 91' lang='lat' dir='ltr'><strong>ad</strong></span> <span class='ocrx_word' id='word_1_121' title='bbox 1317 1774 1478 1829; x_wconf 90' lang='lat' dir='ltr'><strong>quem</strong></span> <span class='ocrx_word' id='word_1_122' title='bbox 1513 1769 1632 1814; x_wconf 84' lang='lat' dir='ltr'><strong>tau-</strong></span> 
     </span>
    </p>
   </div>
   <div class='ocr_carea' id='block_1_19' title="bbox 1752 573 3323 640">
    <p class='ocr_par' dir='ltr' id='par_1_19' title="bbox 1752 573 3323 640">
     <span class='ocr_line' id='line_1_19' title="bbox 1752 573 3323 640; baseline 0.006 -13"><span class='ocrx_word' id='word_1_123' title='bbox 1752 573 2044 628; x_wconf 86' lang='lat' dir='ltr'><strong>debeamus</strong></span> <span class='ocrx_word' id='word_1_124' title='bbox 2076 575 2247 628; x_wconf 87' lang='lat' dir='ltr'><strong>vicem</strong></span> <span class='ocrx_word' id='word_1_125' title='bbox 2288 576 2543 640; x_wconf 87' lang='lat' dir='ltr'><strong>reddere,</strong></span> <span class='ocrx_word' id='word_1_126' title='bbox 2586 578 2768 631; x_wconf 82' lang='lat' dir='ltr'><strong>dicens</strong></span> <span class='ocrx_word' id='word_1_127' title='bbox 2798 596 2811 631; x_wconf 90' lang='lat'><strong>:</strong></span> <span class='ocrx_word' id='word_1_128' title='bbox 2847 578 3043 635; x_wconf 79' lang='lat' dir='ltr'><strong>Mando</strong></span> <span class='ocrx_word' id='word_1_129' title='bbox 3084 584 3223 637; x_wconf 77' lang='lat' dir='ltr'><strong>vobis</strong></span> <span class='ocrx_word' id='word_1_130' title='bbox 3270 596 3323 637; x_wconf 82' lang='lat' dir='ltr'><strong>ut</strong></span> 
     </span>
    </p>
   </div>
   <div class='ocr_carea' id='block_1_20' title="bbox 1751 665 3323 745">
    <p class='ocr_par' dir='ltr' id='par_1_20' title="bbox 1751 665 3323 745">
     <span class='ocr_line' id='line_1_20' title="bbox 1751 665 3323 745; baseline 0.007 -27"><span class='ocrx_word' id='word_1_131' title='bbox 1751 665 1984 734; x_wconf 77' lang='lat' dir='ltr'><strong>diligatis</strong></span> <span class='ocrx_word' id='word_1_132' title='bbox 2014 666 2246 726; x_wconf 83' lang='lat' dir='ltr'><strong>invicem,</strong></span> <span class='ocrx_word' id='word_1_133' title='bbox 2274 667 2406 718; x_wconf 87' lang='lat' dir='ltr'><strong>sicut</strong></span> <span class='ocrx_word' id='word_1_134' title='bbox 2439 666 2601 721; x_wconf 75' lang='lat' dir='ltr'><strong>dilexi</strong></span> <span class='ocrx_word' id='word_1_135' title='bbox 2640 686 2724 722; x_wconf 71' lang='lat' dir='ltr'><strong>vos</strong></span> <span class='ocrx_word' id='word_1_136' title='bbox 2758 667 2939 739; x_wconf 81' lang='lat' dir='ltr'><strong>(Joan.</strong></span> <span class='ocrx_word' id='word_1_137' title='bbox 2986 688 3082 737; x_wconf 82' lang='lat' dir='ltr'><strong>xv,</strong></span> <span class='ocrx_word' id='word_1_138' title='bbox 3118 674 3226 745; x_wconf 73' lang='lat' dir='ltr'><strong>i7).</strong></span> <span class='ocrx_word' id='word_1_139' title='bbox 3257 675 3323 729; x_wconf 79' lang='lat' dir='ltr'><strong>Et</strong></span> 
     </span>
    </p>
   </div>
   <div class='ocr_carea' id='block_1_21' title="bbox 1750 757 3327 827">
    <p class='ocr_par' dir='ltr' id='par_1_21' title="bbox 1750 757 3327 827">
     <span class='ocr_line' id='line_1_21' title="bbox 1750 757 3327 827; baseline 0.008 -16"><span class='ocrx_word' id='word_1_140' title='bbox 1750 757 2065 826; x_wconf 89' lang='lat' dir='ltr'><strong>apostolus:</strong></span> <span class='ocrx_word' id='word_1_141' title='bbox 2101 757 2251 812; x_wconf 80' lang='lat' dir='ltr'><strong>Sicut</strong></span> <span class='ocrx_word' id='word_1_142' title='bbox 2290 773 2384 827; x_wconf 82' lang='lat' dir='ltr'><strong>pro</strong></span> <span class='ocrx_word' id='word_1_143' title='bbox 2430 760 2576 813; x_wconf 82' lang='lat' dir='ltr'><strong>nobis</strong></span> <span class='ocrx_word' id='word_1_144' title='bbox 2623 759 2861 816; x_wconf 77' lang='lat' dir='ltr'><strong>Christus</strong></span> <span class='ocrx_word' id='word_1_145' title='bbox 2902 766 3131 819; x_wconf 85' lang='lat' dir='ltr'><strong>animam</strong></span> <span class='ocrx_word' id='word_1_146' title='bbox 3171 784 3327 823; x_wconf 85' lang='lat' dir='ltr'><strong>suam</strong></span> 
     </span>
    </p>
   </div>
   <div class='ocr_carea' id='block_1_22' title="bbox 1747 847 3319 925">
    <p class='ocr_par' dir='ltr' id='par_1_22' title="bbox 1747 847 3319 925">
     <span class='ocr_line' id='line_1_22' title="bbox 1747 847 3319 925; baseline 0.005 -24"><span class='ocrx_word' id='word_1_147' title='bbox 1747 848 1935 917; x_wconf 76' lang='lat' dir='ltr'><strong>posuit,</strong></span> <span class='ocrx_word' id='word_1_148' title='bbox 1952 850 2025 902; x_wconf 86' lang='lat' dir='ltr'><strong>ita</strong></span> <span class='ocrx_word' id='word_1_149' title='bbox 2042 847 2234 900; x_wconf 86' lang='lat' dir='ltr'><strong>debetis</strong></span> <span class='ocrx_word' id='word_1_150' title='bbox 2254 864 2348 915; x_wconf 80' lang='lat' dir='ltr'><strong>pio</strong></span> <span class='ocrx_word' id='word_1_151' title='bbox 2367 848 2617 917; x_wconf 81' lang='lat' dir='ltr'><strong>fratribus</strong></span> <span class='ocrx_word' id='word_1_152' title='bbox 2640 852 2842 905; x_wconf 81' lang='lat' dir='ltr'><strong>animos</strong></span> <span class='ocrx_word' id='word_1_153' title='bbox 2866 871 3055 921; x_wconf 86' lang='lat' dir='ltr'><strong>ponere</strong></span> <span class='ocrx_word' id='word_1_154' title='bbox 3082 856 3131 925; x_wconf 87' lang='grc' dir='ltr'><strong>(Ι</strong></span> <span class='ocrx_word' id='word_1_155' title='bbox 3157 856 3319 909; x_wconf 77' lang='lat' dir='ltr'><strong>Joan.</strong></span> 
     </span>
    </p>
   </div>
   <div class='ocr_carea' id='block_1_23' title="bbox 1746 938 3321 1010">
    <p class='ocr_par' dir='ltr' id='par_1_23' title="bbox 1746 938 3321 1010">
     <span class='ocr_line' id='line_1_23' title="bbox 1746 938 3321 1010; baseline 0.004 -19"><span class='ocrx_word' id='word_1_156' title='bbox 1746 954 1847 1001; x_wconf 87' lang='lat' dir='ltr'><strong>tu,</strong></span> <span class='ocrx_word' id='word_1_157' title='bbox 1896 938 2006 1009; x_wconf 83' lang='grc'><strong>16).</strong></span> <span class='ocrx_word' id='word_1_158' title='bbox 2074 939 2303 1009; x_wconf 88' lang='lat' dir='ltr'><strong>Diligere</strong></span> <span class='ocrx_word' id='word_1_159' title='bbox 2348 938 2511 1008; x_wconf 83' lang='lat' dir='ltr'><strong>igitur</strong></span> <span class='ocrx_word' id='word_1_160' title='bbox 2580 940 2834 997; x_wconf 84' lang='lat' dir='ltr'><strong>debemus</strong></span> <span class='ocrx_word' id='word_1_161' title='bbox 2895 959 2992 997; x_wconf 88' lang='lat' dir='ltr'><strong>nos</strong></span> <span class='ocrx_word' id='word_1_162' title='bbox 3063 945 3321 1010; x_wconf 85' lang='lat' dir='ltr'><strong>invicem,</strong></span> 
     </span>
    </p>
   </div>
   <div class='ocr_carea' id='block_1_24' title="bbox 1748 1029 3319 1098">
    <p class='ocr_par' dir='ltr' id='par_1_24' title="bbox 1748 1029 3319 1098">
     <span class='ocr_line' id='line_1_24' title="bbox 1748 1029 3319 1098; baseline 0.006 -18"><span class='ocrx_word' id='word_1_163' title='bbox 1748 1037 1859 1081; x_wconf 90' lang='lat' dir='ltr'><strong>tum</strong></span> <span class='ocrx_word' id='word_1_164' title='bbox 1891 1029 2016 1097; x_wconf 83' lang='lat' dir='ltr'><strong>quia</strong></span> <span class='ocrx_word' id='word_1_165' title='bbox 2065 1038 2121 1083; x_wconf 91' lang='lat' dir='ltr'><strong>et</strong></span> <span class='ocrx_word' id='word_1_166' title='bbox 2164 1030 2319 1083; x_wconf 90' lang='lat' dir='ltr'><strong>bruta</strong></span> <span class='ocrx_word' id='word_1_167' title='bbox 2352 1030 2595 1097; x_wconf 70' lang='lat' dir='ltr'><strong>quaedam</strong></span> <span class='ocrx_word' id='word_1_168' title='bbox 2643 1032 2896 1086; x_wconf 89' lang='lat' dir='ltr'><strong>animalia</strong></span> <span class='ocrx_word' id='word_1_169' title='bbox 2945 1034 3045 1089; x_wconf 92' lang='lat' dir='ltr'><strong>hoc</strong></span> <span class='ocrx_word' id='word_1_170' title='bbox 3095 1034 3319 1098; x_wconf 87' lang='lat' dir='ltr'><strong>faciunt,</strong></span> 
     </span>
    </p>
   </div>
   <div class='ocr_carea' id='block_1_25' title="bbox 1745 1122 3322 1191">
    <p class='ocr_par' dir='ltr' id='par_1_25' title="bbox 1745 1122 3322 1191">
     <span class='ocr_line' id='line_1_25' title="bbox 1745 1122 3322 1191; baseline 0.004 -17"><span class='ocrx_word' id='word_1_171' title='bbox 1745 1130 1856 1175; x_wconf 90' lang='lat' dir='ltr'><strong>tum</strong></span> <span class='ocrx_word' id='word_1_172' title='bbox 1896 1123 2017 1191; x_wconf 90' lang='lat' dir='ltr'><strong>quia</strong></span> <span class='ocrx_word' id='word_1_173' title='bbox 2077 1123 2236 1176; x_wconf 90' lang='lat' dir='ltr'><strong>unius</strong></span> <span class='ocrx_word' id='word_1_174' title='bbox 2272 1122 2507 1185; x_wconf 63' lang='lat' dir='ltr'><strong>familias,</strong></span> <span class='ocrx_word' id='word_1_175' title='bbox 2541 1122 2745 1177; x_wconf 85' lang='lat' dir='ltr'><strong>scilicet</strong></span> <span class='ocrx_word' id='word_1_176' title='bbox 2782 1124 3002 1191; x_wconf 90' lang='lat' dir='ltr'><strong>Christi,</strong></span> <span class='ocrx_word' id='word_1_177' title='bbox 3029 1143 3237 1191; x_wconf 82' lang='lat' dir='ltr'><strong>sumus,</strong></span> <span class='ocrx_word' id='word_1_178' title='bbox 3267 1140 3322 1181; x_wconf 87' lang='lat' dir='ltr'><strong>et</strong></span> 
     </span>
    </p>
   </div>
   <div class='ocr_carea' id='block_1_26' title="bbox 1742 1213 3317 1285">
    <p class='ocr_par' dir='ltr' id='par_1_26' title="bbox 1742 1213 3317 1285">
     <span class='ocr_line' id='line_1_26' title="bbox 1742 1213 3317 1285; baseline 0.001 -18"><span class='ocrx_word' id='word_1_179' title='bbox 1742 1214 1865 1283; x_wconf 89' lang='lat' dir='ltr'><strong>quia</strong></span> <span class='ocrx_word' id='word_1_180' title='bbox 1894 1214 1947 1267; x_wconf 89' lang='lat' dir='ltr'><strong>in</strong></span> <span class='ocrx_word' id='word_1_181' title='bbox 1975 1228 2141 1283; x_wconf 84' lang='lat' dir='ltr'><strong>regno</strong></span> <span class='ocrx_word' id='word_1_182' title='bbox 2167 1214 2281 1282; x_wconf 91' lang='lat' dir='ltr'><strong>ejus</strong></span> <span class='ocrx_word' id='word_1_183' title='bbox 2308 1213 2545 1283; x_wconf 88' lang='lat' dir='ltr'><strong>singulos</strong></span> <span class='ocrx_word' id='word_1_184' title='bbox 2571 1214 2711 1267; x_wconf 90' lang='lat' dir='ltr'><strong>sicut</strong></span> <span class='ocrx_word' id='word_1_185' title='bbox 2744 1215 2990 1284; x_wconf 87' lang='lat' dir='ltr'><strong>nosipsos</strong></span> <span class='ocrx_word' id='word_1_186' title='bbox 3012 1216 3317 1285; x_wconf 83' lang='lat' dir='ltr'><strong>diligemus,</strong></span> 
     </span>
    </p>
   </div>
   <div class='ocr_carea' id='block_1_27' title="bbox 1742 1304 3322 1375">
    <p class='ocr_par' dir='ltr' id='par_1_27' title="bbox 1742 1304 3322 1375">
     <span class='ocr_line' id='line_1_27' title="bbox 1742 1304 3322 1375; baseline 0.003 -17"><span class='ocrx_word' id='word_1_187' title='bbox 1742 1313 1796 1358; x_wconf 91' lang='lat' dir='ltr'><strong>et</strong></span> <span class='ocrx_word' id='word_1_188' title='bbox 1839 1305 1965 1373; x_wconf 87' lang='lat' dir='ltr'><strong>quia</strong></span> <span class='ocrx_word' id='word_1_189' title='bbox 1998 1304 2067 1358; x_wconf 89' lang='lat' dir='ltr'><strong>ibi</strong></span> <span class='ocrx_word' id='word_1_190' title='bbox 2110 1304 2391 1373; x_wconf 80' lang='lat' dir='ltr'><strong>:equaliter</strong></span> <span class='ocrx_word' id='word_1_191' title='bbox 2428 1306 2496 1358; x_wconf 90' lang='lat' dir='ltr'><strong>ah</strong></span> <span class='ocrx_word' id='word_1_192' title='bbox 2548 1305 2678 1374; x_wconf 89' lang='lat' dir='ltr'><strong>ipsis</strong></span> <span class='ocrx_word' id='word_1_193' title='bbox 2708 1305 3015 1375; x_wconf 86' lang='lat' dir='ltr'><strong>diligemur.</strong></span> <span class='ocrx_word' id='word_1_194' title='bbox 3064 1307 3322 1363; x_wconf 86' lang='lat' dir='ltr'><strong>lndeeens</strong></span> 
     </span>
    </p>
   </div>
   <div class='ocr_carea' id='block_1_28' title="bbox 1738 1394 3319 1462">
    <p class='ocr_par' dir='ltr' id='par_1_28' title="bbox 1738 1394 3319 1462">
     <span class='ocr_line' id='line_1_28' title="bbox 1738 1394 3319 1462; baseline 0.001 -13"><span class='ocrx_word' id='word_1_195' title='bbox 1738 1394 1882 1449; x_wconf 89' lang='lat' dir='ltr'><strong>enim</strong></span> <span class='ocrx_word' id='word_1_196' title='bbox 1909 1402 1992 1449; x_wconf 87' lang='lat' dir='ltr'><strong>est</strong></span> <span class='ocrx_word' id='word_1_197' title='bbox 2019 1394 2061 1449; x_wconf 92' lang='lat' dir='ltr'><strong>si</strong></span> <span class='ocrx_word' id='word_1_198' title='bbox 2094 1394 2148 1447; x_wconf 92' lang='lat' dir='ltr'><strong>in</strong></span> <span class='ocrx_word' id='word_1_199' title='bbox 2189 1394 2290 1448; x_wconf 92' lang='lat' dir='ltr'><strong>hoc</strong></span> <span class='ocrx_word' id='word_1_200' title='bbox 2324 1394 2523 1448; x_wconf 90' lang='lat' dir='ltr'><strong>mundo</strong></span> <span class='ocrx_word' id='word_1_201' title='bbox 2554 1396 2902 1449; x_wconf 85' lang='lat' dir='ltr'><strong>habuerimus</strong></span> <span class='ocrx_word' id='word_1_202' title='bbox 2930 1397 3054 1449; x_wconf 90' lang='lat' dir='ltr'><strong>odio</strong></span> <span class='ocrx_word' id='word_1_203' title='bbox 3083 1412 3219 1462; x_wconf 89' lang='lat' dir='ltr'><strong>quos</strong></span> <span class='ocrx_word' id='word_1_204' title='bbox 3247 1398 3319 1451; x_wconf 87' lang='lat' dir='ltr'><strong>ibi</strong></span> 
     </span>
    </p>
   </div>
   <div class='ocr_carea' id='block_1_29' title="bbox 1738 1484 3320 1543">
    <p class='ocr_par' dir='ltr' id='par_1_29' title="bbox 1738 1484 3320 1543">
     <span class='ocr_line' id='line_1_29' title="bbox 1738 1484 3320 1543; baseline 0.002 -5"><span class='ocrx_word' id='word_1_205' title='bbox 1738 1499 1924 1539; x_wconf 89' lang='lat' dir='ltr'><strong>sumus</strong></span> <span class='ocrx_word' id='word_1_206' title='bbox 1981 1485 2220 1539; x_wconf 89' lang='lat' dir='ltr'><strong>habituri</strong></span> <span class='ocrx_word' id='word_1_207' title='bbox 2274 1484 2643 1539; x_wconf 89' lang='lat' dir='ltr'><strong>charissimos.</strong></span> <span class='ocrx_word' id='word_1_208' title='bbox 2696 1486 2985 1540; x_wconf 87' lang='lat' dir='ltr'><strong>Sciendum</strong></span> <span class='ocrx_word' id='word_1_209' title='bbox 3041 1497 3123 1541; x_wconf 90' lang='lat' dir='ltr'><strong>est</strong></span> <span class='ocrx_word' id='word_1_210' title='bbox 3175 1489 3320 1543; x_wconf 88' lang='lat' dir='ltr'><strong>enim</strong></span> 
     </span>
    </p>
   </div>
   <div class='ocr_carea' id='block_1_30' title="bbox 1736 1576 3325 1646">
    <p class='ocr_par' dir='ltr' id='par_1_30' title="bbox 1736 1576 3325 1646">
     <span class='ocr_line' id='line_1_30' title="bbox 1736 1576 3325 1646; baseline 0.003 -19"><span class='ocrx_word' id='word_1_211' title='bbox 1736 1576 1881 1646; x_wconf 86' lang='lat' dir='ltr'><strong>quod</strong></span> <span class='ocrx_word' id='word_1_212' title='bbox 1952 1577 2257 1646; x_wconf 88' lang='lat' dir='ltr'><strong>quicunque</strong></span> <span class='ocrx_word' id='word_1_213' title='bbox 2314 1577 2383 1631; x_wconf 86' lang='lat' dir='ltr'><strong>ibi</strong></span> <span class='ocrx_word' id='word_1_214' title='bbox 2457 1576 2721 1641; x_wconf 88' lang='lat' dir='ltr'><strong>aderunt,</strong></span> <span class='ocrx_word' id='word_1_215' title='bbox 2772 1578 2929 1632; x_wconf 90' lang='lat' dir='ltr'><strong>nobis</strong></span> <span class='ocrx_word' id='word_1_216' title='bbox 2979 1579 3148 1634; x_wconf 88' lang='lat' dir='ltr'><strong>vicem</strong></span> <span class='ocrx_word' id='word_1_217' title='bbox 3201 1579 3325 1634; x_wconf 89' lang='lat' dir='ltr'><strong>red-</strong></span> 
     </span>
    </p>
   </div>
   <div class='ocr_carea' id='block_1_31' title="bbox 1736 1667 3318 1737">
    <p class='ocr_par' dir='ltr' id='par_1_31' title="bbox 1736 1667 3318 1737">
     <span class='ocr_line' id='line_1_31' title="bbox 1736 1667 3318 1737; baseline 0.003 -17"><span class='ocrx_word' id='word_1_218' title='bbox 1736 1668 1864 1720; x_wconf 88' lang='lat' dir='ltr'><strong>dent</strong></span> <span class='ocrx_word' id='word_1_219' title='bbox 1900 1682 2001 1736; x_wconf 90' lang='lat' dir='ltr'><strong>pro</strong></span> <span class='ocrx_word' id='word_1_220' title='bbox 2052 1667 2343 1722; x_wconf 87' lang='lat' dir='ltr'><strong>dilectione</strong></span> <span class='ocrx_word' id='word_1_221' title='bbox 2376 1669 2654 1737; x_wconf 70' lang='lat' dir='ltr'><strong>praesenti.</strong></span> <span class='ocrx_word' id='word_1_222' title='bbox 2686 1668 2793 1736; x_wconf 87' lang='lat' dir='ltr'><strong>Spe</strong></span> <span class='ocrx_word' id='word_1_223' title='bbox 2842 1671 3006 1723; x_wconf 90' lang='lat' dir='ltr'><strong>etiam</strong></span> <span class='ocrx_word' id='word_1_224' title='bbox 3051 1671 3318 1725; x_wconf 86' lang='lat' dir='ltr'><strong>commodi</strong></span> 
     </span>
    </p>
   </div>
   <div class='ocr_carea' id='block_1_32' title="bbox 1736 1758 3322 1831">
    <p class='ocr_par' dir='ltr' id='par_1_32' title="bbox 1736 1758 3322 1831">
     <span class='ocr_line' id='line_1_32' title="bbox 1736 1758 3322 1831; baseline 0.004 -21"><span class='ocrx_word' id='word_1_225' title='bbox 1736 1758 1821 1811; x_wconf 86' lang='lat' dir='ltr'><strong>vel</strong></span> <span class='ocrx_word' id='word_1_226' title='bbox 1858 1761 2308 1813; x_wconf 88' lang='lat' dir='ltr'><strong>rennmerationis</strong></span> <span class='ocrx_word' id='word_1_227' title='bbox 2357 1760 2660 1829; x_wconf 85' lang='lat' dir='ltr'><strong>diligendus</strong></span> <span class='ocrx_word' id='word_1_228' title='bbox 2692 1770 2778 1815; x_wconf 88' lang='lat' dir='ltr'><strong>est</strong></span> <span class='ocrx_word' id='word_1_229' title='bbox 2826 1761 2967 1817; x_wconf 89' lang='lat' dir='ltr'><strong>Deus</strong></span> <span class='ocrx_word' id='word_1_230' title='bbox 2994 1803 3009 1829; x_wconf 90' lang='lat'><strong>,</strong></span> <span class='ocrx_word' id='word_1_231' title='bbox 3064 1762 3322 1831; x_wconf 86' lang='lat' dir='ltr'><strong>quoniam</strong></span> 
     </span>
    </p>
   </div>
   <div class='ocr_carea' id='block_1_33' title="bbox 87 1838 3314 1925">
    <p class='ocr_par' dir='ltr' id='par_1_33' title="bbox 87 1838 3314 1925">
     <span class='ocr_line' id='line_1_33' title="bbox 87 1838 3314 1925; baseline 0.003 -27"><span class='ocrx_word' id='word_1_232' title='bbox 87 1846 331 1900; x_wconf 84' lang='lat' dir='ltr'><strong>tummodo</strong></span> <span class='ocrx_word' id='word_1_233' title='bbox 365 1847 621 1913; x_wconf 88' lang='lat' dir='ltr'><strong>habetur,</strong></span> <span class='ocrx_word' id='word_1_234' title='bbox 655 1848 877 1902; x_wconf 88' lang='lat' dir='ltr'><strong>minime</strong></span> <span class='ocrx_word' id='word_1_235' title='bbox 905 1849 1018 1902; x_wconf 83' lang='grc'><strong>¹⁰²⁶.</strong></span> <span class='ocrx_word' id='word_1_236' title='bbox 1052 1846 1196 1914; x_wconf 87' lang='lat' dir='ltr'><strong>Quas</strong></span> <span class='ocrx_word' id='word_1_237' title='bbox 1237 1850 1382 1904; x_wconf 89' lang='lat' dir='ltr'><strong>enim</strong></span> <span class='ocrx_word' id='word_1_238' title='bbox 1430 1850 1632 1919; x_wconf 82' lang='lat' dir='ltr'><strong>gratias</strong></span> <span class='ocrx_word' id='word_1_239' title='bbox 1666 1838 1708 1896; x_wconf 81' lang='grc' dir='ltr'><strong>Β</strong></span> <span class='ocrx_word' id='word_1_240' title='bbox 1738 1852 2197 1907; x_wconf 86' lang='lat' dir='ltr'><strong>immortalitatem</strong></span> <span class='ocrx_word' id='word_1_241' title='bbox 2254 1863 2308 1907; x_wconf 90' lang='lat' dir='ltr'><strong>et</strong></span> <span class='ocrx_word' id='word_1_242' title='bbox 2365 1853 2931 1923; x_wconf 88' lang='lat' dir='ltr'><strong>incorruptibilitatem</strong></span> <span class='ocrx_word' id='word_1_243' title='bbox 2978 1854 3133 1910; x_wconf 88' lang='lat' dir='ltr'><strong>uobis</strong></span> <span class='ocrx_word' id='word_1_244' title='bbox 3186 1866 3314 1925; x_wconf 85' lang='lat' dir='ltr'><strong>pro-</strong></span> 
     </span>
    </p>
   </div>
   <div class='ocr_carea' id='block_1_34' title="bbox 86 1935 1638 2010">
    <p class='ocr_par' dir='ltr' id='par_1_34' title="bbox 86 1935 1638 2010">
     <span class='ocr_line' id='line_1_34' title="bbox 86 1935 1638 2010; baseline 0.005 -23"><span class='ocrx_word' id='word_1_245' title='bbox 86 1935 193 1988; x_wconf 89' lang='lat' dir='ltr'><strong>mihi</strong></span> <span class='ocrx_word' id='word_1_246' title='bbox 234 1936 383 1990; x_wconf 88' lang='lat' dir='ltr'><strong>debet</strong></span> <span class='ocrx_word' id='word_1_247' title='bbox 424 1937 590 2001; x_wconf 88' lang='lat' dir='ltr'><strong>Deus,</strong></span> <span class='ocrx_word' id='word_1_248' title='bbox 622 1937 666 1991; x_wconf 92' lang='lat' dir='ltr'><strong>si</strong></span> <span class='ocrx_word' id='word_1_249' title='bbox 712 1938 833 2008; x_wconf 90' lang='lat' dir='ltr'><strong>quis</strong></span> <span class='ocrx_word' id='word_1_250' title='bbox 879 1952 964 1991; x_wconf 88' lang='lat' dir='ltr'><strong>me</strong></span> <span class='ocrx_word' id='word_1_251' title='bbox 1018 1940 1237 2010; x_wconf 84' lang='lat' dir='ltr'><strong>diligit?</strong></span> <span class='ocrx_word' id='word_1_252' title='bbox 1266 1940 1556 2010; x_wconf 83' lang='lat' dir='ltr'><strong>Amplius:</strong></span> <span class='ocrx_word' id='word_1_253' title='bbox 1592 1935 1638 1995; x_wconf 89' lang='lat' dir='ltr'><strong>is</strong></span> 
     </span>
    </p>
   </div>
   <div class='ocr_carea' id='block_1_35' title="bbox 86 2023 1638 2093">
    <p class='ocr_par' dir='ltr' id='par_1_35' title="bbox 86 2023 1638 2093">
     <span class='ocr_line' id='line_1_35' title="bbox 86 2023 1638 2093; baseline 0.006 -17"><span class='ocrx_word' id='word_1_254' title='bbox 86 2026 153 2079; x_wconf 87' lang='lat' dir='ltr'><strong>cui</strong></span> <span class='ocrx_word' id='word_1_255' title='bbox 181 2023 385 2080; x_wconf 87' lang='lat' dir='ltr'><strong>dilectio</strong></span> <span class='ocrx_word' id='word_1_256' title='bbox 414 2026 646 2082; x_wconf 85' lang='lat' dir='ltr'><strong>alterius</strong></span> <span class='ocrx_word' id='word_1_257' title='bbox 693 2028 884 2093; x_wconf 87' lang='lat' dir='ltr'><strong>servit,</strong></span> <span class='ocrx_word' id='word_1_258' title='bbox 918 2028 1086 2084; x_wconf 91' lang='lat' dir='ltr'><strong>solius</strong></span> <span class='ocrx_word' id='word_1_259' title='bbox 1129 2031 1396 2084; x_wconf 91' lang='lat' dir='ltr'><strong>commodi</strong></span> <span class='ocrx_word' id='word_1_260' title='bbox 1443 2045 1638 2086; x_wconf 82' lang='lat' dir='ltr'><strong>munus</strong></span> 
     </span>
    </p>
   </div>
   <div class='ocr_carea' id='block_1_36' title="bbox 86 2116 1635 2191">
    <p class='ocr_par' dir='ltr' id='par_1_36' title="bbox 86 2116 1635 2191">
     <span class='ocr_line' id='line_1_36' title="bbox 86 2116 1635 2191; baseline 0.004 -21"><span class='ocrx_word' id='word_1_261' title='bbox 86 2116 421 2186; x_wconf 82' lang='lat' dir='ltr'><strong>perfunctorie</strong></span> <span class='ocrx_word' id='word_1_262' title='bbox 455 2119 552 2151; x_wconf 81' lang='grc'><strong>¹⁰²⁸</strong></span> <span class='ocrx_word' id='word_1_263' title='bbox 582 2119 830 2189; x_wconf 87' lang='lat' dir='ltr'><strong>suscipit,</strong></span> <span class='ocrx_word' id='word_1_264' title='bbox 878 2121 1028 2175; x_wconf 85' lang='lat' dir='ltr'><strong>verbi</strong></span> <span class='ocrx_word' id='word_1_265' title='bbox 1078 2122 1271 2191; x_wconf 88' lang='lat' dir='ltr'><strong>gratia,</strong></span> <span class='ocrx_word' id='word_1_266' title='bbox 1314 2121 1635 2176; x_wconf 85' lang='lat' dir='ltr'><strong>beneficium</strong></span> 
     </span>
    </p>
   </div>
   <div class='ocr_carea' id='block_1_37' title="bbox 84 2212 1637 2283">
    <p class='ocr_par' dir='ltr' id='par_1_37' title="bbox 84 2212 1637 2283">
     <span class='ocr_line' id='line_1_37' title="bbox 84 2212 1637 2283; baseline 0.004 -20"><span class='ocrx_word' id='word_1_267' title='bbox 84 2225 243 2279; x_wconf 90' lang='lat' dir='ltr'><strong>unum,</strong></span> <span class='ocrx_word' id='word_1_268' title='bbox 269 2212 530 2267; x_wconf 88' lang='lat' dir='ltr'><strong>honorem</strong></span> <span class='ocrx_word' id='word_1_269' title='bbox 564 2230 751 2277; x_wconf 86' lang='lat' dir='ltr'><strong>unum,</strong></span> <span class='ocrx_word' id='word_1_270' title='bbox 781 2213 1068 2283; x_wconf 89' lang='lat' dir='ltr'><strong>prandium</strong></span> <span class='ocrx_word' id='word_1_271' title='bbox 1101 2229 1289 2279; x_wconf 88' lang='lat' dir='ltr'><strong>unum,</strong></span> <span class='ocrx_word' id='word_1_272' title='bbox 1315 2213 1397 2268; x_wconf 89' lang='lat' dir='ltr'><strong>vel</strong></span> <span class='ocrx_word' id='word_1_273' title='bbox 1426 2215 1637 2281; x_wconf 87' lang='lat' dir='ltr'><strong>quodli-</strong></span> 
     </span>
    </p>
   </div>
   <div class='ocr_carea' id='block_1_38' title="bbox 84 2300 1634 2375">
    <p class='ocr_par' dir='ltr' id='par_1_38' title="bbox 84 2300 1634 2375">
     <span class='ocr_line' id='line_1_38' title="bbox 84 2300 1634 2375; baseline 0.001 -18"><span class='ocrx_word' id='word_1_274' title='bbox 84 2303 154 2357; x_wconf 90' lang='lat' dir='ltr'><strong>bet</strong></span> <span class='ocrx_word' id='word_1_275' title='bbox 186 2300 331 2356; x_wconf 80' lang='lat' dir='ltr'><strong>ofﬁcii</strong></span> <span class='ocrx_word' id='word_1_276' title='bbox 374 2319 553 2374; x_wconf 88' lang='lat' dir='ltr'><strong>genus</strong></span> <span class='ocrx_word' id='word_1_277' title='bbox 602 2305 653 2357; x_wconf 92' lang='lat' dir='ltr'><strong>in</strong></span> <span class='ocrx_word' id='word_1_278' title='bbox 705 2305 848 2359; x_wconf 92' lang='lat' dir='ltr'><strong>hunc</strong></span> <span class='ocrx_word' id='word_1_279' title='bbox 895 2305 1145 2369; x_wconf 87' lang='lat' dir='ltr'><strong>modum;</strong></span> <span class='ocrx_word' id='word_1_280' title='bbox 1189 2303 1327 2358; x_wconf 87' lang='lat' dir='ltr'><strong>alius</strong></span> <span class='ocrx_word' id='word_1_281' title='bbox 1378 2320 1506 2359; x_wconf 89' lang='lat' dir='ltr'><strong>vero</strong></span> <span class='ocrx_word' id='word_1_282' title='bbox 1543 2305 1634 2375; x_wconf 89' lang='lat' dir='ltr'><strong>qui</strong></span> 
     </span>
    </p>
   </div>
   <div class='ocr_carea' id='block_1_39' title="bbox 84 2391 1633 2463">
    <p class='ocr_par' dir='ltr' id='par_1_39' title="bbox 84 2391 1633 2463">
     <span class='ocr_line' id='line_1_39' title="bbox 84 2391 1633 2463; baseline 0.003 -21"><span class='ocrx_word' id='word_1_283' title='bbox 84 2391 369 2445; x_wconf 79' lang='lat' dir='ltr'><strong>cliaritatem</strong></span> <span class='ocrx_word' id='word_1_284' title='bbox 414 2394 538 2458; x_wconf 72' lang='lat'><strong>&quot;’7,</strong></span> <span class='ocrx_word' id='word_1_285' title='bbox 587 2394 741 2463; x_wconf 90' lang='lat' dir='ltr'><strong>quasi</strong></span> <span class='ocrx_word' id='word_1_286' title='bbox 791 2394 1061 2449; x_wconf 86' lang='lat' dir='ltr'><strong>commodi</strong></span> <span class='ocrx_word' id='word_1_287' title='bbox 1126 2410 1321 2449; x_wconf 91' lang='lat' dir='ltr'><strong>munus</strong></span> <span class='ocrx_word' id='word_1_288' title='bbox 1364 2395 1633 2458; x_wconf 76' lang='lat' dir='ltr'><strong>exhibuit,</strong></span> 
     </span>
    </p>
   </div>
   <div class='ocr_carea' id='block_1_40' title="bbox 85 2483 1635 2545">
    <p class='ocr_par' dir='ltr' id='par_1_40' title="bbox 85 2483 1635 2545">
     <span class='ocr_line' id='line_1_40' title="bbox 85 2483 1635 2545; baseline 0.005 -10"><span class='ocrx_word' id='word_1_289' title='bbox 85 2483 387 2541; x_wconf 88' lang='lat' dir='ltr'><strong>iutransitive</strong></span> <span class='ocrx_word' id='word_1_290' title='bbox 436 2486 546 2542; x_wconf 90' lang='lat' dir='ltr'><strong>sibi</strong></span> <span class='ocrx_word' id='word_1_291' title='bbox 594 2488 835 2543; x_wconf 87' lang='lat' dir='ltr'><strong>retinuit.</strong></span> <span class='ocrx_word' id='word_1_292' title='bbox 883 2490 1181 2545; x_wconf 89' lang='lat' dir='ltr'><strong>Charitatis</strong></span> <span class='ocrx_word' id='word_1_293' title='bbox 1212 2491 1355 2545; x_wconf 91' lang='lat' dir='ltr'><strong>enim</strong></span> <span class='ocrx_word' id='word_1_294' title='bbox 1392 2491 1490 2524; x_wconf 80' lang='grc'><strong>¹⁰²⁸</strong></span> <span class='ocrx_word' id='word_1_295' title='bbox 1520 2490 1635 2545; x_wconf 80' lang='grc' dir='ltr'><strong>01ῐί-</strong></span> 
     </span>
    </p>
   </div>
   <div class='ocr_carea' id='block_1_41' title="bbox 83 2573 1634 2649">
    <p class='ocr_par' dir='ltr' id='par_1_41' title="bbox 83 2573 1634 2649">
     <span class='ocr_line' id='line_1_41' title="bbox 83 2573 1634 2649; baseline 0.006 -24"><span class='ocrx_word' id='word_1_296' title='bbox 83 2573 199 2625; x_wconf 89' lang='lat' dir='ltr'><strong>cium</strong></span> <span class='ocrx_word' id='word_1_297' title='bbox 230 2575 289 2629; x_wconf 91' lang='lat' dir='ltr'><strong>ab</strong></span> <span class='ocrx_word' id='word_1_298' title='bbox 315 2589 377 2629; x_wconf 92' lang='lat' dir='ltr'><strong>eo</strong></span> <span class='ocrx_word' id='word_1_299' title='bbox 409 2577 510 2646; x_wconf 91' lang='lat' dir='ltr'><strong>qui</strong></span> <span class='ocrx_word' id='word_1_300' title='bbox 557 2578 659 2633; x_wconf 89' lang='lat' dir='ltr'><strong>hoc</strong></span> <span class='ocrx_word' id='word_1_301' title='bbox 696 2580 941 2649; x_wconf 87' lang='lat' dir='ltr'><strong>suscipit,</strong></span> <span class='ocrx_word' id='word_1_302' title='bbox 972 2581 1183 2634; x_wconf 88' lang='lat' dir='ltr'><strong>transit.</strong></span> <span class='ocrx_word' id='word_1_303' title='bbox 1224 2580 1477 2635; x_wconf 89' lang='lat' dir='ltr'><strong>Charitas</strong></span> <span class='ocrx_word' id='word_1_304' title='bbox 1505 2596 1634 2635; x_wconf 89' lang='lat' dir='ltr'><strong>vero</strong></span> 
     </span>
    </p>
   </div>
   <div class='ocr_carea' id='block_1_42' title="bbox 84 2664 1629 2741">
    <p class='ocr_par' dir='ltr' id='par_1_42' title="bbox 84 2664 1629 2741">
     <span class='ocr_line' id='line_1_42' title="bbox 84 2664 1629 2741; baseline 0.007 -25"><span class='ocrx_word' id='word_1_305' title='bbox 84 2664 197 2733; x_wconf 86' lang='lat' dir='ltr'><strong>ipsa,</strong></span> <span class='ocrx_word' id='word_1_306' title='bbox 232 2682 345 2736; x_wconf 74' lang='lat' dir='ltr'><strong>qua:</strong></span> <span class='ocrx_word' id='word_1_307' title='bbox 391 2668 543 2722; x_wconf 78' lang='lat' dir='ltr'><strong>Deus</strong></span> <span class='ocrx_word' id='word_1_308' title='bbox 591 2678 694 2735; x_wconf 91' lang='lat' dir='ltr'><strong>est,</strong></span> <span class='ocrx_word' id='word_1_309' title='bbox 725 2671 778 2725; x_wconf 91' lang='lat' dir='ltr'><strong>in</strong></span> <span class='ocrx_word' id='word_1_310' title='bbox 837 2686 903 2726; x_wconf 91' lang='lat' dir='ltr'><strong>eo</strong></span> <span class='ocrx_word' id='word_1_311' title='bbox 936 2680 1179 2726; x_wconf 88' lang='lat' dir='ltr'><strong>remanet</strong></span> <span class='ocrx_word' id='word_1_312' title='bbox 1208 2673 1295 2741; x_wconf 90' lang='lat' dir='ltr'><strong>qui</strong></span> <span class='ocrx_word' id='word_1_313' title='bbox 1334 2689 1454 2728; x_wconf 89' lang='lat' dir='ltr'><strong>eam</strong></span> <span class='ocrx_word' id='word_1_314' title='bbox 1503 2672 1629 2727; x_wconf 92' lang='lat' dir='ltr'><strong>aliis</strong></span> 
     </span>
    </p>
   </div>
   <div class='ocr_carea' id='block_1_43' title="bbox 84 2758 1624 2837">
    <p class='ocr_par' dir='ltr' id='par_1_43' title="bbox 84 2758 1624 2837">
     <span class='ocr_line' id='line_1_43' title="bbox 84 2758 1624 2837; baseline 0.006 -26"><span class='ocrx_word' id='word_1_315' title='bbox 84 2758 341 2829; x_wconf 84' lang='lat' dir='ltr'><strong>impendit;</strong></span> <span class='ocrx_word' id='word_1_316' title='bbox 402 2762 612 2818; x_wconf 89' lang='lat' dir='ltr'><strong>bonum</strong></span> <span class='ocrx_word' id='word_1_317' title='bbox 666 2773 846 2820; x_wconf 88' lang='lat' dir='ltr'><strong>autem</strong></span> <span class='ocrx_word' id='word_1_318' title='bbox 885 2781 1210 2837; x_wconf 87' lang='lat' dir='ltr'><strong>permanens</strong></span> <span class='ocrx_word' id='word_1_319' title='bbox 1265 2766 1408 2820; x_wconf 90' lang='lat' dir='ltr'><strong>bono</strong></span> <span class='ocrx_word' id='word_1_320' title='bbox 1450 2776 1624 2821; x_wconf 90' lang='lat' dir='ltr'><strong>trans-</strong></span> 
     </span>
    </p>
   </div>
   <div class='ocr_carea' id='block_1_44' title="bbox 84 2852 1632 2927">
    <p class='ocr_par' dir='ltr' id='par_1_44' title="bbox 84 2852 1632 2927">
     <span class='ocr_line' id='line_1_44' title="bbox 84 2852 1632 2927; baseline 0.004 -22"><span class='ocrx_word' id='word_1_321' title='bbox 84 2862 217 2907; x_wconf 90' lang='lat' dir='ltr'><strong>eunte</strong></span> <span class='ocrx_word' id='word_1_322' title='bbox 245 2852 428 2909; x_wconf 90' lang='lat' dir='ltr'><strong>melius</strong></span> <span class='ocrx_word' id='word_1_323' title='bbox 454 2863 565 2909; x_wconf 87' lang='lat' dir='ltr'><strong>est.</strong></span> <span class='ocrx_word' id='word_1_324' title='bbox 604 2854 729 2911; x_wconf 71' lang='lat'><strong>“330</strong></span> <span class='ocrx_word' id='word_1_325' title='bbox 768 2857 935 2927; x_wconf 81' lang='lat' dir='ltr'><strong>igitur</strong></span> <span class='ocrx_word' id='word_1_326' title='bbox 961 2856 1357 2911; x_wconf 87' lang='lat' dir='ltr'><strong>considerando</strong></span> <span class='ocrx_word' id='word_1_327' title='bbox 1391 2856 1632 2926; x_wconf 86' lang='lat' dir='ltr'><strong>profecto</strong></span> 
     </span>
    </p>
   </div>
   <div class='ocr_carea' id='block_1_45' title="bbox 84 2944 1633 3017">
    <p class='ocr_par' dir='ltr' id='par_1_45' title="bbox 84 2944 1633 3017">
     <span class='ocr_line' id='line_1_45' title="bbox 84 2944 1633 3017; baseline 0.006 -22"><span class='ocrx_word' id='word_1_328' title='bbox 84 2944 453 3011; x_wconf 88' lang='lat' dir='ltr'><strong>perspiciemus</strong></span> <span class='ocrx_word' id='word_1_329' title='bbox 493 2946 669 3017; x_wconf 86' lang='lat' dir='ltr'><strong>magis</strong></span> <span class='ocrx_word' id='word_1_330' title='bbox 696 2962 817 3001; x_wconf 89' lang='lat' dir='ltr'><strong>esse</strong></span> <span class='ocrx_word' id='word_1_331' title='bbox 861 2949 1015 3002; x_wconf 90' lang='lat' dir='ltr'><strong>nobis</strong></span> <span class='ocrx_word' id='word_1_332' title='bbox 1046 2948 1384 3017; x_wconf 84' lang='lat' dir='ltr'><strong>gaudendum</strong></span> <span class='ocrx_word' id='word_1_333' title='bbox 1418 2951 1460 3003; x_wconf 93' lang='lat' dir='ltr'><strong>si</strong></span> <span class='ocrx_word' id='word_1_334' title='bbox 1499 2950 1633 3005; x_wconf 87' lang='lat' dir='ltr'><strong>alios</strong></span> 
     </span>
    </p>
   </div>
   <div class='ocr_carea' id='block_1_46' title="bbox 84 3032 1632 3107">
    <p class='ocr_par' dir='ltr' id='par_1_46' title="bbox 84 3032 1632 3107">
     <span class='ocr_line' id='line_1_46' title="bbox 84 3032 1632 3107; baseline 0.006 -22"><span class='ocrx_word' id='word_1_335' title='bbox 84 3032 320 3103; x_wconf 82' lang='lat' dir='ltr'><strong>diligimus</strong></span> <span class='ocrx_word' id='word_1_336' title='bbox 356 3052 529 3106; x_wconf 86' lang='lat' dir='ltr'><strong>quam</strong></span> <span class='ocrx_word' id='word_1_337' title='bbox 576 3038 621 3092; x_wconf 92' lang='lat' dir='ltr'><strong>si</strong></span> <span class='ocrx_word' id='word_1_338' title='bbox 672 3038 740 3095; x_wconf 91' lang='lat' dir='ltr'><strong>ab</strong></span> <span class='ocrx_word' id='word_1_339' title='bbox 782 3038 901 3092; x_wconf 92' lang='lat' dir='ltr'><strong>aliis</strong></span> <span class='ocrx_word' id='word_1_340' title='bbox 954 3039 1262 3107; x_wconf 84' lang='lat' dir='ltr'><strong>diligamur.</strong></span> <span class='ocrx_word' id='word_1_341' title='bbox 1309 3039 1450 3093; x_wconf 81' lang='lat' dir='ltr'><strong>Nihil</strong></span> <span class='ocrx_word' id='word_1_342' title='bbox 1501 3041 1632 3094; x_wconf 89' lang='lat' dir='ltr'><strong>mihi</strong></span> 
     </span>
    </p>
   </div>
   <div class='ocr_carea' id='block_1_47' title="bbox 84 3125 1631 3204">
    <p class='ocr_par' dir='ltr' id='par_1_47' title="bbox 84 3125 1631 3204">
     <span class='ocr_line' id='line_1_47' title="bbox 84 3125 1631 3204; baseline 0.005 -27"><span class='ocrx_word' id='word_1_343' title='bbox 84 3125 211 3179; x_wconf 80' lang='lat' dir='ltr'><strong>debet</strong></span> <span class='ocrx_word' id='word_1_344' title='bbox 254 3128 475 3199; x_wconf 84' lang='lat' dir='ltr'><strong>aliquis,</strong></span> <span class='ocrx_word' id='word_1_345' title='bbox 527 3145 629 3185; x_wconf 90' lang='lat' dir='ltr'><strong>nec</strong></span> <span class='ocrx_word' id='word_1_346' title='bbox 675 3145 777 3199; x_wconf 85' lang='lat' dir='ltr'><strong>ego</strong></span> <span class='ocrx_word' id='word_1_347' title='bbox 824 3130 1014 3197; x_wconf 87' lang='lat' dir='ltr'><strong>alicui;</strong></span> <span class='ocrx_word' id='word_1_348' title='bbox 1066 3146 1197 3204; x_wconf 81' lang='lat' dir='ltr'><strong>ergo</strong></span> <span class='ocrx_word' id='word_1_349' title='bbox 1253 3133 1490 3186; x_wconf 80' lang='lat' dir='ltr'><strong>cliaritas</strong></span> <span class='ocrx_word' id='word_1_350' title='bbox 1549 3143 1631 3185; x_wconf 89' lang='lat' dir='ltr'><strong>est</strong></span> 
     </span>
    </p>
   </div>
   <div class='ocr_carea' id='block_1_48' title="bbox 81 3213 818 3290">
    <p class='ocr_par' dir='ltr' id='par_1_48' title="bbox 81 3213 818 3290">
     <span class='ocr_line' id='line_1_48' title="bbox 81 3213 818 3290; baseline 0.007 -24"><span class='ocrx_word' id='word_1_351' title='bbox 81 3213 360 3285; x_wconf 78' lang='lat' dir='ltr'><strong>exhibenda,</strong></span> <span class='ocrx_word' id='word_1_352' title='bbox 391 3234 507 3273; x_wconf 89' lang='lat' dir='ltr'><strong>non</strong></span> <span class='ocrx_word' id='word_1_353' title='bbox 533 3218 818 3290; x_wconf 83' lang='lat' dir='ltr'><strong>exigenda.</strong></span> 
     </span>
    </p>
   </div>
   <div class='ocr_carea' id='block_1_49' title="bbox 569 3309 1126 3366">
    <p class='ocr_par' dir='ltr' id='par_1_49' title="bbox 569 3309 1126 3366">
     <span class='ocr_line' id='line_1_49' title="bbox 569 3309 1126 3366; baseline -0.002 -2"><span class='ocrx_word' id='word_1_354' title='bbox 569 3309 796 3366; x_wconf 84' lang='lat' dir='ltr'><strong>CAPUT</strong></span> <span class='ocrx_word' id='word_1_355' title='bbox 846 3309 1126 3365; x_wconf 79' lang='lat' dir='ltr'><strong>CLXXXI.</strong></span> 
     </span>
    </p>
   </div>
   <div class='ocr_carea' id='block_1_50' title="bbox 300 3398 1366 3457">
    <p class='ocr_par' dir='ltr' id='par_1_50' title="bbox 300 3398 1366 3457">
     <span class='ocr_line' id='line_1_50' title="bbox 300 3398 1366 3457; baseline 0.002 -3"><span class='ocrx_word' id='word_1_356' title='bbox 300 3398 382 3455; x_wconf 76' lang='lat' dir='ltr'><strong>Ex</strong></span> <span class='ocrx_word' id='word_1_357' title='bbox 412 3402 589 3455; x_wconf 86' lang='lat' dir='ltr'><strong>tribus</strong></span> <span class='ocrx_word' id='word_1_358' title='bbox 625 3403 798 3455; x_wconf 85' lang='lat' dir='ltr'><strong>causis</strong></span> <span class='ocrx_word' id='word_1_359' title='bbox 830 3404 995 3456; x_wconf 84' lang='lat' dir='ltr'><strong>omnis</strong></span> <span class='ocrx_word' id='word_1_360' title='bbox 1027 3419 1107 3457; x_wconf 90' lang='lat' dir='ltr'><strong>res</strong></span> <span class='ocrx_word' id='word_1_361' title='bbox 1138 3413 1366 3456; x_wconf 88' lang='lat' dir='ltr'><strong>amatur.</strong></span> 
     </span>
    </p>
   </div>
   <div class='ocr_carea' id='block_1_51' title="bbox 132 3488 1628 3561">
    <p class='ocr_par' dir='ltr' id='par_1_51' title="bbox 132 3488 1628 3561">
     <span class='ocr_line' id='line_1_51' title="bbox 132 3488 1628 3561; baseline 0.004 -18"><span class='ocrx_word' id='word_1_362' title='bbox 132 3488 376 3561; x_wconf 88' lang='lat' dir='ltr'><strong>Quidquid</strong></span> <span class='ocrx_word' id='word_1_363' title='bbox 414 3502 655 3555; x_wconf 91' lang='lat' dir='ltr'><strong>amatur,</strong></span> <span class='ocrx_word' id='word_1_364' title='bbox 708 3502 1021 3548; x_wconf 82' lang='lat' dir='ltr'><strong>autnatura</strong></span> <span class='ocrx_word' id='word_1_365' title='bbox 1064 3503 1300 3555; x_wconf 86' lang='lat' dir='ltr'><strong>amatur,</strong></span> <span class='ocrx_word' id='word_1_366' title='bbox 1334 3502 1426 3547; x_wconf 91' lang='lat' dir='ltr'><strong>aut</strong></span> <span class='ocrx_word' id='word_1_367' title='bbox 1461 3507 1628 3560; x_wconf 91' lang='lat' dir='ltr'><strong>recte,</strong></span> 
     </span>
    </p>
   </div>
   <div class='ocr_carea' id='block_1_52' title="bbox 76 3581 1629 3652">
    <p class='ocr_par' dir='ltr' id='par_1_52' title="bbox 76 3581 1629 3652">
     <span class='ocr_line' id='line_1_52' title="bbox 76 3581 1629 3652; baseline 0.005 -21"><span class='ocrx_word' id='word_1_368' title='bbox 76 3590 151 3632; x_wconf 80' lang='lat' dir='ltr'><strong>aut</strong></span> <span class='ocrx_word' id='word_1_369' title='bbox 189 3597 276 3652; x_wconf 84' lang='lat' dir='ltr'><strong>spe</strong></span> <span class='ocrx_word' id='word_1_370' title='bbox 323 3582 622 3637; x_wconf 88' lang='lat' dir='ltr'><strong>commodi.</strong></span> <span class='ocrx_word' id='word_1_371' title='bbox 668 3581 873 3637; x_wconf 85' lang='lat' dir='ltr'><strong>Natura</strong></span> <span class='ocrx_word' id='word_1_372' title='bbox 921 3584 1065 3637; x_wconf 90' lang='lat' dir='ltr'><strong>enim</strong></span> <span class='ocrx_word' id='word_1_373' title='bbox 1118 3593 1201 3639; x_wconf 87' lang='lat' dir='ltr'><strong>est</strong></span> <span class='ocrx_word' id='word_1_374' title='bbox 1234 3584 1325 3615; x_wconf 80' lang='grc'><strong>¹⁰¹⁹</strong></span> <span class='ocrx_word' id='word_1_375' title='bbox 1366 3595 1417 3637; x_wconf 85' lang='grc' dir='ltr'><strong>ιιι</strong></span> <span class='ocrx_word' id='word_1_376' title='bbox 1470 3600 1629 3649; x_wconf 80' lang='lat' dir='ltr'><strong>omne</strong></span> 
     </span>
    </p>
   </div>
   <div class='ocr_carea' id='block_1_53' title="bbox 77 3668 1631 3739">
    <p class='ocr_par' dir='ltr' id='par_1_53' title="bbox 77 3668 1631 3739">
     <span class='ocr_line' id='line_1_53' title="bbox 77 3668 1631 3739; baseline 0.003 -17"><span class='ocrx_word' id='word_1_377' title='bbox 77 3668 243 3724; x_wconf 85' lang='lat' dir='ltr'><strong>bonum</strong></span> <span class='ocrx_word' id='word_1_378' title='bbox 270 3687 519 3726; x_wconf 92' lang='lat' dir='ltr'><strong>amemus</strong></span> <span class='ocrx_word' id='word_1_379' title='bbox 567 3679 623 3726; x_wconf 92' lang='lat' dir='ltr'><strong>et</strong></span> <span class='ocrx_word' id='word_1_380' title='bbox 664 3672 816 3727; x_wconf 89' lang='lat' dir='ltr'><strong>utile.</strong></span> <span class='ocrx_word' id='word_1_381' title='bbox 847 3672 1077 3726; x_wconf 82' lang='lat' dir='ltr'><strong>Rectum</strong></span> <span class='ocrx_word' id='word_1_382' title='bbox 1107 3688 1259 3739; x_wconf 88' lang='lat' dir='ltr'><strong>vero,</strong></span> <span class='ocrx_word' id='word_1_383' title='bbox 1306 3684 1363 3728; x_wconf 93' lang='grc' dir='ltr'><strong>ιιι</strong></span> <span class='ocrx_word' id='word_1_384' title='bbox 1409 3676 1631 3729; x_wconf 85' lang='lat' dir='ltr'><strong>benefa-</strong></span> 
     </span>
    </p>
   </div>
   <div class='ocr_carea' id='block_1_54' title="bbox 78 3759 1630 3834">
    <p class='ocr_par' dir='ltr' id='par_1_54' title="bbox 78 3759 1630 3834">
     <span class='ocr_line' id='line_1_54' title="bbox 78 3759 1630 3834; baseline 0.005 -23"><span class='ocrx_word' id='word_1_385' title='bbox 78 3759 273 3815; x_wconf 88' lang='lat' dir='ltr'><strong>cientem</strong></span> <span class='ocrx_word' id='word_1_386' title='bbox 311 3764 468 3819; x_wconf 87' lang='lat' dir='ltr'><strong>nobis</strong></span> <span class='ocrx_word' id='word_1_387' title='bbox 519 3778 786 3817; x_wconf 91' lang='lat' dir='ltr'><strong>amemus.</strong></span> <span class='ocrx_word' id='word_1_388' title='bbox 841 3762 949 3832; x_wconf 90' lang='lat' dir='ltr'><strong>Spe</strong></span> <span class='ocrx_word' id='word_1_389' title='bbox 992 3765 1259 3818; x_wconf 89' lang='lat' dir='ltr'><strong>commodi</strong></span> <span class='ocrx_word' id='word_1_390' title='bbox 1307 3766 1630 3834; x_wconf 85' lang='lat' dir='ltr'><strong>quandoque</strong></span> 
     </span>
    </p>
   </div>
   <div class='ocr_carea' id='block_1_55' title="bbox 77 3855 1629 3925">
    <p class='ocr_par' dir='ltr' id='par_1_55' title="bbox 77 3855 1629 3925">
     <span class='ocr_line' id='line_1_55' title="bbox 77 3855 1629 3925; baseline 0.003 -21"><span class='ocrx_word' id='word_1_391' title='bbox 77 3865 149 3905; x_wconf 88' lang='lat' dir='ltr'><strong>res</strong></span> <span class='ocrx_word' id='word_1_392' title='bbox 174 3864 390 3908; x_wconf 90' lang='lat' dir='ltr'><strong>amatur.</strong></span> <span class='ocrx_word' id='word_1_393' title='bbox 416 3855 541 3910; x_wconf 77' lang='lat' dir='ltr'><strong>Alia</strong></span> <span class='ocrx_word' id='word_1_394' title='bbox 574 3864 799 3925; x_wconf 89' lang='lat' dir='ltr'><strong>propter</strong></span> <span class='ocrx_word' id='word_1_395' title='bbox 832 3871 1008 3919; x_wconf 92' lang='lat' dir='ltr'><strong>usum,</strong></span> <span class='ocrx_word' id='word_1_396' title='bbox 1034 3864 1090 3908; x_wconf 90' lang='lat' dir='ltr'><strong>ut</strong></span> <span class='ocrx_word' id='word_1_397' title='bbox 1116 3856 1219 3910; x_wconf 88' lang='lat' dir='ltr'><strong>mel</strong></span> <span class='ocrx_word' id='word_1_398' title='bbox 1247 3897 1260 3920; x_wconf 92' lang='lat'><strong>,</strong></span> <span class='ocrx_word' id='word_1_399' title='bbox 1298 3872 1363 3911; x_wconf 89' lang='lat' dir='ltr'><strong>eo</strong></span> <span class='ocrx_word' id='word_1_400' title='bbox 1393 3857 1536 3925; x_wconf 87' lang='lat' dir='ltr'><strong>quod</strong></span> <span class='ocrx_word' id='word_1_401' title='bbox 1562 3858 1629 3910; x_wconf 85' lang='lat' dir='ltr'><strong>sit</strong></span> 
     </span>
    </p>
   </div>
   <div class='ocr_carea' id='block_1_56' title="bbox 78 3940 1630 4012">
    <p class='ocr_par' dir='ltr' id='par_1_56' title="bbox 78 3940 1630 4012">
     <span class='ocr_line' id='line_1_56' title="bbox 78 3940 1630 4012; baseline 0.006 -19"><span class='ocrx_word' id='word_1_402' title='bbox 78 3940 246 3997; x_wconf 87' lang='lat' dir='ltr'><strong>bonum</strong></span> <span class='ocrx_word' id='word_1_403' title='bbox 292 3955 343 3999; x_wconf 90' lang='lat' dir='ltr'><strong>et</strong></span> <span class='ocrx_word' id='word_1_404' title='bbox 374 3962 573 4012; x_wconf 80' lang='lat' dir='ltr'><strong>suave,</strong></span> <span class='ocrx_word' id='word_1_405' title='bbox 614 3947 779 4001; x_wconf 90' lang='lat' dir='ltr'><strong>etiam</strong></span> <span class='ocrx_word' id='word_1_406' title='bbox 813 3946 1107 4001; x_wconf 89' lang='lat' dir='ltr'><strong>secundum</strong></span> <span class='ocrx_word' id='word_1_407' title='bbox 1139 3963 1316 4002; x_wconf 93' lang='lat' dir='ltr'><strong>usum.</strong></span> <span class='ocrx_word' id='word_1_408' title='bbox 1345 3948 1462 4001; x_wconf 82' lang='lat' dir='ltr'><strong>Alia</strong></span> <span class='ocrx_word' id='word_1_409' title='bbox 1500 3963 1630 4002; x_wconf 90' lang='lat' dir='ltr'><strong>vero</strong></span> 
     </span>
    </p>
   </div>
   <div class='ocr_carea' id='block_1_57' title="bbox 76 4035 1622 4105">
    <p class='ocr_par' dir='ltr' id='par_1_57' title="bbox 76 4035 1622 4105">
     <span class='ocr_line' id='line_1_57' title="bbox 76 4035 1622 4105; baseline 0.005 -21"><span class='ocrx_word' id='word_1_410' title='bbox 76 4035 337 4090; x_wconf 76' lang='lat' dir='ltr'><strong>secundum</strong></span> <span class='ocrx_word' id='word_1_411' title='bbox 383 4038 662 4102; x_wconf 80' lang='lat' dir='ltr'><strong>effectum,</strong></span> <span class='ocrx_word' id='word_1_412' title='bbox 695 4048 753 4091; x_wconf 93' lang='lat' dir='ltr'><strong>ut</strong></span> <span class='ocrx_word' id='word_1_413' title='bbox 778 4038 1132 4105; x_wconf 84' lang='lat' dir='ltr'><strong>absinthium,</strong></span> <span class='ocrx_word' id='word_1_414' title='bbox 1157 4047 1211 4092; x_wconf 90' lang='lat' dir='ltr'><strong>et</strong></span> <span class='ocrx_word' id='word_1_415' title='bbox 1248 4038 1502 4092; x_wconf 87' lang='lat' dir='ltr'><strong>nonnulla</strong></span> <span class='ocrx_word' id='word_1_416' title='bbox 1529 4054 1622 4091; x_wconf 88' lang='lat' dir='ltr'><strong>na-</strong></span> 
     </span>
    </p>
   </div>
   <div class='ocr_carea' id='block_1_58' title="bbox 79 4125 1627 4198">
    <p class='ocr_par' dir='ltr' id='par_1_58' title="bbox 79 4125 1627 4198">
     <span class='ocr_line' id='line_1_58' title="bbox 79 4125 1627 4198; baseline 0.006 -25"><span class='ocrx_word' id='word_1_417' title='bbox 79 4125 238 4180; x_wconf 89' lang='lat' dir='ltr'><strong>turalis</strong></span> <span class='ocrx_word' id='word_1_418' title='bbox 256 4128 417 4195; x_wconf 87' lang='lat' dir='ltr'><strong>potio,</strong></span> <span class='ocrx_word' id='word_1_419' title='bbox 444 4145 570 4198; x_wconf 81' lang='lat' dir='ltr'><strong>quze</strong></span> <span class='ocrx_word' id='word_1_420' title='bbox 597 4144 715 4182; x_wconf 92' lang='lat' dir='ltr'><strong>eum</strong></span> <span class='ocrx_word' id='word_1_421' title='bbox 746 4130 873 4183; x_wconf 88' lang='lat' dir='ltr'><strong>deut</strong></span> <span class='ocrx_word' id='word_1_422' title='bbox 897 4130 1205 4196; x_wconf 88' lang='lat' dir='ltr'><strong>sanitatem,</strong></span> <span class='ocrx_word' id='word_1_423' title='bbox 1225 4130 1421 4183; x_wconf 90' lang='lat' dir='ltr'><strong>nullam</strong></span> <span class='ocrx_word' id='word_1_424' title='bbox 1447 4142 1627 4183; x_wconf 88' lang='lat' dir='ltr'><strong>tamen</strong></span> 
     </span>
    </p>
   </div>
   <div class='ocr_carea' id='block_1_59' title="bbox 75 4209 881 4284">
    <p class='ocr_par' dir='ltr' id='par_1_59' title="bbox 75 4209 881 4284">
     <span class='ocr_line' id='line_1_59' title="bbox 75 4209 881 4284; baseline 0.012 -23"><span class='ocrx_word' id='word_1_425' title='bbox 75 4209 117 4262; x_wconf 90' lang='lat' dir='ltr'><strong>in</strong></span> <span class='ocrx_word' id='word_1_426' title='bbox 146 4228 230 4268; x_wconf 89' lang='lat' dir='ltr'><strong>usu</strong></span> <span class='ocrx_word' id='word_1_427' title='bbox 262 4218 504 4284; x_wconf 71' lang='lat' dir='ltr'><strong>prtehent</strong></span> <span class='ocrx_word' id='word_1_428' title='bbox 538 4219 881 4271; x_wconf 81' lang='lat' dir='ltr'><strong>suavitatem.</strong></span> 
     </span>
    </p>
   </div>
   <div class='ocr_carea' id='block_1_60' title="bbox 545 4305 1126 4361">
    <p class='ocr_par' dir='ltr' id='par_1_60' title="bbox 545 4305 1126 4361">
     <span class='ocr_line' id='line_1_60' title="bbox 545 4305 1126 4361; baseline 0.002 -2"><span class='ocrx_word' id='word_1_429' title='bbox 545 4305 771 4361; x_wconf 81' lang='lat' dir='ltr'><strong>CAPUT</strong></span> <span class='ocrx_word' id='word_1_430' title='bbox 824 4305 1126 4360; x_wconf 75' lang='lat' dir='ltr'><strong>CLXXXII.</strong></span> 
     </span>
    </p>
   </div>
   <div class='ocr_carea' id='block_1_61' title="bbox 266 4392 1413 4465">
    <p class='ocr_par' dir='ltr' id='par_1_61' title="bbox 266 4392 1413 4465">
     <span class='ocr_line' id='line_1_61' title="bbox 266 4392 1413 4465; baseline 0.001 -19"><span class='ocrx_word' id='word_1_431' title='bbox 266 4392 418 4458; x_wconf 83' lang='lat' dir='ltr'><strong>Quod</strong></span> <span class='ocrx_word' id='word_1_432' title='bbox 446 4394 614 4447; x_wconf 83' lang='lat' dir='ltr'><strong>tribus</strong></span> <span class='ocrx_word' id='word_1_433' title='bbox 644 4396 808 4448; x_wconf 83' lang='lat' dir='ltr'><strong>modis</strong></span> <span class='ocrx_word' id='word_1_434' title='bbox 834 4394 1128 4465; x_wconf 80' lang='lat' dir='ltr'><strong>diligendus</strong></span> <span class='ocrx_word' id='word_1_435' title='bbox 1158 4396 1224 4448; x_wconf 86' lang='lat' dir='ltr'><strong>sit</strong></span> <span class='ocrx_word' id='word_1_436' title='bbox 1255 4395 1413 4449; x_wconf 82' lang='lat' dir='ltr'><strong>Deus.</strong></span> 
     </span>
    </p>
   </div>
   <div class='ocr_carea' id='block_1_62' title="bbox 132 4476 1629 4552">
    <p class='ocr_par' dir='ltr' id='par_1_62' title="bbox 132 4476 1629 4552">
     <span class='ocr_line' id='line_1_62' title="bbox 132 4476 1629 4552; baseline 0.005 -23"><span class='ocrx_word' id='word_1_437' title='bbox 132 4476 311 4535; x_wconf 90' lang='lat' dir='ltr'><strong>Tribus</strong></span> <span class='ocrx_word' id='word_1_438' title='bbox 346 4483 514 4536; x_wconf 85' lang='lat' dir='ltr'><strong>etiam</strong></span> <span class='ocrx_word' id='word_1_439' title='bbox 548 4480 632 4537; x_wconf 88' lang='lat' dir='ltr'><strong>his</strong></span> <span class='ocrx_word' id='word_1_440' title='bbox 663 4486 833 4537; x_wconf 87' lang='lat' dir='ltr'><strong>modis</strong></span> <span class='ocrx_word' id='word_1_441' title='bbox 876 4483 1179 4552; x_wconf 82' lang='lat' dir='ltr'><strong>diligendus</strong></span> <span class='ocrx_word' id='word_1_442' title='bbox 1207 4494 1287 4539; x_wconf 85' lang='lat' dir='ltr'><strong>est</strong></span> <span class='ocrx_word' id='word_1_443' title='bbox 1324 4485 1486 4538; x_wconf 85' lang='lat' dir='ltr'><strong>Deus.</strong></span> <span class='ocrx_word' id='word_1_444' title='bbox 1526 4484 1629 4537; x_wconf 78' lang='lat' dir='ltr'><strong>Na-</strong></span> 
     </span>
    </p>
   </div>
   <div class='ocr_carea' id='block_1_63' title="bbox 75 4574 1630 4646">
    <p class='ocr_par' dir='ltr' id='par_1_63' title="bbox 75 4574 1630 4646">
     <span class='ocr_line' id='line_1_63' title="bbox 75 4574 1630 4646; baseline 0.009 -29"><span class='ocrx_word' id='word_1_445' title='bbox 75 4574 195 4634; x_wconf 88' lang='lat' dir='ltr'><strong>tura,</strong></span> <span class='ocrx_word' id='word_1_446' title='bbox 224 4574 345 4641; x_wconf 86' lang='lat' dir='ltr'><strong>quia</strong></span> <span class='ocrx_word' id='word_1_447' title='bbox 377 4575 629 4629; x_wconf 91' lang='lat' dir='ltr'><strong>omnibus</strong></span> <span class='ocrx_word' id='word_1_448' title='bbox 656 4586 709 4630; x_wconf 94' lang='lat' dir='ltr'><strong>et</strong></span> <span class='ocrx_word' id='word_1_449' title='bbox 736 4575 926 4630; x_wconf 80' lang='lat' dir='ltr'><strong>melior</strong></span> <span class='ocrx_word' id='word_1_450' title='bbox 955 4585 1009 4629; x_wconf 90' lang='lat' dir='ltr'><strong>et</strong></span> <span class='ocrx_word' id='word_1_451' title='bbox 1041 4576 1243 4641; x_wconf 90' lang='lat' dir='ltr'><strong>utilior,</strong></span> <span class='ocrx_word' id='word_1_452' title='bbox 1278 4586 1334 4630; x_wconf 89' lang='lat' dir='ltr'><strong>et</strong></span> <span class='ocrx_word' id='word_1_453' title='bbox 1361 4576 1481 4630; x_wconf 88' lang='lat' dir='ltr'><strong>ideo</strong></span> <span class='ocrx_word' id='word_1_454' title='bbox 1509 4576 1630 4646; x_wconf 90' lang='lat' dir='ltr'><strong>plus</strong></span> 
     </span>
    </p>
   </div>
   <div class='ocr_carea' id='block_1_64' title="bbox 75 4662 1627 4735">
    <p class='ocr_par' dir='ltr' id='par_1_64' title="bbox 75 4662 1627 4735">
     <span class='ocr_line' id='line_1_64' title="bbox 75 4662 1627 4735; baseline 0.006 -27"><span class='ocrx_word' id='word_1_455' title='bbox 75 4662 259 4716; x_wconf 69' lang='lat' dir='ltr'><strong>ueteris</strong></span> <span class='ocrx_word' id='word_1_456' title='bbox 298 4675 380 4718; x_wconf 88' lang='lat' dir='ltr'><strong>est</strong></span> <span class='ocrx_word' id='word_1_457' title='bbox 412 4666 697 4719; x_wconf 88' lang='lat' dir='ltr'><strong>amandus.</strong></span> <span class='ocrx_word' id='word_1_458' title='bbox 734 4664 1110 4720; x_wconf 80' lang='lat' dir='ltr'><strong>Rcctitudine.</strong></span> <span class='ocrx_word' id='word_1_459' title='bbox 1158 4666 1413 4735; x_wconf 87' lang='lat' dir='ltr'><strong>quoniam</strong></span> <span class='ocrx_word' id='word_1_460' title='bbox 1446 4666 1627 4719; x_wconf 88' lang='lat' dir='ltr'><strong>omnia</strong></span> 
     </span>
    </p>
   </div>
   <div class='ocr_carea' id='block_1_65' title="bbox 76 4752 1626 4827">
    <p class='ocr_par' dir='ltr' id='par_1_65' title="bbox 76 4752 1626 4827">
     <span class='ocr_line' id='line_1_65' title="bbox 76 4752 1626 4827; baseline 0.005 -23"><span class='ocrx_word' id='word_1_461' title='bbox 76 4764 173 4815; x_wconf 77' lang='lat' dir='ltr'><strong>qua:</strong></span> <span class='ocrx_word' id='word_1_462' title='bbox 195 4752 452 4811; x_wconf 87' lang='lat' dir='ltr'><strong>habemus</strong></span> <span class='ocrx_word' id='word_1_463' title='bbox 482 4766 703 4825; x_wconf 68' lang='lat' dir='ltr'><strong>praestat</strong></span> <span class='ocrx_word' id='word_1_464' title='bbox 747 4757 921 4820; x_wconf 84' lang='lat' dir='ltr'><strong>nobis,</strong></span> <span class='ocrx_word' id='word_1_465' title='bbox 947 4759 1108 4811; x_wconf 87' lang='lat' dir='ltr'><strong>etiam</strong></span> <span class='ocrx_word' id='word_1_466' title='bbox 1136 4759 1236 4811; x_wconf 92' lang='lat' dir='ltr'><strong>hoc</strong></span> <span class='ocrx_word' id='word_1_467' title='bbox 1271 4759 1461 4826; x_wconf 86' lang='lat' dir='ltr'><strong>ipsum</strong></span> <span class='ocrx_word' id='word_1_468' title='bbox 1484 4759 1626 4827; x_wconf 91' lang='lat' dir='ltr'><strong>quod</strong></span> 
     </span>
    </p>
   </div>
   <div class='ocr_carea' id='block_1_66' title="bbox 76 4845 1628 4916">
    <p class='ocr_par' dir='ltr' id='par_1_66' title="bbox 76 4845 1628 4916">
     <span class='ocr_line' id='line_1_66' title="bbox 76 4845 1628 4916; baseline 0.011 -30"><span class='ocrx_word' id='word_1_469' title='bbox 76 4852 254 4896; x_wconf 89' lang='lat' dir='ltr'><strong>sumus.</strong></span> <span class='ocrx_word' id='word_1_470' title='bbox 284 4845 347 4898; x_wconf 81' lang='lat' dir='ltr'><strong>Et</strong></span> <span class='ocrx_word' id='word_1_471' title='bbox 397 4855 547 4900; x_wconf 85' lang='lat' dir='ltr'><strong>tanto</strong></span> <span class='ocrx_word' id='word_1_472' title='bbox 581 4846 753 4916; x_wconf 81' lang='lat' dir='ltr'><strong>major</strong></span> <span class='ocrx_word' id='word_1_473' title='bbox 780 4864 965 4900; x_wconf 84' lang='lat' dir='ltr'><strong>amare</strong></span> <span class='ocrx_word' id='word_1_474' title='bbox 1008 4848 1264 4901; x_wconf 83' lang='lat' dir='ltr'><strong>debemus</strong></span> <span class='ocrx_word' id='word_1_475' title='bbox 1297 4848 1414 4916; x_wconf 88' lang='lat' dir='ltr'><strong>plus</strong></span> <span class='ocrx_word' id='word_1_476' title='bbox 1444 4850 1628 4904; x_wconf 85' lang='lat' dir='ltr'><strong>nobis-</strong></span> 
     </span>
    </p>
   </div>
   <div class='ocr_carea' id='block_1_67' title="bbox 73 4929 1623 5009">
    <p class='ocr_par' dir='ltr' id='par_1_67' title="bbox 73 4929 1623 5009">
     <span class='ocr_line' id='line_1_67' title="bbox 73 4929 1623 5009; baseline -0.001 -14"><span class='ocrx_word' id='word_1_477' title='bbox 73 4929 200 4999; x_wconf 65' lang='grc' dir='ltr'><strong>ἱνδίε,</strong></span> <span class='ocrx_word' id='word_1_478' title='bbox 230 4948 430 5005; x_wconf 90' lang='lat' dir='ltr'><strong>quanto</strong></span> <span class='ocrx_word' id='word_1_479' title='bbox 463 4940 635 5009; x_wconf 88' lang='lat' dir='ltr'><strong>major</strong></span> <span class='ocrx_word' id='word_1_480' title='bbox 677 4950 758 4994; x_wconf 88' lang='lat' dir='ltr'><strong>est</strong></span> <span class='ocrx_word' id='word_1_481' title='bbox 792 4940 904 5009; x_wconf 90' lang='lat' dir='ltr'><strong>ipse</strong></span> <span class='ocrx_word' id='word_1_482' title='bbox 932 4941 1020 5008; x_wconf 86' lang='lat' dir='ltr'><strong>qui</strong></span> <span class='ocrx_word' id='word_1_483' title='bbox 1047 4956 1105 4993; x_wconf 85' lang='lat' dir='ltr'><strong>se</strong></span> <span class='ocrx_word' id='word_1_484' title='bbox 1138 4956 1235 5008; x_wconf 84' lang='lat' dir='ltr'><strong>pro</strong></span> <span class='ocrx_word' id='word_1_485' title='bbox 1272 4940 1427 4995; x_wconf 90' lang='lat' dir='ltr'><strong>nobis</strong></span> <span class='ocrx_word' id='word_1_486' title='bbox 1457 4942 1623 5005; x_wconf 83' lang='lat' dir='ltr'><strong>dedit,</strong></span> 
     </span>
    </p>
   </div>
   <div class='ocr_carea' id='block_1_68' title="bbox 73 5031 1625 5103">
    <p class='ocr_par' dir='ltr' id='par_1_68' title="bbox 73 5031 1625 5103">
     <span class='ocr_line' id='line_1_68' title="bbox 73 5031 1625 5103; baseline 0.008 -28"><span class='ocrx_word' id='word_1_487' title='bbox 73 5034 115 5076; x_wconf 83' lang='lat' dir='ltr'><strong>et</strong></span> <span class='ocrx_word' id='word_1_488' title='bbox 138 5031 279 5084; x_wconf 90' lang='lat' dir='ltr'><strong>nobis</strong></span> <span class='ocrx_word' id='word_1_489' title='bbox 298 5033 501 5086; x_wconf 85' lang='lat' dir='ltr'><strong>eisdem</strong></span> <span class='ocrx_word' id='word_1_490' title='bbox 526 5038 877 5103; x_wconf 86' lang='lat' dir='ltr'><strong>semetipsum</strong></span> <span class='ocrx_word' id='word_1_491' title='bbox 904 5035 1127 5087; x_wconf 89' lang='lat' dir='ltr'><strong>daturus</strong></span> <span class='ocrx_word' id='word_1_492' title='bbox 1153 5042 1253 5087; x_wconf 89' lang='lat' dir='ltr'><strong>est.</strong></span> <span class='ocrx_word' id='word_1_493' title='bbox 1286 5034 1348 5087; x_wconf 82' lang='lat' dir='ltr'><strong>Et</strong></span> <span class='ocrx_word' id='word_1_494' title='bbox 1370 5034 1625 5103; x_wconf 89' lang='lat' dir='ltr'><strong>quoniam</strong></span> 
     </span>
    </p>
   </div>
   <div class='ocr_carea' id='block_1_69' title="bbox 73 5115 1625 5195">
    <p class='ocr_par' dir='ltr' id='par_1_69' title="bbox 73 5115 1625 5195">
     <span class='ocr_line' id='line_1_69' title="bbox 73 5115 1625 5195; baseline 0.003 -21"><span class='ocrx_word' id='word_1_495' title='bbox 73 5115 111 5166; x_wconf 66' lang='grc' dir='ltr'><strong>εἰ</strong></span> <span class='ocrx_word' id='word_1_496' title='bbox 159 5124 505 5188; x_wconf 87' lang='lat' dir='ltr'><strong>personaliter</strong></span> <span class='ocrx_word' id='word_1_497' title='bbox 556 5141 661 5179; x_wconf 90' lang='lat' dir='ltr'><strong>non</strong></span> <span class='ocrx_word' id='word_1_498' title='bbox 705 5142 991 5195; x_wconf 86' lang='lat' dir='ltr'><strong>possumus</strong></span> <span class='ocrx_word' id='word_1_499' title='bbox 1044 5126 1266 5180; x_wconf 88' lang='lat' dir='ltr'><strong>reddere</strong></span> <span class='ocrx_word' id='word_1_500' title='bbox 1318 5126 1446 5179; x_wconf 90' lang='lat' dir='ltr'><strong>illud</strong></span> <span class='ocrx_word' id='word_1_501' title='bbox 1482 5128 1625 5195; x_wconf 91' lang='lat' dir='ltr'><strong>(non</strong></span> 
     </span>
    </p>
   </div>
   <div class='ocr_carea' id='block_1_70' title="bbox 1741 1943 1928 1997">
    <p class='ocr_par' dir='ltr' id='par_1_70' title="bbox 1741 1943 1928 1997">
     <span class='ocr_line' id='line_1_70' title="bbox 1741 1943 1928 1997; baseline -0.011 0"><span class='ocrx_word' id='word_1_502' title='bbox 1741 1943 1928 1997; x_wconf 88' lang='lat' dir='ltr'><strong>mittit.</strong></span> 
     </span>
    </p>
   </div>
   <div class='ocr_carea' id='block_1_71' title="bbox 2206 2035 2814 2091">
    <p class='ocr_par' dir='ltr' id='par_1_71' title="bbox 2206 2035 2814 2091">
     <span class='ocr_line' id='line_1_71' title="bbox 2206 2035 2814 2091; baseline 0.002 -1"><span class='ocrx_word' id='word_1_503' title='bbox 2206 2035 2433 2090; x_wconf 70' lang='lat' dir='ltr'><strong>CAPUT</strong></span> <span class='ocrx_word' id='word_1_504' title='bbox 2489 2036 2814 2091; x_wconf 82' lang='lat' dir='ltr'><strong>CLXXXIII.</strong></span> 
     </span>
    </p>
   </div>
   <div class='ocr_carea' id='block_1_72' title="bbox 2174 2127 2889 2182">
    <p class='ocr_par' dir='ltr' id='par_1_72' title="bbox 2174 2127 2889 2182">
     <span class='ocr_line' id='line_1_72' title="bbox 2174 2127 2889 2182; baseline 0.001 -3"><span class='ocrx_word' id='word_1_505' title='bbox 2174 2127 2250 2180; x_wconf 86' lang='lat' dir='ltr'><strong>De</strong></span> <span class='ocrx_word' id='word_1_506' title='bbox 2315 2128 2481 2180; x_wconf 83' lang='lat' dir='ltr'><strong>tribus</strong></span> <span class='ocrx_word' id='word_1_507' title='bbox 2541 2128 2889 2182; x_wconf 78' lang='lat' dir='ltr'><strong>libertatibus.</strong></span> 
     </span>
    </p>
   </div>
   <div class='ocr_carea' id='block_1_73' title="bbox 1748 2215 3316 2286">
    <p class='ocr_par' dir='ltr' id='par_1_73' title="bbox 1748 2215 3316 2286">
     <span class='ocr_line' id='line_1_73' title="bbox 1748 2215 3316 2286; baseline 0.003 -18"><span class='ocrx_word' id='word_1_508' title='bbox 1748 2224 1753 2227; x_wconf 85' lang='lat'><strong><em>&#39;</em></strong></span> <span class='ocrx_word' id='word_1_509' title='bbox 1808 2215 2096 2271; x_wconf 87' lang='lat' dir='ltr'><strong>Libertatis</strong></span> <span class='ocrx_word' id='word_1_510' title='bbox 2138 2217 2401 2286; x_wconf 87' lang='lat' dir='ltr'><strong>siquidem</strong></span> <span class='ocrx_word' id='word_1_511' title='bbox 2434 2219 2618 2272; x_wconf 88' lang='lat' dir='ltr'><strong>modos</strong></span> <span class='ocrx_word' id='word_1_512' title='bbox 2645 2228 2753 2273; x_wconf 89' lang='lat' dir='ltr'><strong>tres</strong></span> <span class='ocrx_word' id='word_1_513' title='bbox 2783 2219 3013 2272; x_wconf 87' lang='lat' dir='ltr'><strong>dicimus</strong></span> <span class='ocrx_word' id='word_1_514' title='bbox 3045 2233 3165 2272; x_wconf 89' lang='lat' dir='ltr'><strong>esse</strong></span> <span class='ocrx_word' id='word_1_515' title='bbox 3200 2236 3212 2272; x_wconf 90' lang='lat'><strong>:</strong></span> <span class='ocrx_word' id='word_1_516' title='bbox 3250 2220 3316 2272; x_wconf 90' lang='lat' dir='ltr'><strong>li-</strong></span> 
     </span>
    </p>
   </div>
   <div class='ocr_carea' id='block_1_74' title="bbox 1736 2306 3315 2379">
    <p class='ocr_par' dir='ltr' id='par_1_74' title="bbox 1736 2306 3315 2379">
     <span class='ocr_line' id='line_1_74' title="bbox 1736 2306 3315 2379; baseline 0.002 -20"><span class='ocrx_word' id='word_1_517' title='bbox 1736 2306 2001 2361; x_wconf 88' lang='lat' dir='ltr'><strong>bertatem</strong></span> <span class='ocrx_word' id='word_1_518' title='bbox 2031 2308 2277 2362; x_wconf 80' lang='lat' dir='ltr'><strong>videlicet</strong></span> <span class='ocrx_word' id='word_1_519' title='bbox 2308 2309 2555 2373; x_wconf 89' lang='lat' dir='ltr'><strong>actionis,</strong></span> <span class='ocrx_word' id='word_1_520' title='bbox 2597 2326 2757 2379; x_wconf 84' lang='lat' dir='ltr'><strong>quam</strong></span> <span class='ocrx_word' id='word_1_521' title='bbox 2801 2326 2991 2364; x_wconf 91' lang='lat' dir='ltr'><strong>omnes</strong></span> <span class='ocrx_word' id='word_1_522' title='bbox 3018 2310 3225 2374; x_wconf 89' lang='lat' dir='ltr'><strong>volunt,</strong></span> <span class='ocrx_word' id='word_1_523' title='bbox 3262 2310 3315 2363; x_wconf 90' lang='lat' dir='ltr'><strong>id</strong></span> 
     </span>
    </p>
   </div>
   <div class='ocr_carea' id='block_1_75' title="bbox 1735 2397 3321 2469">
    <p class='ocr_par' dir='ltr' id='par_1_75' title="bbox 1735 2397 3321 2469">
     <span class='ocr_line' id='line_1_75' title="bbox 1735 2397 3321 2469; baseline 0.003 -20"><span class='ocrx_word' id='word_1_524' title='bbox 1735 2406 1846 2461; x_wconf 92' lang='lat' dir='ltr'><strong>est,</strong></span> <span class='ocrx_word' id='word_1_525' title='bbox 1902 2406 1961 2450; x_wconf 92' lang='lat' dir='ltr'><strong>ut</strong></span> <span class='ocrx_word' id='word_1_526' title='bbox 2011 2397 2179 2453; x_wconf 90' lang='lat' dir='ltr'><strong>libere</strong></span> <span class='ocrx_word' id='word_1_527' title='bbox 2235 2398 2415 2454; x_wconf 83' lang='lat' dir='ltr'><strong>facere</strong></span> <span class='ocrx_word' id='word_1_528' title='bbox 2464 2400 2672 2469; x_wconf 87' lang='lat' dir='ltr'><strong>possint</strong></span> <span class='ocrx_word' id='word_1_529' title='bbox 2705 2415 2825 2469; x_wconf 75' lang='lat' dir='ltr'><strong>qua:</strong></span> <span class='ocrx_word' id='word_1_530' title='bbox 2867 2400 3074 2454; x_wconf 87' lang='lat' dir='ltr'><strong>volunt.</strong></span> <span class='ocrx_word' id='word_1_531' title='bbox 3114 2400 3321 2455; x_wconf 89' lang='lat' dir='ltr'><strong>Dicitur</strong></span> 
     </span>
    </p>
   </div>
   <div class='ocr_carea' id='block_1_76' title="bbox 1735 2488 3315 2560">
    <p class='ocr_par' dir='ltr' id='par_1_76' title="bbox 1735 2488 3315 2560">
     <span class='ocr_line' id='line_1_76' title="bbox 1735 2488 3315 2560; baseline 0.003 -22"><span class='ocrx_word' id='word_1_532' title='bbox 1735 2488 1896 2541; x_wconf 88' lang='lat' dir='ltr'><strong>etiam</strong></span> <span class='ocrx_word' id='word_1_533' title='bbox 1922 2488 2143 2543; x_wconf 86' lang='lat' dir='ltr'><strong>libertas</strong></span> <span class='ocrx_word' id='word_1_534' title='bbox 2170 2490 2556 2560; x_wconf 70' lang='lat' dir='ltr'><strong>intelligentiae,</strong></span> <span class='ocrx_word' id='word_1_535' title='bbox 2582 2505 2743 2559; x_wconf 90' lang='lat' dir='ltr'><strong>quam</strong></span> <span class='ocrx_word' id='word_1_536' title='bbox 2770 2504 2875 2544; x_wconf 91' lang='lat' dir='ltr'><strong>non</strong></span> <span class='ocrx_word' id='word_1_537' title='bbox 2897 2505 3085 2545; x_wconf 85' lang='lat' dir='ltr'><strong>omnes</strong></span> <span class='ocrx_word' id='word_1_538' title='bbox 3108 2491 3315 2544; x_wconf 86' lang='lat' dir='ltr'><strong>volunt.</strong></span> 
     </span>
    </p>
   </div>
   <div class='ocr_carea' id='block_1_77' title="bbox 1740 2578 3321 2652">
    <p class='ocr_par' dir='ltr' id='par_1_77' title="bbox 1740 2578 3321 2652">
     <span class='ocr_line' id='line_1_77' title="bbox 1740 2578 3321 2652; baseline 0.001 -20"><span class='ocrx_word' id='word_1_539' title='bbox 1740 2578 1834 2632; x_wconf 86' lang='lat' dir='ltr'><strong>Est</strong></span> <span class='ocrx_word' id='word_1_540' title='bbox 1861 2583 2007 2633; x_wconf 78' lang='lat' dir='ltr'><strong>eti&#39;m</strong></span> <span class='ocrx_word' id='word_1_541' title='bbox 2058 2580 2279 2635; x_wconf 87' lang='lat' dir='ltr'><strong>libertas</strong></span> <span class='ocrx_word' id='word_1_542' title='bbox 2309 2591 2472 2635; x_wconf 76' lang='lat' dir='ltr'><strong>reetze</strong></span> <span class='ocrx_word' id='word_1_543' title='bbox 2495 2581 2811 2644; x_wconf 88' lang='lat' dir='ltr'><strong>voluntatis,</strong></span> <span class='ocrx_word' id='word_1_544' title='bbox 2843 2597 2963 2651; x_wconf 63' lang='lat' dir='ltr'><strong>quae</strong></span> <span class='ocrx_word' id='word_1_545' title='bbox 3000 2596 3211 2652; x_wconf 87' lang='lat' dir='ltr'><strong>semper</strong></span> <span class='ocrx_word' id='word_1_546' title='bbox 3236 2591 3321 2635; x_wconf 91' lang='lat' dir='ltr'><strong>est</strong></span> 
     </span>
    </p>
   </div>
   <div class='ocr_carea' id='block_1_78' title="bbox 1735 2672 3321 2741">
    <p class='ocr_par' dir='ltr' id='par_1_78' title="bbox 1735 2672 3321 2741">
     <span class='ocr_line' id='line_1_78' title="bbox 1735 2672 3321 2741; baseline 0.001 -16"><span class='ocrx_word' id='word_1_547' title='bbox 1735 2672 1911 2725; x_wconf 91' lang='lat' dir='ltr'><strong>bona:</strong></span> <span class='ocrx_word' id='word_1_548' title='bbox 1951 2686 2089 2726; x_wconf 93' lang='lat' dir='ltr'><strong>nanc</strong></span> <span class='ocrx_word' id='word_1_549' title='bbox 2138 2672 2448 2741; x_wconf 89' lang='lat' dir='ltr'><strong>paucissimi</strong></span> <span class='ocrx_word' id='word_1_550' title='bbox 2496 2673 2704 2736; x_wconf 90' lang='lat' dir='ltr'><strong>volunt,</strong></span> <span class='ocrx_word' id='word_1_551' title='bbox 2739 2672 2790 2725; x_wconf 91' lang='lat' dir='ltr'><strong>id</strong></span> <span class='ocrx_word' id='word_1_552' title='bbox 2838 2681 2922 2726; x_wconf 89' lang='lat' dir='ltr'><strong>est</strong></span> <span class='ocrx_word' id='word_1_553' title='bbox 2962 2680 3019 2725; x_wconf 88' lang='lat' dir='ltr'><strong>ut</strong></span> <span class='ocrx_word' id='word_1_554' title='bbox 3054 2688 3115 2726; x_wconf 90' lang='lat' dir='ltr'><strong>ea</strong></span> <span class='ocrx_word' id='word_1_555' title='bbox 3156 2672 3321 2726; x_wconf 85' lang='lat' dir='ltr'><strong>velint</strong></span> 
     </span>
    </p>
   </div>
   <div class='ocr_carea' id='block_1_79' title="bbox 1735 2760 3320 2831">
    <p class='ocr_par' dir='ltr' id='par_1_79' title="bbox 1735 2760 3320 2831">
     <span class='ocr_line' id='line_1_79' title="bbox 1735 2760 3320 2831; baseline 0 -17"><span class='ocrx_word' id='word_1_556' title='bbox 1735 2775 1856 2829; x_wconf 67' lang='lat' dir='ltr'><strong>quae</strong></span> <span class='ocrx_word' id='word_1_557' title='bbox 1885 2761 2102 2817; x_wconf 88' lang='lat' dir='ltr'><strong>debent.</strong></span> <span class='ocrx_word' id='word_1_558' title='bbox 2135 2760 2438 2816; x_wconf 86' lang='lat' dir='ltr'><strong>Notandum</strong></span> <span class='ocrx_word' id='word_1_559' title='bbox 2494 2763 2636 2831; x_wconf 89' lang='lat' dir='ltr'><strong>quod</strong></span> <span class='ocrx_word' id='word_1_560' title='bbox 2684 2761 2909 2816; x_wconf 88' lang='lat' dir='ltr'><strong>libertas</strong></span> <span class='ocrx_word' id='word_1_561' title='bbox 2939 2762 3170 2815; x_wconf 90' lang='lat' dir='ltr'><strong>actionis</strong></span> <span class='ocrx_word' id='word_1_562' title='bbox 3199 2761 3320 2814; x_wconf 87' lang='lat' dir='ltr'><strong>sine</strong></span> 
     </span>
    </p>
   </div>
   <div class='ocr_carea' id='block_1_80' title="bbox 1734 2852 3317 2923">
    <p class='ocr_par' dir='ltr' id='par_1_80' title="bbox 1734 2852 3317 2923">
     <span class='ocr_line' id='line_1_80' title="bbox 1734 2852 3317 2923; baseline -0.001 -16"><span class='ocrx_word' id='word_1_563' title='bbox 1734 2855 1986 2909; x_wconf 84' lang='lat' dir='ltr'><strong>libertate</strong></span> <span class='ocrx_word' id='word_1_564' title='bbox 2032 2857 2187 2909; x_wconf 71' lang='lat' dir='ltr'><strong>boum</strong></span> <span class='ocrx_word' id='word_1_565' title='bbox 2232 2854 2523 2907; x_wconf 86' lang='lat' dir='ltr'><strong>voluntatis</strong></span> <span class='ocrx_word' id='word_1_566' title='bbox 2554 2868 2769 2923; x_wconf 89' lang='lat' dir='ltr'><strong>semper</strong></span> <span class='ocrx_word' id='word_1_567' title='bbox 2797 2864 2881 2908; x_wconf 90' lang='lat' dir='ltr'><strong>est</strong></span> <span class='ocrx_word' id='word_1_568' title='bbox 2926 2853 3085 2906; x_wconf 90' lang='lat' dir='ltr'><strong>mala.</strong></span> <span class='ocrx_word' id='word_1_569' title='bbox 3117 2852 3317 2906; x_wconf 81' lang='lat' dir='ltr'><strong>Verum</strong></span> 
     </span>
    </p>
   </div>
   <div class='ocr_carea' id='block_1_81' title="bbox 1735 2944 3319 3014">
    <p class='ocr_par' dir='ltr' id='par_1_81' title="bbox 1735 2944 3319 3014">
     <span class='ocr_line' id='line_1_81' title="bbox 1735 2944 3319 3014; baseline -0.001 -15"><span class='ocrx_word' id='word_1_570' title='bbox 1735 2946 1962 3001; x_wconf 85' lang='lat' dir='ltr'><strong>libertas</strong></span> <span class='ocrx_word' id='word_1_571' title='bbox 1996 2945 2325 3014; x_wconf 85' lang='lat' dir='ltr'><strong>intelligendi</strong></span> <span class='ocrx_word' id='word_1_572' title='bbox 2371 2954 2455 3000; x_wconf 89' lang='lat' dir='ltr'><strong>est</strong></span> <span class='ocrx_word' id='word_1_573' title='bbox 2498 2944 2692 3009; x_wconf 86' lang='lat' dir='ltr'><strong>media,</strong></span> <span class='ocrx_word' id='word_1_574' title='bbox 2725 2959 2847 3014; x_wconf 64' lang='lat' dir='ltr'><strong>quae</strong></span> <span class='ocrx_word' id='word_1_575' title='bbox 2879 2945 3021 2999; x_wconf 85' lang='lat' dir='ltr'><strong>bona</strong></span> <span class='ocrx_word' id='word_1_576' title='bbox 3046 2951 3151 3009; x_wconf 89' lang='lat' dir='ltr'><strong>est,</strong></span> <span class='ocrx_word' id='word_1_577' title='bbox 3183 2959 3319 3013; x_wconf 91' lang='lat' dir='ltr'><strong>quo-</strong></span> 
     </span>
    </p>
   </div>
   <div class='ocr_carea' id='block_1_82' title="bbox 1736 3033 3317 3107">
    <p class='ocr_par' dir='ltr' id='par_1_82' title="bbox 1736 3033 3317 3107">
     <span class='ocr_line' id='line_1_82' title="bbox 1736 3033 3317 3107; baseline -0.003 -17"><span class='ocrx_word' id='word_1_578' title='bbox 1736 3038 2055 3107; x_wconf 81' lang='lat' dir='ltr'><strong>tiescunque</strong></span> <span class='ocrx_word' id='word_1_579' title='bbox 2092 3037 2325 3090; x_wconf 88' lang='lat' dir='ltr'><strong>libertati</strong></span> <span class='ocrx_word' id='word_1_580' title='bbox 2355 3046 2512 3090; x_wconf 75' lang='lat' dir='ltr'><strong>recta:</strong></span> <span class='ocrx_word' id='word_1_581' title='bbox 2541 3035 2833 3090; x_wconf 88' lang='lat' dir='ltr'><strong>voluntatis</strong></span> <span class='ocrx_word' id='word_1_582' title='bbox 2858 3035 3097 3089; x_wconf 79' lang='lat' dir='ltr'><strong>adlueret</strong></span> <span class='ocrx_word' id='word_1_583' title='bbox 3125 3049 3139 3098; x_wconf 90' lang='lat'><strong>;</strong></span> <span class='ocrx_word' id='word_1_584' title='bbox 3176 3033 3317 3086; x_wconf 89' lang='lat' dir='ltr'><strong>mala</strong></span> 
     </span>
    </p>
   </div>
   <div class='ocr_carea' id='block_1_83' title="bbox 1738 3126 3321 3196">
    <p class='ocr_par' dir='ltr' id='par_1_83' title="bbox 1738 3126 3321 3196">
     <span class='ocr_line' id='line_1_83' title="bbox 1738 3126 3321 3196; baseline -0.004 -13"><span class='ocrx_word' id='word_1_585' title='bbox 1738 3139 1916 3183; x_wconf 80' lang='lat' dir='ltr'><strong>autem</strong></span> <span class='ocrx_word' id='word_1_586' title='bbox 1939 3170 1951 3193; x_wconf 91' lang='lat'><strong>,</strong></span> <span class='ocrx_word' id='word_1_587' title='bbox 1986 3145 2107 3183; x_wconf 90' lang='lat' dir='ltr'><strong>eum</strong></span> <span class='ocrx_word' id='word_1_588' title='bbox 2154 3129 2273 3182; x_wconf 88' lang='lat' dir='ltr'><strong>sine</strong></span> <span class='ocrx_word' id='word_1_589' title='bbox 2320 3128 2408 3182; x_wconf 91' lang='lat' dir='ltr'><strong>illa</strong></span> <span class='ocrx_word' id='word_1_590' title='bbox 2455 3138 2559 3183; x_wconf 92' lang='lat' dir='ltr'><strong>est.</strong></span> <span class='ocrx_word' id='word_1_591' title='bbox 2590 3127 2765 3181; x_wconf 90' lang='lat' dir='ltr'><strong>llabet</strong></span> <span class='ocrx_word' id='word_1_592' title='bbox 2791 3128 2964 3196; x_wconf 85' lang='lat' dir='ltr'><strong>primo</strong></span> <span class='ocrx_word' id='word_1_593' title='bbox 3000 3126 3121 3195; x_wconf 92' lang='lat' dir='ltr'><strong>quis</strong></span> <span class='ocrx_word' id='word_1_594' title='bbox 3151 3139 3321 3193; x_wconf 81' lang='lat' dir='ltr'><strong>quan-</strong></span> 
     </span>
    </p>
   </div>
   <div class='ocr_carea' id='block_1_84' title="bbox 1738 3216 3323 3288">
    <p class='ocr_par' dir='ltr' id='par_1_84' title="bbox 1738 3216 3323 3288">
     <span class='ocr_line' id='line_1_84' title="bbox 1738 3216 3323 3288; baseline -0.002 -17"><span class='ocrx_word' id='word_1_595' title='bbox 1738 3220 2124 3288; x_wconf 83' lang='lat' dir='ltr'><strong>tulameunque</strong></span> <span class='ocrx_word' id='word_1_596' title='bbox 2156 3220 2459 3273; x_wconf 88' lang='lat' dir='ltr'><strong>libertatem</strong></span> <span class='ocrx_word' id='word_1_597' title='bbox 2490 3218 2858 3287; x_wconf 85' lang='lat' dir='ltr'><strong>intelligendi,</strong></span> <span class='ocrx_word' id='word_1_598' title='bbox 2889 3218 2940 3271; x_wconf 92' lang='lat' dir='ltr'><strong>id</strong></span> <span class='ocrx_word' id='word_1_599' title='bbox 2971 3226 3053 3271; x_wconf 92' lang='lat' dir='ltr'><strong>est</strong></span> <span class='ocrx_word' id='word_1_600' title='bbox 3088 3217 3190 3271; x_wconf 86' lang='lat' dir='ltr'><strong>scit</strong></span> <span class='ocrx_word' id='word_1_601' title='bbox 3238 3216 3323 3269; x_wconf 86' lang='lat' dir='ltr'><strong>itt-</strong></span> 
     </span>
    </p>
   </div>
   <div class='ocr_carea' id='block_1_85' title="bbox 1737 3310 3322 3382">
    <p class='ocr_par' dir='ltr' id='par_1_85' title="bbox 1737 3310 3322 3382">
     <span class='ocr_line' id='line_1_85' title="bbox 1737 3310 3322 3382; baseline -0.004 -17"><span class='ocrx_word' id='word_1_602' title='bbox 1737 3312 1981 3382; x_wconf 86' lang='lat' dir='ltr'><strong>telligere</strong></span> <span class='ocrx_word' id='word_1_603' title='bbox 2012 3310 2139 3381; x_wconf 88' lang='lat' dir='ltr'><strong>quid</strong></span> <span class='ocrx_word' id='word_1_604' title='bbox 2184 3311 2283 3366; x_wconf 85' lang='lat' dir='ltr'><strong>sibi</strong></span> <span class='ocrx_word' id='word_1_605' title='bbox 2324 3311 2574 3381; x_wconf 82' lang='lat' dir='ltr'><strong>expedit;</strong></span> <span class='ocrx_word' id='word_1_606' title='bbox 2620 3310 2749 3364; x_wconf 87' lang='lat' dir='ltr'><strong>velit</strong></span> <span class='ocrx_word' id='word_1_607' title='bbox 2782 3310 2923 3363; x_wconf 90' lang='lat' dir='ltr'><strong>illam</strong></span> <span class='ocrx_word' id='word_1_608' title='bbox 2957 3310 3009 3363; x_wconf 93' lang='lat' dir='ltr'><strong>in</strong></span> <span class='ocrx_word' id='word_1_609' title='bbox 3054 3310 3196 3363; x_wconf 89' lang='lat' dir='ltr'><strong>bono</strong></span> <span class='ocrx_word' id='word_1_610' title='bbox 3222 3348 3236 3371; x_wconf 92' lang='lat'><strong>,</strong></span> <span class='ocrx_word' id='word_1_611' title='bbox 3266 3316 3322 3360; x_wconf 83' lang='lat' dir='ltr'><strong>et</strong></span> 
     </span>
    </p>
   </div>
   <div class='ocr_carea' id='block_1_86' title="bbox 1736 3398 3323 3473">
    <p class='ocr_par' dir='ltr' id='par_1_86' title="bbox 1736 3398 3323 3473">
     <span class='ocr_line' id='line_1_86' title="bbox 1736 3398 3323 3473; baseline -0.004 -16"><span class='ocrx_word' id='word_1_612' title='bbox 1736 3404 1813 3458; x_wconf 84' lang='lat' dir='ltr'><strong>sic</strong></span> <span class='ocrx_word' id='word_1_613' title='bbox 1862 3402 2263 3473; x_wconf 88' lang='lat' dir='ltr'><strong>promerebitur</strong></span> <span class='ocrx_word' id='word_1_614' title='bbox 2315 3402 2539 3472; x_wconf 87' lang='lat' dir='ltr'><strong>adipisci</strong></span> <span class='ocrx_word' id='word_1_615' title='bbox 2602 3402 2907 3457; x_wconf 87' lang='lat' dir='ltr'><strong>libertatem</strong></span> <span class='ocrx_word' id='word_1_616' title='bbox 2984 3398 3323 3471; x_wconf 87' lang='lat' dir='ltr'><strong>intelligendi</strong></span> 
     </span>
    </p>
   </div>
   <div class='ocr_carea' id='block_1_87' title="bbox 1734 3493 3323 3565">
    <p class='ocr_par' dir='ltr' id='par_1_87' title="bbox 1734 3493 3323 3565">
     <span class='ocr_line' id='line_1_87' title="bbox 1734 3493 3323 3565; baseline -0.001 -17"><span class='ocrx_word' id='word_1_617' title='bbox 1734 3496 1993 3565; x_wconf 90' lang='lat' dir='ltr'><strong>quidquid</strong></span> <span class='ocrx_word' id='word_1_618' title='bbox 2022 3495 2259 3563; x_wconf 78' lang='lat' dir='ltr'><strong>expedit,</strong></span> <span class='ocrx_word' id='word_1_619' title='bbox 2288 3496 2497 3550; x_wconf 88' lang='lat' dir='ltr'><strong>volendi</strong></span> <span class='ocrx_word' id='word_1_620' title='bbox 2523 3496 2887 3565; x_wconf 90' lang='lat' dir='ltr'><strong>quodcunque</strong></span> <span class='ocrx_word' id='word_1_621' title='bbox 2911 3494 3103 3556; x_wconf 90' lang='lat' dir='ltr'><strong>debet,</strong></span> <span class='ocrx_word' id='word_1_622' title='bbox 3128 3493 3323 3562; x_wconf 85' lang='lat' dir='ltr'><strong>agendi</strong></span> 
     </span>
    </p>
   </div>
   <div class='ocr_carea' id='block_1_88' title="bbox 1734 3583 3323 3657">
    <p class='ocr_par' dir='ltr' id='par_1_88' title="bbox 1734 3583 3323 3657">
     <span class='ocr_line' id='line_1_88' title="bbox 1734 3583 3323 3657; baseline 0 -18"><span class='ocrx_word' id='word_1_623' title='bbox 1734 3588 1992 3656; x_wconf 82' lang='lat' dir='ltr'><strong>quidquid</strong></span> <span class='ocrx_word' id='word_1_624' title='bbox 2024 3589 2265 3657; x_wconf 88' lang='lat' dir='ltr'><strong>prodest.</strong></span> <span class='ocrx_word' id='word_1_625' title='bbox 2297 3586 2410 3641; x_wconf 91' lang='lat' dir='ltr'><strong>Sub</strong></span> <span class='ocrx_word' id='word_1_626' title='bbox 2443 3587 2695 3641; x_wconf 89' lang='lat' dir='ltr'><strong>libertate</strong></span> <span class='ocrx_word' id='word_1_627' title='bbox 2731 3585 2941 3640; x_wconf 74' lang='lat' dir='ltr'><strong>volendi</strong></span> <span class='ocrx_word' id='word_1_628' title='bbox 2975 3593 3058 3639; x_wconf 91' lang='lat' dir='ltr'><strong>est</strong></span> <span class='ocrx_word' id='word_1_629' title='bbox 3097 3583 3323 3639; x_wconf 83' lang='lat' dir='ltr'><strong>libertas</strong></span> 
     </span>
    </p>
   </div>
   <div class='ocr_carea' id='block_1_89' title="bbox 1734 3666 3141 3731">
    <p class='ocr_par' dir='ltr' id='par_1_89' title="bbox 1734 3666 3141 3731">
     <span class='ocr_line' id='line_1_89' title="bbox 1734 3666 3141 3731; baseline 0.009 -2"><span class='ocrx_word' id='word_1_630' title='bbox 1734 3677 1967 3731; x_wconf 72' lang='lat' dir='ltr'><strong>arbitrii.</strong></span> <span class='ocrx_word' id='word_1_631' title='bbox 3138 3666 3141 3669; x_wconf 68' lang='grc'><em>’</em></span> 
     </span>
    </p>
   </div>
   <div class='ocr_carea' id='block_1_90' title="bbox 2242 3767 2829 3823">
    <p class='ocr_par' dir='ltr' id='par_1_90' title="bbox 2242 3767 2829 3823">
     <span class='ocr_line' id='line_1_90' title="bbox 2242 3767 2829 3823; baseline -0.002 -1"><span class='ocrx_word' id='word_1_632' title='bbox 2242 3768 2469 3823; x_wconf 81' lang='lat' dir='ltr'><strong>CAPUT</strong></span> <span class='ocrx_word' id='word_1_633' title='bbox 2502 3767 2829 3822; x_wconf 76' lang='lat' dir='ltr'><strong>CLXXXIV.</strong></span> 
     </span>
    </p>
   </div>
   <div class='ocr_carea' id='block_1_91' title="bbox 2196 3858 2855 3914">
    <p class='ocr_par' dir='ltr' id='par_1_91' title="bbox 2196 3858 2855 3914">
     <span class='ocr_line' id='line_1_91' title="bbox 2196 3858 2855 3914; baseline -0.005 -3"><span class='ocrx_word' id='word_1_634' title='bbox 2196 3858 2273 3911; x_wconf 82' lang='lat' dir='ltr'><strong>De</strong></span> <span class='ocrx_word' id='word_1_635' title='bbox 2321 3859 2589 3914; x_wconf 78' lang='lat' dir='ltr'><strong>venatione</strong></span> <span class='ocrx_word' id='word_1_636' title='bbox 2641 3858 2855 3910; x_wconf 74' lang='lat' dir='ltr'><strong>diaboli.</strong></span> 
     </span>
    </p>
   </div>
   <div class='ocr_carea' id='block_1_92' title="bbox 1807 3946 3316 4020">
    <p class='ocr_par' dir='ltr' id='par_1_92' title="bbox 1807 3946 3316 4020">
     <span class='ocr_line' id='line_1_92' title="bbox 1807 3946 3316 4020; baseline 0 -19"><span class='ocrx_word' id='word_1_637' title='bbox 1807 3948 2059 4002; x_wconf 89' lang='lat' dir='ltr'><strong>Diabolus</strong></span> <span class='ocrx_word' id='word_1_638' title='bbox 2086 3965 2181 4020; x_wconf 91' lang='lat' dir='ltr'><strong>per</strong></span> <span class='ocrx_word' id='word_1_639' title='bbox 2213 3950 2417 4019; x_wconf 88' lang='lat' dir='ltr'><strong>peccati</strong></span> <span class='ocrx_word' id='word_1_640' title='bbox 2456 3948 2855 4018; x_wconf 80' lang='lat' dir='ltr'><strong>suggestionem</strong></span> <span class='ocrx_word' id='word_1_641' title='bbox 2898 3946 3137 4016; x_wconf 85' lang='lat' dir='ltr'><strong>quotidie</strong></span> <span class='ocrx_word' id='word_1_642' title='bbox 3171 3948 3212 4000; x_wconf 91' lang='lat' dir='ltr'><strong>it</strong></span> <span class='ocrx_word' id='word_1_643' title='bbox 3242 3947 3316 4001; x_wconf 89' lang='lat' dir='ltr'><strong>ad</strong></span> 
     </span>
    </p>
   </div>
   <div class='ocr_carea' id='block_1_93' title="bbox 1732 4038 3331 4105">
    <p class='ocr_par' dir='ltr' id='par_1_93' title="bbox 1732 4038 3331 4105">
     <span class='ocr_line' id='line_1_93' title="bbox 1732 4038 3331 4105; baseline -0.001 -12"><span class='ocrx_word' id='word_1_644' title='bbox 1732 4042 2058 4093; x_wconf 88' lang='lat' dir='ltr'><strong>venandum.</strong></span> <span class='ocrx_word' id='word_1_645' title='bbox 2092 4040 2196 4093; x_wconf 87' lang='lat' dir='ltr'><strong>Eos</strong></span> <span class='ocrx_word' id='word_1_646' title='bbox 2248 4055 2378 4093; x_wconf 90' lang='lat' dir='ltr'><strong>vero</strong></span> <span class='ocrx_word' id='word_1_647' title='bbox 2421 4040 2559 4094; x_wconf 91' lang='lat' dir='ltr'><strong>intra</strong></span> <span class='ocrx_word' id='word_1_648' title='bbox 2614 4038 2751 4092; x_wconf 90' lang='lat' dir='ltr'><strong>retia</strong></span> <span class='ocrx_word' id='word_1_649' title='bbox 2793 4053 2892 4091; x_wconf 87' lang='lat' dir='ltr'><strong>sua</strong></span> <span class='ocrx_word' id='word_1_650' title='bbox 2948 4038 3148 4090; x_wconf 90' lang='lat' dir='ltr'><strong>retinet</strong></span> <span class='ocrx_word' id='word_1_651' title='bbox 3178 4052 3331 4105; x_wconf 80' lang='lat' dir='ltr'><strong>quos</strong></span> 
     </span>
    </p>
   </div>
   <div class='ocr_carea' id='block_1_94' title="bbox 1731 4126 3320 4197">
    <p class='ocr_par' dir='ltr' id='par_1_94' title="bbox 1731 4126 3320 4197">
     <span class='ocr_line' id='line_1_94' title="bbox 1731 4126 3320 4197; baseline -0.002 -15"><span class='ocrx_word' id='word_1_652' title='bbox 1731 4145 1833 4183; x_wconf 90' lang='lat' dir='ltr'><strong>nec</strong></span> <span class='ocrx_word' id='word_1_653' title='bbox 1867 4130 2021 4184; x_wconf 87' lang='lat' dir='ltr'><strong>dolor</strong></span> <span class='ocrx_word' id='word_1_654' title='bbox 2060 4144 2157 4197; x_wconf 88' lang='lat' dir='ltr'><strong>pro</strong></span> <span class='ocrx_word' id='word_1_655' title='bbox 2205 4138 2427 4197; x_wconf 90' lang='lat' dir='ltr'><strong>peccato</strong></span> <span class='ocrx_word' id='word_1_656' title='bbox 2483 4129 2701 4197; x_wconf 91' lang='lat' dir='ltr'><strong>proprio</strong></span> <span class='ocrx_word' id='word_1_657' title='bbox 2733 4127 2918 4181; x_wconf 77' lang='lat' dir='ltr'><strong>afficit.</strong></span> <span class='ocrx_word' id='word_1_658' title='bbox 2967 4126 3089 4180; x_wconf 91' lang='lat' dir='ltr'><strong>Illos</strong></span> <span class='ocrx_word' id='word_1_659' title='bbox 3137 4137 3320 4180; x_wconf 87' lang='lat' dir='ltr'><strong>autem</strong></span> 
     </span>
    </p>
   </div>
   <div class='ocr_carea' id='block_1_95' title="bbox 1724 4214 3324 4288">
    <p class='ocr_par' dir='ltr' id='par_1_95' title="bbox 1724 4214 3324 4288">
     <span class='ocr_line' id='line_1_95' title="bbox 1724 4214 3324 4288; baseline -0.005 -15"><span class='ocrx_word' id='word_1_660' title='bbox 1724 4220 1837 4288; x_wconf 86' lang='lat' dir='ltr'><strong>jam</strong></span> <span class='ocrx_word' id='word_1_661' title='bbox 1866 4218 2117 4272; x_wconf 88' lang='lat' dir='ltr'><strong>amittere</strong></span> <span class='ocrx_word' id='word_1_662' title='bbox 2150 4218 2340 4286; x_wconf 91' lang='lat' dir='ltr'><strong>incipit</strong></span> <span class='ocrx_word' id='word_1_663' title='bbox 2372 4231 2509 4285; x_wconf 88' lang='lat' dir='ltr'><strong>quos</strong></span> <span class='ocrx_word' id='word_1_664' title='bbox 2537 4231 2634 4285; x_wconf 91' lang='lat' dir='ltr'><strong>pro</strong></span> <span class='ocrx_word' id='word_1_665' title='bbox 2676 4216 2856 4270; x_wconf 88' lang='lat' dir='ltr'><strong>carnis</strong></span> <span class='ocrx_word' id='word_1_666' title='bbox 2883 4215 3203 4284; x_wconf 77' lang='lat' dir='ltr'><strong>intemperie</strong></span> <span class='ocrx_word' id='word_1_667' title='bbox 3235 4214 3324 4266; x_wconf 85' lang='lat' dir='ltr'><strong>lu-</strong></span> 
     </span>
    </p>
   </div>
   <div class='ocr_carea' id='block_1_96' title="bbox 1732 4306 3335 4380">
    <p class='ocr_par' dir='ltr' id='par_1_96' title="bbox 1732 4306 3335 4380">
     <span class='ocr_line' id='line_1_96' title="bbox 1732 4306 3335 4380; baseline -0.007 -14"><span class='ocrx_word' id='word_1_668' title='bbox 1732 4323 1856 4380; x_wconf 79' lang='lat' dir='ltr'><strong>gere</strong></span> <span class='ocrx_word' id='word_1_669' title='bbox 1885 4310 1997 4379; x_wconf 87' lang='lat' dir='ltr'><strong>jam</strong></span> <span class='ocrx_word' id='word_1_670' title='bbox 2027 4310 2312 4379; x_wconf 90' lang='lat' dir='ltr'><strong>conspicit.</strong></span> <span class='ocrx_word' id='word_1_671' title='bbox 2352 4308 2624 4375; x_wconf 86' lang='lat' dir='ltr'><strong>Quosdam</strong></span> <span class='ocrx_word' id='word_1_672' title='bbox 2668 4317 2848 4362; x_wconf 89' lang='lat' dir='ltr'><strong>autem</strong></span> <span class='ocrx_word' id='word_1_673' title='bbox 2899 4306 3043 4361; x_wconf 89' lang='lat' dir='ltr'><strong>tertii</strong></span> <span class='ocrx_word' id='word_1_674' title='bbox 3093 4306 3335 4371; x_wconf 49' lang='lat' dir='ltr'><strong>ordinis,</strong></span> 
     </span>
    </p>
   </div>
   <div class='ocr_carea' id='block_1_97' title="bbox 1734 4398 3330 4469">
    <p class='ocr_par' dir='ltr' id='par_1_97' title="bbox 1734 4398 3330 4469">
     <span class='ocr_line' id='line_1_97' title="bbox 1734 4398 3330 4469; baseline -0.004 -15"><span class='ocrx_word' id='word_1_675' title='bbox 1734 4405 1783 4457; x_wconf 95' lang='lat' dir='ltr'><strong>id</strong></span> <span class='ocrx_word' id='word_1_676' title='bbox 1812 4412 1895 4458; x_wconf 89' lang='lat' dir='ltr'><strong>est</strong></span> <span class='ocrx_word' id='word_1_677' title='bbox 1922 4412 2141 4457; x_wconf 86' lang='lat' dir='ltr'><strong>sanatos</strong></span> <span class='ocrx_word' id='word_1_678' title='bbox 2168 4418 2197 4455; x_wconf 90' lang='lat' dir='ltr'><strong>a</strong></span> <span class='ocrx_word' id='word_1_679' title='bbox 2247 4400 2558 4456; x_wconf 90' lang='lat' dir='ltr'><strong>carnalibus</strong></span> <span class='ocrx_word' id='word_1_680' title='bbox 2585 4409 2640 4453; x_wconf 92' lang='lat' dir='ltr'><strong>et</strong></span> <span class='ocrx_word' id='word_1_681' title='bbox 2663 4400 3036 4469; x_wconf 87' lang='lat' dir='ltr'><strong>spiritualibus</strong></span> <span class='ocrx_word' id='word_1_682' title='bbox 3063 4398 3330 4468; x_wconf 66' lang='lat' dir='ltr'><strong>peccatis,</strong></span> 
     </span>
    </p>
   </div>
   <div class='ocr_carea' id='block_1_98' title="bbox 1662 4486 3329 4575">
    <p class='ocr_par' dir='ltr' id='par_1_98' title="bbox 1662 4486 3329 4575">
     <span class='ocr_line' id='line_1_98' title="bbox 1662 4486 3329 4575; baseline -0.002 -31"><span class='ocrx_word' id='word_1_683' title='bbox 1662 4518 1707 4575; x_wconf 71' lang='grc' dir='ltr'>θ</span> <span class='ocrx_word' id='word_1_684' title='bbox 1732 4492 1955 4545; x_wconf 89' lang='lat' dir='ltr'><strong>omnino</strong></span> <span class='ocrx_word' id='word_1_685' title='bbox 1983 4490 2179 4560; x_wconf 89' lang='lat' dir='ltr'><strong>perdit.</strong></span> <span class='ocrx_word' id='word_1_686' title='bbox 2199 4489 2366 4544; x_wconf 85' lang='lat' dir='ltr'><strong>Primi</strong></span> <span class='ocrx_word' id='word_1_687' title='bbox 2388 4490 2612 4543; x_wconf 90' lang='lat' dir='ltr'><strong>omnino</strong></span> <span class='ocrx_word' id='word_1_688' title='bbox 2640 4488 2883 4559; x_wconf 83' lang='lat' dir='ltr'><strong>lugeant,</strong></span> <span class='ocrx_word' id='word_1_689' title='bbox 2902 4490 3122 4543; x_wconf 88' lang='lat' dir='ltr'><strong>doleant</strong></span> <span class='ocrx_word' id='word_1_690' title='bbox 3146 4486 3329 4541; x_wconf 78' lang='lat' dir='ltr'><strong>adhuc</strong></span> 
     </span>
    </p>
   </div>
   <div class='ocr_carea' id='block_1_99' title="bbox 1735 4581 2621 4652">
    <p class='ocr_par' dir='ltr' id='par_1_99' title="bbox 1735 4581 2621 4652">
     <span class='ocr_line' id='line_1_99' title="bbox 1735 4581 2621 4652; baseline 0.002 -21"><span class='ocrx_word' id='word_1_691' title='bbox 1735 4582 1981 4647; x_wconf 75' lang='lat' dir='ltr'><strong>secundi,</strong></span> <span class='ocrx_word' id='word_1_692' title='bbox 2003 4582 2148 4638; x_wconf 87' lang='lat' dir='ltr'><strong>tertii</strong></span> <span class='ocrx_word' id='word_1_693' title='bbox 2180 4597 2310 4636; x_wconf 89' lang='lat' dir='ltr'><strong>vero</strong></span> <span class='ocrx_word' id='word_1_694' title='bbox 2328 4581 2621 4652; x_wconf 86' lang='lat' dir='ltr'><strong>gaudeant.</strong></span> 
     </span>
    </p>
   </div>
   <div class='ocr_carea' id='block_1_100' title="bbox 2230 4672 2822 4728">
    <p class='ocr_par' dir='ltr' id='par_1_100' title="bbox 2230 4672 2822 4728">
     <span class='ocr_line' id='line_1_100' title="bbox 2230 4672 2822 4728; baseline -0.003 -2"><span class='ocrx_word' id='word_1_695' title='bbox 2230 4672 2461 4727; x_wconf 79' lang='lat' dir='ltr'><strong>CAPUT</strong></span> <span class='ocrx_word' id='word_1_696' title='bbox 2513 4672 2822 4728; x_wconf 81' lang='lat' dir='ltr'><strong>CLXXXV.</strong></span> 
     </span>
    </p>
   </div>
   <div class='ocr_carea' id='block_1_101' title="bbox 2019 4760 3034 4829">
    <p class='ocr_par' dir='ltr' id='par_1_101' title="bbox 2019 4760 3034 4829">
     <span class='ocr_line' id='line_1_101' title="bbox 2019 4760 3034 4829; baseline -0.001 -16"><span class='ocrx_word' id='word_1_697' title='bbox 2019 4760 2174 4826; x_wconf 85' lang='lat' dir='ltr'><strong>Quod</strong></span> <span class='ocrx_word' id='word_1_698' title='bbox 2214 4761 2354 4815; x_wconf 82' lang='lat' dir='ltr'><strong>Deus</strong></span> <span class='ocrx_word' id='word_1_699' title='bbox 2384 4777 2485 4814; x_wconf 84' lang='lat' dir='ltr'><strong>non</strong></span> <span class='ocrx_word' id='word_1_700' title='bbox 2511 4762 2721 4813; x_wconf 80' lang='lat' dir='ltr'><strong>horreat</strong></span> <span class='ocrx_word' id='word_1_701' title='bbox 2748 4770 3034 4829; x_wconf 79' lang='lat' dir='ltr'><strong>peccatum.</strong></span> 
     </span>
    </p>
   </div>
   <div class='ocr_carea' id='block_1_102' title="bbox 1806 4854 3319 4923">
    <p class='ocr_par' dir='ltr' id='par_1_102' title="bbox 1806 4854 3319 4923">
     <span class='ocr_line' id='line_1_102' title="bbox 1806 4854 3319 4923; baseline -0.002 -15"><span class='ocrx_word' id='word_1_702' title='bbox 1806 4854 2043 4910; x_wconf 89' lang='lat' dir='ltr'><strong>llorrere</strong></span> <span class='ocrx_word' id='word_1_703' title='bbox 2074 4855 2273 4909; x_wconf 88' lang='lat' dir='ltr'><strong>dicitur</strong></span> <span class='ocrx_word' id='word_1_704' title='bbox 2325 4855 2464 4908; x_wconf 87' lang='lat' dir='ltr'><strong>Deus</strong></span> <span class='ocrx_word' id='word_1_705' title='bbox 2505 4856 2741 4907; x_wconf 87' lang='lat' dir='ltr'><strong>animam</strong></span> <span class='ocrx_word' id='word_1_706' title='bbox 2774 4854 3172 4923; x_wconf 88' lang='lat' dir='ltr'><strong>peccatricem,</strong></span> <span class='ocrx_word' id='word_1_707' title='bbox 3216 4867 3319 4905; x_wconf 89' lang='lat' dir='ltr'><strong>non</strong></span> 
     </span>
    </p>
   </div>
   <div class='ocr_carea' id='block_1_103' title="bbox 1733 4944 3321 5016">
    <p class='ocr_par' dir='ltr' id='par_1_103' title="bbox 1733 4944 3321 5016">
     <span class='ocr_line' id='line_1_103' title="bbox 1733 4944 3321 5016; baseline 0 -17"><span class='ocrx_word' id='word_1_708' title='bbox 1733 4947 1876 5015; x_wconf 88' lang='lat' dir='ltr'><strong>quod</strong></span> <span class='ocrx_word' id='word_1_709' title='bbox 1914 4948 2137 5002; x_wconf 89' lang='lat' dir='ltr'><strong>horreat</strong></span> <span class='ocrx_word' id='word_1_710' title='bbox 2176 4955 2492 5016; x_wconf 89' lang='lat' dir='ltr'><strong>peccatum,</strong></span> <span class='ocrx_word' id='word_1_711' title='bbox 2540 4944 2682 5013; x_wconf 91' lang='lat' dir='ltr'><strong>quod</strong></span> <span class='ocrx_word' id='word_1_712' title='bbox 2726 4944 2857 4998; x_wconf 88' lang='lat' dir='ltr'><strong>nihil</strong></span> <span class='ocrx_word' id='word_1_713' title='bbox 2888 4954 3008 5009; x_wconf 90' lang='lat' dir='ltr'><strong>est,</strong></span> <span class='ocrx_word' id='word_1_714' title='bbox 3056 4945 3147 4999; x_wconf 89' lang='lat' dir='ltr'><strong>sed</strong></span> <span class='ocrx_word' id='word_1_715' title='bbox 3190 4945 3321 5013; x_wconf 86' lang='lat' dir='ltr'><strong>quia</strong></span> 
     </span>
    </p>
   </div>
   <div class='ocr_carea' id='block_1_104' title="bbox 1733 5031 3319 5104">
    <p class='ocr_par' dir='ltr' id='par_1_104' title="bbox 1733 5031 3319 5104">
     <span class='ocr_line' id='line_1_104' title="bbox 1733 5031 3319 5104; baseline -0.002 -16"><span class='ocrx_word' id='word_1_716' title='bbox 1733 5052 1839 5088; x_wconf 89' lang='lat' dir='ltr'><strong>non</strong></span> <span class='ocrx_word' id='word_1_717' title='bbox 1874 5044 1957 5089; x_wconf 75' lang='lat' dir='ltr'><strong>est</strong></span> <span class='ocrx_word' id='word_1_718' title='bbox 1986 5035 2056 5088; x_wconf 91' lang='lat' dir='ltr'><strong>ibi</strong></span> <span class='ocrx_word' id='word_1_719' title='bbox 2089 5034 2270 5088; x_wconf 91' lang='lat' dir='ltr'><strong>debita</strong></span> <span class='ocrx_word' id='word_1_720' title='bbox 2297 5035 2532 5104; x_wconf 91' lang='lat' dir='ltr'><strong>justitia,</strong></span> <span class='ocrx_word' id='word_1_721' title='bbox 2556 5047 2721 5102; x_wconf 87' lang='lat' dir='ltr'><strong>quam</strong></span> <span class='ocrx_word' id='word_1_722' title='bbox 2750 5031 2825 5086; x_wconf 87' lang='lat' dir='ltr'><strong>ibi</strong></span> <span class='ocrx_word' id='word_1_723' title='bbox 2870 5041 3100 5087; x_wconf 90' lang='lat' dir='ltr'><strong>amaret.</strong></span> <span class='ocrx_word' id='word_1_724' title='bbox 3135 5032 3205 5088; x_wconf 91' lang='lat' dir='ltr'><strong>Ut</strong></span> <span class='ocrx_word' id='word_1_725' title='bbox 3233 5032 3319 5086; x_wconf 78' lang='lat' dir='ltr'><strong>di-</strong></span> 
     </span>
    </p>
   </div>
   <div class='ocr_carea' id='block_1_105' title="bbox 1733 5121 3319 5193">
    <p class='ocr_par' dir='ltr' id='par_1_105' title="bbox 1733 5121 3319 5193">
     <span class='ocr_line' id='line_1_105' title="bbox 1733 5121 3319 5193; baseline -0.001 -15"><span class='ocrx_word' id='word_1_726' title='bbox 1733 5126 1908 5179; x_wconf 89' lang='lat' dir='ltr'><strong>cimus</strong></span> <span class='ocrx_word' id='word_1_727' title='bbox 1951 5139 2050 5178; x_wconf 88' lang='lat' dir='ltr'><strong>uos</strong></span> <span class='ocrx_word' id='word_1_728' title='bbox 2082 5125 2307 5179; x_wconf 88' lang='lat' dir='ltr'><strong>horrere</strong></span> <span class='ocrx_word' id='word_1_729' title='bbox 2335 5124 2577 5188; x_wconf 87' lang='lat' dir='ltr'><strong>domum,</strong></span> <span class='ocrx_word' id='word_1_730' title='bbox 2612 5124 2663 5178; x_wconf 92' lang='lat' dir='ltr'><strong>in</strong></span> <span class='ocrx_word' id='word_1_731' title='bbox 2704 5138 2810 5193; x_wconf 88' lang='lat' dir='ltr'><strong>qua</strong></span> <span class='ocrx_word' id='word_1_732' title='bbox 2862 5121 2997 5177; x_wconf 88' lang='lat' dir='ltr'><strong>nihil</strong></span> <span class='ocrx_word' id='word_1_733' title='bbox 3051 5130 3135 5177; x_wconf 87' lang='lat' dir='ltr'><strong>est</strong></span> <span class='ocrx_word' id='word_1_734' title='bbox 3174 5123 3319 5192; x_wconf 88' lang='lat' dir='ltr'><strong>quod</strong></span> 
     </span>
    </p>
   </div>
   <div class='ocr_carea' id='block_1_106' title="bbox 1354 5279 2030 5335">
    <p class='ocr_par' dir='ltr' id='par_1_106' title="bbox 1354 5279 2030 5335">
     <span class='ocr_line' id='line_1_106' title="bbox 1354 5279 2030 5335; baseline -0.004 0"><span class='ocrx_word' id='word_1_735' title='bbox 1354 5280 1587 5335; x_wconf 61' lang='lat' dir='ltr'><strong>VARle</strong></span> <span class='ocrx_word' id='word_1_736' title='bbox 1628 5279 2030 5335; x_wconf 80' lang='lat' dir='ltr'><strong>LECTIONES.</strong></span> 
     </span>
    </p>
   </div>
   <div class='ocr_carea' id='block_1_107' title="bbox 136 5410 1665 5471">
    <p class='ocr_par' dir='ltr' id='par_1_107' title="bbox 136 5410 1665 5471">
     <span class='ocr_line' id='line_1_107' title="bbox 136 5410 1665 5471; baseline 0.003 -4"><span class='ocrx_word' id='word_1_737' title='bbox 136 5410 215 5442; x_wconf 84' lang='grc'>¹⁰²¹</span> <span class='ocrx_word' id='word_1_738' title='bbox 265 5413 525 5471; x_wconf 75' lang='lat' dir='ltr'><strong>Minceam</strong></span> <span class='ocrx_word' id='word_1_739' title='bbox 582 5432 680 5471; x_wconf 86' lang='lat' dir='ltr'><strong>suo</strong></span> <span class='ocrx_word' id='word_1_740' title='bbox 736 5434 838 5471; x_wconf 87' lang='lat' dir='ltr'><strong>mss</strong></span> <span class='ocrx_word' id='word_1_741' title='bbox 889 5430 934 5471; x_wconf 82' lang='lat' dir='ltr'><strong>et</strong></span> <span class='ocrx_word' id='word_1_742' title='bbox 984 5416 1127 5471; x_wconf 81' lang='lat' dir='ltr'><strong>Edit.</strong></span> <span class='ocrx_word' id='word_1_743' title='bbox 1176 5416 1289 5471; x_wconf 85' lang='lat' dir='ltr'><strong>Col.</strong></span> <span class='ocrx_word' id='word_1_744' title='bbox 1344 5432 1485 5470; x_wconf 90' lang='lat' dir='ltr'><strong>nunc</strong></span> <span class='ocrx_word' id='word_1_745' title='bbox 1545 5432 1665 5471; x_wconf 87' lang='lat' dir='ltr'><strong>eam</strong></span> 
     </span>
    </p>
   </div>
   <div class='ocr_carea' id='block_1_108' title="bbox 1214 5485 3313 5555">
    <p class='ocr_par' dir='ltr' id='par_1_108' title="bbox 1214 5485 3313 5555">
     <span class='ocr_line' id='line_1_108' title="bbox 1214 5485 3313 5555; baseline 0 -16"><span class='ocrx_word' id='word_1_746' title='bbox 1214 5488 1305 5518; x_wconf 81' lang='grc'>¹⁰²³</span> <span class='ocrx_word' id='word_1_747' title='bbox 1355 5487 1559 5541; x_wconf 89' lang='lat' dir='ltr'><strong>Tenera</strong></span> <span class='ocrx_word' id='word_1_748' title='bbox 1607 5487 1822 5555; x_wconf 88' lang='lat' dir='ltr'><strong>quidem</strong></span> <span class='ocrx_word' id='word_1_749' title='bbox 1883 5489 2077 5555; x_wconf 87' lang='lat' dir='ltr'><strong>tenetis</strong></span> <span class='ocrx_word' id='word_1_750' title='bbox 2122 5504 2227 5539; x_wconf 85' lang='lat' dir='ltr'><strong>mss</strong></span> <span class='ocrx_word' id='word_1_751' title='bbox 2277 5485 2430 5539; x_wconf 83' lang='lat' dir='ltr'><strong>Corb.</strong></span> <span class='ocrx_word' id='word_1_752' title='bbox 2487 5485 2618 5539; x_wconf 72' lang='lat' dir='ltr'><strong>Vict.</strong></span> <span class='ocrx_word' id='word_1_753' title='bbox 2672 5495 2717 5538; x_wconf 83' lang='lat' dir='ltr'><strong>et</strong></span> <span class='ocrx_word' id='word_1_754' title='bbox 2760 5485 2902 5539; x_wconf 68' lang='grc' dir='ltr'><strong>ΕΔΗ.</strong></span> <span class='ocrx_word' id='word_1_755' title='bbox 2958 5486 3074 5539; x_wconf 81' lang='lat' dir='ltr'><strong>Col.</strong></span> <span class='ocrx_word' id='word_1_756' title='bbox 3130 5496 3313 5540; x_wconf 80' lang='lat' dir='ltr'><strong>tenera</strong></span> 
     </span>
    </p>
   </div>
   <div class='ocr_carea' id='block_1_109' title="bbox 77 5474 1087 5542">
    <p class='ocr_par' dir='ltr' id='par_1_109' title="bbox 77 5474 1087 5542">
     <span class='ocr_line' id='line_1_109' title="bbox 77 5474 1087 5542; baseline 0.013 -14"><span class='ocrx_word' id='word_1_757' title='bbox 77 5474 200 5533; x_wconf 80' lang='lat' dir='ltr'><strong>Edit.</strong></span> <span class='ocrx_word' id='word_1_758' title='bbox 244 5484 355 5538; x_wconf 87' lang='lat' dir='ltr'><strong>Col.</strong></span> <span class='ocrx_word' id='word_1_759' title='bbox 415 5504 553 5542; x_wconf 91' lang='lat' dir='ltr'><strong>nunc</strong></span> <span class='ocrx_word' id='word_1_760' title='bbox 593 5490 756 5541; x_wconf 85' lang='lat' dir='ltr'><strong>etiam</strong></span> <span class='ocrx_word' id='word_1_761' title='bbox 823 5490 1087 5542; x_wconf 81' lang='lat' dir='ltr'><strong>lcvamine</strong></span> 
     </span>
    </p>
   </div>
   <div class='ocr_carea' id='block_1_110' title="bbox 1779 5415 3321 5471">
    <p class='ocr_par' dir='ltr' id='par_1_110' title="bbox 1779 5415 3321 5471">
     <span class='ocr_line' id='line_1_110' title="bbox 1779 5415 3321 5471; baseline 0.001 -1"><span class='ocrx_word' id='word_1_762' title='bbox 1779 5418 1871 5447; x_wconf 80' lang='grc'>²⁰²¹</span> <span class='ocrx_word' id='word_1_763' title='bbox 1916 5415 2069 5471; x_wconf 89' lang='lat' dir='ltr'><strong>Nunc</strong></span> <span class='ocrx_word' id='word_1_764' title='bbox 2115 5417 2277 5469; x_wconf 88' lang='lat' dir='ltr'><strong>etiam</strong></span> <span class='ocrx_word' id='word_1_765' title='bbox 2336 5416 2571 5470; x_wconf 78' lang='lat' dir='ltr'><strong>discreto</strong></span> <span class='ocrx_word' id='word_1_766' title='bbox 2630 5415 2895 5469; x_wconf 88' lang='lat' dir='ltr'><strong>lcvamine</strong></span> <span class='ocrx_word' id='word_1_767' title='bbox 2950 5432 3027 5469; x_wconf 85' lang='lat' dir='ltr'><strong>ms</strong></span> <span class='ocrx_word' id='word_1_768' title='bbox 3103 5415 3233 5468; x_wconf 75' lang='lat' dir='ltr'><strong>Vict.</strong></span> <span class='ocrx_word' id='word_1_769' title='bbox 3267 5426 3321 5471; x_wconf 70' lang='lat' dir='ltr'><strong>et</strong></span> 
     </span>
    </p>
   </div>
   <div class='ocr_carea' id='block_1_111' title="bbox 77 5550 3314 5639">
    <p class='ocr_par' dir='ltr' id='par_1_111' title="bbox 77 5550 3314 5639">
     <span class='ocr_line' id='line_1_111' title="bbox 77 5550 3314 5639; baseline -0.002 -27"><span class='ocrx_word' id='word_1_770' title='bbox 77 5550 787 5639; x_wconf 40' lang='lat' dir='ltr'><strong>&#39;l&#39;ti‘detndenerism‘f’Lllic</strong></span> <span class='ocrx_word' id='word_1_771' title='bbox 814 5560 952 5611; x_wconf 86' lang='lat' dir='ltr'><strong>unde</strong></span> <span class='ocrx_word' id='word_1_772' title='bbox 980 5559 1183 5639; x_wconf 74' lang='lat' dir='ltr'><strong>gratias</strong></span> <span class='ocrx_word' id='word_1_773' title='bbox 1215 5558 1515 5639; x_wconf 56' lang='lat' dir='ltr'><strong>Deomagat,</strong></span> <span class='ocrx_word' id='word_1_774' title='bbox 1545 5550 1840 5639; x_wconf 46' lang='lat' dir='ltr'><strong>liabetlinss</strong></span> <span class='ocrx_word' id='word_1_775' title='bbox 1864 5558 2023 5639; x_wconf 67' lang='lat' dir='ltr'><strong>Cori).</strong></span> <span class='ocrx_word' id='word_1_776' title='bbox 2060 5554 2191 5609; x_wconf 75' lang='lat' dir='ltr'><strong>Vict.</strong></span> <span class='ocrx_word' id='word_1_777' title='bbox 2223 5568 2268 5638; x_wconf 71' lang='lat' dir='ltr'><strong>et</strong></span> <span class='ocrx_word' id='word_1_778' title='bbox 2316 5556 2612 5639; x_wconf 37' lang='grc' dir='ltr'><strong>φημι-(Σοί.</strong></span> <span class='ocrx_word' id='word_1_779' title='bbox 2633 5558 2918 5639; x_wconf 42' lang='grc' dir='ltr'>,[ιιιρλιιιιις</span> <span class='ocrx_word' id='word_1_780' title='bbox 2950 5556 3089 5638; x_wconf 75' lang='lat' dir='ltr'><strong>Deus</strong></span> <span class='ocrx_word' id='word_1_781' title='bbox 3114 5558 3314 5626; x_wconf 85' lang='lat' dir='ltr'><strong>gratias</strong></span> 
     </span>
    </p>
   </div>
   <div class='ocr_carea' id='block_1_112' title="bbox 76 5620 2554 5685">
    <p class='ocr_par' dir='ltr' id='par_1_112' title="bbox 76 5620 2554 5685">
     <span class='ocr_line' id='line_1_112' title="bbox 76 5620 2554 5685; baseline 0.004 -17"><span class='ocrx_word' id='word_1_782' title='bbox 76 5620 161 5672; x_wconf 81' lang='lat' dir='ltr'><strong>scit</strong></span> <span class='ocrx_word' id='word_1_783' title='bbox 182 5623 245 5685; x_wconf 87' lang='lat' dir='ltr'><strong>ei,</strong></span> <span class='ocrx_word' id='word_1_784' title='bbox 274 5626 435 5681; x_wconf 88' lang='lat' dir='ltr'><strong>habet</strong></span> <span class='ocrx_word' id='word_1_785' title='bbox 509 5630 601 5661; x_wconf 73' lang='grc'><strong>¹⁰²⁵</strong></span> <span class='ocrx_word' id='word_1_786' title='bbox 629 5629 718 5682; x_wconf 89' lang='lat' dir='ltr'><strong>Ille</strong></span> <span class='ocrx_word' id='word_1_787' title='bbox 751 5645 917 5682; x_wconf 87' lang='lat' dir='ltr'><strong>vcro..</strong></span> <span class='ocrx_word' id='word_1_788' title='bbox 954 5620 1173 5681; x_wconf 59' lang='lat' dir='ltr'><strong>niiniute</strong></span> <span class='ocrx_word' id='word_1_789' title='bbox 1201 5647 1276 5680; x_wconf 88' lang='lat' dir='ltr'><strong>ms</strong></span> <span class='ocrx_word' id='word_1_790' title='bbox 1314 5620 1443 5681; x_wconf 70' lang='grc' dir='ltr'><strong>νίεῖ.</strong></span> <span class='ocrx_word' id='word_1_791' title='bbox 1468 5639 1515 5679; x_wconf 84' lang='lat' dir='ltr'><strong>et</strong></span> <span class='ocrx_word' id='word_1_792' title='bbox 1543 5629 1686 5681; x_wconf 63' lang='lat' dir='ltr'><strong>Ii‘dit.</strong></span> <span class='ocrx_word' id='word_1_793' title='bbox 1714 5627 1827 5680; x_wconf 82' lang='lat' dir='ltr'><strong>Col.</strong></span> <span class='ocrx_word' id='word_1_794' title='bbox 1864 5629 1935 5681; x_wconf 94' lang='lat' dir='ltr'><strong>illi</strong></span> <span class='ocrx_word' id='word_1_795' title='bbox 1966 5643 2136 5681; x_wconf 87' lang='lat' dir='ltr'><strong>vero..</strong></span> <span class='ocrx_word' id='word_1_796' title='bbox 2169 5628 2554 5681; x_wconf 60' lang='lat' dir='ltr'><strong>misericordiae</strong></span> 
     </span>
    </p>
   </div>
   <div class='ocr_carea' id='block_1_113' title="bbox 910 5695 3309 5768">
    <p class='ocr_par' dir='ltr' id='par_1_113' title="bbox 910 5695 3309 5768">
     <span class='ocr_line' id='line_1_113' title="bbox 910 5695 3309 5768; baseline -0.004 -16"><span class='ocrx_word' id='word_1_797' title='bbox 910 5700 998 5729; x_wconf 80' lang='grc'><strong>¹⁰³⁷</strong></span> <span class='ocrx_word' id='word_1_798' title='bbox 1030 5700 1181 5752; x_wconf 83' lang='lat' dir='ltr'><strong>Alius</strong></span> <span class='ocrx_word' id='word_1_799' title='bbox 1224 5714 1349 5751; x_wconf 85' lang='lat' dir='ltr'><strong>vero</strong></span> <span class='ocrx_word' id='word_1_800' title='bbox 1394 5698 1485 5768; x_wconf 79' lang='lat' dir='ltr'><strong>qui</strong></span> <span class='ocrx_word' id='word_1_801' title='bbox 1536 5700 1855 5752; x_wconf 82' lang='lat' dir='ltr'><strong>charitatem</strong></span> <span class='ocrx_word' id='word_1_802' title='bbox 1906 5716 1980 5751; x_wconf 83' lang='lat' dir='ltr'><strong>ms</strong></span> <span class='ocrx_word' id='word_1_803' title='bbox 2020 5697 2153 5749; x_wconf 82' lang='lat' dir='ltr'><strong>Vict.</strong></span> <span class='ocrx_word' id='word_1_804' title='bbox 2195 5709 2240 5750; x_wconf 87' lang='lat' dir='ltr'><strong>ct</strong></span> <span class='ocrx_word' id='word_1_805' title='bbox 2282 5695 2427 5749; x_wconf 62' lang='lat' dir='ltr'><strong>Esi‘it.</strong></span> <span class='ocrx_word' id='word_1_806' title='bbox 2478 5697 2586 5751; x_wconf 84' lang='lat' dir='ltr'><strong>Col.</strong></span> <span class='ocrx_word' id='word_1_807' title='bbox 2629 5697 2763 5768; x_wconf 69' lang='lat' dir='ltr'><strong>Aliis</strong></span> <span class='ocrx_word' id='word_1_808' title='bbox 2812 5714 2939 5750; x_wconf 86' lang='lat' dir='ltr'><strong>vero</strong></span> <span class='ocrx_word' id='word_1_809' title='bbox 2991 5696 3309 5768; x_wconf 73' lang='lat' dir='ltr'><strong>charitatem</strong></span> 
     </span>
    </p>
   </div>
   <div class='ocr_carea' id='block_1_114' title="bbox 77 5688 803 5765">
    <p class='ocr_par' dir='ltr' id='par_1_114' title="bbox 77 5688 803 5765">
     <span class='ocr_line' id='line_1_114' title="bbox 77 5688 803 5765; baseline -0.019 -1"><span class='ocrx_word' id='word_1_810' title='bbox 77 5688 271 5765; x_wconf 47' lang='grc' dir='ltr'><strong>ἕξβέίδο</strong></span> <span class='ocrx_word' id='word_1_811' title='bbox 292 5696 404 5749; x_wconf 66' lang='grc' dir='ltr'><strong>(λοι-</strong></span> <span class='ocrx_word' id='word_1_812' title='bbox 439 5700 803 5765; x_wconf 87' lang='lat' dir='ltr'><strong>perfunctorie</strong></span> 
     </span>
    </p>
   </div>
   <div class='ocr_carea' id='block_1_115' title="bbox 80 5756 1638 5825">
    <p class='ocr_par' dir='ltr' id='par_1_115' title="bbox 80 5756 1638 5825">
     <span class='ocr_line' id='line_1_115' title="bbox 80 5756 1638 5825; baseline 0.002 -4"><span class='ocrx_word' id='word_1_813' title='bbox 80 5756 157 5791; x_wconf 72' lang='grc'><strong>¹⁶²⁸</strong></span> <span class='ocrx_word' id='word_1_814' title='bbox 180 5761 415 5822; x_wconf 71' lang='lat' dir='ltr'><strong>Charitas</strong></span> <span class='ocrx_word' id='word_1_815' title='bbox 440 5756 604 5824; x_wconf 51' lang='lat' dir='ltr'><strong>&#39;enim</strong></span> <span class='ocrx_word' id='word_1_816' title='bbox 659 5788 759 5824; x_wconf 87' lang='lat' dir='ltr'><strong>mss</strong></span> <span class='ocrx_word' id='word_1_817' title='bbox 806 5771 958 5825; x_wconf 56' lang='grc' dir='ltr'><strong>ξονι).</strong></span> <span class='ocrx_word' id='word_1_818' title='bbox 995 5769 1127 5822; x_wconf 69' lang='lat' dir='ltr'><strong>Vict.</strong></span> <span class='ocrx_word' id='word_1_819' title='bbox 1173 5756 1464 5824; x_wconf 63' lang='grc' dir='ltr'>(ὲιιειιὶιιιιῖδ</span> <span class='ocrx_word' id='word_1_820' title='bbox 1495 5770 1638 5825; x_wconf 87' lang='lat' dir='ltr'><strong>enim</strong></span> 
     </span>
    </p>
   </div>
   <div class='ocr_carea' id='block_1_116' title="bbox 2633 5626 3308 5681">
    <p class='ocr_par' dir='ltr' id='par_1_116' title="bbox 2633 5626 3308 5681">
     <span class='ocr_line' id='line_1_116' title="bbox 2633 5626 3308 5681; baseline -0.004 -1"><span class='ocrx_word' id='word_1_821' title='bbox 2633 5626 2723 5657; x_wconf 75' lang='grc'>¹⁰²⁶</span> <span class='ocrx_word' id='word_1_822' title='bbox 2752 5626 2853 5681; x_wconf 77' lang='lat' dir='ltr'><strong>Pro</strong></span> <span class='ocrx_word' id='word_1_823' title='bbox 2883 5626 3157 5680; x_wconf 80' lang='lat' dir='ltr'><strong>l&#39;uuctione</strong></span> <span class='ocrx_word' id='word_1_824' title='bbox 3186 5643 3308 5677; x_wconf 78' lang='lat' dir='ltr'><strong>mss.</strong></span> 
     </span>
    </p>
   </div>
   <div class='ocr_carea' id='block_1_117' title="bbox 1734 5766 3316 5822">
    <p class='ocr_par' dir='ltr' id='par_1_117' title="bbox 1734 5766 3316 5822">
     <span class='ocr_line' id='line_1_117' title="bbox 1734 5766 3316 5822; baseline -0.005 1"><span class='ocrx_word' id='word_1_825' title='bbox 1734 5769 1826 5800; x_wconf 78' lang='grc'>³⁰²⁹</span> <span class='ocrx_word' id='word_1_826' title='bbox 1861 5768 2112 5822; x_wconf 75' lang='lat' dir='ltr'><strong>Naturale</strong></span> <span class='ocrx_word' id='word_1_827' title='bbox 2161 5768 2305 5822; x_wconf 87' lang='lat' dir='ltr'><strong>enim</strong></span> <span class='ocrx_word' id='word_1_828' title='bbox 2337 5778 2418 5822; x_wconf 87' lang='lat' dir='ltr'><strong>est</strong></span> <span class='ocrx_word' id='word_1_829' title='bbox 2464 5786 2567 5821; x_wconf 82' lang='lat' dir='ltr'><strong>mss</strong></span> <span class='ocrx_word' id='word_1_830' title='bbox 2616 5766 2769 5820; x_wconf 60' lang='grc' dir='ltr'><strong>(ἐστι).</strong></span> <span class='ocrx_word' id='word_1_831' title='bbox 2807 5776 2995 5820; x_wconf 85' lang='lat' dir='ltr'><strong>natura</strong></span> <span class='ocrx_word' id='word_1_832' title='bbox 3042 5766 3183 5820; x_wconf 90' lang='lat' dir='ltr'><strong>enim</strong></span> <span class='ocrx_word' id='word_1_833' title='bbox 3229 5773 3316 5816; x_wconf 83' lang='lat' dir='ltr'><strong>est</strong></span> 
     </span>
    </p>
   </div>
  </div>
