3870 6304
587 381 690 442 6'89

1605 385 1913 442 EADMEHI
1949 383 2503 443 CANTUARIENSIS
2539 385 2847 442 MONACHI
3657 401 3716 458 τοι

588 515 858 564 amemus,
889 496 982 554 sed
1015 499 1116 554 hoc
1145 507 1196 554 et
1227 499 1356 554 illttd
1395 505 1708 570 nnproprie.
1744 500 2046 558 Virtutibus
2073 503 2172 574 igi-
2200 503 2251 563 Α
2279 501 2494 556 laetatur
2522 509 2573 556 et
2625 517 2723 556 suo
2757 501 2918 556 modo
2963 505 3099 556 bene
3131 502 3232 558 sibi
3263 511 3366 570 est,
3391 503 3495 562 dum
3519 525 3614 566 vero
3631 515 3714 572 inter

591 603 682 648 tur
706 595 1078 650 adhaereamus
1105 597 1479 666 postponentlo
1513 597 1662 664 vitia,
1691 609 1746 654 et
1777 599 1916 655 hanc
1961 602 2171 672 patien-

589 686 722 738 tiam
765 683 1139 754 amplectende
1169 700 1292 740 cum
1321 684 1434 758 jttgi
1473 688 1751 742 exercitio.
1784 689 2048 746 Patientia
2093 702 2173 750 et-

585 773 852 836 enim,vel
873 773 1126 844 quaelibet
1139 775 1312 832 virtus
1333 777 1452 833 sine
1472 780 1912 851 exercitio,quasi
1925 783 2172 852 plumbea

585 863 776 920 lancea
805 873 906 921 est.

823 951 826 956 ’
1085 957 1317 1016 CAPUT
1349 959 1676 1016 CLXXXVI.

1021 1045 1166 1102 νὴἰο
1195 1049 1428 1104 Anselmi
1465 1052 1528 1105 de
1561 1054 1744 1122 ﬂuuio.

657 1135 827 1202 Vidit,
854 1147 913 1192 ut
941 1153 1187 1194 asserere
1213 1141 1440 1204 solebat,
1468 1144 1752 1199 Ansclmus
1780 1143 1832 1199 in
1860 1145 2173 1204 infirmitate

590 1227 824 1296 positus,
858 1236 912 1282 et
951 1228 1005 1282 in
1042 1231 1243 1286 exstasi
1277 1217 1671 1300 quodammodo
1699 1243 1856 1290 extra
1881 1251 1940 1291 se
1963 1247 2168 1307 raptus,

589 1315 1019 1387 vidit,_inquam,
1046 1317 1263 1374 [luvium
1316 1337 1478 1376 unum
1521 1323 1765 1393 rapidum
1795 1335 1958 1396 atque
1981 1329 2172 1398 praeei-

587 1407 788 1477 pitem,
818 1409 872 1462 in
913 1423 1072 1478 quem
1115 1409 1458 1468 confluebant
1485 1413 1726 1470 omnium
1771 1414 2012 1470 lluxuutn
2043 1434 2172 1486 pur-

585 1507 790 1570 gatura:
819 1510 874 1553 et
907 1516 1348 1573 quarumcunque
1404 1509 1744 1562 terrestrium
1791 1525 1972 1564 rerum
2025 1510 2172 1564 lava-

589 1599 744 1642 turas.
785 1586 1082 1645 Videbatur
1112 1591 1294 1662 itaque
1319 1593 1456 1665 aqua
1487 1597 1602 1666 ipsa
1634 1599 1797 1656 nimis
1838 1600 2170 1667 turbulenta,

585 1686 639 1730 et
673 1677 945 1733 immunda
968 1689 1024 1734 et
1049 1683 1289 1736 omnium
1317 1681 1894 1755 spurcitiarum"sorde
1925 1689 2168 1746 horrida.

585 1767 850 1837 Rapiebat
891 1770 1059 1842 igitur
1105 1775 1158 1829 in
1198 1791 1258 1832 se
1307 1778 1567 1848 quidquid
1612 1783 1880 1852 attingere
1923 1793 2172 1852 poterat,

2275 607 2468 648 corvos
2497 602 2550 646 et
2591 591 2896 648 corniculas
2956 605 3051 646 seu
3079 591 3212 647 alias
3235 609 3388 666 aves,
3415 595 3648 654 incttrsatur
3679 621 3715 662 ac

2274 671 2565 736 dilaniatur
2593 691 2647 738 et
2673 682 2896 736 omnino
2925 682 3026 737 sibi
3053 683 3190 738 male
3220 691 3330 738 est:
3361 696 3516 756 utpote
3534 706 3646 760 quem
3665 697 3716 752 hic

2275 783 2456 828 rostro
2477 773 2618 828 male
2648 775 2882 844 percutit
2906 773 3022 841 ¹⁰³³,
3041 773 3125 830 ille
3151 775 3252 829 alis
3279 777 3327 829 in
3357 792 3462 831 eum
3487 779 3622 846 irruit,
3639 785 3718 840 alter

2277 878 2403 918 vero
2434 865 2701 934 unguibus
2728 865 3013 932 discindit,
3049 865 3121 920 ita
3159 875 3214 921 et
3254 867 3394 922 mihi.
3429 867 3604 936 Quando
3631 877 3718 930 enim

2274 969 2395 1010 cum
2429 957 2738 1023 monachis,
2775 959 2910 1014 meis
2932 958 3141 1015 scilicet
3171 958 3315 1026 filiis,
3341 965 3596 1016 conversari
3615 981 3717 1034 queo,

2278 1045 2410 1100 mihi
2444 1047 2585 1102 bene
2629 1055 2712 1102 est
2763 1057 2819 1103 et
2864 1059 3018 1120 grata
3069 1051 3184 1105 haec
3225 1051 3490 1122 singularis
3529 1054 3617 1108 vita
3641 1073 3721 1116 me:

2274 1139 2596 1197 consolatio.
2639 1141 2870 1210 Quando
2897 1158 3028 1197 vero
3069 1153 3306 1198 remotus
3331 1143 3392 1198 ab
3421 1145 3512 1198 illis
3533 1146 3635 1200 inter
3660 1164 3716 1202 se-

2274 1233 2486 1289 culares
2512 1247 2826 1302 conversor,
2853 1234 2981 1290 hinc
3011 1234 3132 1289 inde
3155 1251 3243 1290 me
3271 1233 3514 1290 variarum
3533 1251 3716 1294 causarum

2276 1328 2526 1382 incursus
2573 1325 2902 1390 dilacerant,
2968 1334 3023 1382 et
3077 1342 3198 1396 qua:
3251 1343 3352 1382 non
3401 1341 3506 1398 auio
3541 1329 3722 1384 saecularia

2276 1421 2491 1488 negotia
2536 1427 2757 1472 vexant.
2797 1416 2937 1472 Male
2977 1417 3160 1486 itaque
3191 1415 3319 1472 mibi
3350 1425 3451 1476 est.
3495 1417 3650 1485 quando
3677 1422 3719 1474 sic

2275 1523 2394 1562 sum
2415 1549 2430 1566 ,
2458 1523 2520 1560 ac
2544 1517 2783 1561 tremens
2808 1505 3132 1576 pertimesco
3152 1506 3345 1562 anima:
3367 1521 3484 1560 mea:
3501 1505 3718 1576 tIISPCIISlIm.

2277 1600 2376 1655 llic
2404 1599 2542 1654 idem
2585 1597 2750 1652 Pater
2789 1606 2979 1652 noster
3016 1595 3256 1668 quadam
3287 1595 3398 1650 vice
3425 1595 3482 1650 de
3506 1605 3723 1652 transnare

2277 1705 2582 1760 regressum
2635 1703 2818 1760 regem
2881 1685 3237 1742 Guillelmum
3283 1683 3529 1740 Juniorem
3565 1685 3670 1746 adiit,
3692 1697 3721 1738 et

2276 1793 2334 1836 ut
2360 1781 2585 1836 Romam
2612 1782 2674 1836 ad
2724 1793 2918 1850 papam
2956 1775 3234 1832 Urbanum
3266 1790 3360 1845 pro
3397 1773 3512 1828 stola
3535 1776 3595 1828 sui
3615 1777 3720 1828 archi-

583 1871 640 1916 et
685 1859 1008 1918 devolvebat
1052 1874 1158 1920 tam
1193 1867 1340 1924 viros
1391 1887 1553 1940 quam
1603 1873 1856 1929 mulieres
1887 1873 2030 1930 infra
2079 1893 2167 1942 se,
2201 1879 2246 1939 Β
2277 1876 2624 1946 episcopatus
2664 1872 2824 1930 eundi
2861 1869 2964 1925 sibi
3015 1869 3290 1923 licentiam
3321 1867 3458 1921 daret
3478 1867 3671 1922 bunnltter
3693 1877 3723 1919 et

581 1953 777 2010 divites
795 1963 852 2009 et
869 1955 1059 2026 inopes
1087 1959 1268 2016 simul.
1297 1960 1462 2018 Foeda
1505 1963 1724 2033 quidem
1755 1975 1875 2020 erat
1906 1983 2044 2035 aqua
2063 2008 2078 2034 ,
2103 1985 2168 2022 ex

579 2061 644 2101 ea
679 2055 856 2103 tamen
885 2049 1173 2116 vivebant,
1223 2061 1280 2108 et
1307 2054 1719 2111 delectabantur
1745 2057 1798 2112 in
1835 2057 1950 2123 illa,
1989 2069 2046 2112 ut
2085 2059 2172 2115 ille

581 2145 860 2201 asserebat
882 2147 975 2216 qui
1005 2161 1126 2200 eum
1164 2147 1412 2200 ducebat.
1447 2146 1540 2202 lllo
1573 2164 1702 2202 vero
1727 2149 1795 2203 ab
1827 2151 1940 2219 ipso
1967 2151 2058 2183 ¹⁰³⁰
2089 2152 2173 2206 in-

583 2233 835 2301 quirente
859 2223 1108 2306 quisnam
1138 2244 1351 2290 torrens
1382 2237 1470 2294 ille
1499 2247 1664 2304 esset,
1697 2239 1778 2293 vel
1823 2239 1949 2310 quid
1992 2243 2172 2296 multi-

585 2327 715 2380 tudo
743 2327 830 2380 illa
853 2368 869 2393 ,
911 2328 963 2380 in
1011 2342 1077 2382 eo
1117 2328 1400 2392 volutans,
1429 2329 1812 2400 praetenderet,
1845 2331 2044 2400 adjecit
2087 2334 2173 2390 ille

583 2419 806 2485 praedux
829 2417 1006 2472 Patris
1021 2419 1215 2486 nostri,
1240 2429 1404 2488 atque
1425 2419 1532 2476 ait:
1559 2440 1575 2472 ι
1592 2419 1667 2476 Ne
1687 2423 1918 2477 mireris.
1939 2422 2174 2482 Torrens

589 2507 852 2561 mundum
884 2507 1155 2579 significat
1205 2523 1312 2577 quo
1355 2509 1665 2580 rapiuntur,
1713 2512 1766 2566 in
1812 2513 1966 2583 cujus
1995 2513 2173 2570 illece-

585 2596 764 2652 brosis
789 2600 1065 2668 spurcitiis
1094 2599 1644 2658 involvunturmnncs
1675 2604 1844 2674 ipsum
1866 2614 2165 2661 amantes.»

584 2689 654 2745 Et
679 2689 761 2746 his
789 2692 946 2748 dictis
965 2733 980 2756 ,
1013 2693 1188 2762 inquit
1212 2711 1225 2723 ·
1477 2760 1480 2762 η

1071 2781 1298 2838 CAPUT
1338 2781 1686 2840 CLXXXVII.

1086 2873 1162 2928 De
1193 2891 1310 2928 vero
1339 2877 1677 2932 monacham.

658 2963 856 3020 (Visne
882 2966 1064 3022 videre
1092 2967 1220 3035 quid
1245 2968 1315 3022 sit
1339 2969 1694 3024 monacliatus
1721 2971 1944 3026 verus?»
1967 2972 2049 3026 Ad
2070 2973 2172 3027 hoc

585 3055 721 3108 alter
751 3073 763 3108 :
804 3074 823 3107 ‹
853 3055 1042 3110 Volo.»
1079 3055 1242 3110 Duxit
1272 3059 1452 3130 itaque
1485 3059 1633 3114 illum
1659 3064 1813 3131 quasi
1845 3063 1897 3118 in
1937 3079 2168 3135 conspe-

593 3155 744 3202 ctum
773 3146 1051 3214 cujusdam
1077 3149 1259 3220 magni
1288 3149 1603 3216 claustri,et
1625 3153 1913 3208 admodum
1944 3158 2168 3226 Spatiosi

582 3244 644 3290 et
671 3237 922 3305 speciosi.
953 3237 1021 3292 Et
1047 3238 1156 3291 ait:
1183 3257 1202 3289 ‹
1227 3239 1644 3312 Circumspice.»
1666 3243 1889 3314 Aspexit
1912 3246 2087 3302 etille.
2107 3247 2170 3302 Et

581 3339 714 3380 ecce
743 3325 980 3396 parietes
1014 3327 1234 3383 claustri
1290 3329 1433 3386 illius
1483 3332 1700 3388 obducti
1741 3345 1900 3390 erant
1947 3351 2170 3408 argento

583 3413 898 3483 purissimo.
931 3415 1109 3472 Herba
1153 3434 1368 3488 quoque
1397 3421 1576 3476 virens
1609 3423 1659 3477 in
1709 3427 1887 3482 medio
1933 3439 2082 3492 erat,
2115 3442 2172 3485 et

585 3507 702 3576 ipsa
733 3519 1007 3580 argentea,
1041 3511 1215 3590 mollis
1241 3514 1494 3582 quidem,
1526 3525 1582 3570 et
1610 3517 1878 3582 redolcns,
1931 3530 1986 3576 et
2031 3521 2170 3577 ultra

584 3599 882 3654 humanum
905 3603 1216 3671 opinionem
1241 3605 1593 3662 delectabilis.
1618 3609 1742 3664 Haec
1768 3627 1919 3666 more
1948 3612 2171 3670 alterius

583 3687 769 3744 herbae
790 3691 892 3744 sub
916 3691 1001 3746 bis
1016 3692 1106 3761 qui
1137 3693 1188 3748 in
1209 3709 1272 3748 ea
1297 3698 1602 3766 pausabant
1624 3698 1813 3754 leviter
1831 3699 2168 3769 flectebatur,

581 3791 639 3836 et
667 3785 1019 3852 surgentibus
1051 3786 1177 3852 illis,
1215 3787 1328 3858 ipsa
1361 3805 1574 3861 quoque
1616 3793 1930 3864 erigebatur
1959 3795 2072 3846 ¹⁰³¹.
2103 3795 2172 3851 Ut

581 3875 714 3944 quid
753 3875 1048 3931 immorer?
1079 3877 1352 3950 Quidquid
1388 3895 1473 3937 est
1515 3883 1896 3952 jucunditatis,
1927 3885 1998 3940 ibi
2029 3897 2166 3942 erat.

577 3963 716 4020 Cum
749 3981 880 4038 ergo
909 3967 995 4023 hic
1023 3980 1285 4040 perpetuo
1315 3972 1670 4028 habitandum
1694 3974 1944 4046 elegisset
1975 3978 2169 4032 Ansel-

580 4069 704 4110 mus
725 4096 743 4120 ,
780 4057 972 4112 ductor
1003 4060 1120 4129 ejus
1155 4076 1214 4115 se
1256 4065 1306 4116 ei
1340 4065 1650 4134 spopondit,
1680 4067 1724 4120 si
1759 4067 2168 4138 vellet,.veram

577 4157 926 4204 ostensurum
955 4150 1420 4220 patientiam.Sed
1451 4171 1602 4226 quia,
1627 4165 1685 4212 ut
1705 4157 1926 4224 assolet,
1952 4160 2167 4214 interim

577 4239 876 4308 evigilavit,
906 4247 959 4294 et
983 4243 1310 4312 promissum
1332 4256 1388 4300 et
1426 4249 1679 4318 promissi
1697 4250 1789 4281 ¹⁶³¹
1815 4252 2164 4306 demonstra-

579 4341 756 4386 torem
785 4331 992 4390 amisit.
1038 4333 1146 4390 Has
1195 4337 1360 4408 igitur
1407 4340 1542 4394 duas
1595 4341 1862 4408 visiones,
1907 4358 1936 4398 a
1979 4352 2165 4398 sancta

581 4427 916 4494 paternitate
941 4437 998 4484 et
1025 4443 1054 4482 a
1079 4439 1306 4497 paterna
1331 4431 1621 4486 sanctitate
1647 4435 1803 4489 nobis
1829 4435 2027 4498 relatas
2050 4437 2164 4503 “’3',

577 4514 817 4572 libenter
857 4515 1175 4581 audiamus,
1221 4525 1276 4572 et
1313 4517 1580 4574 audiendo
1620 4521 1811 4577 devote
1849 4531 2162 4592 teneamus,

581 4611 816 4665 tenendo
844 4619 1026 4666 mente
1047 4609 1253 4680 jugiter
1283 4609 1640 4681 revolvamus,
1675 4623 1734 4666 ut
1773 4615 1933 4670 unius
1971 4617 2163 4672 horro-

574 4717 716 4768 rem,
737 4703 864 4758 dum
888 4712 1068 4770 vacat,
1085 4701 1382 4774 fugiamus;
1412 4701 1634 4758 alterius
1659 4719 1785 4761 vero
1814 4705 1906 4737 ‘m
1933 4723 2161 4763 amarum

2196 3225 2248 3289 (Ξ

2278 1974 2558 2020 mansuete
2588 1964 2759 2034 petiit.
2789 1961 2858 2016 At
2889 1975 3018 2026 rex,
3047 1960 3114 2015 ad
3147 1957 3533 2014 nomenUrbani
3557 1956 3722 2018 turbatos,

2275 2063 2412 2118 dixit
2439 2077 2499 2116 se
2545 2059 2692 2114 illum
2721 2073 2819 2128 pro
2853 2072 2990 2128 papa
3031 2071 3139 2111 non
3197 2063 3395 2116 tenere,
3435 2069 3516 2107 nec
3555 2067 3722 2106 suam.

2273 2152 2576 2207 suetudinis
2596 2164 2716 2205 esse
2757 2156 2815 2202 ut
2841 2147 3043 2216 absque
3069 2161 3166 2200 sua
3191 2145 3444 2200 electione
3467 2143 3588 2196 alicui
3613 2143 3724 2196 liceret

2274 2246 2326 2300 in
2379 2259 2547 2313 regno
2592 2256 2692 2297 suo
2729 2255 2922 2311 papam
2977 2237 3281 2292 nominare.
3349 2235 3472 2288 Hinc
3509 2233 3627 2303 igitur
3657 2239 3722 2284 om

2273 2335 2520 2406 quaedam
2554 2331 2737 2404 gravis
2766 2328 3034 2385 dissensio
3063 2333 3148 2381 est
3181 2327 3323 2380 inter
3351 2339 3540 2392 regnum
3564 2329 3600 2374 et
3620 2334 3724 2416 sacer:

2273 2428 2499 2492 dotium,
2536 2426 2671 2480 adeo
2695 2422 2916 2493 quidam
2942 2435 3140 2494 magna
3166 2418 3312 2488 quod
3333 2425 3385 2471 et
3406 2417 3503 2484 ipse
3525 2409 3722 2480 alisque“si

2271 2537 2496 2578 assensu
2529 2520 2671 2592 regis
2722 2518 2920 2588 Anglia
2968 2515 3140 2571 exivit
3181 2513 3272 2545 ¹⁰³⁷
3317 2521 3371 2567 et
3414 2512 3592 2564 Romam
3623 2505 3722 2578 petiit

2271 2612 2458 2682 lbiqne
2506 2607 2814 2678 aliquandiu
2879 2621 3002 2684 cum
3049 2604 3292 2658 maximo
3343 2603 3527 2657 honore
3565 2609 3604 2652 et
3637 2611 3724 2649 rere-

2274 2701 2628 2766 rentia,tatn_
2649 2699 2718 2754 ab
2764 2698 2880 2766 ipso
2925 2709 3062 2768 papa
3104 2708 3271 2766 quam
3310 2693 3374 2745 ab
3401 2691 3513 2762 ipsis
3539 2685 3723 2741 Romanis.

2273 2789 2580 2846 sublimiter
2617 2799 2981 2846 commorans.
3019 2799 3082 2838 ac
3117 2782 3332 2838 tandem
3359 2791 3545 2852 precatu
3565 2776 3629 2808 “"
3646 2775 3722 2843 trgi:

2272 2897 2338 2938 ac
2383 2880 2548 2936 totius
2601 2879 2750 2948 regni
2806 2873 3052 2946 Angliam
3109 2874 3355 2930 revisens
3383 2913 3396 2938 ,
3442 2887 3533 2926 sua:
3578 2867 3724 2940 profcto

2272 2971 2428 3042 sedi,
2461 2969 2572 3024 Deo
2610 2969 2827 3040 quidem
2862 2973 3144 3022 annuente
3186 2980 3252 3021 ac
3279 2963 3462 3036 populo
3487 2961 3642 3016 favente
3679 2973 3712 3010 tt;

2273 3062 2497 3116 stitutus
2526 3068 2626 3116 est.

2763 3147 2992 3206 CAPUT
3038 3146 3373 3203 CLXXXIX.

2733 3241 3046 3311 Exemplum
3094 3241 3161 3294 de
3187 3227 3190 3230 ’
3229 3239 3416 3306 lepore.

2345 3333 2667 3390 Diseedente
2705 3341 2886 3386 autem
2942 3331 3176 3402 quadam
3207 3331 3325 3385 vice
3365 3327 3529 3384 eodem
3549 3323 3658 3379 Patre
3675 3335 3713 3372 no

2272 3437 2386 3483 stro
2427 3443 2458 3482 a
2497 3425 2744 3498 prtedicti
2791 3423 2941 3478 curia
2989 3425 3169 3494 regis,
3221 3423 3369 3494 pueri
3409 3434 3525 3492 quos
3561 3413 3726 3508 nutrietat

2272 3519 2507 3588 leporem
2553 3516 2655 3572 sibi
2703 3525 3078 3572 occursantem
3133 3515 3185 3569 in
3255 3514 3340 3568 via
3371 3509 3560 3567 canibus
3589 3507 3726 3560 inservit

2271 3617 2401 3664 sunt
2454 3606 3002 3680 fugientemhetiam
3058 3606 3206 3659 intra
3262 3604 3419 3674 pedes
3470 3598 3596 3668 equi,
3635 3607 3726 3680 quem

2271 3703 2432 3758 Pater
2491 3702 2604 3771 ipse
2654 3698 2964 3766 insidebat,
3007 3697 3394 3752 subsistentem
3443 3679 3726 3746 consecuti”

2272 3802 2416 3848 sunt.
2447 3791 2539 3846 Ille
2568 3805 2695 3844 vero
2722 3789 2901 3843 sciens
2945 3787 3205 3841 miseram
3241 3781 3502 3840 bestiolam
3529 3779 3586 3836 sic
3621 3785 3726 3868 δεῖτε·

2272 3883 2420 3952 fugio
2448 3875 2807 3942 consuluisse,
2837 3877 3064 3932 retentis
3092 3875 3322 3930 habenis
3349 3886 3522 3943 equum
3545 3867 3629 3932 loco
3649 3861 3728 3920 ﬁtil.

2273 3990 2373 4030 nee
2435 3973 2672 4042 cupitum
2729 3970 2916 4026 bestiae
2979 3968 3151 4022 voluit
3201 3966 3498 4038 praesidium
3533 3959 3721 4026 denegare.

2272 4067 2442 4133 Quam
2491 4077 2653 4117 canes
2706 4060 3156 4126 circumtlantcs,
3213 4067 3271 4113 et
3320 4053 3500 4125 linguis
3536 4049 3618 4103 suis
3647 4045 3726 4133 huic

2271 4131 2426 4228 grato
2447 4155 2706 4223 obsequio
2722 4152 2812 4184 ‘m
2840 4152 2967 4206 hinc
2990 4151 3112 4205 inde
3133 4149 3516 4220 lingentes,nec
3534 4141 3583 4194 dc
3597 4137 3662 4228 sub
3677 4131 3726 4228 "‘f

2269 4219 2410 4318 cqtto
2463 4219 2719 4318 poterant
2755 4243 2982 4312 ejicere,
3021 4256 3122 4296 nec
3166 4219 3428 4309 inialiquo
3455 4219 3726 4326 laedere-il.“ml

2271 4339 2536 4403 videntes,
2570 4335 2818 4390 admirati
2852 4343 2977 4389 sunt
3005 4333 3096 4402 qui
3135 4335 3380 4387 aderant.
3406 4329 3468 4384 At
3493 4325 3615 4381 Pater
3641 4325 3724 4408 pius.

2270 4429 2360 4484 ubi
2406 4429 2665 4498 quosdam
2693 4425 2904 4496 aspexit
2951 4440 3015 4478 ex
3061 4423 3326 4478 militibus
3367 4417 3724 4500 ridere,ctqutél

2271 4537 2370 4592 pro
2400 4530 2558 4590 capta
2606 4517 2831 4573 bestiola
2867 4515 3069 4570 laetitia:
3096 4513 3250 4569 frena
3295 4513 3492 4572 laxare,
3521 4504 3724 4602 solutusutlt

2267 4585 2555 4684 Iacrym-as,
2587 4610 2661 4664 ait
2685 4629 2697 4664 :
2726 4627 2744 4659 ι
2773 4607 3010 4672 Ridetis;
3035 4616 3088 4661 et
3113 4605 3239 4661 burc
3260 4605 3438 4674 utique
3453 4593 3608 4654 infelici
3621 4585 3724 4684 nullus

2267 4681 2446 4769 risus,
2493 4701 2636 4757 nulla
2684 4699 2893 4764 lmtitia,
2927 4696 3115 4752 liostes
3144 4696 3264 4768 ejus
3293 4697 3431 4750 circa
3463 4705 3560 4746 eam
3583 4681 3724 4738 suum!

569 4792 897 4864 iucunditati
933 4803 990 4849 et
1031 4771 1285 4862 jucunda:
1325 4793 1628 4848 annoauitati
1679 4795 2028 4864 insistamus,
2063 4813 2164 4856 nos
2264 4803 2380 4872 ipsa
2407 4801 2520 4856 sola
2543 4801 2610 4856 de
2639 4801 2749 4854 vita
2775 4798 3004 4854 sollicita
3035 4792 3282 4864 confugit
3305 4790 3370 4843 ad
3393 4800 3495 4846 nos.
3518 4771 3722 4872 pftffflmf'l

575 4886 672 4956 qui
702 4885 1092 4943 monaeltatum
1121 4893 1385 4940 tenemus.

1050 4975 1281 5033 CAPUT
1324 4973 1697 5034 CLXXXVIII.

861 5069 943 5126 De
979 5071 1262 5126 securitate
1295 5079 1341 5122 et
1375 5086 1502 5138 pace
1524 5071 1580 5125 in
1605 5072 1874 5143 religione.

648 5159 802 5217 Sicut
830 5163 1006 5232 bubo,
1039 5163 1170 5218 dum
1212 5163 1265 5217 in
1298 5177 1534 5218 caverna
1570 5179 1692 5219 cum
1730 5165 1892 5237 pullis
1921 5166 2036 5224 suis
2062 5181 2162 5238 est,

2270 4853 2368 4950 sruo
2409 4891 2564 4946 modo
2615 4889 2884 4960 ﬂagitans.
2923 4887 3037 4942 lloc
3067 4883 3256 4955 plane,
3301 4879 3410 4942 ﬁlii.
3439 4853 3722 4960 CSISIIlliIiltl-ill

2273 4984 2509 5040 hominis
2544 4991 2598 5037 et
2626 4957 2820 5034 animae
2853 4977 3157 5032 morientis.
3187 4971 3318 5028 Nam
3361 4981 3469 5021 cum
3501 4961 3553 5012 dc
3581 4957 3720 5034 60’9""?

2272 5073 2406 5136 exit,
2433 5088 2556 5126 mox
2593 5069 2798 5124 inimici
2828 5068 2932 5134 sui,
2967 5063 3186 5135 maligni
3218 5059 3418 5118 scilicet
3455 5047 3718 5145 δρῖΐῖίςιξνέξῗξ

2271 5182 2392 5222 eam
2441 5167 2494 5220 in
2546 5177 2774 5232 corpore
2809 5160 3090 5230 degentem
3127 5170 3221 5228 per
3267 5151 3516 5208 anfractus
3557 5137 3717 5188 vitiorum

1908 5305 2142 5361 VARle
2202 5297 2607 5362 LECTIONES.

657 5413 750 5500 ¹⁶³ἷ⁹
793 5412 889 5500 ille
917 5415 1140 5500 νείῐὶἱθὲ)
1165 5415 1282 5500 ius?
1319 5414 1468 5500 βάπ-
1499 5415 1614 5498 σοέ·
1647 5415 1982 5500 ίὲιωνετειηηιι
2010 5419 2147 5500 ῖὶὶεθ.
2199 5419 2296 5500 ¹⁶³¹.
2321 5389 3608 5500 ¹Ηε³3¹¹9ει¹ξέἶξ⁵2ἷῖὄὲἓιξ’ἔδΞῘῘΞξξρξίῗῗὶιἯῇιῗ

573 5483 886 5556 erigebatur
949 5484 1061 5552 ,³⁸η
1090 5483 1394 5556 Evigilavit,
1422 5487 1676 5557 promissi
1721 5504 1825 5540 mss
1854 5487 1990 5542 Vict.
2023 5483 2180 5544 Corb.
2215 5483 2508 5558 evigilavit,
2549 5493 2601 5536 et
2637 5483 2963 5552 promissum
2991 5486 3048 5530 et
3073 5483 3272 5546 pronus

587 5551 719 5609 Vict.
749 5555 904 5610 nobis
933 5554 1133 5612 relatas
1207 5557 1301 5589 1°“
1327 5557 1564 5612 Alterius
1597 5557 1735 5611 velut
1761 5573 1864 5610 mss
1895 5556 2031 5611 Vict.
2065 5555 2218 5614 Corb.
2261 5557 2485 5612 alterius
2515 5569 2647 5608 vero
2739 5549 2832 5583 ‘°”
2857 5549 3056 5602 Rostro
3109 5559 3264 5615 percu

587 5551 719 5609 Vici.
749 5555 904 5610 nobis
933 5551 1133 5612 relatas
1191 5551 1301 5589 1°“
1327 5551 1564 5612 Alterius
1597 5557 1735 5611 velut
1761 5573 1864 5610 mss
1895 5556 2031 5611 Vict.
2065 5555 2218 5614 Corb.
2261 5551 2485 5612 alterius
2515 5551 2650 5608 vero
2739 5551 3056 5630 ‘°”_Ilostro
3109 5562 3114 5615 |

573 5626 716 5680 male
745 5626 982 5697 pgrcutit
1031 5695 1038 5697 _
1074 5625 1166 5697 ³9³⁸
1196 5625 1265 5682 Ut
1307 5627 1652 5697 ipseabsque
1681 5631 1780 5697 gms
1807 5625 1944 5682 Vict.
1973 5629 2126 5682 Corb.
2157 5641 2204 5682 et
2237 5627 2382 5680 Edit.
2427 5623 2541 5697 Col.
2586 5621 2804 5697 quodet
2849 5633 2960 5689 ipse
2982 5617 3114 5697 absq

572 5713 680 5750 mss
701 5691 1056 5787 aifdit.nColl.
1084 5696 1271 5787 Anglia
1299 5691 1467 5787 exivit
1517 5691 1646 5787 "5f".
1663 5696 1902 5787 Tandem
1934 5707 2152 5787 precatu
2185 5691 3518 5787 ινδεχ.ἱείιὶᾳῇ

2253 5767 2342 5797 ‘m
2379 5749 2526 5818 Hane
2567 5773 2719 5832 grato
2761 5749 3018 5828 obsequia
3061 5773 3184 5812 πιδε-
3215 5755 3344 5809 hanc
3391 5749 3518 5817 grato

571 5786 678 5820 mss
737 5765 873 5823 Vict.
919 5766 1077 5822 Corb.
1128 5765 1399 5821 insidebat
1451 5767 1834 5822 subsistentem
1871 5765 2144 5821 consecuti

3611 5381 3714 5438 ιιοςιιιτ

3275 5471 3316 5526 si
3389 5465 3468 5497 nu
3484 5453 3644 5512 RCIIIZIS

3143 5523 3331 5598 erant“
3368 5553 3436 5590 ms
3469 5529 3576 5600 Υἱείο

3119 5583 3588 5670 “Velvinum
3611 5583 3714 5670 "Et?!

3183 5659 3268 5715 im
3281 5659 3514 5736 Insidebat
3531 5659 3710 5736 69W?

571 5855 650 5891 ms
687 5834 822 5892 Vict.
869 5855 930 5894 ac
977 5849 1131 5910 grato
1161 5836 1422 5906 obsequio
1511 5837 1602 5869 ‘°“
1631 5836 1738 5892 Nec
1773 5853 1830 5892 se
1861 5839 1960 5894 sub
1983 5855 2059 5893 ut;
2105 5836 2232 5892 Vict.
2267 5853 2364 5894 nec
2393 5839 2457 5892 dc
2487 5835 2587 5890 sub
