  <div class='ocr_page' id='page_1' title='image "/cluster/home/n/w/nwhite01/storage/ocr_20150623/159/hvd.32044024236648/358.png"; bbox 0 0 3870 6304; ppageno 0'>
   <div class='ocr_carea' id='block_1_1' title="bbox 103 459 200 516">
    <p class='ocr_par' dir='ltr' id='par_1_1' title="bbox 103 459 200 516">
     <span class='ocr_line' id='line_1_1' title="bbox 103 459 200 516; baseline 0.021 -3"><span class='ocrx_word' id='word_1_1' title='bbox 103 459 200 516; x_wconf 81' lang='grc'><strong>701</strong></span> 
     </span>
    </p>
   </div>
   <div class='ocr_carea' id='block_1_2' title="bbox 106 565 1757 637">
    <p class='ocr_par' dir='ltr' id='par_1_2' title="bbox 106 565 1757 637">
     <span class='ocr_line' id='line_1_2' title="bbox 106 565 1757 637; baseline -0.007 -9"><span class='ocrx_word' id='word_1_2' title='bbox 106 574 291 629; x_wconf 83' lang='lat' dir='ltr'><strong>multis</strong></span> <span class='ocrx_word' id='word_1_3' title='bbox 362 569 529 624; x_wconf 84' lang='lat' dir='ltr'><strong>modis</strong></span> <span class='ocrx_word' id='word_1_4' title='bbox 595 567 860 637; x_wconf 89' lang='lat' dir='ltr'><strong>persecuti</strong></span> <span class='ocrx_word' id='word_1_5' title='bbox 897 575 1058 630; x_wconf 84' lang='lat' dir='ltr'><strong>sunt,</strong></span> <span class='ocrx_word' id='word_1_6' title='bbox 1111 566 1402 622; x_wconf 76' lang='lat' dir='ltr'><strong>crudeliter</strong></span> <span class='ocrx_word' id='word_1_7' title='bbox 1456 565 1677 631; x_wconf 97' lang='lat' dir='ltr'><strong>adsunt,</strong></span> <span class='ocrx_word' id='word_1_8' title='bbox 1712 569 1757 626; x_wconf 79' lang='grc' dir='ltr'><strong>Α</strong></span> 
     </span>
    </p>
   </div>
   <div class='ocr_carea' id='block_1_3' title="bbox 105 657 1685 732">
    <p class='ocr_par' dir='ltr' id='par_1_3' title="bbox 105 657 1685 732">
     <span class='ocr_line' id='line_1_3' title="bbox 105 657 1685 732; baseline -0.005 -17"><span class='ocrx_word' id='word_1_9' title='bbox 105 662 276 732; x_wconf 83' lang='lat' dir='ltr'><strong>parati</strong></span> <span class='ocrx_word' id='word_1_10' title='bbox 310 675 432 714; x_wconf 90' lang='lat' dir='ltr'><strong>eam</strong></span> <span class='ocrx_word' id='word_1_11' title='bbox 459 657 546 688; x_wconf 71' lang='lat'><strong>’°&quot;&#39;</strong></span> <span class='ocrx_word' id='word_1_12' title='bbox 575 671 783 724; x_wconf 87' lang='lat' dir='ltr'><strong>rapere,</strong></span> <span class='ocrx_word' id='word_1_13' title='bbox 812 665 866 708; x_wconf 89' lang='lat' dir='ltr'><strong>et</strong></span> <span class='ocrx_word' id='word_1_14' title='bbox 899 670 950 708; x_wconf 85' lang='lat' dir='ltr'><strong>In</strong></span> <span class='ocrx_word' id='word_1_15' title='bbox 994 665 1223 709; x_wconf 86' lang='lat' dir='ltr'><strong>mortem</strong></span> <span class='ocrx_word' id='word_1_16' title='bbox 1268 665 1522 709; x_wconf 63' lang='lat' dir='ltr'><strong>atternam</strong></span> <span class='ocrx_word' id='word_1_17' title='bbox 1552 667 1685 722; x_wconf 78' lang='lat' dir='ltr'><strong>prze-</strong></span> 
     </span>
    </p>
   </div>
   <div class='ocr_carea' id='block_1_4' title="bbox 103 745 1676 824">
    <p class='ocr_par' dir='ltr' id='par_1_4' title="bbox 103 745 1676 824">
     <span class='ocr_line' id='line_1_4' title="bbox 103 745 1676 824; baseline -0.006 -18"><span class='ocrx_word' id='word_1_18' title='bbox 103 751 354 821; x_wconf 79' lang='lat' dir='ltr'><strong>eipitaz-e.</strong></span> <span class='ocrx_word' id='word_1_19' title='bbox 403 750 470 803; x_wconf 85' lang='lat' dir='ltr'><strong>At</strong></span> <span class='ocrx_word' id='word_1_20' title='bbox 519 749 618 802; x_wconf 90' lang='lat' dir='ltr'><strong>ista</strong></span> <span class='ocrx_word' id='word_1_21' title='bbox 676 746 837 801; x_wconf 83' lang='lat' dir='ltr'><strong>nimis</strong></span> <span class='ocrx_word' id='word_1_22' title='bbox 881 747 1080 824; x_wconf 85' lang='lat' dir='ltr'><strong>anxia,</strong></span> <span class='ocrx_word' id='word_1_23' title='bbox 1135 747 1240 801; x_wconf 89' lang='lat' dir='ltr'><strong>huc</strong></span> <span class='ocrx_word' id='word_1_24' title='bbox 1294 747 1527 811; x_wconf 85' lang='lat' dir='ltr'><strong>illucque</strong></span> <span class='ocrx_word' id='word_1_25' title='bbox 1574 745 1676 798; x_wconf 83' lang='lat' dir='ltr'><strong>cir-</strong></span> 
     </span>
    </p>
   </div>
   <div class='ocr_carea' id='block_1_5' title="bbox 103 836 1683 911">
    <p class='ocr_par' dir='ltr' id='par_1_5' title="bbox 103 836 1683 911">
     <span class='ocr_line' id='line_1_5' title="bbox 103 836 1683 911; baseline -0.006 -14"><span class='ocrx_word' id='word_1_26' title='bbox 103 842 427 911; x_wconf 81' lang='lat' dir='ltr'><strong>cumspicit,</strong></span> <span class='ocrx_word' id='word_1_27' title='bbox 459 850 513 894; x_wconf 81' lang='lat' dir='ltr'><strong>et</strong></span> <span class='ocrx_word' id='word_1_28' title='bbox 563 853 784 892; x_wconf 85' lang='lat' dir='ltr'><strong>manum</strong></span> <span class='ocrx_word' id='word_1_29' title='bbox 844 836 1178 891; x_wconf 87' lang='lat' dir='ltr'><strong>defensionis</strong></span> <span class='ocrx_word' id='word_1_30' title='bbox 1227 846 1281 890; x_wconf 92' lang='lat' dir='ltr'><strong>et</strong></span> <span class='ocrx_word' id='word_1_31' title='bbox 1330 838 1549 900; x_wconf 80' lang='lat' dir='ltr'><strong>auxilii,</strong></span> <span class='ocrx_word' id='word_1_32' title='bbox 1579 850 1683 904; x_wconf 88' lang='lat' dir='ltr'><strong>qua</strong></span> 
     </span>
    </p>
   </div>
   <div class='ocr_carea' id='block_1_6' title="bbox 102 925 1684 998">
    <p class='ocr_par' dir='ltr' id='par_1_6' title="bbox 102 925 1684 998">
     <span class='ocr_line' id='line_1_6' title="bbox 102 925 1684 998; baseline -0.004 -12"><span class='ocrx_word' id='word_1_33' title='bbox 102 949 157 986; x_wconf 90' lang='lat' dir='ltr'><strong>se</strong></span> <span class='ocrx_word' id='word_1_34' title='bbox 191 939 434 995; x_wconf 89' lang='lat' dir='ltr'><strong>tueatur,</strong></span> <span class='ocrx_word' id='word_1_35' title='bbox 468 929 570 983; x_wconf 87' lang='lat' dir='ltr'><strong>sibi</strong></span> <span class='ocrx_word' id='word_1_36' title='bbox 615 929 815 998; x_wconf 84' lang='lat' dir='ltr'><strong>porrigi</strong></span> <span class='ocrx_word' id='word_1_37' title='bbox 868 925 1128 981; x_wconf 74' lang='lat' dir='ltr'><strong>ineffabili</strong></span> <span class='ocrx_word' id='word_1_38' title='bbox 1173 927 1442 981; x_wconf 89' lang='lat' dir='ltr'><strong>desiderio</strong></span> <span class='ocrx_word' id='word_1_39' title='bbox 1487 941 1684 982; x_wconf 84' lang='lat' dir='ltr'><strong>concu-</strong></span> 
     </span>
    </p>
   </div>
   <div class='ocr_carea' id='block_1_7' title="bbox 100 1016 1683 1092">
    <p class='ocr_par' dir='ltr' id='par_1_7' title="bbox 100 1016 1683 1092">
     <span class='ocr_line' id='line_1_7' title="bbox 100 1016 1683 1092; baseline -0.003 -19"><span class='ocrx_word' id='word_1_40' title='bbox 100 1022 274 1092; x_wconf 72' lang='lat' dir='ltr'><strong>piscit.</strong></span> <span class='ocrx_word' id='word_1_41' title='bbox 312 1020 595 1074; x_wconf 78' lang='lat' dir='ltr'><strong>Daemones</strong></span> <span class='ocrx_word' id='word_1_42' title='bbox 644 1026 821 1072; x_wconf 89' lang='lat' dir='ltr'><strong>autem</strong></span> <span class='ocrx_word' id='word_1_43' title='bbox 873 1017 1184 1072; x_wconf 90' lang='lat' dir='ltr'><strong>econtrario</strong></span> <span class='ocrx_word' id='word_1_44' title='bbox 1239 1017 1445 1080; x_wconf 79' lang='lat' dir='ltr'><strong>rident,</strong></span> <span class='ocrx_word' id='word_1_45' title='bbox 1486 1026 1540 1070; x_wconf 91' lang='lat' dir='ltr'><strong>et</strong></span> <span class='ocrx_word' id='word_1_46' title='bbox 1584 1016 1683 1069; x_wconf 88' lang='lat' dir='ltr'><strong>im-</strong></span> 
     </span>
    </p>
   </div>
   <div class='ocr_carea' id='block_1_8' title="bbox 102 1106 1683 1180">
    <p class='ocr_par' dir='ltr' id='par_1_8' title="bbox 102 1106 1683 1180">
     <span class='ocr_line' id='line_1_8' title="bbox 102 1106 1683 1180; baseline -0.006 -12"><span class='ocrx_word' id='word_1_47' title='bbox 102 1128 280 1168; x_wconf 87' lang='lat' dir='ltr'><strong>mensa</strong></span> <span class='ocrx_word' id='word_1_48' title='bbox 319 1111 513 1166; x_wconf 73' lang='lat' dir='ltr'><strong>laetitia</strong></span> <span class='ocrx_word' id='word_1_49' title='bbox 567 1109 831 1180; x_wconf 82' lang='lat' dir='ltr'><strong>gaudent,</strong></span> <span class='ocrx_word' id='word_1_50' title='bbox 887 1108 932 1162; x_wconf 87' lang='lat' dir='ltr'><strong>si</strong></span> <span class='ocrx_word' id='word_1_51' title='bbox 996 1107 1140 1161; x_wconf 94' lang='lat' dir='ltr'><strong>nullo</strong></span> <span class='ocrx_word' id='word_1_52' title='bbox 1185 1122 1302 1162; x_wconf 88' lang='lat' dir='ltr'><strong>eam</strong></span> <span class='ocrx_word' id='word_1_53' title='bbox 1357 1106 1683 1162; x_wconf 90' lang='lat' dir='ltr'><strong>adminiculo</strong></span> 
     </span>
    </p>
   </div>
   <div class='ocr_carea' id='block_1_9' title="bbox 102 1198 1682 1269">
    <p class='ocr_par' dir='ltr' id='par_1_9' title="bbox 102 1198 1682 1269">
     <span class='ocr_line' id='line_1_9' title="bbox 102 1198 1682 1269; baseline -0.002 -13"><span class='ocrx_word' id='word_1_54' title='bbox 102 1205 284 1258; x_wconf 82' lang='lat' dir='ltr'><strong>fultam</strong></span> <span class='ocrx_word' id='word_1_55' title='bbox 316 1202 564 1257; x_wconf 88' lang='lat' dir='ltr'><strong>invenire</strong></span> <span class='ocrx_word' id='word_1_56' title='bbox 600 1208 819 1269; x_wconf 79' lang='lat' dir='ltr'><strong>queant.</strong></span> <span class='ocrx_word' id='word_1_57' title='bbox 843 1218 862 1252; x_wconf 77' lang='grc' dir='ltr'><strong>ι</strong></span> <span class='ocrx_word' id='word_1_58' title='bbox 885 1199 1089 1265; x_wconf 82' lang='lat' dir='ltr'><strong>Quibus</strong></span> <span class='ocrx_word' id='word_1_59' title='bbox 1113 1198 1273 1254; x_wconf 91' lang='lat' dir='ltr'><strong>dictis</strong></span> <span class='ocrx_word' id='word_1_60' title='bbox 1312 1198 1492 1253; x_wconf 76' lang='lat' dir='ltr'><strong>laxato</strong></span> <span class='ocrx_word' id='word_1_61' title='bbox 1528 1199 1682 1254; x_wconf 90' lang='lat' dir='ltr'><strong>freno</strong></span> 
     </span>
    </p>
   </div>
   <div class='ocr_carea' id='block_1_10' title="bbox 105 1289 1682 1361">
    <p class='ocr_par' dir='ltr' id='par_1_10' title="bbox 105 1289 1682 1361">
     <span class='ocr_line' id='line_1_10' title="bbox 105 1289 1682 1361; baseline -0.002 -13"><span class='ocrx_word' id='word_1_62' title='bbox 105 1297 202 1348; x_wconf 87' lang='lat' dir='ltr'><strong>iter</strong></span> <span class='ocrx_word' id='word_1_63' title='bbox 232 1291 499 1361; x_wconf 82' lang='lat' dir='ltr'><strong>arripuit,</strong></span> <span class='ocrx_word' id='word_1_64' title='bbox 531 1300 587 1346; x_wconf 86' lang='lat' dir='ltr'><strong>et</strong></span> <span class='ocrx_word' id='word_1_65' title='bbox 623 1289 853 1345; x_wconf 83' lang='lat' dir='ltr'><strong>bestiam</strong></span> <span class='ocrx_word' id='word_1_66' title='bbox 885 1290 1024 1342; x_wconf 85' lang='lat' dir='ltr'><strong>ultra</strong></span> <span class='ocrx_word' id='word_1_67' title='bbox 1061 1289 1306 1359; x_wconf 87' lang='lat' dir='ltr'><strong>persequi</strong></span> <span class='ocrx_word' id='word_1_68' title='bbox 1360 1289 1504 1344; x_wconf 87' lang='lat' dir='ltr'><strong>clara</strong></span> <span class='ocrx_word' id='word_1_69' title='bbox 1550 1305 1682 1346; x_wconf 90' lang='lat' dir='ltr'><strong>voce</strong></span> 
     </span>
    </p>
   </div>
   <div class='ocr_carea' id='block_1_11' title="bbox 102 1380 1683 1437">
    <p class='ocr_par' dir='ltr' id='par_1_11' title="bbox 102 1380 1683 1437">
     <span class='ocr_line' id='line_1_11' title="bbox 102 1380 1683 1437; baseline -0.001 0"><span class='ocrx_word' id='word_1_70' title='bbox 102 1382 322 1437; x_wconf 84' lang='lat' dir='ltr'><strong>canibus</strong></span> <span class='ocrx_word' id='word_1_71' title='bbox 355 1381 656 1436; x_wconf 79' lang='lat' dir='ltr'><strong>interdixit.</strong></span> <span class='ocrx_word' id='word_1_72' title='bbox 688 1380 838 1434; x_wconf 87' lang='lat' dir='ltr'><strong>Tunc</strong></span> <span class='ocrx_word' id='word_1_73' title='bbox 868 1380 954 1434; x_wconf 89' lang='lat' dir='ltr'><strong>illa</strong></span> <span class='ocrx_word' id='word_1_74' title='bbox 985 1381 1052 1435; x_wconf 88' lang='lat' dir='ltr'><strong>ab</strong></span> <span class='ocrx_word' id='word_1_75' title='bbox 1079 1381 1225 1436; x_wconf 92' lang='lat' dir='ltr'><strong>omni</strong></span> <span class='ocrx_word' id='word_1_76' title='bbox 1251 1381 1468 1436; x_wconf 62' lang='lat' dir='ltr'><strong>laesione</strong></span> <span class='ocrx_word' id='word_1_77' title='bbox 1491 1383 1683 1436; x_wconf 89' lang='lat' dir='ltr'><strong>immu-</strong></span> 
     </span>
    </p>
   </div>
   <div class='ocr_carea' id='block_1_12' title="bbox 104 1471 1682 1542">
    <p class='ocr_par' dir='ltr' id='par_1_12' title="bbox 104 1471 1682 1542">
     <span class='ocr_line' id='line_1_12' title="bbox 104 1471 1682 1542; baseline -0.002 -14"><span class='ocrx_word' id='word_1_78' title='bbox 104 1474 209 1538; x_wconf 89' lang='lat' dir='ltr'><strong>uis,</strong></span> <span class='ocrx_word' id='word_1_79' title='bbox 237 1473 523 1527; x_wconf 80' lang='lat' dir='ltr'><strong>exsultans</strong></span> <span class='ocrx_word' id='word_1_80' title='bbox 566 1481 623 1528; x_wconf 88' lang='lat' dir='ltr'><strong>et</strong></span> <span class='ocrx_word' id='word_1_81' title='bbox 651 1471 840 1527; x_wconf 88' lang='lat' dir='ltr'><strong>hilaris</strong></span> <span class='ocrx_word' id='word_1_82' title='bbox 872 1472 1095 1542; x_wconf 68' lang='lat' dir='ltr'><strong>pra-peti</strong></span> <span class='ocrx_word' id='word_1_83' title='bbox 1141 1487 1306 1526; x_wconf 90' lang='lat' dir='ltr'><strong>cursu</strong></span> <span class='ocrx_word' id='word_1_84' title='bbox 1346 1486 1568 1541; x_wconf 90' lang='lat' dir='ltr'><strong>campos</strong></span> <span class='ocrx_word' id='word_1_85' title='bbox 1589 1472 1682 1526; x_wconf 88' lang='lat' dir='ltr'><strong>sil-</strong></span> 
     </span>
    </p>
   </div>
   <div class='ocr_carea' id='block_1_13' title="bbox 103 1563 553 1635">
    <p class='ocr_par' dir='ltr' id='par_1_13' title="bbox 103 1563 553 1635">
     <span class='ocr_line' id='line_1_13' title="bbox 103 1563 553 1635; baseline 0.002 -17"><span class='ocrx_word' id='word_1_86' title='bbox 103 1580 298 1635; x_wconf 85' lang='lat' dir='ltr'><strong>vasque</strong></span> <span class='ocrx_word' id='word_1_87' title='bbox 339 1563 553 1620; x_wconf 86' lang='lat' dir='ltr'><strong>revisit.</strong></span> 
     </span>
    </p>
   </div>
   <div class='ocr_carea' id='block_1_14' title="bbox 684 1653 1102 1712">
    <p class='ocr_par' dir='ltr' id='par_1_14' title="bbox 684 1653 1102 1712">
     <span class='ocr_line' id='line_1_14' title="bbox 684 1653 1102 1712; baseline -0.01 0"><span class='ocrx_word' id='word_1_88' title='bbox 684 1654 908 1712; x_wconf 82' lang='lat' dir='ltr'><strong>CAPUT</strong></span> <span class='ocrx_word' id='word_1_89' title='bbox 948 1653 1102 1710; x_wconf 81' lang='lat' dir='ltr'><strong>CXC.</strong></span> 
     </span>
    </p>
   </div>
   <div class='ocr_carea' id='block_1_15' title="bbox 551 1744 1245 1816">
    <p class='ocr_par' dir='ltr' id='par_1_15' title="bbox 551 1744 1245 1816">
     <span class='ocr_line' id='line_1_15' title="bbox 551 1744 1245 1816; baseline 0 -16"><span class='ocrx_word' id='word_1_90' title='bbox 551 1744 863 1816; x_wconf 71' lang='lat' dir='ltr'><strong>Exemplum</strong></span> <span class='ocrx_word' id='word_1_91' title='bbox 911 1746 974 1800; x_wconf 85' lang='lat' dir='ltr'><strong>de</strong></span> <span class='ocrx_word' id='word_1_92' title='bbox 1021 1745 1245 1800; x_wconf 78' lang='lat' dir='ltr'><strong>avicula.</strong></span> 
     </span>
    </p>
   </div>
   <div class='ocr_carea' id='block_1_16' title="bbox 166 1837 1678 1908">
    <p class='ocr_par' dir='ltr' id='par_1_16' title="bbox 166 1837 1678 1908">
     <span class='ocr_line' id='line_1_16' title="bbox 166 1837 1678 1908; baseline 0.001 -16"><span class='ocrx_word' id='word_1_93' title='bbox 166 1837 280 1893; x_wconf 82' lang='lat' dir='ltr'><strong>Alia</strong></span> <span class='ocrx_word' id='word_1_94' title='bbox 310 1852 536 1908; x_wconf 89' lang='lat' dir='ltr'><strong>quoque</strong></span> <span class='ocrx_word' id='word_1_95' title='bbox 577 1838 697 1892; x_wconf 84' lang='lat' dir='ltr'><strong>vice</strong></span> <span class='ocrx_word' id='word_1_96' title='bbox 725 1837 966 1908; x_wconf 81' lang='lat' dir='ltr'><strong>respexit</strong></span> <span class='ocrx_word' id='word_1_97' title='bbox 993 1852 1218 1906; x_wconf 90' lang='lat' dir='ltr'><strong>puerum</strong></span> <span class='ocrx_word' id='word_1_98' title='bbox 1243 1840 1529 1908; x_wconf 87' lang='lat' dir='ltr'><strong>quemdam</strong></span> <span class='ocrx_word' id='word_1_99' title='bbox 1559 1856 1678 1895; x_wconf 91' lang='lat' dir='ltr'><strong>cum</strong></span> 
     </span>
    </p>
   </div>
   <div class='ocr_carea' id='block_1_17' title="bbox 109 1927 1674 1999">
    <p class='ocr_par' dir='ltr' id='par_1_17' title="bbox 109 1927 1674 1999">
     <span class='ocr_line' id='line_1_17' title="bbox 109 1927 1674 1999; baseline 0.001 -15"><span class='ocrx_word' id='word_1_100' title='bbox 109 1931 304 1986; x_wconf 81' lang='lat' dir='ltr'><strong>m-icula</strong></span> <span class='ocrx_word' id='word_1_101' title='bbox 355 1931 412 1984; x_wconf 88' lang='lat' dir='ltr'><strong>in</strong></span> <span class='ocrx_word' id='word_1_102' title='bbox 454 1927 539 1985; x_wconf 74' lang='lat' dir='ltr'><strong>via</strong></span> <span class='ocrx_word' id='word_1_103' title='bbox 574 1929 870 1996; x_wconf 89' lang='lat' dir='ltr'><strong>ludentem,</strong></span> <span class='ocrx_word' id='word_1_104' title='bbox 907 1944 1027 1999; x_wconf 60' lang='lat' dir='ltr'><strong>qua!</strong></span> <span class='ocrx_word' id='word_1_105' title='bbox 1063 1929 1250 1999; x_wconf 88' lang='lat' dir='ltr'><strong>pedem</strong></span> <span class='ocrx_word' id='word_1_106' title='bbox 1284 1931 1373 1984; x_wconf 81' lang='lat' dir='ltr'><strong>illo</strong></span> <span class='ocrx_word' id='word_1_107' title='bbox 1421 1933 1674 1986; x_wconf 82' lang='lat' dir='ltr'><strong>innexum</strong></span> 
     </span>
    </p>
   </div>
   <div class='ocr_carea' id='block_1_18' title="bbox 105 2020 1676 2092">
    <p class='ocr_par' dir='ltr' id='par_1_18' title="bbox 105 2020 1676 2092">
     <span class='ocr_line' id='line_1_18' title="bbox 105 2020 1676 2092; baseline -0.001 -16"><span class='ocrx_word' id='word_1_108' title='bbox 105 2022 472 2077; x_wconf 73' lang='lat' dir='ltr'><strong>babebat““.</strong></span> <span class='ocrx_word' id='word_1_109' title='bbox 518 2023 672 2092; x_wconf 73' lang='lat' dir='ltr'><strong>Saepe</strong></span> <span class='ocrx_word' id='word_1_110' title='bbox 703 2036 824 2077; x_wconf 90' lang='lat' dir='ltr'><strong>cum</strong></span> <span class='ocrx_word' id='word_1_111' title='bbox 873 2020 1049 2074; x_wconf 82' lang='lat' dir='ltr'><strong>laxius</strong></span> <span class='ocrx_word' id='word_1_112' title='bbox 1099 2021 1178 2074; x_wconf 90' lang='lat' dir='ltr'><strong>ire</strong></span> <span class='ocrx_word' id='word_1_113' title='bbox 1235 2023 1676 2089; x_wconf 84' lang='lat' dir='ltr'><strong>permittebatur,</strong></span> 
     </span>
    </p>
   </div>
   <div class='ocr_carea' id='block_1_19' title="bbox 108 2111 1678 2183">
    <p class='ocr_par' dir='ltr' id='par_1_19' title="bbox 108 2111 1678 2183">
     <span class='ocr_line' id='line_1_19' title="bbox 108 2111 1678 2183; baseline 0.002 -19"><span class='ocrx_word' id='word_1_114' title='bbox 108 2115 216 2182; x_wconf 78' lang='lat' dir='ltr'><strong>fuga</strong></span> <span class='ocrx_word' id='word_1_115' title='bbox 248 2113 346 2168; x_wconf 83' lang='lat' dir='ltr'><strong>sibi</strong></span> <span class='ocrx_word' id='word_1_116' title='bbox 404 2113 693 2168; x_wconf 80' lang='lat' dir='ltr'><strong>consulere</strong></span> <span class='ocrx_word' id='word_1_117' title='bbox 733 2112 959 2183; x_wconf 91' lang='lat' dir='ltr'><strong>cupiens</strong></span> <span class='ocrx_word' id='word_1_118' title='bbox 987 2153 1001 2176; x_wconf 90' lang='lat'><strong>,</strong></span> <span class='ocrx_word' id='word_1_119' title='bbox 1033 2111 1251 2166; x_wconf 83' lang='lat' dir='ltr'><strong>avolare</strong></span> <span class='ocrx_word' id='word_1_120' title='bbox 1286 2113 1576 2167; x_wconf 85' lang='lat' dir='ltr'><strong>nitebatur.</strong></span> <span class='ocrx_word' id='word_1_121' title='bbox 1606 2115 1678 2168; x_wconf 85' lang='lat' dir='ltr'><strong>At</strong></span> 
     </span>
    </p>
   </div>
   <div class='ocr_carea' id='block_1_20' title="bbox 109 2203 1674 2272">
    <p class='ocr_par' dir='ltr' id='par_1_20' title="bbox 109 2203 1674 2272">
     <span class='ocr_line' id='line_1_20' title="bbox 109 2203 1674 2272; baseline 0.002 -15"><span class='ocrx_word' id='word_1_122' title='bbox 109 2219 191 2272; x_wconf 88' lang='lat' dir='ltr'><strong>per</strong></span> <span class='ocrx_word' id='word_1_123' title='bbox 214 2205 357 2258; x_wconf 83' lang='lat' dir='ltr'><strong>filum</strong></span> <span class='ocrx_word' id='word_1_124' title='bbox 395 2221 563 2258; x_wconf 90' lang='lat' dir='ltr'><strong>manu</strong></span> <span class='ocrx_word' id='word_1_125' title='bbox 596 2213 786 2260; x_wconf 90' lang='lat' dir='ltr'><strong>tenens</strong></span> <span class='ocrx_word' id='word_1_126' title='bbox 810 2203 1092 2259; x_wconf 88' lang='lat' dir='ltr'><strong>retrahens</strong></span> <span class='ocrx_word' id='word_1_127' title='bbox 1121 2204 1383 2260; x_wconf 72' lang='lat' dir='ltr'><strong>irretitum</strong></span> <span class='ocrx_word' id='word_1_128' title='bbox 1413 2205 1674 2260; x_wconf 89' lang='lat' dir='ltr'><strong>aviculam</strong></span> 
     </span>
    </p>
   </div>
   <div class='ocr_carea' id='block_1_21' title="bbox 106 2293 1678 2368">
    <p class='ocr_par' dir='ltr' id='par_1_21' title="bbox 106 2293 1678 2368">
     <span class='ocr_line' id='line_1_21' title="bbox 106 2293 1678 2368; baseline 0.005 -24"><span class='ocrx_word' id='word_1_129' title='bbox 106 2293 163 2346; x_wconf 86' lang='lat' dir='ltr'><strong>ad</strong></span> <span class='ocrx_word' id='word_1_130' title='bbox 190 2310 245 2348; x_wconf 91' lang='lat' dir='ltr'><strong>se</strong></span> <span class='ocrx_word' id='word_1_131' title='bbox 274 2309 452 2364; x_wconf 81' lang='lat' dir='ltr'><strong>usque</strong></span> <span class='ocrx_word' id='word_1_132' title='bbox 477 2294 778 2362; x_wconf 87' lang='lat' dir='ltr'><strong>dejiciebat,</strong></span> <span class='ocrx_word' id='word_1_133' title='bbox 808 2305 864 2350; x_wconf 91' lang='lat' dir='ltr'><strong>et</strong></span> <span class='ocrx_word' id='word_1_134' title='bbox 915 2295 1016 2350; x_wconf 90' lang='lat' dir='ltr'><strong>hoc</strong></span> <span class='ocrx_word' id='word_1_135' title='bbox 1059 2295 1249 2367; x_wconf 88' lang='lat' dir='ltr'><strong>ingens</strong></span> <span class='ocrx_word' id='word_1_136' title='bbox 1279 2297 1530 2368; x_wconf 76' lang='lat' dir='ltr'><strong>gaudium</strong></span> <span class='ocrx_word' id='word_1_137' title='bbox 1563 2299 1678 2366; x_wconf 89' lang='lat' dir='ltr'><strong>pul-</strong></span> 
     </span>
    </p>
   </div>
   <div class='ocr_carea' id='block_1_22' title="bbox 106 2385 1679 2460">
    <p class='ocr_par' dir='ltr' id='par_1_22' title="bbox 106 2385 1679 2460">
     <span class='ocr_line' id='line_1_22' title="bbox 106 2385 1679 2460; baseline 0.004 -21"><span class='ocrx_word' id='word_1_138' title='bbox 106 2387 391 2454; x_wconf 83' lang='lat' dir='ltr'><strong>chrumque</strong></span> <span class='ocrx_word' id='word_1_139' title='bbox 421 2385 784 2456; x_wconf 87' lang='lat' dir='ltr'><strong>spectaculum</strong></span> <span class='ocrx_word' id='word_1_140' title='bbox 814 2402 983 2458; x_wconf 90' lang='lat' dir='ltr'><strong>puero</strong></span> <span class='ocrx_word' id='word_1_141' title='bbox 1007 2389 1318 2460; x_wconf 64' lang='lat' dir='ltr'><strong>praestabat.</strong></span> <span class='ocrx_word' id='word_1_142' title='bbox 1345 2389 1570 2445; x_wconf 91' lang='lat' dir='ltr'><strong>Factum</strong></span> <span class='ocrx_word' id='word_1_143' title='bbox 1594 2399 1679 2445; x_wconf 90' lang='lat' dir='ltr'><strong>est</strong></span> 
     </span>
    </p>
   </div>
   <div class='ocr_carea' id='block_1_23' title="bbox 108 2475 1676 2548">
    <p class='ocr_par' dir='ltr' id='par_1_23' title="bbox 108 2475 1676 2548">
     <span class='ocr_line' id='line_1_23' title="bbox 108 2475 1676 2548; baseline 0.007 -23"><span class='ocrx_word' id='word_1_144' title='bbox 108 2475 196 2529; x_wconf 88' lang='lat' dir='ltr'><strong>hoc</strong></span> <span class='ocrx_word' id='word_1_145' title='bbox 238 2477 414 2531; x_wconf 84' lang='lat' dir='ltr'><strong>semel</strong></span> <span class='ocrx_word' id='word_1_146' title='bbox 457 2484 510 2530; x_wconf 93' lang='lat' dir='ltr'><strong>et</strong></span> <span class='ocrx_word' id='word_1_147' title='bbox 570 2477 801 2542; x_wconf 84' lang='lat' dir='ltr'><strong>iterum,</strong></span> <span class='ocrx_word' id='word_1_148' title='bbox 859 2477 1062 2533; x_wconf 89' lang='lat' dir='ltr'><strong>factum</strong></span> <span class='ocrx_word' id='word_1_149' title='bbox 1116 2477 1472 2548; x_wconf 83' lang='lat' dir='ltr'><strong>frequentius.</strong></span> <span class='ocrx_word' id='word_1_150' title='bbox 1521 2480 1676 2547; x_wconf 87' lang='lat' dir='ltr'><strong>Quod</strong></span> 
     </span>
    </p>
   </div>
   <div class='ocr_carea' id='block_1_24' title="bbox 107 2566 1676 2639">
    <p class='ocr_par' dir='ltr' id='par_1_24' title="bbox 107 2566 1676 2639">
     <span class='ocr_line' id='line_1_24' title="bbox 107 2566 1676 2639; baseline 0.004 -20"><span class='ocrx_word' id='word_1_151' title='bbox 107 2566 248 2621; x_wconf 82' lang='lat' dir='ltr'><strong>Pater</strong></span> <span class='ocrx_word' id='word_1_152' title='bbox 293 2568 569 2639; x_wconf 82' lang='lat' dir='ltr'><strong>benignus</strong></span> <span class='ocrx_word' id='word_1_153' title='bbox 601 2568 902 2638; x_wconf 88' lang='lat' dir='ltr'><strong>aspiciens.</strong></span> <span class='ocrx_word' id='word_1_154' title='bbox 945 2569 1168 2625; x_wconf 64' lang='lat' dir='ltr'><strong>aviculae</strong></span> <span class='ocrx_word' id='word_1_155' title='bbox 1210 2570 1486 2626; x_wconf 88' lang='lat' dir='ltr'><strong>condoluit</strong></span> <span class='ocrx_word' id='word_1_156' title='bbox 1518 2582 1573 2628; x_wconf 89' lang='lat' dir='ltr'><strong>et</strong></span> <span class='ocrx_word' id='word_1_157' title='bbox 1619 2581 1676 2626; x_wconf 92' lang='lat' dir='ltr'><strong>ut</strong></span> 
     </span>
    </p>
   </div>
   <div class='ocr_carea' id='block_1_25' title="bbox 109 2659 1676 2731">
    <p class='ocr_par' dir='ltr' id='par_1_25' title="bbox 109 2659 1676 2731">
     <span class='ocr_line' id='line_1_25' title="bbox 109 2659 1676 2731; baseline 0.006 -22"><span class='ocrx_word' id='word_1_158' title='bbox 109 2670 249 2727; x_wconf 87' lang='lat' dir='ltr'><strong>rupto</strong></span> <span class='ocrx_word' id='word_1_159' title='bbox 292 2661 382 2714; x_wconf 86' lang='lat' dir='ltr'><strong>tilo</strong></span> <span class='ocrx_word' id='word_1_160' title='bbox 444 2659 680 2715; x_wconf 87' lang='lat' dir='ltr'><strong>libertati</strong></span> <span class='ocrx_word' id='word_1_161' title='bbox 739 2661 1060 2716; x_wconf 86' lang='lat' dir='ltr'><strong>redderetur</strong></span> <span class='ocrx_word' id='word_1_162' title='bbox 1108 2662 1381 2731; x_wconf 70' lang='lat' dir='ltr'><strong>praecepit.</strong></span> <span class='ocrx_word' id='word_1_163' title='bbox 1439 2662 1506 2717; x_wconf 89' lang='lat' dir='ltr'><strong>Et</strong></span> <span class='ocrx_word' id='word_1_164' title='bbox 1547 2678 1676 2720; x_wconf 91' lang='lat' dir='ltr'><strong>ecce</strong></span> 
     </span>
    </p>
   </div>
   <div class='ocr_carea' id='block_1_26' title="bbox 106 2749 1676 2822">
    <p class='ocr_par' dir='ltr' id='par_1_26' title="bbox 106 2749 1676 2822">
     <span class='ocr_line' id='line_1_26' title="bbox 106 2749 1676 2822; baseline 0.006 -21"><span class='ocrx_word' id='word_1_165' title='bbox 106 2749 234 2802; x_wconf 89' lang='lat' dir='ltr'><strong>fdum</strong></span> <span class='ocrx_word' id='word_1_166' title='bbox 275 2750 575 2819; x_wconf 78' lang='lat' dir='ltr'><strong>rumpitur,</strong></span> <span class='ocrx_word' id='word_1_167' title='bbox 599 2751 824 2821; x_wconf 90' lang='lat' dir='ltr'><strong>avisque</strong></span> <span class='ocrx_word' id='word_1_168' title='bbox 871 2751 1050 2805; x_wconf 82' lang='lat' dir='ltr'><strong>avolat</strong></span> <span class='ocrx_word' id='word_1_169' title='bbox 1076 2769 1090 2804; x_wconf 90' lang='lat'><strong>:</strong></span> <span class='ocrx_word' id='word_1_170' title='bbox 1117 2767 1252 2822; x_wconf 89' lang='lat' dir='ltr'><strong>puer</strong></span> <span class='ocrx_word' id='word_1_171' title='bbox 1275 2752 1484 2822; x_wconf 89' lang='lat' dir='ltr'><strong>plorat,</strong></span> <span class='ocrx_word' id='word_1_172' title='bbox 1515 2752 1676 2810; x_wconf 79' lang='lat' dir='ltr'><strong>Pater</strong></span> 
     </span>
    </p>
   </div>
   <div class='ocr_carea' id='block_1_27' title="bbox 109 2839 1675 2909">
    <p class='ocr_par' dir='ltr' id='par_1_27' title="bbox 109 2839 1675 2909">
     <span class='ocr_line' id='line_1_27' title="bbox 109 2839 1675 2909; baseline 0.003 -16"><span class='ocrx_word' id='word_1_173' title='bbox 109 2839 335 2896; x_wconf 62' lang='lat' dir='ltr'><strong>exsultat.</strong></span> <span class='ocrx_word' id='word_1_174' title='bbox 364 2839 444 2894; x_wconf 78' lang='lat' dir='ltr'><strong>Et</strong></span> <span class='ocrx_word' id='word_1_175' title='bbox 476 2841 676 2894; x_wconf 89' lang='lat' dir='ltr'><strong>vocatis</strong></span> <span class='ocrx_word' id='word_1_176' title='bbox 695 2841 785 2909; x_wconf 89' lang='lat' dir='ltr'><strong>qui</strong></span> <span class='ocrx_word' id='word_1_177' title='bbox 813 2843 1038 2896; x_wconf 90' lang='lat' dir='ltr'><strong>aderant</strong></span> <span class='ocrx_word' id='word_1_178' title='bbox 1063 2860 1076 2896; x_wconf 90' lang='lat'><strong>:</strong></span> <span class='ocrx_word' id='word_1_179' title='bbox 1113 2861 1132 2895; x_wconf 79' lang='grc' dir='ltr'><strong>ι</strong></span> <span class='ocrx_word' id='word_1_180' title='bbox 1154 2843 1566 2908; x_wconf 87' lang='lat' dir='ltr'><strong>considerastis,</strong></span> <span class='ocrx_word' id='word_1_181' title='bbox 1591 2846 1675 2899; x_wconf 84' lang='lat' dir='ltr'><strong>in-</strong></span> 
     </span>
    </p>
   </div>
   <div class='ocr_carea' id='block_1_28' title="bbox 113 2932 1670 3003">
    <p class='ocr_par' dir='ltr' id='par_1_28' title="bbox 113 2932 1670 3003">
     <span class='ocr_line' id='line_1_28' title="bbox 113 2932 1670 3003; baseline 0.003 -18"><span class='ocrx_word' id='word_1_182' title='bbox 113 2936 230 3000; x_wconf 72' lang='lat' dir='ltr'><strong>quit.</strong></span> <span class='ocrx_word' id='word_1_183' title='bbox 261 2934 443 3001; x_wconf 76' lang='lat' dir='ltr'><strong>iocum</strong></span> <span class='ocrx_word' id='word_1_184' title='bbox 475 2932 665 3003; x_wconf 69' lang='lat' dir='ltr'><strong>pueri?</strong></span> <span class='ocrx_word' id='word_1_185' title='bbox 687 2950 706 2984; x_wconf 77' lang='grc' dir='ltr'><strong>ι</strong></span> <span class='ocrx_word' id='word_1_186' title='bbox 737 2932 1080 2987; x_wconf 71' lang='grc' dir='ltr'><strong>Ειροιιῐεεεὶε</strong></span> <span class='ocrx_word' id='word_1_187' title='bbox 1126 2934 1530 3002; x_wconf 85' lang='lat' dir='ltr'><strong>considerasse,</strong></span> <span class='ocrx_word' id='word_1_188' title='bbox 1556 2937 1630 2989; x_wconf 88' lang='lat' dir='ltr'><strong>ait</strong></span> <span class='ocrx_word' id='word_1_189' title='bbox 1656 2954 1670 2990; x_wconf 91' lang='lat'><strong>:</strong></span> 
     </span>
    </p>
   </div>
   <div class='ocr_carea' id='block_1_29' title="bbox 121 3023 1675 3093">
    <p class='ocr_par' dir='ltr' id='par_1_29' title="bbox 121 3023 1675 3093">
     <span class='ocr_line' id='line_1_29' title="bbox 121 3023 1675 3093; baseline 0.005 -19"><span class='ocrx_word' id='word_1_190' title='bbox 121 3045 134 3073; x_wconf 91' lang='grc' dir='ltr'><strong>ι</strong></span> <span class='ocrx_word' id='word_1_191' title='bbox 159 3025 315 3078; x_wconf 91' lang='lat' dir='ltr'><strong>Simili</strong></span> <span class='ocrx_word' id='word_1_192' title='bbox 346 3026 786 3081; x_wconf 82' lang='lat' dir='ltr'><strong>consideratione</strong></span> <span class='ocrx_word' id='word_1_193' title='bbox 803 3023 1279 3093; x_wconf 69' lang='lat' dir='ltr'><strong>jocaturdiabolus</strong></span> <span class='ocrx_word' id='word_1_194' title='bbox 1301 3042 1422 3082; x_wconf 93' lang='lat' dir='ltr'><strong>cum</strong></span> <span class='ocrx_word' id='word_1_195' title='bbox 1441 3027 1675 3082; x_wconf 82' lang='lat' dir='ltr'><strong>homini-</strong></span> 
     </span>
    </p>
   </div>
   <div class='ocr_carea' id='block_1_30' title="bbox 115 3115 1675 3188">
    <p class='ocr_par' dir='ltr' id='par_1_30' title="bbox 115 3115 1675 3188">
     <span class='ocr_line' id='line_1_30' title="bbox 115 3115 1675 3188; baseline 0.004 -23"><span class='ocrx_word' id='word_1_196' title='bbox 115 3116 199 3170; x_wconf 88' lang='lat' dir='ltr'><strong>bus</strong></span> <span class='ocrx_word' id='word_1_197' title='bbox 227 3116 435 3182; x_wconf 88' lang='lat' dir='ltr'><strong>multis,</strong></span> <span class='ocrx_word' id='word_1_198' title='bbox 470 3130 606 3186; x_wconf 91' lang='lat' dir='ltr'><strong>quos</strong></span> <span class='ocrx_word' id='word_1_199' title='bbox 659 3117 897 3172; x_wconf 90' lang='lat' dir='ltr'><strong>irretitos</strong></span> <span class='ocrx_word' id='word_1_200' title='bbox 929 3115 1042 3169; x_wconf 90' lang='lat' dir='ltr'><strong>suis</strong></span> <span class='ocrx_word' id='word_1_201' title='bbox 1069 3115 1277 3185; x_wconf 88' lang='lat' dir='ltr'><strong>laqueis</strong></span> <span class='ocrx_word' id='word_1_202' title='bbox 1305 3133 1405 3188; x_wconf 91' lang='lat' dir='ltr'><strong>pro</strong></span> <span class='ocrx_word' id='word_1_203' title='bbox 1434 3132 1531 3172; x_wconf 92' lang='lat' dir='ltr'><strong>sua</strong></span> <span class='ocrx_word' id='word_1_204' title='bbox 1583 3133 1675 3172; x_wconf 85' lang='lat' dir='ltr'><strong>vo-</strong></span> 
     </span>
    </p>
   </div>
   <div class='ocr_carea' id='block_1_31' title="bbox 114 3204 1668 3278">
    <p class='ocr_par' dir='ltr' id='par_1_31' title="bbox 114 3204 1668 3278">
     <span class='ocr_line' id='line_1_31' title="bbox 114 3204 1668 3278; baseline 0.005 -23"><span class='ocrx_word' id='word_1_205' title='bbox 114 3204 295 3260; x_wconf 87' lang='lat' dir='ltr'><strong>luntate</strong></span> <span class='ocrx_word' id='word_1_206' title='bbox 340 3206 391 3260; x_wconf 94' lang='lat' dir='ltr'><strong>iu</strong></span> <span class='ocrx_word' id='word_1_207' title='bbox 428 3207 646 3261; x_wconf 88' lang='lat' dir='ltr'><strong>diversa</strong></span> <span class='ocrx_word' id='word_1_208' title='bbox 680 3207 932 3262; x_wconf 87' lang='lat' dir='ltr'><strong>vitiorum</strong></span> <span class='ocrx_word' id='word_1_209' title='bbox 963 3206 1346 3276; x_wconf 88' lang='lat' dir='ltr'><strong>impedimenta</strong></span> <span class='ocrx_word' id='word_1_210' title='bbox 1379 3210 1668 3278; x_wconf 86' lang='lat' dir='ltr'><strong>pertrahit.</strong></span> 
     </span>
    </p>
   </div>
   <div class='ocr_carea' id='block_1_32' title="bbox 115 3296 1667 3372">
    <p class='ocr_par' dir='ltr' id='par_1_32' title="bbox 115 3296 1667 3372">
     <span class='ocr_line' id='line_1_32' title="bbox 115 3296 1667 3372; baseline 0.005 -23"><span class='ocrx_word' id='word_1_211' title='bbox 115 3296 231 3350; x_wconf 85' lang='lat' dir='ltr'><strong>Sunt</strong></span> <span class='ocrx_word' id='word_1_212' title='bbox 257 3298 395 3353; x_wconf 90' lang='lat' dir='ltr'><strong>enim</strong></span> <span class='ocrx_word' id='word_1_213' title='bbox 427 3297 648 3368; x_wconf 91' lang='lat' dir='ltr'><strong>quidam</strong></span> <span class='ocrx_word' id='word_1_214' title='bbox 679 3297 760 3368; x_wconf 93' lang='lat' dir='ltr'><strong>(ut</strong></span> <span class='ocrx_word' id='word_1_215' title='bbox 794 3299 943 3355; x_wconf 90' lang='lat' dir='ltr'><strong>verbi</strong></span> <span class='ocrx_word' id='word_1_216' title='bbox 969 3299 1140 3372; x_wconf 86' lang='lat' dir='ltr'><strong>gratia</strong></span> <span class='ocrx_word' id='word_1_217' title='bbox 1180 3301 1378 3371; x_wconf 83' lang='lat' dir='ltr'><strong>dicam)</strong></span> <span class='ocrx_word' id='word_1_218' title='bbox 1405 3302 1667 3367; x_wconf 68' lang='lat' dir='ltr'><strong>avaritite,</strong></span> 
     </span>
    </p>
   </div>
   <div class='ocr_carea' id='block_1_33' title="bbox 113 3387 1669 3458">
    <p class='ocr_par' dir='ltr' id='par_1_33' title="bbox 113 3387 1669 3458">
     <span class='ocr_line' id='line_1_33' title="bbox 113 3387 1669 3458; baseline 0.005 -19"><span class='ocrx_word' id='word_1_219' title='bbox 113 3400 192 3440; x_wconf 86' lang='lat' dir='ltr'><strong>seu</strong></span> <span class='ocrx_word' id='word_1_220' title='bbox 232 3387 456 3451; x_wconf 68' lang='lat' dir='ltr'><strong>luxuriae</strong></span> <span class='ocrx_word' id='word_1_221' title='bbox 505 3397 563 3442; x_wconf 90' lang='lat' dir='ltr'><strong>et</strong></span> <span class='ocrx_word' id='word_1_222' title='bbox 609 3388 866 3444; x_wconf 91' lang='lat' dir='ltr'><strong>similium</strong></span> <span class='ocrx_word' id='word_1_223' title='bbox 923 3389 1159 3444; x_wconf 83' lang='lat' dir='ltr'><strong>ﬂammis</strong></span> <span class='ocrx_word' id='word_1_224' title='bbox 1196 3391 1472 3458; x_wconf 88' lang='lat' dir='ltr'><strong>succensi,</strong></span> <span class='ocrx_word' id='word_1_225' title='bbox 1521 3402 1576 3446; x_wconf 91' lang='lat' dir='ltr'><strong>et</strong></span> <span class='ocrx_word' id='word_1_226' title='bbox 1603 3407 1669 3447; x_wconf 83' lang='lat' dir='ltr'><strong>ex</strong></span> 
     </span>
    </p>
   </div>
   <div class='ocr_carea' id='block_1_34' title="bbox 116 3477 1669 3554">
    <p class='ocr_par' dir='ltr' id='par_1_34' title="bbox 116 3477 1669 3554">
     <span class='ocr_line' id='line_1_34' title="bbox 116 3477 1669 3554; baseline 0.006 -26"><span class='ocrx_word' id='word_1_227' title='bbox 116 3477 235 3532; x_wconf 88' lang='lat' dir='ltr'><strong>mala</strong></span> <span class='ocrx_word' id='word_1_228' title='bbox 281 3480 676 3535; x_wconf 88' lang='lat' dir='ltr'><strong>consuetudine</strong></span> <span class='ocrx_word' id='word_1_229' title='bbox 726 3480 832 3536; x_wconf 92' lang='lat' dir='ltr'><strong>illis</strong></span> <span class='ocrx_word' id='word_1_230' title='bbox 867 3480 1086 3536; x_wconf 89' lang='lat' dir='ltr'><strong>addicti.</strong></span> <span class='ocrx_word' id='word_1_231' title='bbox 1125 3481 1220 3538; x_wconf 85' lang='lat' dir='ltr'><strong>llis</strong></span> <span class='ocrx_word' id='word_1_232' title='bbox 1263 3483 1526 3554; x_wconf 87' lang='lat' dir='ltr'><strong>contingit</strong></span> <span class='ocrx_word' id='word_1_233' title='bbox 1567 3483 1669 3538; x_wconf 88' lang='lat' dir='ltr'><strong>ali-</strong></span> 
     </span>
    </p>
   </div>
   <div class='ocr_carea' id='block_1_35' title="bbox 116 3568 1672 3644">
    <p class='ocr_par' dir='ltr' id='par_1_35' title="bbox 116 3568 1672 3644">
     <span class='ocr_line' id='line_1_35' title="bbox 116 3568 1672 3644; baseline 0.008 -27"><span class='ocrx_word' id='word_1_234' title='bbox 116 3568 305 3632; x_wconf 88' lang='lat' dir='ltr'><strong>quando</strong></span> <span class='ocrx_word' id='word_1_235' title='bbox 343 3580 404 3626; x_wconf 90' lang='lat' dir='ltr'><strong>ut</strong></span> <span class='ocrx_word' id='word_1_236' title='bbox 457 3587 553 3626; x_wconf 88' lang='lat' dir='ltr'><strong>sua</strong></span> <span class='ocrx_word' id='word_1_237' title='bbox 607 3570 752 3627; x_wconf 89' lang='lat' dir='ltr'><strong>facta</strong></span> <span class='ocrx_word' id='word_1_238' title='bbox 805 3572 1212 3627; x_wconf 87' lang='lat' dir='ltr'><strong>considerantes</strong></span> <span class='ocrx_word' id='word_1_239' title='bbox 1257 3571 1454 3640; x_wconf 84' lang='lat' dir='ltr'><strong>lleant,</strong></span> <span class='ocrx_word' id='word_1_240' title='bbox 1507 3589 1672 3644; x_wconf 88' lang='lat' dir='ltr'><strong>seque</strong></span> 
     </span>
    </p>
   </div>
   <div class='ocr_carea' id='block_1_36' title="bbox 115 3659 1672 3731">
    <p class='ocr_par' dir='ltr' id='par_1_36' title="bbox 115 3659 1672 3731">
     <span class='ocr_line' id='line_1_36' title="bbox 115 3659 1672 3731; baseline 0.007 -24"><span class='ocrx_word' id='word_1_241' title='bbox 115 3659 280 3712; x_wconf 87' lang='lat' dir='ltr'><strong>amodo</strong></span> <span class='ocrx_word' id='word_1_242' title='bbox 307 3676 335 3716; x_wconf 91' lang='lat' dir='ltr'><strong>e</strong></span> <span class='ocrx_word' id='word_1_243' title='bbox 366 3661 568 3717; x_wconf 88' lang='lat' dir='ltr'><strong>talibus</strong></span> <span class='ocrx_word' id='word_1_244' title='bbox 599 3671 912 3718; x_wconf 90' lang='lat' dir='ltr'><strong>cessaturos</strong></span> <span class='ocrx_word' id='word_1_245' title='bbox 939 3677 1035 3718; x_wconf 91' lang='lat' dir='ltr'><strong>ore</strong></span> <span class='ocrx_word' id='word_1_246' title='bbox 1064 3664 1406 3731; x_wconf 86' lang='lat' dir='ltr'><strong>promittant,</strong></span> <span class='ocrx_word' id='word_1_247' title='bbox 1436 3675 1492 3720; x_wconf 90' lang='lat' dir='ltr'><strong>et</strong></span> <span class='ocrx_word' id='word_1_248' title='bbox 1523 3680 1672 3719; x_wconf 89' lang='lat' dir='ltr'><strong>more</strong></span> 
     </span>
    </p>
   </div>
   <div class='ocr_carea' id='block_1_37' title="bbox 114 3746 1670 3810">
    <p class='ocr_par' dir='ltr' id='par_1_37' title="bbox 114 3746 1670 3810">
     <span class='ocr_line' id='line_1_37' title="bbox 114 3746 1670 3810; baseline 0.006 -10"><span class='ocrx_word' id='word_1_249' title='bbox 114 3746 210 3802; x_wconf 85' lang='lat' dir='ltr'><strong>avis</strong></span> <span class='ocrx_word' id='word_1_250' title='bbox 230 3749 315 3782; x_wconf 75' lang='lat'><strong>&#39;°“</strong></span> <span class='ocrx_word' id='word_1_251' title='bbox 361 3753 592 3808; x_wconf 72' lang='lat' dir='ltr'><strong>irretitae</strong></span> <span class='ocrx_word' id='word_1_252' title='bbox 647 3753 850 3809; x_wconf 88' lang='lat' dir='ltr'><strong>liberos</strong></span> <span class='ocrx_word' id='word_1_253' title='bbox 905 3769 965 3808; x_wconf 91' lang='lat' dir='ltr'><strong>se</strong></span> <span class='ocrx_word' id='word_1_254' title='bbox 1011 3753 1194 3809; x_wconf 89' lang='lat' dir='ltr'><strong>volare</strong></span> <span class='ocrx_word' id='word_1_255' title='bbox 1241 3764 1523 3810; x_wconf 88' lang='lat' dir='ltr'><strong>autument</strong></span> <span class='ocrx_word' id='word_1_256' title='bbox 1555 3757 1670 3809; x_wconf 69' lang='lat' dir='ltr'><strong>m&#39;.</strong></span> 
     </span>
    </p>
   </div>
   <div class='ocr_carea' id='block_1_38' title="bbox 115 3835 1670 3913">
    <p class='ocr_par' dir='ltr' id='par_1_38' title="bbox 115 3835 1670 3913">
     <span class='ocr_line' id='line_1_38' title="bbox 115 3835 1670 3913; baseline 0.006 -21"><span class='ocrx_word' id='word_1_257' title='bbox 115 3835 203 3892; x_wconf 86' lang='lat' dir='ltr'><strong>Sed</strong></span> <span class='ocrx_word' id='word_1_258' title='bbox 243 3841 360 3910; x_wconf 89' lang='lat' dir='ltr'><strong>quia</strong></span> <span class='ocrx_word' id='word_1_259' title='bbox 405 3857 575 3913; x_wconf 88' lang='lat' dir='ltr'><strong>pravo</strong></span> <span class='ocrx_word' id='word_1_260' title='bbox 602 3859 702 3899; x_wconf 88' lang='lat' dir='ltr'><strong>usu</strong></span> <span class='ocrx_word' id='word_1_261' title='bbox 746 3843 942 3899; x_wconf 74' lang='lat' dir='ltr'><strong>irretiti</strong></span> <span class='ocrx_word' id='word_1_262' title='bbox 985 3846 1050 3899; x_wconf 92' lang='lat' dir='ltr'><strong>ab</strong></span> <span class='ocrx_word' id='word_1_263' title='bbox 1088 3846 1243 3901; x_wconf 90' lang='lat' dir='ltr'><strong>hoste</strong></span> <span class='ocrx_word' id='word_1_264' title='bbox 1267 3855 1537 3910; x_wconf 86' lang='lat' dir='ltr'><strong>tenentur.</strong></span> <span class='ocrx_word' id='word_1_265' title='bbox 1571 3863 1670 3902; x_wconf 87' lang='lat' dir='ltr'><strong>no-</strong></span> 
     </span>
    </p>
   </div>
   <div class='ocr_carea' id='block_1_39' title="bbox 113 3926 1672 4021">
    <p class='ocr_par' dir='ltr' id='par_1_39' title="bbox 113 3926 1672 4021">
     <span class='ocr_line' id='line_1_39' title="bbox 113 3926 1672 4021; baseline 0.009 -42"><span class='ocrx_word' id='word_1_266' title='bbox 113 3926 260 3984; x_wconf 91' lang='lat' dir='ltr'><strong>lentes</strong></span> <span class='ocrx_word' id='word_1_267' title='bbox 303 3934 356 3988; x_wconf 91' lang='lat' dir='ltr'><strong>in</strong></span> <span class='ocrx_word' id='word_1_268' title='bbox 399 3935 592 4021; x_wconf 74' lang='lat' dir='ltr'><strong>eadem</strong></span> <span class='ocrx_word' id='word_1_269' title='bbox 643 3934 773 3989; x_wconf 87' lang='lat' dir='ltr'><strong>vitia</strong></span> <span class='ocrx_word' id='word_1_270' title='bbox 824 3933 1182 4003; x_wconf 86' lang='lat' dir='ltr'><strong>dejicluntur;</strong></span> <span class='ocrx_word' id='word_1_271' title='bbox 1237 3939 1404 4006; x_wconf 81' lang='lat' dir='ltr'><strong>fitque</strong></span> <span class='ocrx_word' id='word_1_272' title='bbox 1440 3938 1545 3991; x_wconf 90' lang='lat' dir='ltr'><strong>hoc</strong></span> <span class='ocrx_word' id='word_1_273' title='bbox 1572 3952 1672 3992; x_wconf 83' lang='lat' dir='ltr'><strong>sae-</strong></span> 
     </span>
    </p>
   </div>
   <div class='ocr_carea' id='block_1_40' title="bbox 113 4021 1669 4098">
    <p class='ocr_par' dir='ltr' id='par_1_40' title="bbox 113 4021 1669 4098">
     <span class='ocr_line' id='line_1_40' title="bbox 113 4021 1669 4098; baseline 0.008 -26"><span class='ocrx_word' id='word_1_274' title='bbox 113 4021 233 4088; x_wconf 87' lang='lat' dir='ltr'><strong>pius,</strong></span> <span class='ocrx_word' id='word_1_275' title='bbox 260 4041 355 4081; x_wconf 91' lang='lat' dir='ltr'><strong>nec</strong></span> <span class='ocrx_word' id='word_1_276' title='bbox 388 4026 704 4082; x_wconf 90' lang='lat' dir='ltr'><strong>omnimode</strong></span> <span class='ocrx_word' id='word_1_277' title='bbox 735 4027 1056 4092; x_wconf 86' lang='lat' dir='ltr'><strong>liberantur,</strong></span> <span class='ocrx_word' id='word_1_278' title='bbox 1099 4028 1200 4083; x_wconf 89' lang='lat' dir='ltr'><strong>nisi</strong></span> <span class='ocrx_word' id='word_1_279' title='bbox 1235 4042 1433 4098; x_wconf 87' lang='lat' dir='ltr'><strong>magno</strong></span> <span class='ocrx_word' id='word_1_280' title='bbox 1472 4039 1669 4084; x_wconf 89' lang='lat' dir='ltr'><strong>conatu</strong></span> 
     </span>
    </p>
   </div>
   <div class='ocr_carea' id='block_1_41' title="bbox 113 4117 1670 4191">
    <p class='ocr_par' dir='ltr' id='par_1_41' title="bbox 113 4117 1670 4191">
     <span class='ocr_line' id='line_1_41' title="bbox 113 4117 1670 4191; baseline 0.007 -28"><span class='ocrx_word' id='word_1_281' title='bbox 113 4121 157 4164; x_wconf 88' lang='lat' dir='ltr'><strong>et</strong></span> <span class='ocrx_word' id='word_1_282' title='bbox 181 4117 337 4182; x_wconf 83' lang='lat' dir='ltr'><strong>gratia</strong></span> <span class='ocrx_word' id='word_1_283' title='bbox 375 4118 475 4174; x_wconf 90' lang='lat' dir='ltr'><strong>Dei</strong></span> <span class='ocrx_word' id='word_1_284' title='bbox 509 4117 601 4152; x_wconf 68' lang='grc'><strong>¹⁰⁵⁶</strong></span> <span class='ocrx_word' id='word_1_285' title='bbox 652 4117 796 4173; x_wconf 76' lang='lat' dir='ltr'><strong>fuitis</strong></span> <span class='ocrx_word' id='word_1_286' title='bbox 845 4126 1127 4191; x_wconf 88' lang='lat' dir='ltr'><strong>rumpatur</strong></span> <span class='ocrx_word' id='word_1_287' title='bbox 1169 4133 1350 4189; x_wconf 77' lang='lat' dir='ltr'><strong>pravae</strong></span> <span class='ocrx_word' id='word_1_288' title='bbox 1381 4130 1670 4176; x_wconf 88' lang='lat' dir='ltr'><strong>consuetu-</strong></span> 
     </span>
    </p>
   </div>
   <div class='ocr_carea' id='block_1_42' title="bbox 117 4201 286 4260">
    <p class='ocr_par' dir='ltr' id='par_1_42' title="bbox 117 4201 286 4260">
     <span class='ocr_line' id='line_1_42' title="bbox 117 4201 286 4260; baseline 0.036 -6"><span class='ocrx_word' id='word_1_289' title='bbox 117 4201 286 4260; x_wconf 66' lang='lat' dir='ltr'><strong>diuis.)</strong></span> 
     </span>
    </p>
   </div>
   <div class='ocr_carea' id='block_1_43' title="bbox 659 4300 1108 4377">
    <p class='ocr_par' dir='ltr' id='par_1_43' title="bbox 659 4300 1108 4377">
     <span class='ocr_line' id='line_1_43' title="bbox 659 4300 1108 4377; baseline 0 -21"><span class='ocrx_word' id='word_1_290' title='bbox 659 4300 888 4357; x_wconf 79' lang='lat' dir='ltr'><strong>CAPUT</strong></span> <span class='ocrx_word' id='word_1_291' title='bbox 927 4301 1108 4377; x_wconf 78' lang='lat' dir='ltr'><strong>exet.</strong></span> 
     </span>
    </p>
   </div>
   <div class='ocr_carea' id='block_1_44' title="bbox 445 4391 1323 4464">
    <p class='ocr_par' dir='ltr' id='par_1_44' title="bbox 445 4391 1323 4464">
     <span class='ocr_line' id='line_1_44' title="bbox 445 4391 1323 4464; baseline 0.005 -18"><span class='ocrx_word' id='word_1_292' title='bbox 445 4391 520 4446; x_wconf 79' lang='lat' dir='ltr'><strong>De</strong></span> <span class='ocrx_word' id='word_1_293' title='bbox 547 4392 748 4447; x_wconf 86' lang='lat' dir='ltr'><strong>malitia</strong></span> <span class='ocrx_word' id='word_1_294' title='bbox 777 4403 824 4448; x_wconf 84' lang='lat' dir='ltr'><strong>et</strong></span> <span class='ocrx_word' id='word_1_295' title='bbox 852 4394 1084 4462; x_wconf 71' lang='lat' dir='ltr'><strong>fwditate</strong></span> <span class='ocrx_word' id='word_1_296' title='bbox 1109 4404 1323 4464; x_wconf 75' lang='lat' dir='ltr'><strong>peccati.</strong></span> 
     </span>
    </p>
   </div>
   <div class='ocr_carea' id='block_1_45' title="bbox 175 4483 1668 4556">
    <p class='ocr_par' dir='ltr' id='par_1_45' title="bbox 175 4483 1668 4556">
     <span class='ocr_line' id='line_1_45' title="bbox 175 4483 1668 4556; baseline 0.002 -20"><span class='ocrx_word' id='word_1_297' title='bbox 175 4501 190 4530; x_wconf 71' lang='grc' dir='ltr'><strong>ι</strong></span> <span class='ocrx_word' id='word_1_298' title='bbox 212 4483 261 4537; x_wconf 89' lang='lat' dir='ltr'><strong>Si</strong></span> <span class='ocrx_word' id='word_1_299' title='bbox 289 4487 417 4542; x_wconf 90' lang='lat' dir='ltr'><strong>hinc</strong></span> <span class='ocrx_word' id='word_1_300' title='bbox 444 4485 556 4553; x_wconf 58' lang='lat'><strong>&quot;‘7,</strong></span> <span class='ocrx_word' id='word_1_301' title='bbox 585 4485 758 4555; x_wconf 90' lang='lat' dir='ltr'><strong>inquit</strong></span> <span class='ocrx_word' id='word_1_302' title='bbox 794 4485 1100 4549; x_wconf 83' lang='lat' dir='ltr'><strong>Anselmus,</strong></span> <span class='ocrx_word' id='word_1_303' title='bbox 1134 4487 1336 4556; x_wconf 88' lang='lat' dir='ltr'><strong>peccati</strong></span> <span class='ocrx_word' id='word_1_304' title='bbox 1374 4485 1632 4556; x_wconf 88' lang='lat' dir='ltr'><strong>pudorem</strong></span> <span class='ocrx_word' id='word_1_305' title='bbox 1653 4526 1668 4551; x_wconf 93' lang='lat'><strong>,</strong></span> 
     </span>
    </p>
   </div>
   <div class='ocr_carea' id='block_1_46' title="bbox 1138 411 2457 530">
    <p class='ocr_par' dir='ltr' id='par_1_46' title="bbox 1138 411 2457 530">
     <span class='ocr_line' id='line_1_46' title="bbox 1138 411 2457 530; baseline -0.006 -22"><span class='ocrx_word' id='word_1_306' title='bbox 1138 453 1266 508; x_wconf 76' lang='lat' dir='ltr'><strong>LIB.</strong></span> <span class='ocrx_word' id='word_1_307' title='bbox 1309 452 1398 506; x_wconf 60' lang='lat' dir='ltr'><strong>DIE</strong></span> <span class='ocrx_word' id='word_1_308' title='bbox 1434 451 1488 507; x_wconf 89' lang='lat' dir='ltr'><strong>S.</strong></span> <span class='ocrx_word' id='word_1_309' title='bbox 1532 411 1830 530; x_wconf 25' lang='lat' dir='ltr'><strong>ANSE‘LIII</strong></span> <span class='ocrx_word' id='word_1_310' title='bbox 1861 445 2457 503; x_wconf 75' lang='lat' dir='ltr'><strong>SIMILI&#39;I&#39;UDINIBUS.</strong></span> 
     </span>
    </p>
   </div>
   <div class='ocr_carea' id='block_1_47' title="bbox 3259 439 3365 495">
    <p class='ocr_par' dir='ltr' id='par_1_47' title="bbox 3259 439 3365 495">
     <span class='ocr_line' id='line_1_47' title="bbox 3259 439 3365 495; baseline 0.009 -1"><span class='ocrx_word' id='word_1_311' title='bbox 3259 439 3365 495; x_wconf 68' lang='lat'><strong>702</strong></span> 
     </span>
    </p>
   </div>
   <div class='ocr_carea' id='block_1_48' title="bbox 2338 558 2810 616">
    <p class='ocr_par' dir='ltr' id='par_1_48' title="bbox 2338 558 2810 616">
     <span class='ocr_line' id='line_1_48' title="bbox 2338 558 2810 616; baseline -0.013 0"><span class='ocrx_word' id='word_1_312' title='bbox 2338 558 2566 616; x_wconf 84' lang='lat' dir='ltr'><strong>CAPUT</strong></span> <span class='ocrx_word' id='word_1_313' title='bbox 2611 558 2810 614; x_wconf 78' lang='lat' dir='ltr'><strong>CXCII.</strong></span> 
     </span>
    </p>
   </div>
   <div class='ocr_carea' id='block_1_49' title="bbox 2279 652 2864 717">
    <p class='ocr_par' dir='ltr' id='par_1_49' title="bbox 2279 652 2864 717">
     <span class='ocr_line' id='line_1_49' title="bbox 2279 652 2864 717; baseline -0.01 -10"><span class='ocrx_word' id='word_1_314' title='bbox 2279 653 2357 706; x_wconf 83' lang='lat' dir='ltr'><strong>De</strong></span> <span class='ocrx_word' id='word_1_315' title='bbox 2398 653 2561 706; x_wconf 71' lang='lat' dir='ltr'><strong>verbis</strong></span> <span class='ocrx_word' id='word_1_316' title='bbox 2615 652 2864 717; x_wconf 64' lang='lat' dir='ltr'><strong>defuncti.</strong></span> 
     </span>
    </p>
   </div>
   <div class='ocr_carea' id='block_1_50' title="bbox 1873 733 3361 800">
    <p class='ocr_par' dir='ltr' id='par_1_50' title="bbox 1873 733 3361 800">
     <span class='ocr_line' id='line_1_50' title="bbox 1873 733 3361 800; baseline -0.008 -2"><span class='ocrx_word' id='word_1_317' title='bbox 1873 743 2032 798; x_wconf 74' lang='lat' dir='ltr'><strong>verba</strong></span> <span class='ocrx_word' id='word_1_318' title='bbox 2081 741 2318 796; x_wconf 89' lang='lat' dir='ltr'><strong>defuncti</strong></span> <span class='ocrx_word' id='word_1_319' title='bbox 2351 739 2578 794; x_wconf 88' lang='lat' dir='ltr'><strong>Osberui</strong></span> <span class='ocrx_word' id='word_1_320' title='bbox 2626 737 2909 800; x_wconf 82' lang='lat' dir='ltr'><strong>monachi,</strong></span> <span class='ocrx_word' id='word_1_321' title='bbox 2953 734 3019 790; x_wconf 88' lang='lat' dir='ltr'><strong>ad</strong></span> <span class='ocrx_word' id='word_1_322' title='bbox 3049 733 3361 789; x_wconf 77' lang='lat' dir='ltr'><strong>AnSelmum</strong></span> 
     </span>
    </p>
   </div>
   <div class='ocr_carea' id='block_1_51' title="bbox 1787 825 3361 902">
    <p class='ocr_par' dir='ltr' id='par_1_51' title="bbox 1787 825 3361 902">
     <span class='ocr_line' id='line_1_51' title="bbox 1787 825 3361 902; baseline -0.007 -16"><span class='ocrx_word' id='word_1_323' title='bbox 1787 833 1840 886; x_wconf 89' lang='lat' dir='ltr'><strong>in</strong></span> <span class='ocrx_word' id='word_1_324' title='bbox 1871 833 2058 902; x_wconf 85' lang='lat' dir='ltr'><strong>spiritu</strong></span> <span class='ocrx_word' id='word_1_325' title='bbox 2089 830 2267 885; x_wconf 84' lang='lat' dir='ltr'><strong>delata</strong></span> <span class='ocrx_word' id='word_1_326' title='bbox 2316 838 2371 884; x_wconf 88' lang='lat' dir='ltr'><strong>et</strong></span> <span class='ocrx_word' id='word_1_327' title='bbox 2417 829 2484 883; x_wconf 84' lang='lat' dir='ltr'><strong>ab</strong></span> <span class='ocrx_word' id='word_1_328' title='bbox 2529 829 2714 882; x_wconf 90' lang='lat' dir='ltr'><strong>eodem</strong></span> <span class='ocrx_word' id='word_1_329' title='bbox 2739 826 2993 881; x_wconf 85' lang='lat' dir='ltr'><strong>Anselmo</strong></span> <span class='ocrx_word' id='word_1_330' title='bbox 3022 825 3361 894; x_wconf 86' lang='lat' dir='ltr'><strong>postmodum</strong></span> 
     </span>
    </p>
   </div>
   <div class='ocr_carea' id='block_1_52' title="bbox 1785 914 3364 990">
    <p class='ocr_par' dir='ltr' id='par_1_52' title="bbox 1785 914 3364 990">
     <span class='ocr_line' id='line_1_52' title="bbox 1785 914 3364 990; baseline -0.004 -15"><span class='ocrx_word' id='word_1_331' title='bbox 1785 922 2026 990; x_wconf 82' lang='lat' dir='ltr'><strong>exposita</strong></span> <span class='ocrx_word' id='word_1_332' title='bbox 2054 939 2066 972; x_wconf 86' lang='lat'><strong>:</strong></span> <span class='ocrx_word' id='word_1_333' title='bbox 2100 917 2228 984; x_wconf 89' lang='lat' dir='ltr'><strong>Ter,</strong></span> <span class='ocrx_word' id='word_1_334' title='bbox 2273 919 2448 988; x_wconf 87' lang='lat' dir='ltr'><strong>inquit</strong></span> <span class='ocrx_word' id='word_1_335' title='bbox 2501 915 2590 972; x_wconf 91' lang='lat' dir='ltr'><strong>ille</strong></span> <span class='ocrx_word' id='word_1_336' title='bbox 2626 915 2939 981; x_wconf 87' lang='lat' dir='ltr'><strong>defunctus,</strong></span> <span class='ocrx_word' id='word_1_337' title='bbox 2970 914 3224 983; x_wconf 87' lang='lat' dir='ltr'><strong>antiquus</strong></span> <span class='ocrx_word' id='word_1_338' title='bbox 3247 929 3364 968; x_wconf 87' lang='lat' dir='ltr'><strong>ser-</strong></span> 
     </span>
    </p>
   </div>
   <div class='ocr_carea' id='block_1_53' title="bbox 1785 1007 3357 1082">
    <p class='ocr_par' dir='ltr' id='par_1_53' title="bbox 1785 1007 3357 1082">
     <span class='ocr_line' id='line_1_53' title="bbox 1785 1007 3357 1082; baseline -0.005 -16"><span class='ocrx_word' id='word_1_339' title='bbox 1785 1029 1919 1082; x_wconf 87' lang='lat' dir='ltr'><strong>pens</strong></span> <span class='ocrx_word' id='word_1_340' title='bbox 1950 1012 2242 1068; x_wconf 82' lang='lat' dir='ltr'><strong>insurrexit</strong></span> <span class='ocrx_word' id='word_1_341' title='bbox 2298 1011 2351 1065; x_wconf 91' lang='lat' dir='ltr'><strong>in</strong></span> <span class='ocrx_word' id='word_1_342' title='bbox 2402 1023 2520 1074; x_wconf 88' lang='lat' dir='ltr'><strong>me,</strong></span> <span class='ocrx_word' id='word_1_343' title='bbox 2549 1008 2646 1064; x_wconf 90' lang='lat' dir='ltr'><strong>sed</strong></span> <span class='ocrx_word' id='word_1_344' title='bbox 2696 1007 2948 1062; x_wconf 88' lang='lat' dir='ltr'><strong>Ursarius</strong></span> <span class='ocrx_word' id='word_1_345' title='bbox 3010 1007 3210 1060; x_wconf 88' lang='lat' dir='ltr'><strong>domini</strong></span> <span class='ocrx_word' id='word_1_346' title='bbox 3253 1007 3357 1060; x_wconf 90' lang='lat' dir='ltr'><strong>mei</strong></span> 
     </span>
    </p>
   </div>
   <div class='ocr_carea' id='block_1_54' title="bbox 1786 1095 3359 1168">
    <p class='ocr_par' dir='ltr' id='par_1_54' title="bbox 1786 1095 3359 1168">
     <span class='ocr_line' id='line_1_54' title="bbox 1786 1095 3359 1168; baseline -0.004 -12"><span class='ocrx_word' id='word_1_347' title='bbox 1786 1103 2034 1157; x_wconf 87' lang='lat' dir='ltr'><strong>liberavit</strong></span> <span class='ocrx_word' id='word_1_348' title='bbox 2067 1117 2152 1157; x_wconf 92' lang='lat' dir='ltr'><strong>me</strong></span> <span class='ocrx_word' id='word_1_349' title='bbox 2177 1119 2193 1168; x_wconf 89' lang='lat'><strong>;</strong></span> <span class='ocrx_word' id='word_1_350' title='bbox 2217 1101 2332 1155; x_wconf 83' lang='lat' dir='ltr'><strong>haec</strong></span> <span class='ocrx_word' id='word_1_351' title='bbox 2362 1099 2569 1166; x_wconf 90' lang='lat' dir='ltr'><strong>dicens,</strong></span> <span class='ocrx_word' id='word_1_352' title='bbox 2603 1098 2840 1152; x_wconf 89' lang='lat' dir='ltr'><strong>evanuit.</strong></span> <span class='ocrx_word' id='word_1_353' title='bbox 2887 1095 3208 1150; x_wconf 90' lang='lat' dir='ltr'><strong>Benedictus</strong></span> <span class='ocrx_word' id='word_1_354' title='bbox 3229 1110 3359 1150; x_wconf 87' lang='lat' dir='ltr'><strong>vero</strong></span> 
     </span>
    </p>
   </div>
   <div class='ocr_carea' id='block_1_55' title="bbox 1783 1185 3359 1258">
    <p class='ocr_par' dir='ltr' id='par_1_55' title="bbox 1783 1185 3359 1258">
     <span class='ocr_line' id='line_1_55' title="bbox 1783 1185 3359 1258; baseline -0.005 -12"><span class='ocrx_word' id='word_1_355' title='bbox 1783 1193 1946 1246; x_wconf 83' lang='lat' dir='ltr'><strong>Pater</strong></span> <span class='ocrx_word' id='word_1_356' title='bbox 1971 1200 2155 1246; x_wconf 85' lang='lat' dir='ltr'><strong>noster</strong></span> <span class='ocrx_word' id='word_1_357' title='bbox 2179 1191 2440 1246; x_wconf 91' lang='lat' dir='ltr'><strong>visionem</strong></span> <span class='ocrx_word' id='word_1_358' title='bbox 2470 1187 2617 1243; x_wconf 86' lang='lat' dir='ltr'><strong>illam</strong></span> <span class='ocrx_word' id='word_1_359' title='bbox 2656 1185 3067 1258; x_wconf 76' lang='lat' dir='ltr'><strong>expergefacuts</strong></span> <span class='ocrx_word' id='word_1_360' title='bbox 3108 1198 3138 1236; x_wconf 91' lang='lat' dir='ltr'><strong>a</strong></span> <span class='ocrx_word' id='word_1_361' title='bbox 3168 1199 3359 1238; x_wconf 89' lang='lat' dir='ltr'><strong>somno</strong></span> 
     </span>
    </p>
   </div>
   <div class='ocr_carea' id='block_1_56' title="bbox 1786 1275 3360 1358">
    <p class='ocr_par' dir='ltr' id='par_1_56' title="bbox 1786 1275 3360 1358">
     <span class='ocr_line' id='line_1_56' title="bbox 1786 1275 3360 1358; baseline -0.007 -19"><span class='ocrx_word' id='word_1_362' title='bbox 1786 1285 1850 1339; x_wconf 90' lang='lat' dir='ltr'><strong>ad</strong></span> <span class='ocrx_word' id='word_1_363' title='bbox 1885 1284 2197 1358; x_wconf 86' lang='lat' dir='ltr'><strong>memoriam</strong></span> <span class='ocrx_word' id='word_1_364' title='bbox 2229 1297 2489 1338; x_wconf 85' lang='lat' dir='ltr'><strong>revocans</strong></span> <span class='ocrx_word' id='word_1_365' title='bbox 2519 1297 2583 1335; x_wconf 92' lang='lat' dir='ltr'><strong>ac</strong></span> <span class='ocrx_word' id='word_1_366' title='bbox 2606 1279 2813 1350; x_wconf 82' lang='lat' dir='ltr'><strong>singula</strong></span> <span class='ocrx_word' id='word_1_367' title='bbox 2840 1278 3160 1349; x_wconf 84' lang='lat' dir='ltr'><strong>prepensius</strong></span> <span class='ocrx_word' id='word_1_368' title='bbox 3191 1275 3360 1346; x_wconf 86' lang='lat' dir='ltr'><strong>inspi-</strong></span> 
     </span>
    </p>
   </div>
   <div class='ocr_carea' id='block_1_57' title="bbox 1785 1367 3358 1444">
    <p class='ocr_par' dir='ltr' id='par_1_57' title="bbox 1785 1367 3358 1444">
     <span class='ocr_line' id='line_1_57' title="bbox 1785 1367 3358 1444; baseline -0.008 -15"><span class='ocrx_word' id='word_1_369' title='bbox 1785 1377 2198 1444; x_wconf 86' lang='lat' dir='ltr'><strong>eieus,quando</strong></span> <span class='ocrx_word' id='word_1_370' title='bbox 2236 1382 2290 1428; x_wconf 88' lang='lat' dir='ltr'><strong>et</strong></span> <span class='ocrx_word' id='word_1_371' title='bbox 2334 1373 2531 1442; x_wconf 88' lang='lat' dir='ltr'><strong>quibus</strong></span> <span class='ocrx_word' id='word_1_372' title='bbox 2579 1371 2735 1424; x_wconf 89' lang='lat' dir='ltr'><strong>libuit</strong></span> <span class='ocrx_word' id='word_1_373' title='bbox 2787 1370 2868 1424; x_wconf 88' lang='lat' dir='ltr'><strong>sic</strong></span> <span class='ocrx_word' id='word_1_374' title='bbox 2896 1385 3014 1423; x_wconf 90' lang='lat' dir='ltr'><strong>eam</strong></span> <span class='ocrx_word' id='word_1_375' title='bbox 3063 1367 3358 1437; x_wconf 77' lang='lat' dir='ltr'><strong>exposuit:</strong></span> 
     </span>
    </p>
   </div>
   <div class='ocr_carea' id='block_1_58' title="bbox 1783 1457 3361 1531">
    <p class='ocr_par' dir='ltr' id='par_1_58' title="bbox 1783 1457 3361 1531">
     <span class='ocr_line' id='line_1_58' title="bbox 1783 1457 3361 1531; baseline -0.006 -14"><span class='ocrx_word' id='word_1_376' title='bbox 1783 1463 1987 1530; x_wconf 87' lang='lat' dir='ltr'><strong>Primo,</strong></span> <span class='ocrx_word' id='word_1_377' title='bbox 2023 1463 2288 1531; x_wconf 87' lang='lat' dir='ltr'><strong>inquiens,</strong></span> <span class='ocrx_word' id='word_1_378' title='bbox 2318 1476 2414 1530; x_wconf 91' lang='lat' dir='ltr'><strong>pro</strong></span> <span class='ocrx_word' id='word_1_379' title='bbox 2441 1459 2678 1530; x_wconf 85' lang='lat' dir='ltr'><strong>peccatis</strong></span> <span class='ocrx_word' id='word_1_380' title='bbox 2703 1457 2898 1527; x_wconf 86' lang='lat' dir='ltr'><strong>quibus</strong></span> <span class='ocrx_word' id='word_1_381' title='bbox 2928 1458 3197 1526; x_wconf 77' lang='lat' dir='ltr'><strong>obligatus</strong></span> <span class='ocrx_word' id='word_1_382' title='bbox 3237 1464 3361 1508; x_wconf 87' lang='lat' dir='ltr'><strong>ante</strong></span> 
     </span>
    </p>
   </div>
   <div class='ocr_carea' id='block_1_59' title="bbox 1781 1549 3360 1623">
    <p class='ocr_par' dir='ltr' id='par_1_59' title="bbox 1781 1549 3360 1623">
     <span class='ocr_line' id='line_1_59' title="bbox 1781 1549 3360 1623; baseline -0.008 -14"><span class='ocrx_word' id='word_1_383' title='bbox 1781 1555 2106 1623; x_wconf 77' lang='lat' dir='ltr'><strong>baptismum</strong></span> <span class='ocrx_word' id='word_1_384' title='bbox 2137 1551 2339 1614; x_wconf 90' lang='lat' dir='ltr'><strong>fuerat,</strong></span> <span class='ocrx_word' id='word_1_385' title='bbox 2373 1551 2424 1604; x_wconf 91' lang='lat' dir='ltr'><strong>in</strong></span> <span class='ocrx_word' id='word_1_386' title='bbox 2462 1566 2583 1603; x_wconf 90' lang='lat' dir='ltr'><strong>eum</strong></span> <span class='ocrx_word' id='word_1_387' title='bbox 2612 1549 2975 1603; x_wconf 71' lang='lat' dir='ltr'><strong>insui-rexisse</strong></span> <span class='ocrx_word' id='word_1_388' title='bbox 3021 1550 3229 1602; x_wconf 86' lang='lat' dir='ltr'><strong>hostem</strong></span> <span class='ocrx_word' id='word_1_389' title='bbox 3259 1562 3360 1604; x_wconf 66' lang='lat' dir='ltr'><strong>an~,</strong></span> 
     </span>
    </p>
   </div>
   <div class='ocr_carea' id='block_1_60' title="bbox 1786 1629 3362 1716">
    <p class='ocr_par' dir='ltr' id='par_1_60' title="bbox 1786 1629 3362 1716">
     <span class='ocr_line' id='line_1_60' title="bbox 1786 1629 3362 1716; baseline -0.006 -17"><span class='ocrx_word' id='word_1_390' title='bbox 1786 1648 2024 1716; x_wconf 90' lang='lat' dir='ltr'><strong>tiquum;</strong></span> <span class='ocrx_word' id='word_1_391' title='bbox 2053 1644 2290 1699; x_wconf 85' lang='lat' dir='ltr'><strong>secundo</strong></span> <span class='ocrx_word' id='word_1_392' title='bbox 2314 1683 2329 1706; x_wconf 91' lang='lat'><strong>,</strong></span> <span class='ocrx_word' id='word_1_393' title='bbox 2366 1657 2462 1712; x_wconf 85' lang='lat' dir='ltr'><strong>pro</strong></span> <span class='ocrx_word' id='word_1_394' title='bbox 2503 1629 2752 1712; x_wconf 84' lang='lat' dir='ltr'><strong>peccatis</strong></span> <span class='ocrx_word' id='word_1_395' title='bbox 2794 1657 2913 1710; x_wconf 69' lang='lat' dir='ltr'><strong>qua-</strong></span> <span class='ocrx_word' id='word_1_396' title='bbox 2941 1638 3068 1694; x_wconf 82' lang='lat' dir='ltr'><strong>fecit</strong></span> <span class='ocrx_word' id='word_1_397' title='bbox 3096 1649 3219 1708; x_wconf 90' lang='lat' dir='ltr'><strong>post</strong></span> <span class='ocrx_word' id='word_1_398' title='bbox 3261 1637 3362 1691; x_wconf 88' lang='lat' dir='ltr'><strong>ba-</strong></span> 
     </span>
    </p>
   </div>
   <div class='ocr_carea' id='block_1_61' title="bbox 1784 1721 3360 1807">
    <p class='ocr_par' dir='ltr' id='par_1_61' title="bbox 1784 1721 3360 1807">
     <span class='ocr_line' id='line_1_61' title="bbox 1784 1721 3360 1807; baseline -0.006 -17"><span class='ocrx_word' id='word_1_399' title='bbox 1784 1736 2058 1807; x_wconf 54' lang='lat' dir='ltr'><strong>ptismatis</strong></span> <span class='ocrx_word' id='word_1_400' title='bbox 2087 1721 2514 1800; x_wconf 83' lang='lat' dir='ltr'><strong>sacramentum,</strong></span> <span class='ocrx_word' id='word_1_401' title='bbox 2566 1741 2691 1786; x_wconf 87' lang='lat' dir='ltr'><strong>ante</strong></span> <span class='ocrx_word' id='word_1_402' title='bbox 2723 1731 3144 1802; x_wconf 72' lang='lat' dir='ltr'><strong>professionem&#39;</strong></span> <span class='ocrx_word' id='word_1_403' title='bbox 3176 1730 3360 1792; x_wconf 89' lang='lat' dir='ltr'><strong>tertio,</strong></span> 
     </span>
    </p>
   </div>
   <div class='ocr_carea' id='block_1_62' title="bbox 1786 1820 3358 1898">
    <p class='ocr_par' dir='ltr' id='par_1_62' title="bbox 1786 1820 3358 1898">
     <span class='ocr_line' id='line_1_62' title="bbox 1786 1820 3358 1898; baseline -0.006 -17"><span class='ocrx_word' id='word_1_404' title='bbox 1786 1843 1884 1898; x_wconf 91' lang='lat' dir='ltr'><strong>pro</strong></span> <span class='ocrx_word' id='word_1_405' title='bbox 1912 1828 2016 1883; x_wconf 89' lang='lat' dir='ltr'><strong>illis</strong></span> <span class='ocrx_word' id='word_1_406' title='bbox 2045 1843 2164 1898; x_wconf 78' lang='lat' dir='ltr'><strong>quze</strong></span> <span class='ocrx_word' id='word_1_407' title='bbox 2206 1825 2336 1881; x_wconf 87' lang='lat' dir='ltr'><strong>fecit</strong></span> <span class='ocrx_word' id='word_1_408' title='bbox 2368 1833 2491 1896; x_wconf 85' lang='lat' dir='ltr'><strong>post</strong></span> <span class='ocrx_word' id='word_1_409' title='bbox 2537 1823 2947 1893; x_wconf 78' lang='lat' dir='ltr'><strong>professionem,</strong></span> <span class='ocrx_word' id='word_1_410' title='bbox 2980 1830 3103 1875; x_wconf 91' lang='lat' dir='ltr'><strong>ante</strong></span> <span class='ocrx_word' id='word_1_411' title='bbox 3134 1820 3358 1875; x_wconf 89' lang='lat' dir='ltr'><strong>obitmn.</strong></span> 
     </span>
    </p>
   </div>
   <div class='ocr_carea' id='block_1_63' title="bbox 1716 1897 3361 1990">
    <p class='ocr_par' dir='ltr' id='par_1_63' title="bbox 1716 1897 3361 1990">
     <span class='ocr_line' id='line_1_63' title="bbox 1716 1897 3361 1990; baseline -0.004 -17"><span class='ocrx_word' id='word_1_412' title='bbox 1716 1897 1756 1954; x_wconf 68' lang='grc' dir='ltr'><strong>Β</strong></span> <span class='ocrx_word' id='word_1_413' title='bbox 1786 1919 1892 1974; x_wconf 87' lang='lat' dir='ltr'><strong>Sed</strong></span> <span class='ocrx_word' id='word_1_414' title='bbox 1922 1929 2006 1974; x_wconf 90' lang='lat' dir='ltr'><strong>ter</strong></span> <span class='ocrx_word' id='word_1_415' title='bbox 2032 1919 2253 1983; x_wconf 87' lang='lat' dir='ltr'><strong>cecidit;</strong></span> <span class='ocrx_word' id='word_1_416' title='bbox 2279 1924 2496 1987; x_wconf 87' lang='lat' dir='ltr'><strong>peccata</strong></span> <span class='ocrx_word' id='word_1_417' title='bbox 2525 1916 2666 1970; x_wconf 91' lang='lat' dir='ltr'><strong>enim</strong></span> <span class='ocrx_word' id='word_1_418' title='bbox 2689 1914 2883 1990; x_wconf 88' lang='lat' dir='ltr'><strong>quibus</strong></span> <span class='ocrx_word' id='word_1_419' title='bbox 2914 1914 3168 1968; x_wconf 88' lang='lat' dir='ltr'><strong>astrictus</strong></span> <span class='ocrx_word' id='word_1_420' title='bbox 3188 1911 3361 1966; x_wconf 88' lang='lat' dir='ltr'><strong>fuerat</strong></span> 
     </span>
    </p>
   </div>
   <div class='ocr_carea' id='block_1_64' title="bbox 1779 2001 3360 2079">
    <p class='ocr_par' dir='ltr' id='par_1_64' title="bbox 1779 2001 3360 2079">
     <span class='ocr_line' id='line_1_64' title="bbox 1779 2001 3360 2079; baseline -0.004 -17"><span class='ocrx_word' id='word_1_421' title='bbox 1779 2017 1905 2063; x_wconf 88' lang='lat' dir='ltr'><strong>ante</strong></span> <span class='ocrx_word' id='word_1_422' title='bbox 1941 2007 2284 2079; x_wconf 88' lang='lat' dir='ltr'><strong>baptismum,</strong></span> <span class='ocrx_word' id='word_1_423' title='bbox 2324 2005 2427 2060; x_wconf 89' lang='lat' dir='ltr'><strong>fide</strong></span> <span class='ocrx_word' id='word_1_424' title='bbox 2473 2014 2758 2074; x_wconf 89' lang='lat' dir='ltr'><strong>parentum</strong></span> <span class='ocrx_word' id='word_1_425' title='bbox 2804 2004 2856 2059; x_wconf 93' lang='lat' dir='ltr'><strong>in</strong></span> <span class='ocrx_word' id='word_1_426' title='bbox 2908 2004 3025 2072; x_wconf 90' lang='lat' dir='ltr'><strong>ipso</strong></span> <span class='ocrx_word' id='word_1_427' title='bbox 3053 2001 3145 2033; x_wconf 63' lang='grc'><strong>¹⁰⁸⁸</strong></span> <span class='ocrx_word' id='word_1_428' title='bbox 3178 2016 3360 2058; x_wconf 87' lang='lat' dir='ltr'><strong>sacra-</strong></span> 
     </span>
    </p>
   </div>
   <div class='ocr_carea' id='block_1_65' title="bbox 1779 2090 3356 2162">
    <p class='ocr_par' dir='ltr' id='par_1_65' title="bbox 1779 2090 3356 2162">
     <span class='ocr_line' id='line_1_65' title="bbox 1779 2090 3356 2162; baseline -0.005 -10"><span class='ocrx_word' id='word_1_429' title='bbox 1779 2097 1963 2154; x_wconf 85' lang='lat' dir='ltr'><strong>mento</strong></span> <span class='ocrx_word' id='word_1_430' title='bbox 2011 2099 2217 2160; x_wconf 88' lang='lat' dir='ltr'><strong>delata,</strong></span> <span class='ocrx_word' id='word_1_431' title='bbox 2250 2096 2495 2151; x_wconf 84' lang='lat' dir='ltr'><strong>diabolus</strong></span> <span class='ocrx_word' id='word_1_432' title='bbox 2543 2095 2764 2152; x_wconf 87' lang='lat' dir='ltr'><strong>invenit.</strong></span> <span class='ocrx_word' id='word_1_433' title='bbox 2795 2094 2886 2148; x_wconf 87' lang='lat' dir='ltr'><strong>Illa</strong></span> <span class='ocrx_word' id='word_1_434' title='bbox 2916 2095 3080 2149; x_wconf 89' lang='lat' dir='ltr'><strong>etiam</strong></span> <span class='ocrx_word' id='word_1_435' title='bbox 3128 2107 3248 2162; x_wconf 77' lang='lat' dir='ltr'><strong>qua:</strong></span> <span class='ocrx_word' id='word_1_436' title='bbox 3303 2090 3356 2144; x_wconf 92' lang='lat' dir='ltr'><strong>iu</strong></span> 
     </span>
    </p>
   </div>
   <div class='ocr_carea' id='block_1_66' title="bbox 1779 2183 3360 2260">
    <p class='ocr_par' dir='ltr' id='par_1_66' title="bbox 1779 2183 3360 2260">
     <span class='ocr_line' id='line_1_66' title="bbox 1779 2183 3360 2260; baseline -0.006 -16"><span class='ocrx_word' id='word_1_437' title='bbox 1779 2189 1978 2244; x_wconf 65' lang='lat' dir='ltr'><strong>saeculo</strong></span> <span class='ocrx_word' id='word_1_438' title='bbox 2009 2189 2090 2243; x_wconf 88' lang='lat' dir='ltr'><strong>vel</strong></span> <span class='ocrx_word' id='word_1_439' title='bbox 2139 2191 2190 2242; x_wconf 92' lang='lat' dir='ltr'><strong>in</strong></span> <span class='ocrx_word' id='word_1_440' title='bbox 2238 2187 2568 2242; x_wconf 87' lang='lat' dir='ltr'><strong>monasterio</strong></span> <span class='ocrx_word' id='word_1_441' title='bbox 2627 2193 2754 2240; x_wconf 88' lang='lat' dir='ltr'><strong>ante</strong></span> <span class='ocrx_word' id='word_1_442' title='bbox 2794 2183 3181 2256; x_wconf 87' lang='lat' dir='ltr'><strong>professionem</strong></span> <span class='ocrx_word' id='word_1_443' title='bbox 3212 2196 3360 2260; x_wconf 82' lang='lat' dir='ltr'><strong>com-</strong></span> 
     </span>
    </p>
   </div>
   <div class='ocr_carea' id='block_1_67' title="bbox 1779 2271 3357 2357">
    <p class='ocr_par' dir='ltr' id='par_1_67' title="bbox 1779 2271 3357 2357">
     <span class='ocr_line' id='line_1_67' title="bbox 1779 2271 3357 2357; baseline -0.006 -24"><span class='ocrx_word' id='word_1_444' title='bbox 1779 2279 1951 2342; x_wconf 90' lang='lat' dir='ltr'><strong>misit,</strong></span> <span class='ocrx_word' id='word_1_445' title='bbox 1981 2281 2032 2333; x_wconf 93' lang='lat' dir='ltr'><strong>in</strong></span> <span class='ocrx_word' id='word_1_446' title='bbox 2073 2279 2185 2357; x_wconf 75' lang='lat' dir='ltr'><strong>ipsa</strong></span> <span class='ocrx_word' id='word_1_447' title='bbox 2218 2277 2554 2349; x_wconf 85' lang='lat' dir='ltr'><strong>professione</strong></span> <span class='ocrx_word' id='word_1_448' title='bbox 2595 2275 2891 2331; x_wconf 87' lang='lat' dir='ltr'><strong>monastica</strong></span> <span class='ocrx_word' id='word_1_449' title='bbox 2933 2288 3086 2343; x_wconf 49' lang='lat' dir='ltr'><strong>atque</strong></span> <span class='ocrx_word' id='word_1_450' title='bbox 3129 2271 3357 2334; x_wconf 87' lang='lat' dir='ltr'><strong>abolita,</strong></span> 
     </span>
    </p>
   </div>
   <div class='ocr_carea' id='block_1_68' title="bbox 1778 2362 3359 2442">
    <p class='ocr_par' dir='ltr' id='par_1_68' title="bbox 1778 2362 3359 2442">
     <span class='ocr_line' id='line_1_68' title="bbox 1778 2362 3359 2442; baseline -0.006 -15"><span class='ocrx_word' id='word_1_451' title='bbox 1778 2387 2001 2442; x_wconf 90' lang='lat' dir='ltr'><strong>serpens</strong></span> <span class='ocrx_word' id='word_1_452' title='bbox 2022 2371 2112 2426; x_wconf 91' lang='lat' dir='ltr'><strong>ille</strong></span> <span class='ocrx_word' id='word_1_453' title='bbox 2153 2371 2408 2440; x_wconf 88' lang='lat' dir='ltr'><strong>antiquus</strong></span> <span class='ocrx_word' id='word_1_454' title='bbox 2433 2368 2654 2439; x_wconf 90' lang='lat' dir='ltr'><strong>reperit.</strong></span> <span class='ocrx_word' id='word_1_455' title='bbox 2681 2366 2812 2434; x_wconf 70' lang='lat' dir='ltr'><strong>Qua:</strong></span> <span class='ocrx_word' id='word_1_456' title='bbox 2837 2380 2967 2422; x_wconf 88' lang='lat' dir='ltr'><strong>vero</strong></span> <span class='ocrx_word' id='word_1_457' title='bbox 2991 2371 3111 2434; x_wconf 90' lang='lat' dir='ltr'><strong>post</strong></span> <span class='ocrx_word' id='word_1_458' title='bbox 3154 2362 3359 2432; x_wconf 76' lang='lat' dir='ltr'><strong>profes-</strong></span> 
     </span>
    </p>
   </div>
   <div class='ocr_carea' id='block_1_69' title="bbox 1777 2457 3359 2530">
    <p class='ocr_par' dir='ltr' id='par_1_69' title="bbox 1777 2457 3359 2530">
     <span class='ocr_line' id='line_1_69' title="bbox 1777 2457 3359 2530; baseline -0.007 -12"><span class='ocrx_word' id='word_1_459' title='bbox 1777 2464 1984 2518; x_wconf 86' lang='lat' dir='ltr'><strong>sionem</strong></span> <span class='ocrx_word' id='word_1_460' title='bbox 2029 2463 2175 2530; x_wconf 91' lang='lat' dir='ltr'><strong>fecit,</strong></span> <span class='ocrx_word' id='word_1_461' title='bbox 2225 2477 2350 2516; x_wconf 86' lang='lat' dir='ltr'><strong>vera</strong></span> <span class='ocrx_word' id='word_1_462' title='bbox 2400 2459 2739 2516; x_wconf 90' lang='lat' dir='ltr'><strong>confessione</strong></span> <span class='ocrx_word' id='word_1_463' title='bbox 2778 2468 2905 2514; x_wconf 90' lang='lat' dir='ltr'><strong>aute</strong></span> <span class='ocrx_word' id='word_1_464' title='bbox 2943 2457 3147 2512; x_wconf 90' lang='lat' dir='ltr'><strong>obitum</strong></span> <span class='ocrx_word' id='word_1_465' title='bbox 3170 2471 3359 2509; x_wconf 81' lang='lat' dir='ltr'><strong>mona—</strong></span> 
     </span>
    </p>
   </div>
   <div class='ocr_carea' id='block_1_70' title="bbox 1776 2535 3434 2609">
    <p class='ocr_par' dir='ltr' id='par_1_70' title="bbox 1776 2535 3434 2609">
     <span class='ocr_line' id='line_1_70' title="bbox 1776 2535 3434 2609; baseline -0.007 0"><span class='ocrx_word' id='word_1_466' title='bbox 1776 2556 1912 2609; x_wconf 90' lang='lat' dir='ltr'><strong>chus</strong></span> <span class='ocrx_word' id='word_1_467' title='bbox 1961 2554 2047 2609; x_wconf 92' lang='lat' dir='ltr'><strong>ille</strong></span> <span class='ocrx_word' id='word_1_468' title='bbox 2098 2553 2312 2608; x_wconf 81' lang='lat' dir='ltr'><strong>delevit.</strong></span> <span class='ocrx_word' id='word_1_469' title='bbox 2372 2551 2476 2607; x_wconf 86' lang='lat' dir='ltr'><strong>Per</strong></span> <span class='ocrx_word' id='word_1_470' title='bbox 2527 2551 2675 2605; x_wconf 92' lang='lat' dir='ltr'><strong>illum</strong></span> <span class='ocrx_word' id='word_1_471' title='bbox 2734 2548 3009 2604; x_wconf 89' lang='lat' dir='ltr'><strong>dominttm</strong></span> <span class='ocrx_word' id='word_1_472' title='bbox 3065 2545 3348 2602; x_wconf 86' lang='lat' dir='ltr'><strong>Ursarium</strong></span> <span class='ocrx_word' id='word_1_473' title='bbox 3423 2535 3434 2550; x_wconf 85' lang='grc'><em>’</em></span> 
     </span>
    </p>
   </div>
   <div class='ocr_carea' id='block_1_71' title="bbox 1775 2636 3360 2722">
    <p class='ocr_par' dir='ltr' id='par_1_71' title="bbox 1775 2636 3360 2722">
     <span class='ocr_line' id='line_1_71' title="bbox 1775 2636 3360 2722; baseline -0.005 -25"><span class='ocrx_word' id='word_1_474' title='bbox 1775 2644 2053 2714; x_wconf 85' lang='lat' dir='ltr'><strong>designari</strong></span> <span class='ocrx_word' id='word_1_475' title='bbox 2103 2644 2241 2697; x_wconf 83' lang='lat' dir='ltr'><strong>dixit</strong></span> <span class='ocrx_word' id='word_1_476' title='bbox 2281 2642 2544 2722; x_wconf 47' lang='lat' dir='ltr'><strong>ordinem.</strong></span> <span class='ocrx_word' id='word_1_477' title='bbox 2559 2640 2884 2711; x_wconf 84' lang='lat' dir='ltr'><strong>angelicum.</strong></span> <span class='ocrx_word' id='word_1_478' title='bbox 2918 2636 3074 2704; x_wconf 86' lang='lat' dir='ltr'><strong>Sicut</strong></span> <span class='ocrx_word' id='word_1_479' title='bbox 3101 2637 3243 2690; x_wconf 89' lang='lat' dir='ltr'><strong>enim</strong></span> <span class='ocrx_word' id='word_1_480' title='bbox 3272 2652 3360 2689; x_wconf 88' lang='lat' dir='ltr'><strong>ur-</strong></span> 
     </span>
    </p>
   </div>
   <div class='ocr_carea' id='block_1_72' title="bbox 1775 2725 3360 2802">
    <p class='ocr_par' dir='ltr' id='par_1_72' title="bbox 1775 2725 3360 2802">
     <span class='ocr_line' id='line_1_72' title="bbox 1775 2725 3360 2802; baseline -0.006 -13"><span class='ocrx_word' id='word_1_481' title='bbox 1775 2734 1904 2789; x_wconf 89' lang='lat' dir='ltr'><strong>sarii</strong></span> <span class='ocrx_word' id='word_1_482' title='bbox 1939 2748 2116 2797; x_wconf 89' lang='lat' dir='ltr'><strong>ursos,</strong></span> <span class='ocrx_word' id='word_1_483' title='bbox 2145 2733 2216 2786; x_wconf 87' lang='lat' dir='ltr'><strong>ita</strong></span> <span class='ocrx_word' id='word_1_484' title='bbox 2242 2731 2415 2802; x_wconf 86' lang='lat' dir='ltr'><strong>angeli</strong></span> <span class='ocrx_word' id='word_1_485' title='bbox 2439 2729 2661 2800; x_wconf 91' lang='lat' dir='ltr'><strong>spiritus</strong></span> <span class='ocrx_word' id='word_1_486' title='bbox 2689 2729 2954 2800; x_wconf 80' lang='lat' dir='ltr'><strong>malignos</strong></span> <span class='ocrx_word' id='word_1_487' title='bbox 2974 2742 3005 2780; x_wconf 87' lang='lat' dir='ltr'><strong>a</strong></span> <span class='ocrx_word' id='word_1_488' title='bbox 3031 2743 3124 2782; x_wconf 90' lang='lat' dir='ltr'><strong>sua</strong></span> <span class='ocrx_word' id='word_1_489' title='bbox 3155 2725 3360 2781; x_wconf 67' lang='lat' dir='ltr'><strong>saevitia</strong></span> 
     </span>
    </p>
   </div>
   <div class='ocr_carea' id='block_1_73' title="bbox 1774 2818 3357 2892">
    <p class='ocr_par' dir='ltr' id='par_1_73' title="bbox 1774 2818 3357 2892">
     <span class='ocr_line' id='line_1_73' title="bbox 1774 2818 3357 2892; baseline -0.004 -15"><span class='ocrx_word' id='word_1_490' title='bbox 1774 2832 2027 2877; x_wconf 87' lang='lat' dir='ltr'><strong>coercent</strong></span> <span class='ocrx_word' id='word_1_491' title='bbox 2068 2830 2124 2877; x_wconf 90' lang='lat' dir='ltr'><strong>et</strong></span> <span class='ocrx_word' id='word_1_492' title='bbox 2153 2822 2484 2892; x_wconf 85' lang='lat' dir='ltr'><strong>Opprimuut,</strong></span> <span class='ocrx_word' id='word_1_493' title='bbox 2521 2835 2587 2875; x_wconf 91' lang='lat' dir='ltr'><strong>ue</strong></span> <span class='ocrx_word' id='word_1_494' title='bbox 2618 2818 2773 2875; x_wconf 89' lang='lat' dir='ltr'><strong>nobis</strong></span> <span class='ocrx_word' id='word_1_495' title='bbox 2822 2829 3053 2873; x_wconf 88' lang='lat' dir='ltr'><strong>noceant</strong></span> <span class='ocrx_word' id='word_1_496' title='bbox 3096 2826 3357 2871; x_wconf 85' lang='lat' dir='ltr'><strong>ouantum</strong></span> 
     </span>
    </p>
   </div>
   <div class='ocr_carea' id='block_1_74' title="bbox 1774 2912 1977 2967">
    <p class='ocr_par' dir='ltr' id='par_1_74' title="bbox 1774 2912 1977 2967">
     <span class='ocr_line' id='line_1_74' title="bbox 1774 2912 1977 2967; baseline 0 0"><span class='ocrx_word' id='word_1_497' title='bbox 1774 2912 1977 2967; x_wconf 87' lang='lat' dir='ltr'><strong>volunt.</strong></span> 
     </span>
    </p>
   </div>
   <div class='ocr_carea' id='block_1_75' title="bbox 2329 3001 2799 3060">
    <p class='ocr_par' dir='ltr' id='par_1_75' title="bbox 2329 3001 2799 3060">
     <span class='ocr_line' id='line_1_75' title="bbox 2329 3001 2799 3060; baseline -0.002 -1"><span class='ocrx_word' id='word_1_498' title='bbox 2329 3004 2554 3060; x_wconf 82' lang='lat' dir='ltr'><strong>CAPUT</strong></span> <span class='ocrx_word' id='word_1_499' title='bbox 2577 3001 2799 3060; x_wconf 77' lang='lat' dir='ltr'><strong>CXCIII.</strong></span> 
     </span>
    </p>
   </div>
   <div class='ocr_carea' id='block_1_76' title="bbox 2301 3093 2815 3150">
    <p class='ocr_par' dir='ltr' id='par_1_76' title="bbox 2301 3093 2815 3150">
     <span class='ocr_line' id='line_1_76' title="bbox 2301 3093 2815 3150; baseline -0.008 0"><span class='ocrx_word' id='word_1_500' title='bbox 2301 3095 2602 3150; x_wconf 79' lang='lat' dir='ltr'><strong>Similitudo</strong></span> <span class='ocrx_word' id='word_1_501' title='bbox 2635 3093 2815 3147; x_wconf 75' lang='lat' dir='ltr'><strong>militis</strong></span> 
     </span>
    </p>
   </div>
   <div class='ocr_carea' id='block_1_77' title="bbox 1848 3205 3351 3279">
    <p class='ocr_par' dir='ltr' id='par_1_77' title="bbox 1848 3205 3351 3279">
     <span class='ocr_line' id='line_1_77' title="bbox 1848 3205 3351 3279; baseline -0.004 -13"><span class='ocrx_word' id='word_1_502' title='bbox 1848 3211 2002 3267; x_wconf 91' lang='lat' dir='ltr'><strong>Sicut</strong></span> <span class='ocrx_word' id='word_1_503' title='bbox 2040 3210 2196 3266; x_wconf 87' lang='lat' dir='ltr'><strong>miles</strong></span> <span class='ocrx_word' id='word_1_504' title='bbox 2227 3208 2538 3279; x_wconf 81' lang='lat' dir='ltr'><strong>temporalis</strong></span> <span class='ocrx_word' id='word_1_505' title='bbox 2562 3207 2728 3261; x_wconf 86' lang='lat' dir='ltr'><strong>armis</strong></span> <span class='ocrx_word' id='word_1_506' title='bbox 2765 3205 3003 3260; x_wconf 87' lang='lat' dir='ltr'><strong>munitus</strong></span> <span class='ocrx_word' id='word_1_507' title='bbox 3034 3215 3115 3261; x_wconf 89' lang='lat' dir='ltr'><strong>est</strong></span> <span class='ocrx_word' id='word_1_508' title='bbox 3157 3214 3351 3276; x_wconf 86' lang='lat' dir='ltr'><strong>tempo-</strong></span> 
     </span>
    </p>
   </div>
   <div class='ocr_carea' id='block_1_78' title="bbox 1775 3295 3357 3370">
    <p class='ocr_par' dir='ltr' id='par_1_78' title="bbox 1775 3295 3357 3370">
     <span class='ocr_line' id='line_1_78' title="bbox 1775 3295 3357 3370; baseline -0.004 -12"><span class='ocrx_word' id='word_1_509' title='bbox 1775 3302 2012 3368; x_wconf 87' lang='lat' dir='ltr'><strong>ralibus,</strong></span> <span class='ocrx_word' id='word_1_510' title='bbox 2059 3303 2139 3357; x_wconf 92' lang='lat' dir='ltr'><strong>sic</strong></span> <span class='ocrx_word' id='word_1_511' title='bbox 2174 3300 2328 3355; x_wconf 89' lang='lat' dir='ltr'><strong>miles</strong></span> <span class='ocrx_word' id='word_1_512' title='bbox 2360 3297 2657 3370; x_wconf 87' lang='lat' dir='ltr'><strong>spiritualis</strong></span> <span class='ocrx_word' id='word_1_513' title='bbox 2700 3295 2858 3352; x_wconf 87' lang='lat' dir='ltr'><strong>debet</strong></span> <span class='ocrx_word' id='word_1_514' title='bbox 2907 3297 3074 3351; x_wconf 88' lang='lat' dir='ltr'><strong>armis</strong></span> <span class='ocrx_word' id='word_1_515' title='bbox 3121 3297 3357 3353; x_wconf 89' lang='lat' dir='ltr'><strong>munitus</strong></span> 
     </span>
    </p>
   </div>
   <div class='ocr_carea' id='block_1_79' title="bbox 1774 3386 3354 3463">
    <p class='ocr_par' dir='ltr' id='par_1_79' title="bbox 1774 3386 3354 3463">
     <span class='ocr_line' id='line_1_79' title="bbox 1774 3386 3354 3463; baseline -0.004 -15"><span class='ocrx_word' id='word_1_516' title='bbox 1774 3409 1896 3448; x_wconf 87' lang='lat' dir='ltr'><strong>esse</strong></span> <span class='ocrx_word' id='word_1_517' title='bbox 1924 3392 2315 3463; x_wconf 87' lang='lat' dir='ltr'><strong>spiritualibus.</strong></span> <span class='ocrx_word' id='word_1_518' title='bbox 2342 3390 2688 3457; x_wconf 66' lang='lat' dir='ltr'><strong>Quaecunque</strong></span> <span class='ocrx_word' id='word_1_519' title='bbox 2713 3387 2856 3442; x_wconf 89' lang='lat' dir='ltr'><strong>enim</strong></span> <span class='ocrx_word' id='word_1_520' title='bbox 2884 3386 3036 3440; x_wconf 91' lang='lat' dir='ltr'><strong>militi</strong></span> <span class='ocrx_word' id='word_1_521' title='bbox 3077 3389 3354 3456; x_wconf 89' lang='lat' dir='ltr'><strong>temporali</strong></span> 
     </span>
    </p>
   </div>
   <div class='ocr_carea' id='block_1_80' title="bbox 1773 3479 3355 3547">
    <p class='ocr_par' dir='ltr' id='par_1_80' title="bbox 1773 3479 3355 3547">
     <span class='ocr_line' id='line_1_80' title="bbox 1773 3479 3355 3547; baseline -0.004 -6"><span class='ocrx_word' id='word_1_522' title='bbox 1773 3495 1960 3541; x_wconf 90' lang='lat' dir='ltr'><strong>contra</strong></span> <span class='ocrx_word' id='word_1_523' title='bbox 1992 3487 2202 3542; x_wconf 89' lang='lat' dir='ltr'><strong>hostem</strong></span> <span class='ocrx_word' id='word_1_524' title='bbox 2227 3482 2492 3538; x_wconf 88' lang='lat' dir='ltr'><strong>visibilem</strong></span> <span class='ocrx_word' id='word_1_525' title='bbox 2511 3489 2638 3535; x_wconf 90' lang='lat' dir='ltr'><strong>sunt</strong></span> <span class='ocrx_word' id='word_1_526' title='bbox 2661 3479 2967 3534; x_wconf 88' lang='lat' dir='ltr'><strong>necessaria</strong></span> <span class='ocrx_word' id='word_1_527' title='bbox 2987 3520 3001 3544; x_wconf 96' lang='lat'><strong>,</strong></span> <span class='ocrx_word' id='word_1_528' title='bbox 3029 3479 3143 3547; x_wconf 88' lang='lat' dir='ltr'><strong>ipsa</strong></span> <span class='ocrx_word' id='word_1_529' title='bbox 3167 3481 3355 3535; x_wconf 89' lang='lat' dir='ltr'><strong>eadem</strong></span> 
     </span>
    </p>
   </div>
   <div class='ocr_carea' id='block_1_81' title="bbox 1772 3571 3358 3650">
    <p class='ocr_par' dir='ltr' id='par_1_81' title="bbox 1772 3571 3358 3650">
     <span class='ocr_line' id='line_1_81' title="bbox 1772 3571 3358 3650; baseline -0.005 -16"><span class='ocrx_word' id='word_1_530' title='bbox 1772 3579 2123 3650; x_wconf 82' lang='lat' dir='ltr'><strong>Spiritualiter</strong></span> <span class='ocrx_word' id='word_1_531' title='bbox 2151 3577 2436 3638; x_wconf 84' lang='lat' dir='ltr'><strong>intellecta,</strong></span> <span class='ocrx_word' id='word_1_532' title='bbox 2462 3572 2728 3644; x_wconf 83' lang='lat' dir='ltr'><strong>spirituali</strong></span> <span class='ocrx_word' id='word_1_533' title='bbox 2753 3571 2905 3626; x_wconf 91' lang='lat' dir='ltr'><strong>militi</strong></span> <span class='ocrx_word' id='word_1_534' title='bbox 2929 3580 3116 3626; x_wconf 85' lang='lat' dir='ltr'><strong>contra</strong></span> <span class='ocrx_word' id='word_1_535' title='bbox 3147 3571 3358 3626; x_wconf 84' lang='lat' dir='ltr'><strong>hostem</strong></span> 
     </span>
    </p>
   </div>
   <div class='ocr_carea' id='block_1_82' title="bbox 1774 3663 3356 3738">
    <p class='ocr_par' dir='ltr' id='par_1_82' title="bbox 1774 3663 3356 3738">
     <span class='ocr_line' id='line_1_82' title="bbox 1774 3663 3356 3738; baseline -0.004 -15"><span class='ocrx_word' id='word_1_536' title='bbox 1774 3669 2095 3725; x_wconf 86' lang='lat' dir='ltr'><strong>iuvisibilem</strong></span> <span class='ocrx_word' id='word_1_537' title='bbox 2127 3680 2249 3724; x_wconf 90' lang='lat' dir='ltr'><strong>sunt</strong></span> <span class='ocrx_word' id='word_1_538' title='bbox 2291 3665 2723 3738; x_wconf 82' lang='lat' dir='ltr'><strong>pernecessaria.</strong></span> <span class='ocrx_word' id='word_1_539' title='bbox 2777 3663 2883 3719; x_wconf 89' lang='lat' dir='ltr'><strong>Sed</strong></span> <span class='ocrx_word' id='word_1_540' title='bbox 2931 3677 3052 3732; x_wconf 65' lang='lat' dir='ltr'><strong>quae</strong></span> <span class='ocrx_word' id='word_1_541' title='bbox 3091 3673 3218 3717; x_wconf 91' lang='lat' dir='ltr'><strong>sunt</strong></span> <span class='ocrx_word' id='word_1_542' title='bbox 3267 3663 3356 3718; x_wconf 87' lang='lat' dir='ltr'><strong>illa</strong></span> 
     </span>
    </p>
   </div>
   <div class='ocr_carea' id='block_1_83' title="bbox 1772 3751 3357 3830">
    <p class='ocr_par' dir='ltr' id='par_1_83' title="bbox 1772 3751 3357 3830">
     <span class='ocr_line' id='line_1_83' title="bbox 1772 3751 3357 3830; baseline -0.003 -19"><span class='ocrx_word' id='word_1_543' title='bbox 1772 3775 1894 3830; x_wconf 68' lang='lat' dir='ltr'><strong>qua:</strong></span> <span class='ocrx_word' id='word_1_544' title='bbox 1944 3759 2225 3829; x_wconf 85' lang='lat' dir='ltr'><strong>temporali</strong></span> <span class='ocrx_word' id='word_1_545' title='bbox 2279 3759 2437 3812; x_wconf 88' lang='lat' dir='ltr'><strong>militi</strong></span> <span class='ocrx_word' id='word_1_546' title='bbox 2494 3765 2619 3812; x_wconf 91' lang='lat' dir='ltr'><strong>sunt</strong></span> <span class='ocrx_word' id='word_1_547' title='bbox 2670 3753 3016 3811; x_wconf 81' lang='lat' dir='ltr'><strong>necessaria?</strong></span> <span class='ocrx_word' id='word_1_548' title='bbox 3063 3751 3120 3806; x_wconf 88' lang='lat' dir='ltr'><strong>In</strong></span> <span class='ocrx_word' id='word_1_549' title='bbox 3167 3754 3357 3820; x_wconf 81' lang='lat' dir='ltr'><strong>primis</strong></span> 
     </span>
    </p>
   </div>
   <div class='ocr_carea' id='block_1_84' title="bbox 1774 3847 3358 3929">
    <p class='ocr_par' dir='ltr' id='par_1_84' title="bbox 1774 3847 3358 3929">
     <span class='ocr_line' id='line_1_84' title="bbox 1774 3847 3358 3929; baseline -0.006 -23"><span class='ocrx_word' id='word_1_550' title='bbox 1774 3851 2040 3921; x_wconf 87' lang='lat' dir='ltr'><strong>siquidem</strong></span> <span class='ocrx_word' id='word_1_551' title='bbox 2077 3851 2317 3906; x_wconf 83' lang='lat' dir='ltr'><strong>caballus</strong></span> <span class='ocrx_word' id='word_1_552' title='bbox 2369 3852 2459 3919; x_wconf 91' lang='lat' dir='ltr'><strong>qui</strong></span> <span class='ocrx_word' id='word_1_553' title='bbox 2511 3850 2559 3903; x_wconf 92' lang='lat' dir='ltr'><strong>ei</strong></span> <span class='ocrx_word' id='word_1_554' title='bbox 2609 3851 2747 3904; x_wconf 89' lang='lat' dir='ltr'><strong>adeo</strong></span> <span class='ocrx_word' id='word_1_555' title='bbox 2777 3855 2860 3902; x_wconf 89' lang='lat' dir='ltr'><strong>est</strong></span> <span class='ocrx_word' id='word_1_556' title='bbox 2911 3847 3253 3929; x_wconf 71' lang='lat' dir='ltr'><strong>necessarius</strong></span> <span class='ocrx_word' id='word_1_557' title='bbox 3301 3853 3358 3899; x_wconf 89' lang='lat' dir='ltr'><strong>ut</strong></span> 
     </span>
    </p>
   </div>
   <div class='ocr_carea' id='block_1_85' title="bbox 1775 3936 3357 4014">
    <p class='ocr_par' dir='ltr' id='par_1_85' title="bbox 1775 3936 3357 4014">
     <span class='ocr_line' id='line_1_85' title="bbox 1775 3936 3357 4014; baseline -0.006 -15"><span class='ocrx_word' id='word_1_558' title='bbox 1775 3954 1921 3999; x_wconf 85' lang='lat' dir='ltr'><strong>recte</strong></span> <span class='ocrx_word' id='word_1_559' title='bbox 1951 3943 2054 3998; x_wconf 89' lang='lat' dir='ltr'><strong>dici</strong></span> <span class='ocrx_word' id='word_1_560' title='bbox 2085 3945 2253 4014; x_wconf 87' lang='lat' dir='ltr'><strong>possit</strong></span> <span class='ocrx_word' id='word_1_561' title='bbox 2287 3959 2416 3998; x_wconf 91' lang='lat' dir='ltr'><strong>suus</strong></span> <span class='ocrx_word' id='word_1_562' title='bbox 2462 3944 2810 3999; x_wconf 87' lang='lat' dir='ltr'><strong>fidelissimus</strong></span> <span class='ocrx_word' id='word_1_563' title='bbox 2855 3941 3066 4004; x_wconf 90' lang='lat' dir='ltr'><strong>socius;</strong></span> <span class='ocrx_word' id='word_1_564' title='bbox 3118 3953 3241 3993; x_wconf 88' lang='lat' dir='ltr'><strong>cum</strong></span> <span class='ocrx_word' id='word_1_565' title='bbox 3268 3936 3357 3991; x_wconf 87' lang='lat' dir='ltr'><strong>illo</strong></span> 
     </span>
    </p>
   </div>
   <div class='ocr_carea' id='block_1_86' title="bbox 1775 4032 3358 4105">
    <p class='ocr_par' dir='ltr' id='par_1_86' title="bbox 1775 4032 3358 4105">
     <span class='ocr_line' id='line_1_86' title="bbox 1775 4032 3358 4105; baseline -0.005 -15"><span class='ocrx_word' id='word_1_566' title='bbox 1775 4050 2010 4103; x_wconf 89' lang='lat' dir='ltr'><strong>namque</strong></span> <span class='ocrx_word' id='word_1_567' title='bbox 2041 4043 2094 4088; x_wconf 90' lang='lat' dir='ltr'><strong>et</strong></span> <span class='ocrx_word' id='word_1_568' title='bbox 2144 4045 2524 4088; x_wconf 89' lang='lat' dir='ltr'><strong>occurrentem</strong></span> <span class='ocrx_word' id='word_1_569' title='bbox 2553 4033 2867 4105; x_wconf 75' lang='lat' dir='ltr'><strong>aggreditur</strong></span> <span class='ocrx_word' id='word_1_570' title='bbox 2897 4032 3128 4092; x_wconf 87' lang='lat' dir='ltr'><strong>hostem,</strong></span> <span class='ocrx_word' id='word_1_571' title='bbox 3157 4037 3211 4083; x_wconf 91' lang='lat' dir='ltr'><strong>et</strong></span> <span class='ocrx_word' id='word_1_572' title='bbox 3238 4042 3358 4097; x_wconf 91' lang='lat' dir='ltr'><strong>per-</strong></span> 
     </span>
    </p>
   </div>
   <div class='ocr_carea' id='block_1_87' title="bbox 1771 4118 3357 4193">
    <p class='ocr_par' dir='ltr' id='par_1_87' title="bbox 1771 4118 3357 4193">
     <span class='ocr_line' id='line_1_87' title="bbox 1771 4118 3357 4193; baseline -0.006 -13"><span class='ocrx_word' id='word_1_573' title='bbox 1771 4125 2017 4193; x_wconf 82' lang='lat' dir='ltr'><strong>sequitur</strong></span> <span class='ocrx_word' id='word_1_574' title='bbox 2062 4124 2380 4193; x_wconf 84' lang='lat' dir='ltr'><strong>fugientem,</strong></span> <span class='ocrx_word' id='word_1_575' title='bbox 2425 4133 2640 4188; x_wconf 88' lang='lat' dir='ltr'><strong>et,cum</strong></span> <span class='ocrx_word' id='word_1_576' title='bbox 2667 4133 2880 4191; x_wconf 86' lang='lat' dir='ltr'><strong>tempus</strong></span> <span class='ocrx_word' id='word_1_577' title='bbox 2927 4120 3190 4192; x_wconf 87' lang='lat' dir='ltr'><strong>postulet,</strong></span> <span class='ocrx_word' id='word_1_578' title='bbox 3224 4118 3357 4188; x_wconf 85' lang='lat' dir='ltr'><strong>fugit</strong></span> 
     </span>
    </p>
   </div>
   <div class='ocr_carea' id='block_1_88' title="bbox 1771 4212 3359 4284">
    <p class='ocr_par' dir='ltr' id='par_1_88' title="bbox 1771 4212 3359 4284">
     <span class='ocr_line' id='line_1_88' title="bbox 1771 4212 3359 4284; baseline -0.004 -16"><span class='ocrx_word' id='word_1_579' title='bbox 1771 4222 2206 4284; x_wconf 84' lang='lat' dir='ltr'><strong>persequentem.</strong></span> <span class='ocrx_word' id='word_1_580' title='bbox 2230 4212 2432 4267; x_wconf 84' lang='lat' dir='ltr'><strong>Deinde</strong></span> <span class='ocrx_word' id='word_1_581' title='bbox 2457 4212 2666 4268; x_wconf 87' lang='lat' dir='ltr'><strong>frenum</strong></span> <span class='ocrx_word' id='word_1_582' title='bbox 2691 4212 2908 4266; x_wconf 88' lang='lat' dir='ltr'><strong>additur</strong></span> <span class='ocrx_word' id='word_1_583' title='bbox 2927 4229 3036 4283; x_wconf 92' lang='lat' dir='ltr'><strong>quo</strong></span> <span class='ocrx_word' id='word_1_584' title='bbox 3055 4214 3168 4281; x_wconf 86' lang='lat' dir='ltr'><strong>ipse</strong></span> <span class='ocrx_word' id='word_1_585' title='bbox 3187 4224 3359 4279; x_wconf 80' lang='lat' dir='ltr'><strong>equus</strong></span> 
     </span>
    </p>
   </div>
   <div class='ocr_carea' id='block_1_89' title="bbox 1772 4301 3357 4377">
    <p class='ocr_par' dir='ltr' id='par_1_89' title="bbox 1772 4301 3357 4377">
     <span class='ocr_line' id='line_1_89' title="bbox 1772 4301 3357 4377; baseline -0.006 -14"><span class='ocrx_word' id='word_1_586' title='bbox 1772 4310 2005 4377; x_wconf 85' lang='lat' dir='ltr'><strong>regitur;</strong></span> <span class='ocrx_word' id='word_1_587' title='bbox 2055 4323 2159 4362; x_wconf 91' lang='lat' dir='ltr'><strong>non</strong></span> <span class='ocrx_word' id='word_1_588' title='bbox 2210 4308 2355 4362; x_wconf 89' lang='lat' dir='ltr'><strong>enim</strong></span> <span class='ocrx_word' id='word_1_589' title='bbox 2410 4307 2462 4361; x_wconf 92' lang='lat' dir='ltr'><strong>in</strong></span> <span class='ocrx_word' id='word_1_590' title='bbox 2514 4305 2779 4361; x_wconf 89' lang='lat' dir='ltr'><strong>directum</strong></span> <span class='ocrx_word' id='word_1_591' title='bbox 2819 4305 2959 4360; x_wconf 90' lang='lat' dir='ltr'><strong>viam</strong></span> <span class='ocrx_word' id='word_1_592' title='bbox 3019 4312 3261 4365; x_wconf 89' lang='lat' dir='ltr'><strong>teneret,</strong></span> <span class='ocrx_word' id='word_1_593' title='bbox 3311 4301 3357 4354; x_wconf 93' lang='lat' dir='ltr'><strong>si</strong></span> 
     </span>
    </p>
   </div>
   <div class='ocr_carea' id='block_1_90' title="bbox 1773 4391 3356 4465">
    <p class='ocr_par' dir='ltr' id='par_1_90' title="bbox 1773 4391 3356 4465">
     <span class='ocr_line' id='line_1_90' title="bbox 1773 4391 3356 4465; baseline -0.007 -11"><span class='ocrx_word' id='word_1_594' title='bbox 1773 4401 1933 4455; x_wconf 91' lang='lat' dir='ltr'><strong>miles</strong></span> <span class='ocrx_word' id='word_1_595' title='bbox 1960 4414 2080 4454; x_wconf 91' lang='lat' dir='ltr'><strong>eum</strong></span> <span class='ocrx_word' id='word_1_596' title='bbox 2114 4397 2268 4453; x_wconf 84' lang='lat' dir='ltr'><strong>freno</strong></span> <span class='ocrx_word' id='word_1_597' title='bbox 2296 4397 2521 4451; x_wconf 89' lang='lat' dir='ltr'><strong>minime</strong></span> <span class='ocrx_word' id='word_1_598' title='bbox 2546 4402 2779 4465; x_wconf 85' lang='lat' dir='ltr'><strong>regeret.</strong></span> <span class='ocrx_word' id='word_1_599' title='bbox 2807 4395 3112 4465; x_wconf 81' lang='lat' dir='ltr'><strong>Apponitur</strong></span> <span class='ocrx_word' id='word_1_600' title='bbox 3131 4402 3186 4449; x_wconf 91' lang='lat' dir='ltr'><strong>et</strong></span> <span class='ocrx_word' id='word_1_601' title='bbox 3208 4391 3356 4452; x_wconf 82' lang='lat' dir='ltr'><strong>sella,</strong></span> 
     </span>
    </p>
   </div>
   <div class='ocr_carea' id='block_1_91' title="bbox 1772 4487 3360 4562">
    <p class='ocr_par' dir='ltr' id='par_1_91' title="bbox 1772 4487 3360 4562">
     <span class='ocr_line' id='line_1_91' title="bbox 1772 4487 3360 4562; baseline -0.008 -16"><span class='ocrx_word' id='word_1_602' title='bbox 1772 4493 1872 4562; x_wconf 91' lang='lat' dir='ltr'><strong>ipsi</strong></span> <span class='ocrx_word' id='word_1_603' title='bbox 1908 4491 2061 4546; x_wconf 92' lang='lat' dir='ltr'><strong>militi</strong></span> <span class='ocrx_word' id='word_1_604' title='bbox 2090 4488 2379 4545; x_wconf 90' lang='lat' dir='ltr'><strong>admodum</strong></span> <span class='ocrx_word' id='word_1_605' title='bbox 2408 4487 2620 4552; x_wconf 85' lang='lat' dir='ltr'><strong>idonea,</strong></span> <span class='ocrx_word' id='word_1_606' title='bbox 2643 4487 2769 4557; x_wconf 89' lang='lat' dir='ltr'><strong>quia</strong></span> <span class='ocrx_word' id='word_1_607' title='bbox 2795 4497 2920 4542; x_wconf 92' lang='lat' dir='ltr'><strong>tunc</strong></span> <span class='ocrx_word' id='word_1_608' title='bbox 2941 4487 3175 4556; x_wconf 90' lang='lat' dir='ltr'><strong>primum</strong></span> <span class='ocrx_word' id='word_1_609' title='bbox 3198 4497 3360 4552; x_wconf 84' lang='lat' dir='ltr'><strong>super</strong></span> 
     </span>
    </p>
   </div>
   <div class='ocr_carea' id='block_1_92' title="bbox 113 4573 3357 4658">
    <p class='ocr_par' dir='ltr' id='par_1_92' title="bbox 113 4573 3357 4658">
     <span class='ocr_line' id='line_1_92' title="bbox 113 4573 3357 4658; baseline 0.002 -38"><span class='ocrx_word' id='word_1_610' title='bbox 113 4579 155 4620; x_wconf 90' lang='lat' dir='ltr'><strong>et</strong></span> <span class='ocrx_word' id='word_1_611' title='bbox 194 4573 328 4630; x_wconf 89' lang='lat' dir='ltr'><strong>illinc</strong></span> <span class='ocrx_word' id='word_1_612' title='bbox 354 4592 638 4631; x_wconf 90' lang='lat' dir='ltr'><strong>cernerem</strong></span> <span class='ocrx_word' id='word_1_613' title='bbox 686 4575 884 4632; x_wconf 90' lang='lat' dir='ltr'><strong>inferni</strong></span> <span class='ocrx_word' id='word_1_614' title='bbox 925 4577 1204 4632; x_wconf 90' lang='lat' dir='ltr'><strong>horrorem</strong></span> <span class='ocrx_word' id='word_1_615' title='bbox 1230 4618 1245 4642; x_wconf 90' lang='lat'><strong>,</strong></span> <span class='ocrx_word' id='word_1_616' title='bbox 1274 4588 1328 4634; x_wconf 89' lang='lat' dir='ltr'><strong>et</strong></span> <span class='ocrx_word' id='word_1_617' title='bbox 1361 4579 1668 4635; x_wconf 89' lang='lat' dir='ltr'><strong>necessario</strong></span> <span class='ocrx_word' id='word_1_618' title='bbox 1703 4603 1744 4658; x_wconf 75' lang='grc' dir='ltr'>υ</span> <span class='ocrx_word' id='word_1_619' title='bbox 1771 4597 1970 4653; x_wconf 91' lang='lat' dir='ltr'><strong>equum</strong></span> <span class='ocrx_word' id='word_1_620' title='bbox 2000 4596 2157 4636; x_wconf 91' lang='lat' dir='ltr'><strong>suum</strong></span> <span class='ocrx_word' id='word_1_621' title='bbox 2188 4580 2446 4634; x_wconf 88' lang='lat' dir='ltr'><strong>decenter</strong></span> <span class='ocrx_word' id='word_1_622' title='bbox 2481 4579 2778 4634; x_wconf 87' lang='lat' dir='ltr'><strong>ascendere</strong></span> <span class='ocrx_word' id='word_1_623' title='bbox 2809 4586 2863 4633; x_wconf 90' lang='lat' dir='ltr'><strong>et</strong></span> <span class='ocrx_word' id='word_1_624' title='bbox 2895 4577 3126 4632; x_wconf 83' lang='lat' dir='ltr'><strong>firmiter</strong></span> <span class='ocrx_word' id='word_1_625' title='bbox 3160 4573 3357 4642; x_wconf 91' lang='lat' dir='ltr'><strong>poterit</strong></span> 
     </span>
    </p>
   </div>
   <div class='ocr_carea' id='block_1_93' title="bbox 114 4661 1661 4738">
    <p class='ocr_par' dir='ltr' id='par_1_93' title="bbox 114 4661 1661 4738">
     <span class='ocr_line' id='line_1_93' title="bbox 114 4661 1661 4738; baseline 0.01 -30"><span class='ocrx_word' id='word_1_626' title='bbox 114 4661 189 4712; x_wconf 87' lang='grc' dir='ltr'>ιιιιί</span> <span class='ocrx_word' id='word_1_627' title='bbox 217 4663 418 4720; x_wconf 88' lang='lat' dir='ltr'><strong>illormn</strong></span> <span class='ocrx_word' id='word_1_628' title='bbox 449 4669 702 4722; x_wconf 89' lang='lat' dir='ltr'><strong>haberem</strong></span> <span class='ocrx_word' id='word_1_629' title='bbox 729 4668 998 4738; x_wconf 88' lang='lat' dir='ltr'><strong>immergi,</strong></span> <span class='ocrx_word' id='word_1_630' title='bbox 1019 4669 1169 4736; x_wconf 90' lang='lat' dir='ltr'><strong>prius</strong></span> <span class='ocrx_word' id='word_1_631' title='bbox 1197 4683 1283 4723; x_wconf 90' lang='lat' dir='ltr'><strong>me</strong></span> <span class='ocrx_word' id='word_1_632' title='bbox 1313 4670 1364 4722; x_wconf 89' lang='lat' dir='ltr'><strong>itt</strong></span> <span class='ocrx_word' id='word_1_633' title='bbox 1395 4669 1661 4724; x_wconf 82' lang='lat' dir='ltr'><strong>infernum</strong></span> 
     </span>
    </p>
   </div>
   <div class='ocr_carea' id='block_1_94' title="bbox 116 4761 1665 4830">
    <p class='ocr_par' dir='ltr' id='par_1_94' title="bbox 116 4761 1665 4830">
     <span class='ocr_line' id='line_1_94' title="bbox 116 4761 1665 4830; baseline 0.011 -31"><span class='ocrx_word' id='word_1_634' title='bbox 116 4765 382 4821; x_wconf 82' lang='lat' dir='ltr'><strong>mergerein</strong></span> <span class='ocrx_word' id='word_1_635' title='bbox 413 4776 574 4830; x_wconf 87' lang='lat' dir='ltr'><strong>quam</strong></span> <span class='ocrx_word' id='word_1_636' title='bbox 614 4770 893 4828; x_wconf 88' lang='lat' dir='ltr'><strong>peccatum</strong></span> <span class='ocrx_word' id='word_1_637' title='bbox 935 4761 986 4814; x_wconf 91' lang='lat' dir='ltr'><strong>in</strong></span> <span class='ocrx_word' id='word_1_638' title='bbox 1021 4775 1107 4815; x_wconf 90' lang='lat' dir='ltr'><strong>me</strong></span> <span class='ocrx_word' id='word_1_639' title='bbox 1138 4761 1506 4817; x_wconf 91' lang='lat' dir='ltr'><strong>immitterem.</strong></span> <span class='ocrx_word' id='word_1_640' title='bbox 1539 4763 1665 4817; x_wconf 85' lang='lat' dir='ltr'><strong>Mal-</strong></span> 
     </span>
    </p>
   </div>
   <div class='ocr_carea' id='block_1_95' title="bbox 117 4837 1661 4920">
    <p class='ocr_par' dir='ltr' id='par_1_95' title="bbox 117 4837 1661 4920">
     <span class='ocr_line' id='line_1_95' title="bbox 117 4837 1661 4920; baseline 0.008 -26"><span class='ocrx_word' id='word_1_641' title='bbox 117 4837 202 4893; x_wconf 72' lang='lat' dir='ltr'><strong>lem</strong></span> <span class='ocrx_word' id='word_1_642' title='bbox 246 4848 381 4900; x_wconf 91' lang='lat' dir='ltr'><strong>enim</strong></span> <span class='ocrx_word' id='word_1_643' title='bbox 414 4864 585 4918; x_wconf 87' lang='lat' dir='ltr'><strong>purus</strong></span> <span class='ocrx_word' id='word_1_644' title='bbox 621 4864 650 4902; x_wconf 90' lang='lat' dir='ltr'><strong>a</strong></span> <span class='ocrx_word' id='word_1_645' title='bbox 684 4860 907 4918; x_wconf 88' lang='lat' dir='ltr'><strong>peccato</strong></span> <span class='ocrx_word' id='word_1_646' title='bbox 949 4858 1004 4903; x_wconf 91' lang='lat' dir='ltr'><strong>et</strong></span> <span class='ocrx_word' id='word_1_647' title='bbox 1051 4849 1308 4906; x_wconf 87' lang='lat' dir='ltr'><strong>innocens</strong></span> <span class='ocrx_word' id='word_1_648' title='bbox 1361 4854 1661 4920; x_wconf 86' lang='lat' dir='ltr'><strong>gehennam</strong></span> 
     </span>
    </p>
   </div>
   <div class='ocr_carea' id='block_1_96' title="bbox 117 4928 1665 5013">
    <p class='ocr_par' dir='ltr' id='par_1_96' title="bbox 117 4928 1665 5013">
     <span class='ocr_line' id='line_1_96' title="bbox 117 4928 1665 5013; baseline 0.001 -19"><span class='ocrx_word' id='word_1_649' title='bbox 117 4928 292 4993; x_wconf 68' lang='lat' dir='ltr'><strong>illlrare</strong></span> <span class='ocrx_word' id='word_1_650' title='bbox 318 4955 479 5007; x_wconf 83' lang='lat' dir='ltr'><strong>quain</strong></span> <span class='ocrx_word' id='word_1_651' title='bbox 511 4941 718 5011; x_wconf 88' lang='lat' dir='ltr'><strong>peccati</strong></span> <span class='ocrx_word' id='word_1_652' title='bbox 750 4940 907 4993; x_wconf 89' lang='lat' dir='ltr'><strong>sorde</strong></span> <span class='ocrx_word' id='word_1_653' title='bbox 939 4940 1172 5010; x_wconf 91' lang='lat' dir='ltr'><strong>pollutus</strong></span> <span class='ocrx_word' id='word_1_654' title='bbox 1195 4941 1455 4995; x_wconf 68' lang='lat' dir='ltr'><strong>caelorum</strong></span> <span class='ocrx_word' id='word_1_655' title='bbox 1502 4957 1665 5013; x_wconf 83' lang='lat' dir='ltr'><strong>regna</strong></span> 
     </span>
    </p>
   </div>
   <div class='ocr_carea' id='block_1_97' title="bbox 119 5026 1665 5103">
    <p class='ocr_par' dir='ltr' id='par_1_97' title="bbox 119 5026 1665 5103">
     <span class='ocr_line' id='line_1_97' title="bbox 119 5026 1665 5103; baseline 0.012 -36"><span class='ocrx_word' id='word_1_656' title='bbox 119 5026 297 5089; x_wconf 83' lang='lat' dir='ltr'><strong>tenere,</strong></span> <span class='ocrx_word' id='word_1_657' title='bbox 323 5045 441 5084; x_wconf 89' lang='lat' dir='ltr'><strong>cum</strong></span> <span class='ocrx_word' id='word_1_658' title='bbox 469 5040 685 5086; x_wconf 88' lang='lat' dir='ltr'><strong>constet</strong></span> <span class='ocrx_word' id='word_1_659' title='bbox 706 5030 848 5085; x_wconf 89' lang='lat' dir='ltr'><strong>solos</strong></span> <span class='ocrx_word' id='word_1_660' title='bbox 879 5030 1049 5084; x_wconf 88' lang='lat' dir='ltr'><strong>malos</strong></span> <span class='ocrx_word' id='word_1_661' title='bbox 1077 5031 1128 5084; x_wconf 91' lang='lat' dir='ltr'><strong>in</strong></span> <span class='ocrx_word' id='word_1_662' title='bbox 1163 5031 1376 5086; x_wconf 88' lang='lat' dir='ltr'><strong>inferno</strong></span> <span class='ocrx_word' id='word_1_663' title='bbox 1403 5033 1665 5103; x_wconf 84' lang='lat' dir='ltr'><strong>torqueri,</strong></span> 
     </span>
    </p>
   </div>
   <div class='ocr_carea' id='block_1_98' title="bbox 118 5116 1390 5180">
    <p class='ocr_par' dir='ltr' id='par_1_98' title="bbox 118 5116 1390 5180">
     <span class='ocr_line' id='line_1_98' title="bbox 118 5116 1390 5180; baseline 0.012 -18"><span class='ocrx_word' id='word_1_664' title='bbox 118 5116 302 5173; x_wconf 73' lang='lat' dir='ltr'><strong>ctsolos</strong></span> <span class='ocrx_word' id='word_1_665' title='bbox 321 5121 486 5179; x_wconf 89' lang='lat' dir='ltr'><strong>bonos</strong></span> <span class='ocrx_word' id='word_1_666' title='bbox 515 5124 567 5178; x_wconf 89' lang='lat' dir='ltr'><strong>in</strong></span> <span class='ocrx_word' id='word_1_667' title='bbox 598 5123 805 5179; x_wconf 70' lang='lat' dir='ltr'><strong>cmlesti</strong></span> <span class='ocrx_word' id='word_1_668' title='bbox 837 5121 1172 5179; x_wconf 89' lang='lat' dir='ltr'><strong>beatitudine</strong></span> <span class='ocrx_word' id='word_1_669' title='bbox 1201 5122 1390 5180; x_wconf 88' lang='lat' dir='ltr'><strong>foveri.</strong></span> 
     </span>
    </p>
   </div>
   <div class='ocr_carea' id='block_1_99' title="bbox 1773 4663 3355 4738">
    <p class='ocr_par' dir='ltr' id='par_1_99' title="bbox 1773 4663 3355 4738">
     <span class='ocr_line' id='line_1_99' title="bbox 1773 4663 3355 4738; baseline -0.01 -9"><span class='ocrx_word' id='word_1_670' title='bbox 1773 4675 1988 4736; x_wconf 88' lang='lat' dir='ltr'><strong>sedere,</strong></span> <span class='ocrx_word' id='word_1_671' title='bbox 2035 4687 2158 4726; x_wconf 90' lang='lat' dir='ltr'><strong>cum</strong></span> <span class='ocrx_word' id='word_1_672' title='bbox 2206 4670 2402 4724; x_wconf 88' lang='lat' dir='ltr'><strong>viderit</strong></span> <span class='ocrx_word' id='word_1_673' title='bbox 2445 4685 2566 4723; x_wconf 92' lang='lat' dir='ltr'><strong>eum</strong></span> <span class='ocrx_word' id='word_1_674' title='bbox 2614 4683 2780 4738; x_wconf 88' lang='lat' dir='ltr'><strong>super</strong></span> <span class='ocrx_word' id='word_1_675' title='bbox 2809 4683 2869 4722; x_wconf 92' lang='lat' dir='ltr'><strong>se</strong></span> <span class='ocrx_word' id='word_1_676' title='bbox 2907 4666 3091 4721; x_wconf 88' lang='lat' dir='ltr'><strong>sellam</strong></span> <span class='ocrx_word' id='word_1_677' title='bbox 3135 4663 3355 4717; x_wconf 90' lang='lat' dir='ltr'><strong>habere.</strong></span> 
     </span>
    </p>
   </div>
   <div class='ocr_carea' id='block_1_100' title="bbox 1770 4755 3359 4826">
    <p class='ocr_par' dir='ltr' id='par_1_100' title="bbox 1770 4755 3359 4826">
     <span class='ocr_line' id='line_1_100' title="bbox 1770 4755 3359 4826; baseline -0.008 -6"><span class='ocrx_word' id='word_1_678' title='bbox 1770 4766 2059 4820; x_wconf 82' lang='lat' dir='ltr'><strong>Adduntur</strong></span> <span class='ocrx_word' id='word_1_679' title='bbox 2081 4763 2246 4818; x_wconf 91' lang='lat' dir='ltr'><strong>etiam</strong></span> <span class='ocrx_word' id='word_1_680' title='bbox 2275 4769 2332 4816; x_wconf 90' lang='lat' dir='ltr'><strong>et</strong></span> <span class='ocrx_word' id='word_1_681' title='bbox 2356 4761 2590 4817; x_wconf 85' lang='lat' dir='ltr'><strong>calcaria</strong></span> <span class='ocrx_word' id='word_1_682' title='bbox 2621 4762 2687 4814; x_wconf 85' lang='lat' dir='ltr'><strong>ad</strong></span> <span class='ocrx_word' id='word_1_683' title='bbox 2717 4759 2965 4815; x_wconf 90' lang='lat' dir='ltr'><strong>eumdem</strong></span> <span class='ocrx_word' id='word_1_684' title='bbox 2991 4771 3186 4826; x_wconf 91' lang='lat' dir='ltr'><strong>equum</strong></span> <span class='ocrx_word' id='word_1_685' title='bbox 3208 4755 3359 4809; x_wconf 78' lang='lat' dir='ltr'><strong>exci-</strong></span> 
     </span>
    </p>
   </div>
   <div class='ocr_carea' id='block_1_101' title="bbox 1775 4851 3354 4920">
    <p class='ocr_par' dir='ltr' id='par_1_101' title="bbox 1775 4851 3354 4920">
     <span class='ocr_line' id='line_1_101' title="bbox 1775 4851 3354 4920; baseline -0.007 -10"><span class='ocrx_word' id='word_1_686' title='bbox 1775 4855 1994 4910; x_wconf 90' lang='lat' dir='ltr'><strong>tandum</strong></span> <span class='ocrx_word' id='word_1_687' title='bbox 2025 4853 2179 4908; x_wconf 87' lang='lat' dir='ltr'><strong>valde</strong></span> <span class='ocrx_word' id='word_1_688' title='bbox 2221 4852 2558 4915; x_wconf 89' lang='lat' dir='ltr'><strong>necessaria;</strong></span> <span class='ocrx_word' id='word_1_689' title='bbox 2609 4851 2807 4920; x_wconf 76' lang='lat' dir='ltr'><strong>saepius</strong></span> <span class='ocrx_word' id='word_1_690' title='bbox 2835 4864 3070 4918; x_wconf 86' lang='lat' dir='ltr'><strong>namque</strong></span> <span class='ocrx_word' id='word_1_691' title='bbox 3107 4861 3354 4916; x_wconf 81' lang='lat' dir='ltr'><strong>gressum</strong></span> 
     </span>
    </p>
   </div>
   <div class='ocr_carea' id='block_1_102' title="bbox 1773 4939 3357 5007">
    <p class='ocr_par' dir='ltr' id='par_1_102' title="bbox 1773 4939 3357 5007">
     <span class='ocr_line' id='line_1_102' title="bbox 1773 4939 3357 5007; baseline -0.006 -8"><span class='ocrx_word' id='word_1_692' title='bbox 1773 4960 1880 4999; x_wconf 90' lang='lat' dir='ltr'><strong>non</strong></span> <span class='ocrx_word' id='word_1_693' title='bbox 1912 4952 2158 4999; x_wconf 86' lang='lat' dir='ltr'><strong>moveret</strong></span> <span class='ocrx_word' id='word_1_694' title='bbox 2208 4943 2253 4997; x_wconf 91' lang='lat' dir='ltr'><strong>si</strong></span> <span class='ocrx_word' id='word_1_695' title='bbox 2286 4941 2443 4996; x_wconf 89' lang='lat' dir='ltr'><strong>miles</strong></span> <span class='ocrx_word' id='word_1_696' title='bbox 2468 4955 2592 4995; x_wconf 91' lang='lat' dir='ltr'><strong>eum</strong></span> <span class='ocrx_word' id='word_1_697' title='bbox 2641 4939 2945 4993; x_wconf 85' lang='lat' dir='ltr'><strong>calcaribus</strong></span> <span class='ocrx_word' id='word_1_698' title='bbox 2975 4955 3080 4992; x_wconf 91' lang='lat' dir='ltr'><strong>non</strong></span> <span class='ocrx_word' id='word_1_699' title='bbox 3121 4944 3357 5007; x_wconf 81' lang='lat' dir='ltr'><strong>urgeret,</strong></span> 
     </span>
    </p>
   </div>
   <div class='ocr_carea' id='block_1_103' title="bbox 1773 5026 3358 5104">
    <p class='ocr_par' dir='ltr' id='par_1_103' title="bbox 1773 5026 3358 5104">
     <span class='ocr_line' id='line_1_103' title="bbox 1773 5026 3358 5104; baseline -0.004 -16"><span class='ocrx_word' id='word_1_700' title='bbox 1773 5049 2003 5104; x_wconf 87' lang='lat' dir='ltr'><strong>quortun</strong></span> <span class='ocrx_word' id='word_1_701' title='bbox 2034 5037 2266 5086; x_wconf 84' lang='lat' dir='ltr'><strong>alterum</strong></span> <span class='ocrx_word' id='word_1_702' title='bbox 2315 5040 2400 5086; x_wconf 89' lang='lat' dir='ltr'><strong>est</strong></span> <span class='ocrx_word' id='word_1_703' title='bbox 2447 5031 2720 5094; x_wconf 83' lang='lat' dir='ltr'><strong>dextrum,</strong></span> <span class='ocrx_word' id='word_1_704' title='bbox 2771 5031 3001 5083; x_wconf 81' lang='lat' dir='ltr'><strong>alterum</strong></span> <span class='ocrx_word' id='word_1_705' title='bbox 3047 5043 3178 5083; x_wconf 88' lang='lat' dir='ltr'><strong>vero</strong></span> <span class='ocrx_word' id='word_1_706' title='bbox 3221 5026 3358 5082; x_wconf 79' lang='lat' dir='ltr'><strong>sini-</strong></span> 
     </span>
    </p>
   </div>
   <div class='ocr_carea' id='block_1_104' title="bbox 1777 5118 3361 5198">
    <p class='ocr_par' dir='ltr' id='par_1_104' title="bbox 1777 5118 3361 5198">
     <span class='ocr_line' id='line_1_104' title="bbox 1777 5118 3361 5198; baseline -0.004 -17"><span class='ocrx_word' id='word_1_707' title='bbox 1777 5135 1973 5181; x_wconf 89' lang='lat' dir='ltr'><strong>strum.</strong></span> <span class='ocrx_word' id='word_1_708' title='bbox 2006 5123 2212 5198; x_wconf 84' lang='lat' dir='ltr'><strong>Dehinc</strong></span> <span class='ocrx_word' id='word_1_709' title='bbox 2243 5122 2398 5177; x_wconf 90' lang='lat' dir='ltr'><strong>miles</strong></span> <span class='ocrx_word' id='word_1_710' title='bbox 2427 5121 2542 5177; x_wconf 88' lang='lat' dir='ltr'><strong>suis</strong></span> <span class='ocrx_word' id='word_1_711' title='bbox 2574 5119 2813 5180; x_wconf 91' lang='lat' dir='ltr'><strong>induitur</strong></span> <span class='ocrx_word' id='word_1_712' title='bbox 2842 5120 3029 5186; x_wconf 90' lang='lat' dir='ltr'><strong>armis,</strong></span> <span class='ocrx_word' id='word_1_713' title='bbox 3069 5119 3266 5188; x_wconf 84' lang='lat' dir='ltr'><strong>quibus</strong></span> <span class='ocrx_word' id='word_1_714' title='bbox 3292 5118 3361 5174; x_wconf 87' lang='lat' dir='ltr'><strong>ab</strong></span> 
     </span>
    </p>
   </div>
   <div class='ocr_carea' id='block_1_105' title="bbox 1431 5303 2106 5363">
    <p class='ocr_par' dir='ltr' id='par_1_105' title="bbox 1431 5303 2106 5363">
     <span class='ocr_line' id='line_1_105' title="bbox 1431 5303 2106 5363; baseline -0.004 -3"><span class='ocrx_word' id='word_1_715' title='bbox 1431 5305 1664 5363; x_wconf 73' lang='lat' dir='ltr'><strong>VARUE</strong></span> <span class='ocrx_word' id='word_1_716' title='bbox 1703 5303 2106 5362; x_wconf 81' lang='lat' dir='ltr'><strong>LECTIONES.</strong></span> 
     </span>
    </p>
   </div>
   <div class='ocr_carea' id='block_1_106' title="bbox 183 5409 1592 5488">
    <p class='ocr_par' dir='ltr' id='par_1_106' title="bbox 183 5409 1592 5488">
     <span class='ocr_line' id='line_1_106' title="bbox 183 5409 1592 5488; baseline 0.004 -21"><span class='ocrx_word' id='word_1_717' title='bbox 183 5409 261 5488; x_wconf 59' lang='grc' dir='ltr'><strong>ξω</strong></span> <span class='ocrx_word' id='word_1_718' title='bbox 285 5414 451 5473; x_wconf 82' lang='lat' dir='ltr'><strong>Parati</strong></span> <span class='ocrx_word' id='word_1_719' title='bbox 483 5430 610 5476; x_wconf 89' lang='lat' dir='ltr'><strong>sunt</strong></span> <span class='ocrx_word' id='word_1_720' title='bbox 634 5435 758 5475; x_wconf 90' lang='lat' dir='ltr'><strong>eum</strong></span> <span class='ocrx_word' id='word_1_721' title='bbox 781 5436 886 5474; x_wconf 77' lang='lat' dir='ltr'><strong>mss</strong></span> <span class='ocrx_word' id='word_1_722' title='bbox 927 5419 1056 5474; x_wconf 87' lang='lat' dir='ltr'><strong>Vict.</strong></span> <span class='ocrx_word' id='word_1_723' title='bbox 1085 5417 1244 5488; x_wconf 64' lang='grc' dir='ltr'><strong>ϐριθὺ.</strong></span> <span class='ocrx_word' id='word_1_724' title='bbox 1273 5421 1443 5488; x_wconf 88' lang='lat' dir='ltr'><strong>parati</strong></span> <span class='ocrx_word' id='word_1_725' title='bbox 1474 5433 1592 5474; x_wconf 87' lang='lat' dir='ltr'><strong>eam</strong></span> 
     </span>
    </p>
   </div>
   <div class='ocr_carea' id='block_1_107' title="bbox 123 5471 2263 5546">
    <p class='ocr_par' dir='ltr' id='par_1_107' title="bbox 123 5471 2263 5546">
     <span class='ocr_line' id='line_1_107' title="bbox 123 5471 2263 5546; baseline -0.003 0"><span class='ocrx_word' id='word_1_726' title='bbox 123 5471 296 5546; x_wconf 59' lang='lat' dir='ltr'><strong>WWS</strong></span> <span class='ocrx_word' id='word_1_727' title='bbox 392 5471 608 5546; x_wconf 29' lang='lat' dir='ltr'><strong>“HIS—tv</strong></span> <span class='ocrx_word' id='word_1_728' title='bbox 632 5471 945 5544; x_wconf 67' lang='lat' dir='ltr'><strong>moi-cavis</strong></span> <span class='ocrx_word' id='word_1_729' title='bbox 970 5471 1065 5544; x_wconf 51' lang='lat' dir='ltr'><strong>Qui</strong></span> <span class='ocrx_word' id='word_1_730' title='bbox 1099 5471 1786 5543; x_wconf 12' lang='lat' dir='ltr'><strong>ﬁVidretﬂl‘id‘itSColon.</strong></span> <span class='ocrx_word' id='word_1_731' title='bbox 1825 5471 1878 5541; x_wconf 8' lang='lat' dir='ltr'><strong>Isi</strong></span> <span class='ocrx_word' id='word_1_732' title='bbox 1913 5471 2085 5542; x_wconf 76' lang='lat' dir='ltr'><strong>more</strong></span> <span class='ocrx_word' id='word_1_733' title='bbox 2146 5487 2263 5540; x_wconf 87' lang='lat' dir='ltr'><strong>avis</strong></span> 
     </span>
    </p>
   </div>
   <div class='ocr_carea' id='block_1_108' title="bbox 617 5556 2382 5628">
    <p class='ocr_par' dir='ltr' id='par_1_108' title="bbox 617 5556 2382 5628">
     <span class='ocr_line' id='line_1_108' title="bbox 617 5556 2382 5628; baseline -0.003 -14"><span class='ocrx_word' id='word_1_734' title='bbox 617 5561 710 5593; x_wconf 72' lang='grc'><strong>⁸⁰⁸⁶</strong></span> <span class='ocrx_word' id='word_1_735' title='bbox 736 5561 800 5614; x_wconf 87' lang='lat' dir='ltr'><strong>Et</strong></span> <span class='ocrx_word' id='word_1_736' title='bbox 820 5561 1007 5627; x_wconf 76' lang='lat' dir='ltr'><strong>‘gratia</strong></span> <span class='ocrx_word' id='word_1_737' title='bbox 1039 5577 1144 5614; x_wconf 78' lang='lat' dir='ltr'><strong>mss</strong></span> <span class='ocrx_word' id='word_1_738' title='bbox 1185 5557 1320 5614; x_wconf 78' lang='lat' dir='ltr'><strong>Vict.</strong></span> <span class='ocrx_word' id='word_1_739' title='bbox 1365 5558 1518 5614; x_wconf 80' lang='lat' dir='ltr'><strong>Corb.</strong></span> <span class='ocrx_word' id='word_1_740' title='bbox 1565 5558 1803 5628; x_wconf 21' lang='lat' dir='ltr'><strong>ethdit.</strong></span> <span class='ocrx_word' id='word_1_741' title='bbox 1838 5557 1953 5612; x_wconf 84' lang='lat' dir='ltr'><strong>Col.</strong></span> <span class='ocrx_word' id='word_1_742' title='bbox 1983 5567 2037 5614; x_wconf 89' lang='lat' dir='ltr'><strong>et</strong></span> <span class='ocrx_word' id='word_1_743' title='bbox 2067 5557 2239 5628; x_wconf 87' lang='lat' dir='ltr'><strong>gratia</strong></span> <span class='ocrx_word' id='word_1_744' title='bbox 2289 5556 2382 5628; x_wconf 84' lang='lat' dir='ltr'><strong>Dei</strong></span> 
     </span>
    </p>
   </div>
   <div class='ocr_carea' id='block_1_109' title="bbox 405 5623 3360 5700">
    <p class='ocr_par' dir='ltr' id='par_1_109' title="bbox 405 5623 3360 5700">
     <span class='ocr_line' id='line_1_109' title="bbox 405 5623 3360 5700; baseline -0.005 -12"><span class='ocrx_word' id='word_1_745' title='bbox 405 5631 492 5663; x_wconf 65' lang='lat' dir='ltr'><strong>&quot;M</strong></span> <span class='ocrx_word' id='word_1_746' title='bbox 550 5632 652 5687; x_wconf 89' lang='lat' dir='ltr'><strong>Per</strong></span> <span class='ocrx_word' id='word_1_747' title='bbox 685 5623 865 5685; x_wconf 70' lang='lat' dir='ltr'><strong>fidem</strong></span> <span class='ocrx_word' id='word_1_748' title='bbox 895 5640 1177 5700; x_wconf 89' lang='lat' dir='ltr'><strong>parentum</strong></span> <span class='ocrx_word' id='word_1_749' title='bbox 1215 5631 1267 5684; x_wconf 91' lang='lat' dir='ltr'><strong>in</strong></span> <span class='ocrx_word' id='word_1_750' title='bbox 1318 5631 1434 5698; x_wconf 92' lang='lat' dir='ltr'><strong>ipso</strong></span> <span class='ocrx_word' id='word_1_751' title='bbox 1477 5647 1553 5682; x_wconf 79' lang='lat' dir='ltr'><strong>ms</strong></span> <span class='ocrx_word' id='word_1_752' title='bbox 1602 5627 1754 5700; x_wconf 80' lang='lat' dir='ltr'><strong>Vict.</strong></span> <span class='ocrx_word' id='word_1_753' title='bbox 1803 5628 1907 5683; x_wconf 87' lang='lat' dir='ltr'><strong>ﬁde</strong></span> <span class='ocrx_word' id='word_1_754' title='bbox 1945 5629 1996 5700; x_wconf 90' lang='lat' dir='ltr'><strong>in</strong></span> <span class='ocrx_word' id='word_1_755' title='bbox 2038 5623 2153 5698; x_wconf 74' lang='lat' dir='ltr'><strong>ipso</strong></span> <span class='ocrx_word' id='word_1_756' title='bbox 2201 5644 2285 5700; x_wconf 70' lang='lat' dir='ltr'><strong>ms</strong></span> <span class='ocrx_word' id='word_1_757' title='bbox 2319 5625 2954 5700; x_wconf 25' lang='lat' dir='ltr'><strong>Corbafideuptt‘rentunt</strong></span> <span class='ocrx_word' id='word_1_758' title='bbox 3016 5623 3067 5676; x_wconf 90' lang='lat' dir='ltr'><strong>in</strong></span> <span class='ocrx_word' id='word_1_759' title='bbox 3123 5623 3237 5700; x_wconf 72' lang='lat' dir='ltr'><strong>ipso</strong></span> <span class='ocrx_word' id='word_1_760' title='bbox 3282 5636 3360 5700; x_wconf 58' lang='lat' dir='ltr'><strong>ius</strong></span> 
     </span>
    </p>
   </div>
   <div class='ocr_carea' id='block_1_110' title="bbox 126 5540 519 5622">
    <p class='ocr_par' dir='ltr' id='par_1_110' title="bbox 126 5540 519 5622">
     <span class='ocr_line' id='line_1_110' title="bbox 126 5540 519 5622; baseline -0.003 -6"><span class='ocrx_word' id='word_1_761' title='bbox 126 5540 224 5622; x_wconf 60' lang='grc' dir='ltr'><strong>ςοζτ</strong></span> <span class='ocrx_word' id='word_1_762' title='bbox 252 5566 519 5615; x_wconf 71' lang='lat' dir='ltr'><strong>autumant</strong></span> 
     </span>
    </p>
   </div>
   <div class='ocr_carea' id='block_1_111' title="bbox 125 5617 291 5678">
    <p class='ocr_par' dir='ltr' id='par_1_111' title="bbox 125 5617 291 5678">
     <span class='ocr_line' id='line_1_111' title="bbox 125 5617 291 5678; baseline 0.03 -10"><span class='ocrx_word' id='word_1_763' title='bbox 125 5617 160 5678; x_wconf 65' lang='lat' dir='ltr'><strong>Si</strong></span> <span class='ocrx_word' id='word_1_764' title='bbox 186 5617 291 5678; x_wconf 83' lang='lat' dir='ltr'><strong>hinc</strong></span> 
     </span>
    </p>
   </div>
   <div class='ocr_carea' id='block_1_112' title="bbox 1705 5409 3358 5473">
    <p class='ocr_par' dir='ltr' id='par_1_112' title="bbox 1705 5409 3358 5473">
     <span class='ocr_line' id='line_1_112' title="bbox 1705 5409 3358 5473; baseline -0.006 1"><span class='ocrx_word' id='word_1_765' title='bbox 1705 5417 1800 5450; x_wconf 70' lang='grc'><strong>¹⁰⁶³</strong></span> <span class='ocrx_word' id='word_1_766' title='bbox 1822 5418 2108 5473; x_wconf 80' lang='lat' dir='ltr'><strong>Annexum</strong></span> <span class='ocrx_word' id='word_1_767' title='bbox 2151 5414 2484 5471; x_wconf 82' lang='lat' dir='ltr'><strong>habebatms</strong></span> <span class='ocrx_word' id='word_1_768' title='bbox 2523 5411 2654 5466; x_wconf 81' lang='lat' dir='ltr'><strong>Vict.</strong></span> <span class='ocrx_word' id='word_1_769' title='bbox 2685 5422 2732 5466; x_wconf 84' lang='lat' dir='ltr'><strong>et</strong></span> <span class='ocrx_word' id='word_1_770' title='bbox 2761 5409 2905 5464; x_wconf 78' lang='lat' dir='ltr'><strong>Edit.</strong></span> <span class='ocrx_word' id='word_1_771' title='bbox 2938 5409 3049 5464; x_wconf 87' lang='lat' dir='ltr'><strong>Col.</strong></span> <span class='ocrx_word' id='word_1_772' title='bbox 3092 5424 3358 5465; x_wconf 78' lang='lat' dir='ltr'><strong>annexum</strong></span> 
     </span>
    </p>
   </div>
   <div class='ocr_carea' id='block_1_113' title="bbox 2376 5480 3357 5538">
    <p class='ocr_par' dir='ltr' id='par_1_113' title="bbox 2376 5480 3357 5538">
     <span class='ocr_line' id='line_1_113' title="bbox 2376 5480 3357 5538; baseline 0.001 -5"><span class='ocrx_word' id='word_1_773' title='bbox 2376 5486 2469 5518; x_wconf 67' lang='lat'><strong>1°&quot;</strong></span> <span class='ocrx_word' id='word_1_774' title='bbox 2515 5484 2810 5538; x_wconf 84' lang='lat' dir='ltr'><strong>Autument</strong></span> <span class='ocrx_word' id='word_1_775' title='bbox 2839 5499 2915 5535; x_wconf 78' lang='lat' dir='ltr'><strong>ms</strong></span> <span class='ocrx_word' id='word_1_776' title='bbox 2952 5480 3085 5535; x_wconf 82' lang='lat' dir='ltr'><strong>Vict.</strong></span> <span class='ocrx_word' id='word_1_777' title='bbox 3124 5491 3171 5535; x_wconf 86' lang='lat' dir='ltr'><strong>et</strong></span> <span class='ocrx_word' id='word_1_778' title='bbox 3213 5481 3357 5534; x_wconf 63' lang='lat' dir='ltr'><strong>sua.</strong></span> 
     </span>
    </p>
   </div>
   <div class='ocr_carea' id='block_1_114' title="bbox 2497 5550 3359 5609">
    <p class='ocr_par' dir='ltr' id='par_1_114' title="bbox 2497 5550 3359 5609">
     <span class='ocr_line' id='line_1_114' title="bbox 2497 5550 3359 5609; baseline -0.002 -3"><span class='ocrx_word' id='word_1_779' title='bbox 2497 5554 2586 5586; x_wconf 78' lang='lat'><strong>‘°&quot;</strong></span> <span class='ocrx_word' id='word_1_780' title='bbox 2617 5555 2672 5609; x_wconf 84' lang='lat' dir='ltr'><strong>Si</strong></span> <span class='ocrx_word' id='word_1_781' title='bbox 2704 5554 2792 5608; x_wconf 87' lang='lat' dir='ltr'><strong>hic</strong></span> <span class='ocrx_word' id='word_1_782' title='bbox 2838 5569 2942 5606; x_wconf 76' lang='lat' dir='ltr'><strong>mu</strong></span> <span class='ocrx_word' id='word_1_783' title='bbox 2990 5562 3038 5606; x_wconf 82' lang='lat' dir='ltr'><strong>et</strong></span> <span class='ocrx_word' id='word_1_784' title='bbox 3069 5551 3212 5604; x_wconf 83' lang='lat' dir='ltr'><strong>Edil.</strong></span> <span class='ocrx_word' id='word_1_785' title='bbox 3244 5550 3359 5604; x_wconf 81' lang='lat' dir='ltr'><strong>Col.</strong></span> 
     </span>
    </p>
   </div>
   <div class='ocr_carea' id='block_1_115' title="bbox 128 5677 3358 5772">
    <p class='ocr_par' dir='ltr' id='par_1_115' title="bbox 128 5677 3358 5772">
     <span class='ocr_line' id='line_1_115' title="bbox 128 5677 3358 5772; baseline 0.001 -32"><span class='ocrx_word' id='word_1_786' title='bbox 128 5677 389 5772; x_wconf 53' lang='lat' dir='ltr'><strong>garb.</strong></span> <span class='ocrx_word' id='word_1_787' title='bbox 429 5677 658 5772; x_wconf 49' lang='lat' dir='ltr'><strong>Explici-t</strong></span> <span class='ocrx_word' id='word_1_788' title='bbox 2368 5677 2849 5772; x_wconf 56' lang='lat' dir='ltr'><strong>stituitdiutinum.</strong></span> <span class='ocrx_word' id='word_1_789' title='bbox 2889 5692 2960 5772; x_wconf 77' lang='grc' dir='ltr'><strong>ιι</strong></span> <span class='ocrx_word' id='word_1_790' title='bbox 2993 5709 3090 5745; x_wconf 84' lang='lat' dir='ltr'><strong>ms.</strong></span> <span class='ocrx_word' id='word_1_791' title='bbox 3098 5677 3268 5772; x_wconf 32' lang='lat' dir='ltr'><strong>ilice.&quot;</strong></span> <span class='ocrx_word' id='word_1_792' title='bbox 3285 5690 3358 5742; x_wconf 83' lang='lat' dir='ltr'><strong>te-</strong></span> 
     </span>
    </p>
   </div>
   <div class='ocr_carea' id='block_1_116' title="bbox 130 5757 3360 5843">
    <p class='ocr_par' dir='ltr' id='par_1_116' title="bbox 130 5757 3360 5843">
     <span class='ocr_line' id='line_1_116' title="bbox 130 5757 3360 5843; baseline -0.003 -20"><span class='ocrx_word' id='word_1_793' title='bbox 331 5757 534 5843; x_wconf 68' lang='lat' dir='ltr'><strong>iusuper</strong></span> <span class='ocrx_word' id='word_1_794' title='bbox 578 5773 698 5827; x_wconf 77' lang='lat' dir='ltr'><strong>dure</strong></span> <span class='ocrx_word' id='word_1_795' title='bbox 721 5771 1146 5827; x_wconf 69' lang='lat' dir='ltr'><strong>Similitudines:</strong></span> <span class='ocrx_word' id='word_1_796' title='bbox 1181 5788 1283 5824; x_wconf 82' lang='lat' dir='ltr'><strong>una</strong></span> <span class='ocrx_word' id='word_1_797' title='bbox 1323 5777 1384 5826; x_wconf 81' lang='lat' dir='ltr'><strong>de</strong></span> <span class='ocrx_word' id='word_1_798' title='bbox 1419 5770 1620 5832; x_wconf 79' lang='lat' dir='ltr'><strong>Milite;</strong></span> <span class='ocrx_word' id='word_1_799' title='bbox 1653 5769 1816 5824; x_wconf 73' lang='lat' dir='ltr'><strong>altera</strong></span> <span class='ocrx_word' id='word_1_800' title='bbox 1862 5771 1922 5823; x_wconf 82' lang='lat' dir='ltr'><strong>de</strong></span> <span class='ocrx_word' id='word_1_801' title='bbox 1963 5757 2363 5843; x_wconf 30' lang='lat' dir='ltr'><strong>Galerii-qua:</strong></span> <span class='ocrx_word' id='word_1_802' title='bbox 2390 5770 2544 5823; x_wconf 80' lang='lat' dir='ltr'><strong>etiam</strong></span> <span class='ocrx_word' id='word_1_803' title='bbox 2589 5768 2844 5821; x_wconf 77' lang='lat' dir='ltr'><strong>habentur</strong></span> <span class='ocrx_word' id='word_1_804' title='bbox 2883 5765 2934 5818; x_wconf 80' lang='lat' dir='ltr'><strong>in</strong></span> <span class='ocrx_word' id='word_1_805' title='bbox 2967 5779 3041 5816; x_wconf 73' lang='lat' dir='ltr'><strong>tua</strong></span> <span class='ocrx_word' id='word_1_806' title='bbox 3093 5757 3360 5816; x_wconf 75' lang='lat' dir='ltr'><strong>Sun-Cet-</strong></span> 
     </span>
    </p>
   </div>
   <div class='ocr_carea' id='block_1_117' title="bbox 131 5830 398 5900">
    <p class='ocr_par' dir='ltr' id='par_1_117' title="bbox 131 5830 398 5900">
     <span class='ocr_line' id='line_1_117' title="bbox 131 5830 398 5900; baseline 0.011 -25"><span class='ocrx_word' id='word_1_807' title='bbox 131 5830 246 5884; x_wconf 71' lang='lat' dir='ltr'><strong>lnutti</strong></span> <span class='ocrx_word' id='word_1_808' title='bbox 273 5833 326 5890; x_wconf 72' lang='grc' dir='ltr'><strong>Α,</strong></span> <span class='ocrx_word' id='word_1_809' title='bbox 353 5839 398 5900; x_wconf 66' lang='grc' dir='ltr'>ι,</span> 
     </span>
    </p>
   </div>
  </div>
