3870 6304
553 349 657 403 ’ἶΟό

1479 355 1781 440 EADMERI
1838 355 1920 410 CA
1933 354 2144 412 NTUAI

2245 356 2391 413 NSIS
2424 357 2734 415 MONACHI
3647 377 3717 428 70l

551 459 725 514 hostis
755 459 836 513 sui
866 461 1080 513 incursu
1123 460 1446 517 defenditur.
1473 463 1663 519 Lorica
1704 467 1951 531 vestitur,
1977 481 2046 520 ne
2076 466 2130 520 in
2160 468 2210 526 A
2238 466 2390 534 prius
2424 482 2598 536 equus
2632 467 2908 523 multoties
2957 484 3301 542 repugnaret.
3340 474 3488 530 Decet
3514 479 3656 550 itaque
3680 503 3716 541 ut

554 547 732 616 aliqua
761 548 842 602 sui
891 549 1136 618 corporis
1179 560 1333 620 parte
1382 552 1716 608 vulneretur.
1757 554 1923 609 Galea
1973 564 2134 624 caput

553 637 672 707 ejus
697 647 941 702 ornatur,
975 648 1030 692 ιιι
1059 649 1112 693 et
1147 640 1260 710 ipse
1290 641 1414 695 inde
1436 643 1746 708 decoretur,
1768 654 1821 699 et
1844 644 1960 712 ejus
1989 645 2137 713 prin-

553 725 728 799 cipale
774 725 1024 784 securum
1074 732 1360 787 habeatur.
1418 734 1644 790 Scutum
1677 738 2032 806 prmtenditur
2075 747 2136 792 ut

556 822 672 890 ipse
712 829 854 876 totus
879 822 1005 878 inde
1035 834 1367 892 protegatur.
1399 826 1611 881 Lancea
1639 829 1691 882 in
1717 830 1963 883 manibus
1989 839 2137 884 tene-

556 918 666 974 tur,
696 921 754 964 ut
775 910 900 965 inde
922 913 1094 966 hostis
1121 913 1296 969 adhuc
1319 914 1477 986 longe
1506 925 1746 972 semotus
1769 918 2133 987 trausfigatur.

554 1001 749 1058 Gladio
781 1004 1102 1073 accingitur,
1136 1007 1276 1060 unde
1325 1006 1464 1060 idem
1507 1006 1678 1062 hostis
1707 1009 1951 1064 cominus
1974 1006 2135 1078 jugu-

557 1093 718 1148 letur.
749 1094 856 1149 Ista
889 1096 1073 1165 itaque
1104 1097 1282 1151 omnia
1322 1098 1479 1152 militi
1512 1099 1792 1167 temporali
1825 1108 1953 1153 sunt
1986 1100 2140 1153 valde

558 1175 902 1251 necessaria;
937 1203 1274 1255 nequaquam
1305 1205 1538 1258 namque
1569 1189 1702 1245 bene
1743 1201 1986 1246 armatus
2016 1208 2140 1248 esse

556 1277 841 1346 poterit,si
870 1278 954 1330 vel
980 1295 1141 1333 unum
1164 1292 1230 1333 ex
1255 1279 1394 1346 istis,
1417 1281 1708 1348 quamlibet
1736 1282 2041 1348 minimum,
2062 1283 2137 1338 illi

559 1369 813 1436 defuerit,
837 1384 936 1423 nec
960 1372 1175 1439 proprie
1194 1370 1296 1426 dici
1316 1381 1510 1441 poterit
1532 1375 1685 1429 miles
1703 1375 1993 1444 legitimus,
2013 1377 2140 1448 quia

562 1460 746 1514 adhuc
775 1461 881 1513 erit
906 1460 1280 1530 imperfectus.
1317 1461 1513 1516 Verum
1544 1464 1648 1519 ista
1673 1465 1886 1530 omnia,
1920 1475 1978 1520 ut
2001 1481 2142 1536 prte-

561 1551 824 1618 diximus,
853 1553 1209 1622 spiritualiter
1241 1563 1486 1624 accepta,
1519 1555 1784 1626 spirituali
1811 1557 1966 1612 militi
1994 1557 2140 1613 nihi-

562 1641 799 1698 lominus
832 1651 957 1698 sunt
1003 1646 1336 1701 necessaria.
1377 1645 1728 1717 Spiritualem
1759 1665 1888 1705 vero
1916 1650 2140 1706 militem

563 1739 808 1786 nostrum
847 1734 1078 1790 dicimus
1123 1737 1397 1792 hominem
1447 1737 1783 1805 interiorem,
1821 1741 1908 1796 hie
1939 1742 2138 1797 etenim

563 1823 724 1879 debet
751 1827 898 1880 omni
945 1835 1186 1896 tempore
1227 1844 1328 1886 suo
1374 1831 1617 1887 Creatori
1668 1834 1928 1901 militare;
1968 1851 2140 1905 equus

561 1927 742 1973 autem
789 1920 979 1976 militis
1025 1922 1186 1992 hujus
1233 1931 1317 1979 est
1347 1940 1546 1995 corpus
1593 1926 1796 1996 ipsius,
1825 1928 1966 1982 sicut
1996 1929 2139 1984 enim

560 2011 722 2066 militi
755 2027 925 2082 equus
962 2023 1046 2070 est
1093 2017 1468 2079 necessarius.
1523 2018 1602 2073 sic
1655 2019 1900 2075 interiori
1937 2021 2140 2076 homini

560 2119 780 2173 corpus.
810 2104 942 2160 Nam
969 2108 1422 2176 quemadmodum
1453 2110 1608 2165 miles
1639 2125 1759 2164 cum
1789 2126 1932 2181 equo
1951 2121 2141 2166 contra

560 2208 714 2248 suum
739 2194 1110 2251 adversarium
1156 2206 1382 2268 pugnat,
1423 2201 1502 2253 sic
1558 2200 1784 2254 interior
1814 2201 1974 2256 homo
2019 2216 2142 2256 cum

561 2299 792 2353 corpore
815 2294 1006 2340 contra
1046 2286 1342 2342 diabolum.
1386 2287 1520 2342 Cum
1547 2303 1775 2358 corpore
1810 2304 2044 2359 namque
2088 2299 2144 2346 et

567 2384 946 2428 occurrentem
977 2375 1249 2430 diabolum
1273 2384 1578 2446 expugnat,
1616 2377 1732 2446 ejus
1761 2380 2144 2436 tentationibus

566 2463 795 2518 viriliter
841 2464 1164 2532 resistendo,
1195 2475 1250 2520 et
1287 2467 1580 2538 fugientem
1634 2467 1842 2522 cruciat
1883 2469 2145 2524 instanter

563 2556 962 2624 persequendo,
993 2565 1048 2610 et
1089 2567 1528 2626 persequentem,
1569 2573 1690 2613 cum
1719 2560 1855 2614 ratio
1885 2559 2142 2629 postulat,

563 2645 773 2700 deridet
818 2645 1114 2715 prudenter
1142 2645 1414 2716 fugiendo.
1457 2648 1591 2702 Cum
1633 2649 1777 2702 enim
1819 2649 1979 2704 homo
2010 2649 2145 2705 bene

568 2738 751 2792 vivere
803 2737 1015 2805 incipit,
1060 2753 1186 2794 mox
1237 2739 1482 2796 diabolus
1533 2740 1683 2795 illum
1726 2741 1973 2811 decipere
2015 2742 2144 2798 totis

565 2830 770 2884 vit-ibus
796 2830 1020 2900 satagit;
1052 2831 1139 2885 cui
1177 2829 1223 2886 si
1255 2830 1344 2886 ille
1367 2847 1472 2886 non
1517 2833 1875 2898 consenserit,
1907 2834 1999 2888 sed
2028 2832 2144 2902 ejus

567 2922 959 2979 tentationibus
985 2931 1040 2978 et
1060 2924 1244 2978 animo
1271 2934 1325 2980 et
1352 2939 1582 2994 corpore
1604 2923 1832 2978 viriliter
1856 2925 2143 2990 restiterit,

568 3030 694 3068 mox
723 3014 898 3084 ipsum
929 3015 1204 3072 diabolum
1239 3015 1504 3079 devincit;
1541 3015 1644 3070 hoc
1673 3023 1758 3069 est
1786 3015 1929 3068 enim
1958 3013 2146 3069 diabo-

570 3103 680 3157 lum
711 3105 952 3170 vincere,
983 3119 1100 3173 ejus
1125 3106 1577 3176 suggestionibus
1613 3104 1827 3158 fortiter
1870 3103 2140 3159 resistere.

570 3195 672 3260 Qui
699 3196 742 3250 si
771 3197 932 3251 etiam
965 3198 1018 3250 in
1049 3197 1207 3252 bonis
1238 3197 1510 3266 oneribus,
1544 3205 1598 3252 et
1629 3196 1810 3250 animo
1839 3205 1895 3249 et
1919 3210 2146 3266 corpore

569 3287 844 3341 instanter
871 3288 1322 3356 perseveraverit,
1347 3303 1401 3342 et
1425 3289 1598 3357 ipsum
1632 3285 1848 3355 quidem
1877 3286 2147 3341 diabolum

571 3393 767 3448 magno
792 3378 1184 3446 persecutionis
1200 3379 1442 3434 cruciatu
1466 3378 1611 3434 ferit.
1630 3379 1782 3437 Tune
1803 3385 1966 3437 etiam
1996 3379 2149 3434 miles

571 3469 771 3525 Christi
793 3469 1064 3528 diabolutn
1088 3471 1454 3542 persequitur,
1477 3487 1599 3527 cum
1633 3472 1685 3527 in
1714 3474 1850 3530 bene
1874 3471 2149 3544 Operando

570 3563 1036 3632 perseverantiam
1090 3563 1455 3633 amptectitur.
1511 3562 1646 3619 Cum
1714 3577 1846 3618 vero
1897 3563 1996 3632 ipsi
2031 3562 2150 3617 dia-

567 3654 728 3720 bolo,
785 3671 992 3712 summa
1052 3655 1148 3711 Dei
1205 3656 1546 3727 providentia
1604 3655 1753 3724 juste
1827 3656 2150 3726 disponente

569 3749 772 3812 omnia,
797 3762 962 3817 super
983 3748 1254 3803 hominem
1278 3757 1522 3818 potestas
1544 3737 1819 3811 tribuitur,
1846 3755 1973 3801 tunc
2000 3746 2147 3801 illum

570 3838 824 3906 persequi
851 3837 1070 3915 dicitur.
1120 3838 1228 3893 Sed
1261 3837 1578 3908 plerumque
1617 3836 1771 3892 miles
1800 3835 2002 3890 Christi
2033 3836 2151 3905 ejus

568 3929 635 3983 ad
664 3929 932 3985 modicum
964 3929 1107 3985 cedit
1149 3930 1418 3995 vesaniae,
1467 3937 1524 3980 ut
1552 3928 1730 3982 adhuc
1781 3928 2008 3982 Domino
2052 3942 2150 3982 suo

566 4024 739 4093 possit
768 4003 1124 4087 fructificare,
1168 4021 1323 4090 juxta
1356 4021 1499 4091 quod
1549 4021 1690 4076 idem
1738 4018 2000 4074 Dominus
2038 4020 2151 4090 ipse

567 4115 636 4169 de
669 4115 928 4170 membris
959 4115 1126 4185 ipsius
1152 4113 1349 4170 diaboli
1394 4129 1523 4169 suos
1549 4112 1840 4181 discipulos
1870 4113 2151 4168 admonuit

567 4206 756 4261 dicens
782 4224 795 4260 :
822 4205 881 4260 Si
908 4223 998 4260 vos
1020 4206 1277 4276 persecuti
1307 4205 1502 4275 fuerint
1531 4205 1587 4258 in
1611 4221 1715 4257 una
1742 4205 1962 4270 civitate,
1989 4203 2151 4275 fugite

573 4297 630 4348 in
663 4295 824 4348 aliam
865 4295 1082 4367 (Matth.
1117 4313 1170 4359 ι,
1220 4296 1332 4367 25).
1381 4297 1534 4363 Quod
1585 4312 1706 4351 cum
1752 4297 1907 4351 utiles
1947 4297 2148 4352 Christi

573 4383 727 4448 facit,
770 4384 946 4453 ipsum
983 4385 1253 4440 diabolum
1294 4387 1585 4455 prudenter
1613 4385 1802 4440 illndit.
1850 4386 1966 4441 Non
2002 4388 2146 4442 cnim

2236 556 2289 609 in
2319 572 2458 624 equo
2490 573 2589 611 suo
2615 559 2812 613 habeat
2837 559 3070 626 frenum,
3095 564 3137 617 si
3167 563 3524 633 vultexpedite
3544 587 3716 641 pugnare

2235 655 2426 701 contra
2472 649 2871 703 adversarium.
2905 650 3086 705 Debet
3134 663 3316 708 autem
3362 660 3612 714 secundum
3635 671 3716 733 equi

2237 739 2550 804 qualitatem
2599 739 2737 796 freni
2785 744 3070 808 providere
3118 747 3487 813 quantitatem.
3537 751 3583 806 Si
3621 760 3717 811 enim

2236 831 2576 885 obedientem
2605 848 2804 902 equum
2836 836 3088 891 habuerit
3121 847 3174 890 et
3212 840 3465 907 quietum,
3496 845 3539 896 in
3563 860 3614 901 eo
3632 864 3718 917 par-

2237 936 2360 975 vum
2389 931 2442 976 et
2467 937 2630 978 suave
2651 925 2810 980 debet
2836 940 3040 995 ponere
3072 927 3312 996 frenum;
3339 932 3381 986 si
3407 949 3520 988 vero
3540 938 3718 994 rebellem

2237 1021 2291 1066 et
2323 1013 2665 1079 indomitum,
2708 1030 2961 1086 magnum
3009 1018 3062 1072 in
3110 1033 3174 1073 eo
3216 1030 3273 1074 et
3304 1035 3533 1089 asperum
3567 1042 3719 1085 necesse

2239 1113 2320 1158 est
2353 1114 2409 1158 ut
2441 1105 2680 1173 imponat
2719 1105 2963 1171 frenum;
2997 1109 3041 1162 si
3079 1117 3260 1164 autem
3286 1113 3606 1178 mediocrem,
3628 1123 3717 1174 etin

2239 1193 2394 1248 freno
2441 1196 2603 1250 debet
2649 1197 2936 1265 providere
2982 1198 3430 1254 mediocritatem.
3471 1202 3718 1262 Similitersi

2238 1284 2394 1338 miles
2421 1283 2620 1338 Clu-isti
2655 1285 2766 1338 vult
2791 1284 3029 1353 legitime
3055 1297 3274 1343 certare
3306 1301 3481 1344 contra
3508 1294 3718 1359 diabolum,

2238 1372 2401 1428 debet
2452 1375 2503 1427 in
2535 1389 2636 1428 suo
2673 1389 2814 1443 equo
2855 1375 3055 1432 habere
3095 1377 3346 1445 frenum;
3395 1379 3580 1437 frenum
3604 1395 3720 1440 autem

2239 1482 2346 1535 quo
2388 1467 2694 1535 lmjusmodi
2738 1467 2944 1537 regitur
2987 1471 3528 1538 equus,abstinentia
3560 1476 3718 1543 dicitur;

2241 1575 2338 1630 per
2371 1560 2758 1615 abstinentiam
2779 1576 3014 1630 namque
3039 1562 3204 1617 debet
3225 1564 3449 1618 interior
3469 1564 3603 1621 homo
3623 1579 3722 1623 exte-

2241 1651 2405 1706 rioris
2445 1651 2724 1706 lasciviam
2760 1650 3065 1717 refrenare,
3093 1662 3150 1707 et
3184 1669 3312 1709 eum
3349 1657 3605 1712 secundum
3638 1676 3718 1730 pro-

2240 1743 2419 1812 priam
2453 1741 2786 1796 voluntatem
2813 1743 2919 1797 huc
2945 1752 3108 1814 atque
3134 1745 3263 1800 illuc
3288 1745 3509 1802 ﬂectere.
3533 1748 3635 1803 Nam
3650 1753 3722 1805 sine

2243 1833 2553 1905 hujusmodi
2581 1833 2720 1888 freni
2753 1834 3019 1903 regimine
3049 1836 3362 1892 nullatenus
3388 1839 3602 1909 expedite
3619 1852 3719 1911 pote-

2242 1928 2316 1982 rit
2343 1928 2606 1982 adversus
2627 1925 2901 1980 diabolum
2929 1941 3194 1998 pugnare.
3223 1928 3330 1984 Sed
3354 1931 3459 2000 ipsa
3484 1932 3717 1986 abstinentia

2243 2017 2405 2072 debet
2448 2030 2569 2072 esse
2600 2015 2870 2080 discreta;
2915 2018 3214 2072 secundum
3261 2020 3402 2074 enim
3444 2023 3639 2089 corporis
3669 2024 3718 2075 sui

2243 2110 2560 2180 qualitatem
2590 2114 2752 2168 decet
2792 2117 2854 2164 ut
2880 2109 3108 2164 interior
3151 2111 3320 2165 homo
3346 2112 3593 2180 provideat
3616 2114 3721 2165 alisti.

2244 2199 2442 2254 nentiaa
2461 2201 2840 2270 quantitatem;
2889 2199 3128 2268 alioquin
3165 2200 3268 2255 sibi
3298 2216 3400 2255 non
3429 2203 3518 2256 erit
3541 2203 3593 2255 ad
3615 2202 3719 2256 nilum

2245 2289 2634 2358 adjumentum,
2662 2290 2770 2345 imo
2800 2288 2870 2343 ad
2900 2291 3200 2344 maximum
3233 2291 3638 2360 impedimentum.
3657 2291 3721 2345 Ne

2244 2382 2467 2435 tandum
2493 2397 2706 2453 quoque
2735 2382 2862 2453 quia
2891 2381 3104 2436 frenum
3133 2384 3245 2438 duo
3275 2383 3388 2438 lora
3413 2383 3533 2438 solet
3567 2383 3715 2442 habere.

2243 2487 2365 2542 quae
2397 2474 2551 2528 miles
2580 2475 2630 2529 in
2655 2489 2751 2529 sua
2789 2491 2954 2530 manu
2985 2475 3147 2530 debet
3194 2484 3401 2541 tenere,
3427 2485 3477 2530 et
3505 2475 3569 2530 sic
3590 2489 3718 2545 equum

2244 2579 2402 2619 suum
2447 2579 2655 2636 regere,
2685 2566 2781 2621 sed
2831 2565 2877 2621 si
2933 2565 3165 2621 alterum
3213 2567 3335 2636 plus
3385 2567 3538 2622 altero
3569 2564 3718 2620 traxerit

2245 2670 2588 2726 nequaquam
2644 2656 2758 2726 ipse
2803 2670 2976 2726 equus
3031 2656 3084 2711 in
3135 2656 3403 2712 directum
3437 2657 3558 2709 viam
3603 2663 3719 2708 tenere

2247 2746 2466 2815 poterit.
2496 2744 2568 2800 Ut
2601 2756 2782 2802 autent
2816 2746 2868 2800 in
2901 2747 3169 2802 directum
3208 2749 3353 2802 viam
3383 2755 3555 2809 teneat,
3578 2758 3721 2798 necesse

2243 2843 2412 2889 estut
2444 2835 2603 2890 miles
2641 2846 2870 2906 utraque
2899 2837 3014 2892 lora
3051 2837 3105 2892 in
3138 2837 3406 2894 directum
3453 2838 3614 2891 trahat.
3633 2833 3719 2900 Quit

2247 2923 2428 2994 itaque
2453 2940 2549 2994 per
2569 2926 2676 2980 duo
2703 2925 2817 2981 lora
2844 2925 3001 2993 freni,
3032 2927 3134 2982 nisi
3153 2929 3264 2984 duo
3292 2928 3513 2984 membra
3535 2926 3720 2982 abstinen-

2253 3015 2343 3067 tia).
2375 3013 2572 3068 debent
2613 3013 2872 3084 intelligi;
2924 3014 3029 3070 alia
3080 3031 3319 3086 namque
3370 3014 3638 3070 abstinentia
3670 3022 3718 3064 est

2252 3104 2477 3158 nimium
2526 3104 2777 3171 remissa,
2827 3105 2933 3159 alia
2972 3121 3137 3176 supra
3184 3107 3400 3162 modum
3437 3105 3632 3159 districta
3649 3117 3720 3169 qua

2252 3195 2295 3250 si
2327 3195 2666 3266 inaequaliter
2693 3195 2924 3252 interior
2961 3199 3123 3253 homo
3149 3199 3406 3253 exteriori
3459 3195 3671 3255 indixerit,
3689 3193 3718 3243 id

2249 3297 2353 3349 est,
2376 3289 2421 3343 si
2451 3304 2614 3342 unum
2645 3291 2926 3360 plusquam
2955 3289 3188 3344 alterum
3209 3292 3260 3345 ei
3288 3289 3570 3358 injunxerit,
3588 3299 3719 3351 nequ:-

2250 3392 2410 3446 quam
2443 3388 2652 3434 rectam
2686 3382 2828 3434 viam
2855 3390 3038 3435 tenere
3060 3381 3297 3450 poterit;
3329 3387 3416 3433 aut
3432 3378 3555 3433 enim
3575 3384 3719 3445 propter

2253 3470 2483 3525 nimium
2517 3471 2799 3526 remissam
2827 3470 3214 3526 abstinentiam
3262 3469 3534 3540 superbiat,
3560 3474 3629 3520 aut
3645 3477 3720 3534 pro-

2249 3570 2370 3631 pter
2398 3561 2689 3630 plurimum
2715 3561 3016 3617 districtam
3069 3562 3308 3617 deficiet.
3345 3561 3516 3616 Restat
3544 3557 3660 3626 igitur
3685 3561 3716 3603 ut

2250 3661 2498 3705 neutram
2526 3651 2816 3706 indiscrete
2841 3651 3056 3720 corpori
3079 3666 3179 3705 suo
3205 3651 3456 3720 injungat,
3484 3647 3563 3702 sed
3581 3645 3718 3698 discre-

2252 3738 2414 3795 tionis
2462 3755 2626 3794 manu
2682 3741 3108 3796 mediocritatem
3167 3750 3368 3796 teneat.
3419 3737 3563 3794 Debet
3603 3739 3717 3788 autem

2250 3829 2407 3884 miles
2436 3829 2538 3884 iste
2575 3845 2740 3901 super
2768 3845 2967 3900 equum
3014 3845 3170 3884 suum
3221 3830 3405 3886 sellam
3433 3828 3612 3883 habere.
3640 3820 3718 3887 ΕΒ

2251 3920 2439 3975 sellam
2491 3923 2765 3977 credimus
2801 3937 2923 3977 esse
2962 3922 3460 3986 mansuetudinem;
3500 3919 3609 3974 hanc
3625 3911 3716 3968 enim

2250 4011 2412 4068 debet
2442 4013 2670 4068 interior
2698 4013 2859 4068 homo
2908 4029 3071 4084 super
3115 4013 3437 4068 exteriorem
3481 4020 3648 4079 ponere.
3682 4008 3716 4052 ιιι

2251 4121 2413 4176 super
2440 4121 2561 4160 eum
2600 4105 2810 4161 firmius
2846 4106 3038 4162 sedere
3079 4115 3135 4161 et
3177 4121 3304 4160 eum
3345 4102 3583 4160 decentius
3612 4092 3718 4165 possit

2257 4211 2470 4267 regere,
2502 4196 2755 4252 videlicet
2785 4205 2844 4251 ut
2872 4195 3074 4250 nullum
3106 4196 3404 4250 membrum
3431 4195 3520 4247 huc
3544 4187 3606 4241 vel
3632 4183 3710 4236 illuc

2211 4345 2220 4354 ,
2253 4288 2558 4344 inordinate
2591 4299 2827 4351 moveat,
2851 4289 2944 4345 sed
2971 4290 3154 4344 omnia
3181 4291 3430 4346 decenter
3453 4295 3499 4340 et
3520 4284 3712 4336 mansuete

2251 4384 2560 4449 contineat,
2593 4392 2654 4436 ut
2697 4383 2832 4437 nihil
2862 4391 2989 4453 agat
3035 4385 3302 4452 Superbe,
3345 4382 3430 4436 sed
3457 4376 3600 4431 omnia
3639 4381 3713 4422 cum

575 4472 715 4544 fugit
744 4475 885 4544 quod
928 4489 1050 4530 eum
1096 4475 1314 4540 timeat,
1358 4476 1450 4529 sed
1481 4485 1538 4529 ut
1578 4476 1806 4532 Domino
1847 4491 1947 4532 suo
1973 4478 2150 4533 adhuc
2174 4499 2227 4560 D
2255 4475 2662 4544 tranquillitate.
2715 4476 2853 4530 Sunt
2903 4475 3067 4530 etiam
3117 4473 3359 4529 calcaria
3395 4471 3507 4526 huic
3533 4457 3713 4560 militi-ad

573 4565 814 4637 praedam
843 4565 1113 4634 acquirat.
1143 4563 1308 4619 Valde
1337 4565 1519 4633 itaque
1561 4573 1647 4619 est
1675 4568 2013 4623 necessarius
2052 4583 2148 4622 no-

564 4665 684 4712 stro
712 4655 869 4710 militi
903 4670 1034 4710 suus
1055 4669 1246 4726 equus,
1274 4653 1323 4708 id
1351 4664 1434 4709 est
1464 4655 1707 4709 interiori
1750 4655 1984 4721 homini,
2031 4672 2150 4713 cor-

567 4764 671 4820 pus
718 4747 981 4802 cxterius.
1038 4745 1334 4802 Sciendum
1384 4761 1513 4802 vero
1567 4745 1692 4816 quia
1743 4749 2022 4818 proprium
2066 4757 2152 4805 est

568 4838 758 4893 tnilitis
802 4851 1055 4906 praeesse,
1086 4837 1210 4907 equi
1239 4846 1421 4894 autem
1449 4827 1705 4902 subesse;
1749 4837 1938 4892 militis
1969 4838 2143 4908 impe-

569 4946 714 4994 rare,
744 4929 867 4999 equi
910 4929 1322 4998 obtemperare;
1357 4943 1700 4999 nequaquam
1738 4943 1972 4998 namque
1996 4929 2151 4984 miles

569 5030 756 5075 contra
797 5018 1173 5073 adversarium
1204 5018 1461 5074 decenter
1504 5033 1746 5089 pugnare
1783 5019 2015 5087 poterit,
2047 5017 2150 5075 nisi

567 5125 741 5179 equus
769 5126 899 5166 suus
939 5110 1040 5166 sibi
1087 5109 1362 5177 subjectus
1408 5109 1591 5176 fuerit,
1643 5119 1698 5165 et
1754 5110 1858 5166 nisi
1902 5109 2007 5166 sibi
2057 5124 2152 5180 per

568 5201 750 5254 omnia
775 5202 1070 5268 obedierit;
1105 5203 1199 5257 sed
1228 5202 1354 5271 quia
1380 5210 1464 5255 est
1500 5201 1700 5255 animal
1734 5211 1939 5256 mutum
1964 5213 2018 5256 et
2047 5218 2151 5256 non

570 5293 734 5349 habet
770 5294 1122 5361 intellectum,
1151 5295 1304 5349 miles
1331 5293 1494 5364 capiti
1545 5294 1662 5364 ejus
1693 5294 1906 5349 frenum
1957 5295 2130 5364 impo—

570 5387 651 5440 nit
680 5401 788 5455 qtto
810 5401 931 5439 cum
955 5385 1061 5440 huc
1083 5395 1137 5440 et
1169 5386 1317 5454 illuc,
1346 5402 1469 5442 cum
1501 5387 1666 5441 etiam
1691 5386 2153 5450 noluerit,secun-

571 5482 696 5530 dum
749 5476 1023 5547 propriam
1063 5476 1390 5532 voluntatem
1452 5475 1670 5534 flectere
1723 5479 1913 5549 possit.
1965 5477 2152 5549 Neque

571 5568 716 5624 enim
767 5568 1015 5638 expedite
1057 5568 1316 5623 adversus
1362 5583 1517 5624 suum
1546 5585 1786 5643 pugnare
1813 5572 2012 5641 poterit
2060 5571 2152 5624 ad-

568 5663 894 5728 versarium,
925 5662 1024 5716 nisi
1055 5661 1106 5716 in
1139 5677 1278 5731 equo
1312 5681 1410 5721 suo
1449 5665 1699 5738 habuerit
1736 5665 1966 5720 frenum.
2018 5664 2151 5719 Nam

570 5759 841 5826 quomodo
871 5757 971 5829 ipsi
1007 5757 1144 5812 hosti
1183 5757 1393 5811 fortiter
1419 5757 1717 5822 resisteret,
1752 5774 1871 5812 cum
1909 5759 2006 5813 διιιὶ
2035 5773 2152 5828 pro-

2253 4581 2449 4635 equum
2506 4565 2854 4621 excitandum
2908 4565 3352 4635 pernecessaria;
3402 4562 3493 4616 ista
3535 4551 3712 4624 siquidful

2252 4658 2487 4712 calcaria
2518 4657 2622 4711 duo
2643 4664 2771 4712 sunt
2800 4656 3243 4711 exhortationum
3283 4666 3482 4721 genera.
3507 4647 3595 4701 Duo
3619 4651 3712 4693 nam-

2253 4758 2358 4813 que
2406 4753 2533 4799 sunt
2577 4758 2775 4814 genera
2831 4743 3304 4807 exhortationum,
3349 4739 3522 4810 quibus
3565 4725 3711 4784 interior

2255 4840 2418 4894 homo
2464 4837 2794 4892 exteriorem
2837 4835 3000 4891 debet
3032 4837 3274 4892 excitare
3317 4833 3381 4888 ad
3415 4843 3530 4900 opus
3559 4827 3709 4878 bonum:

2253 4927 2501 4998 quaedam
2564 4940 2800 4996 namque
2845 4925 3256 4982 exhortationes
3305 4930 3421 4978 sunt
3450 4921 3506 4972 de
3550 4913 3706 4998 tinum}

2255 5021 2501 5091 quaedam
2553 5033 2683 5074 vero
2727 5018 2796 5074 de
2838 5033 3047 5074 amore.
3089 5017 3196 5072 lllze
3246 5027 3416 5070 autem
3443 5023 3542 5078 Quae
3567 4997 3710 5095 ευιιιξξθ

2256 5115 2446 5170 timore
2475 5113 2728 5168 dicuntur
2757 5112 3022 5176 sinistrae;
3071 5125 3192 5179 qua:
3221 5123 3342 5165 vero
3371 5106 3431 5161 de
3462 5109 3626 5155 amore,
3657 5089 3706 5179 άις

2255 5213 2452 5259 cuntur
2475 5205 2698 5259 dextrae.
2728 5201 2835 5258 Sed
2862 5201 2928 5257 de
2962 5216 3071 5272 quo
3090 5176 3291 5256 timore
3309 5204 3362 5252 et
3385 5195 3444 5248 de
3465 5203 3552 5259 quo
3565 5176 3707 5272 amart?

2255 5296 2330 5351 De
2361 5296 2553 5351 timore
2581 5297 2840 5366 gehennae
2877 5303 2933 5350 et
2959 5269 3026 5349 de
3054 5309 3240 5349 amore
3271 5294 3385 5348 vita:
3409 5289 3643 5362 perpellit;
3665 5269 3704 5321 δέ

2259 5389 2456 5442 timore
2498 5385 2776 5442 horribilis
2808 5384 3138 5439 calamitatis
3172 5393 3226 5439 et
3263 5385 3328 5438 de
3369 5389 3526 5435 amore
3549 5367 3704 5424 delecta-

2255 5483 2378 5540 bilis
2399 5481 2774 5552 jucunditatis;
2807 5479 2874 5533 de
2907 5478 3101 5532 timore
3126 5484 3386 5548 perpetuat
3409 5463 3592 5526 miseria
3610 5449 3702 5554 61.49

2256 5591 2441 5630 amore
2485 5571 2735 5645 perennis
2778 5569 2980 5642 gloriae.
3021 5569 3159 5636 Quia
3197 5581 3319 5638 ergo
3360 5574 3510 5618 noster
3546 5553 3702 5646 αιξηογ

2256 5668 2417 5724 ltomo
2443 5638 2526 5722 est
2565 5663 2813 5719 infirmus
2854 5671 2910 5716 et
2954 5660 3345 5732 corruptibilis,
3390 5650 3552 5720 smptus
3585 5638 3698 5732 ""1"?

2258 5759 2491 5813 instante
2522 5755 2784 5825 gravitate
2815 5769 2841 5806 a
2894 5753 3033 5806 bono
3063 5766 3223 5821 opere
3251 5748 3391 5806 vellet
3416 5749 3597 5798 cessare.
3623 5721 3695 5780 “At
