3870 6304
69 315 160 398 tu”;

1060 333 1184 391 LIB.
1224 335 1314 392 DE
1343 335 1401 392 S.
1435 333 1732 392 ANSELMI
1763 332 2362 392 SlMlLlTUDlNlBUS.

3187 334 3294 393 706

73 468 172 509 cum
197 448 401 505 interior
436 450 598 505 homo
624 463 748 506 eum
777 449 847 505 ab
892 449 1134 525 inempto
1175 452 1311 507 bene
1348 453 1605 522 operandi
1637 451 1682 509 Α
1712 450 1791 504 sic
1819 449 1994 504 solent
2026 449 2272 520 quadam
2307 448 2547 504 membra
2601 449 2879 518 subsequi.
2919 447 3061 516 ‘ch
3112 458 3294 505 autem

70 549 242 606 uiuere.
255 542 382 597 velle
409 550 624 611 torpere
669 544 928 599 senserit.
961 559 1088 598 mox
1111 560 1231 600 eum
1254 546 1406 614 quasi
1449 546 1604 601 miles

70 655 236 710 equum
262 649 407 694 sum)
438 635 741 692 calcaribus
788 636 948 693 debet
987 638 1294 693 exercitare
1332 639 1605 707 praedictis

69 730 527 794 exhortationibus,
573 727 867 798 aliquando
915 729 1166 784 videlicet
1213 729 1450 792 dextris,
1502 729 1604 782 ali-

70 823 253 894 quando
282 820 528 882 sinistris.
579 818 635 876 id
676 827 762 874 est
802 835 946 873 nunc
977 819 1189 885 timore,
1225 835 1368 874 nunc
1397 833 1605 883 amore,

68 914 346 983 quandoque
376 912 535 968 simul
568 913 836 983 utrisque.
891 910 1015 966 llaec
1061 911 1128 966 de
1174 926 1315 980 equo
1335 920 1390 966 et
1425 911 1493 964 de
1522 910 1605 965 his

67 1020 162 1073 qua:
189 1002 247 1056 ad
289 1016 406 1055 eum
445 1002 719 1070 pertinent
758 1001 1135 1057 disseruimus.
1185 999 1341 1056 Nunc
1381 1015 1511 1055 vero
1538 1000 1604 1054 ad

68 1093 256 1147 militem
285 1101 524 1146 nostrum
556 1094 861 1154 redeamus,
895 1103 952 1147 et
987 1091 1185 1162 quibus
1207 1091 1376 1147 armis
1405 1091 1604 1145 armari

69 1185 226 1238 debeat
255 1183 507 1244 attentius
544 1182 901 1252 inquiramus.
949 1185 1174 1241 Militem
1226 1193 1509 1249 nostrum,
1546 1194 1607 1240 ut

67 1275 399 1345 prtediximus,
419 1283 677 1342 nostrum
705 1291 826 1331 esse
857 1277 1168 1332 interiorem
1193 1275 1467 1332 hominem
1488 1293 1607 1333 cre-

69 1367 231 1427 ditnus,
264 1367 420 1431 unde,
453 1367 594 1421 sicut
617 1374 831 1421 constat
862 1367 930 1422 de
961 1368 1240 1438 temporali
1270 1367 1461 1434 milite,
1489 1367 1601 1422 nul-

69 1455 244 1511 latenus
283 1456 432 1510 miles
477 1458 577 1512 iste
616 1475 738 1514 cum
771 1460 1085 1515 adversario
1125 1475 1224 1514 suo
1274 1459 1396 1515 sine
1439 1459 1608 1514 armis

67 1543 240 1601 beliicis
280 1545 475 1614 poterit
525 1547 767 1618 legitime
807 1557 1045 1607 certare.
1087 1547 1222 1604 Nam
1261 1551 1532 1620 quomodo
1575 1565 1605 1604 a

69 1635 226 1689 diaboli
252 1635 541 1692 mortiferis
556 1637 752 1706 jaculis
768 1641 1012 1694 membra
1039 1655 1136 1694 sua
1155 1651 1399 1696 servaret
1421 1641 1604 1709 illtesa,

67 1727 100 1778 si
145 1742 232 1780 non
279 1727 593 1782 indueretur
648 1728 851 1783 lorica?
891 1729 1064 1797 Quam
1107 1731 1456 1786 securitatem
1509 1747 1606 1785 suo

1709 541 2013 612 intelligere
2043 543 2303 597 debemus
2334 555 2430 610 per
2460 540 2690 611 galeam,
2717 541 2818 596 nisi
2851 541 3064 596 beatam
3106 540 3296 612 spem?

1708 635 1838 690 Nam
1890 635 2165 706 quomodo
2215 634 2365 706 galea
2417 648 2633 688 sursum
2687 635 2956 702 dirigitur,
3009 634 3088 689 sic
3131 636 3294 688 beata

1709 742 1832 796 spes
1862 743 2078 798 semper
2131 727 2198 781 ad
2249 726 2527 796 superiora
2567 726 2892 782 sustollitur.
2948 725 3105 780 Tunc
3156 734 3290 794 ergo

1710 818 1863 874 miles
1890 817 2090 874 Christi
2137 835 2301 889 super
2327 832 2491 892 caput
2527 837 2683 878 suum
2730 819 2937 890 galeam
2967 819 3141 888 ponit,
3172 833 3294 870 cum

1711 907 2065 964 intentionem
2113 926 2271 965 suam
2319 912 2476 966 beata
2525 928 2620 982 spe
2668 912 2860 974 munit,
2910 911 2963 964 id
3019 919 3121 975 est,
3173 925 3295 963 cum

1709 998 1970 1067 quidquid
1999 999 2121 1054 boni
2156 1001 2388 1055 intendit
2430 1017 2620 1071 agere,
2654 1001 2758 1054 hoc
2802 998 3137 1054 solummodo
3167 997 3297 1052 facit

1708 1088 1778 1145 ob
1811 1104 1959 1159 spem
1993 1092 2163 1146 beatae
2205 1101 2260 1146 et
2298 1093 2553 1162 perennis
2597 1092 2800 1164 gloritc.
2846 1091 2943 1146 Est
2966 1092 3146 1145 ~"etiam
3180 1091 3296 1162 cly-

1707 1194 1842 1249 pens
1892 1189 2078 1235 nostro
2120 1182 2278 1236 militi
2326 1183 2482 1239 valde
2527 1183 3069 1245 necessarius,hune
3099 1182 3298 1252 quippe

1709 1271 1868 1326 debet
1892 1273 2246 1341 praetendere,
2273 1283 2330 1328 ttt
2361 1291 2390 1328 a
2421 1273 2707 1329 virulentis
2739 1273 2936 1327 diaboli
2964 1271 3158 1339 jaculis
3188 1281 3297 1324 tam

1710 1381 1768 1420 se
1819 1381 1980 1435 quam
2024 1381 2221 1437 equum
2269 1383 2427 1422 suum
2477 1367 2656 1423 valeat
2703 1365 3014 1422 defendere.
3073 1364 3297 1418 Scutunt

1710 1454 1900 1510 militis
1948 1453 2107 1524 hujus
2149 1456 2306 1511 fidem
2338 1458 2497 1513 docet
2560 1473 2679 1512 esse
2706 1455 2996 1526 Apostolus
3025 1469 3040 1507 :
3073 1456 3298 1518 Sumite,

1710 1545 1907 1615 inquit,
1937 1559 2140 1600 scutum
2170 1547 2294 1616 ﬁdei
2317 1549 2484 1618 inquo
2512 1546 2728 1617 (Ep/tes.
2757 1563 2830 1606 vt,
2865 1547 2976 1615 16),
3008 1555 3111 1599 etc.
3139 1545 3299 1598 Fides

1711 1650 1947 1706 namque
1970 1645 2222 1706 tanquam
2249 1646 2460 1693 scutum
2481 1638 2896 1708 inexpugnabile
2921 1637 3298 1692 ardentissima

1711 1728 1969 1783 vitiorum
2006 1730 2106 1784 tela
2151 1729 2290 1786 solet
2328 1733 2604 1802 excipere,
2649 1747 2714 1786 ac
2747 1741 2892 1785 metu
2941 1732 3202 1801 gehennae
3243 1740 3299 1785 ct

69 1817 304 1888 principali
353 1819 662 1886 obtineret,
696 1821 782 1876 vel
813 1837 972 1891 quem
1024 1815 1271 1877 timorem
1324 1824 1424 1892 ipsi
1466 1824 1606 1879 lmsti
1642 1813 1686 1868 Β
1714 1819 1954 1874 caelestis
1989 1821 2138 1890 regni
2166 1821 2487 1877 credulitate
2524 1821 2904 1876 mortificando
2927 1821 3296 1890 exstinguere.

69 1908 314 1970 incuteret,
337 1910 381 1963 si.
401 1910 614 1982 galeam
639 1911 691 1966 in
716 1912 892 1982 capite
914 1927 1019 1968 non
1047 1913 1307 1969 haberet?
1329 1915 1608 1981 Quomodo

71 1999 366 2056 avirulentis
393 2003 609 2073 antiqui
654 2004 923 2074 serpentis
961 2004 1162 2062 ictibus
1201 2015 1308 2060 tam
1347 2022 1406 2061 se
1446 2023 1606 2076 quam

69 2104 230 2159 equum
257 2107 404 2155 suum
449 2092 789 2159 defenderet,
834 2094 938 2149 nisi
972 2105 1186 2151 scutum
1216 2098 1607 2167 prtetcnderet?

70 2176 192 2235 Unde
214 2197 332 2236 vero
358 2183 538 2252 ipsum
565 2184 774 2239 hostem
807 2185 1173 2256 transfigeret,
1199 2187 1242 2240 si
1277 2186 1520 2243 lanceam
1553 2189 1606 2243 in

67 2272 277 2327 manibus
303 2290 648 2346 nequaquam
688 2277 929 2332 teneret?
955 2276 1063 2332 Aut
1088 2277 1229 2332 unde
1263 2279 1404 2333 idem
1436 2279 1618 2335 hostis.

63 2360 372 2433 jugularetur,
413 2367 464 2422 si
500 2367 654 2422 miles
681 2367 879 2424 Christi
920 2369 1100 2440 gladio
1157 2385 1264 2424 non
1291 2373 1608 2442 accingere-

71 2457 163 2509 tur?
189 2457 311 2512 Sunt
335 2460 522 2529 itaque
552 2461 841 2515 admodum
877 2464 1186 2518 necessaria
1221 2473 1410 2519 nostro
1449 2464 1608 2520 militi

69 2563 141 2600 sua
167 2563 319 2604 arma.
369 2552 540 2605 Arma
589 2551 716 2616 ista,
748 2551 874 2607 licet
901 2553 1011 2608 sint
1052 2552 1276 2620 bellica,
1328 2571 1433 2609 non
1483 2565 1611 2611 sunt

70 2648 213 2694 unnen
263 2643 614 2712 temporalia,
661 2644 754 2700 sed
798 2645 1131 2715 spiritualia;
1163 2662 1268 2700 non
1319 2657 1443 2703 sunt
1492 2663 1611 2702 car-

69 2729 200 2797 nalia,
219 2734 307 2788 sed
329 2735 744 2800 intellectualia;
778 2737 921 2791 sicut
944 2736 1090 2791 enim
1115 2737 1274 2793 docet
1299 2737 1608 2814 Apostolus,

67 2823 321 2888 Spiritualia
351 2826 734 2896 spirittta-libus
761 2843 1078 2898 comparare
1117 2829 1380 2885 debemus
1407 2829 1456 2899 (Ι
1484 2828 1607 2884 Cor.

70 2928 116 2974 ιι,
140 2914 240 2983 lii):
268 2917 534 2986 siquidem
559 2917 714 2972 miles
739 2927 924 2974 noster
943 2919 1245 2989 spiritualis
1269 2921 1490 2982 dicitur,
1517 2921 1611 2975 scd

67 3001 156 3066 eius
198 3005 535 3063 adversarius
588 3007 942 3066 nihilominus
993 3011 1297 3080 spiritualis
1345 3013 1608 3067 creditur.

68 3091 176 3156 Quid
201 3096 367 3167 itaque
388 3103 826 3171 consequentius
853 3117 1017 3171 quam
1051 3111 1108 3157 ut
1140 3103 1227 3157 isti
1256 3103 1389 3157 tales
1420 3103 1614 3158 adver-

1713 1907 2008 1963 Possumus
2031 1911 2214 1974 etiam,
2260 1927 2355 1979 per
2384 1923 2598 1967 scutum
2623 1951 2638 1976 ,
2666 1903 2943 1981 aptissime
2977 1911 3295 1978 patientiam

1711 2000 1983 2069 accipere.
2019 2000 2171 2056 Sicut
2209 2003 2352 2056 enim
2385 2012 2598 2058 scutum
2631 2002 2952 2072 εχιὶρὶριιιιο
2999 2003 3298 2056 adversarii

1711 2090 1815 2146 tela
1849 2093 2074 2147 militem
2109 2095 2458 2162 temporalem
2493 2104 2673 2150 servat
2705 2095 3011 2149 incolumen
3037 2135 3051 2159 ,
3097 2095 3169 2148 ila
3201 2110 3297 2164 pa-

1710 2184 1896 2238 tientia
1921 2186 2241 2256 excipiendo
2269 2186 2547 2254 tportifera
2580 2187 2778 2242 diaboli
2810 2186 3038 2256 spicula,
3072 2187 3297 2240 militem

1709 2276 2068 2347 Spiritualem.
2094 2276 2399 2332 Notandum
2425 2293 2638 2348 quoque
2660 2279 2785 2348 quia
2811 2279 2965 2332 miles
2988 2294 3052 2332 ex
3077 2279 3302 2333 sinistro

1708 2367 1878 2423 latere
1906 2377 2118 2424 scutum
2143 2369 2281 2424 solet
2302 2369 2658 2440 prmtendere;
2687 2384 2785 2440 per
2804 2369 3082 2424 sinistram
3104 2367 3304 2438 quippe

1708 2471 1942 2531 partem,
1973 2461 2276 2534 intelligere
2307 2476 2598 2532 possumus
2627 2462 3032 2516 adversitatetn.
3077 2461 3302 2516 Scututn

1713 2553 1897 2622 itaque
1926 2554 2083 2610 miles
2132 2554 2335 2609 Christi
2385 2571 2454 2608 ex
2497 2553 2724 2610 sinistro
2772 2555 3058 2624 prtetcndit
3111 2553 3300 2616 latere,

1712 2659 1839 2698 cum
1872 2645 2196 2714 patientiam
2225 2654 2279 2700 et
2306 2646 2491 2700 animo
2527 2654 2580 2699 et
2615 2658 2843 2715 corpore
2873 2645 3220 2713 amplectitur
3251 2647 3304 2698 in

1711 2739 2071 2803 adversitate;
2105 2753 2377 2807 nunquam
2403 2739 2544 2792 enim
2571 2738 2622 2792 in
2645 2739 3005 2808 prosperitate
3028 2748 3109 2794 est
3133 2739 3306 2793 virtus

1713 2828 2012 2899 patientiae.
2044 2829 2137 2884 Ille
2172 2839 2350 2884 autem
2386 2844 2513 2883 vere
2563 2831 2773 2899 patiens
2803 2843 2922 2884 esse
2950 2830 3188 2884 creditur
3212 2829 3303 2898 qui

1712 2920 1954 2975 adversis
2001 2921 2272 2983 atteritur,
2312 2928 2366 2974 et
2399 2929 2577 2974 tamen
2612 2936 2641 2973 a
2687 2920 2798 2989 spei
2842 2919 3167 2974 rectitudine
3199 2935 3304 2973 non

1713 3009 1972 3066 flectitur.
2003 3011 2194 3066 Restat
2233 3011 2400 3082 igitur
2467 3020 2528 3066 ut
2565 3011 2720 3066 miles
2767 3011 2855 3065 ille
2901 3011 3104 3080 absque
3145 3027 3295 3065 mora

1718 3105 1962 3160 lanceam
1998 3105 2248 3159 manibus
2273 3104 2522 3173 arripiat,
2548 3104 2725 3173 gladio
2753 3118 2810 3157 se
2835 3103 3106 3172 acciugat,
3136 3117 3199 3155 ac
3227 3103 3305 3156 sic

69 3185 670 3256 sariiarmisadversum
701 3208 759 3247 se
796 3192 1027 3248 invicem
1055 3193 1316 3248 dimicent
1350 3194 1612 3263 spiritua-
1640 3177 1682 3233 (ἶ
1718 3194 1974 3248 audacter
2009 3193 2074 3246 ad
2125 3193 2400 3263 singulare
2449 3201 2731 3248 certamen
2780 3191 3004 3246 accedat
3058 3191 3305 3262 hostique

68 3274 215 3331 libus?
243 3279 305 3335 Ut
341 3297 480 3349 ergo
529 3283 684 3339 miles
722 3285 922 3340 Christi
971 3295 1161 3340 contra
1211 3286 1374 3355 ignita
1417 3287 1614 3341 diaboli

63 3365 202 3433 jzicttla
230 3389 288 3428 es
320 3377 474 3431 omni
517 3385 673 3445 parte
704 3393 763 3432 se
792 3379 1023 3444 muniat,
1061 3379 1180 3432 sine
1210 3393 1359 3432 mora
1390 3379 1614 3434 loricam

68 3475 187 3516 suam
236 3467 428 3523 induat.
491 3467 618 3536 Ejus
660 3471 862 3541 quippe
891 3470 1055 3526 lorica
1079 3511 1094 3535 ,
1129 3481 1425 3527 attestante
1464 3473 1614 3528 Scri-

64 3559 217 3618 ptura,
251 3557 442 3612 dicitur
491 3557 702 3626 justitia
745 3560 962 3629 (Epltes.
994 3575 1068 3624 vr,
1125 3561 1234 3630 l4).
1265 3561 1398 3616 Nam
1428 3579 1626 3632 quern-

68 3642 313 3700 admodum
382 3649 559 3706 lorica
631 3651 845 3705 annnlis
907 3652 1246 3720 contexitur,
1289 3655 1370 3708 sic
1405 3655 1617 3723 justitia

70 3728 196 3788 bouis
238 3739 486 3808 cperibus
533 3741 844 3809 perficitur;
904 3755 1066 3811 Opera
1117 3759 1351 3814 namque
1392 3745 1622 3814 iustitiae

71 3835 169 3876 stmt
195 3830 334 3895 quasi
366 3833 552 3885 annuli
587 3831 792 3893 loricae,
818 3832 910 3886 sed
941 3833 1052 3904 ipsa
1076 3833 1286 3902 justitia
1310 3837 1473 3893 debet
1500 3854 1621 3896 esse

74 3917 309 3972 mntinua.
339 3921 689 3978 Manifestum
721 3925 938 3992 quidem
962 3935 1047 3980 est
1079 3927 1145 3982 de
1173 3927 1340 3983 lorica
1375 3931 1502 4000 quia
1522 3971 1536 3996 ,
1573 3933 1618 3988 si

73 4001 204 4062 fuerit
249 4012 589 4086 interrupta,
629 4017 696 4070 ad
731 4017 989 4073 tuendum
1043 4020 1268 4076 militem
1325 4024 1506 4081 minus
1550 4027 1624 4080 sit

74 4092 248 4187 idonea.
280 4102 479 4159 Eodem
518 4106 678 4161 modo
706 4108 951 4180 intellige
981 4111 1048 4165 de
1072 4110 1282 4179 justitia
1307 4155 1322 4177 ,
1353 4116 1397 4169 si
1427 4125 1479 4172 et
1506 4117 1620 4187 ipsa

72 4186 203 4243 fuerit
239 4193 583 4266 interrupta:
627 4198 744 4268 ipsa
787 4201 1006 4271 quidem
1053 4203 1351 4276 interrupta
1398 4186 1620 4272 dicitur,

71 4291 167 4344 qua:
193 4289 508 4358 quandoque
545 4291 948 4349 intermittitur.
980 4295 1081 4363 Qui
1131 4313 1262 4368 ergo
1311 4299 1624 4356 intermittit

68 4369 328 4444 justitiam,
360 4384 520 4454 quasi
568 4386 935 4458 interruptam
991 4391 1165 4445 induit
1215 4391 1458 4448 loricam.
1515 4394 1620 4449 Sed

1720 3301 1820 3341 suo
1846 3285 2078 3338 viriliter
2107 3299 2166 3339 se
2192 3284 2433 3354 objiciet.
2466 3283 2736 3339 Lanceam
2768 3285 2925 3339 debet
2958 3288 3221 3352 arripere,
3248 3293 3308 3339 ut

1720 3374 1846 3428 inde
1892 3389 2048 3428 suum
2082 3373 2291 3428 hostem
2323 3374 2498 3427 valeat
2547 3374 2894 3443 transfigere;
2943 3372 3121 3443 gladio
3147 3375 3310 3429 debet

1722 3466 1954 3535 accingi,
1988 3467 2130 3521 unde
2179 3467 2318 3521 idem
2365 3466 2539 3521 hostis
2567 3479 2731 3535 queat
2761 3466 3016 3534 jttgttinl‘i.
3046 3467 3182 3534 Quid
3211 3483 3310 3520 au-

1724 3567 1828 3612 tent
1857 3573 1952 3629 per
1976 3559 2216 3614 lanceam
2245 3557 2651 3629 intelligendum
2679 3566 2782 3622 est,
2815 3559 2916 3613 nisi
2947 3545 3312 3625 providentia?

1723 3648 1878 3704 Sicut
1939 3651 2083 3706 enim
2145 3651 2455 3720 temporalis
2509 3651 2852 3706 adversarius
2918 3652 3095 3706 adhuc
3150 3651 3308 3722 longe

1723 3751 1970 3797 semotus
2028 3741 2368 3810 transligilur
2424 3742 2638 3803 lancea,
2701 3743 2771 3796 ita
2831 3743 3002 3797 hostis
3056 3743 3310 3813 antiquus

1723 3837 1880 3906 quasi
1910 3837 2087 3890 adhuc
2114 3836 2270 3907 longe
2301 3837 2504 3892 divisus
2533 3836 2764 3906 quatiam
2802 3836 3140 3906 transligitur
3178 3850 3305 3903 pro-

1724 3929 1983 3984 videntia.
2034 3927 2207 3993 Unde,
2242 3938 2298 3982 ttt
2327 3930 2582 3991 diximus,
2616 3929 2769 3982 miles
2793 3937 2978 3981 noster
3001 3929 3169 3996 ipsam
3198 3925 3314 3980 lau-

1725 4034 1876 4074 ceam
1916 4019 2075 4074 debet
2120 4029 2302 4074 tenere
2346 4019 2400 4073 in
2440 4019 2704 4073 manibus.
2754 4017 2963 4088 Szrpins
3011 4017 3063 4071 itt
3115 4017 3312 4072 divinis

1726 4112 2044 4182 Scriptnris,
2087 4113 2212 4183 quia
2243 4126 2341 4180 per
2379 4126 2474 4167 cas
2499 4110 2735 4165 solemus
2761 4111 2994 4179 operari,
3025 4123 3188 4178 opera
3217 4125 3312 4180 per

1726 4218 1919 4258 manus
1946 4203 2121 4258 solent
2149 4202 2442 4272 designari;
2475 4201 2714 4255 lant-eam
2763 4202 2945 4272 itaque
2975 4202 3026 4254 in
3067 4202 3315 4256 manibus

1727 4304 1944 4357 tenere,
1975 4304 2058 4347 est
2102 4294 2154 4347 in
2195 4293 2450 4362 operibus
2479 4292 2871 4361 providentiam
2924 4295 3144 4350 habere.
3178 4293 3311 4350 Cum

1727 4387 1870 4441 enim
1918 4385 2073 4440 miles
2105 4384 2307 4441 Christi
2350 4384 2551 4453 aliquid
2603 4385 2855 4454 proponit
2899 4401 3078 4455 agere,
3132 4388 3312 4442 statim

73 4466 198 4525 miles
241 4472 335 4527 iste
385 4492 731 4547 nequaquam
779 4482 982 4549 poterit
1025 4493 1211 4538 contra
1251 4484 1619 4542 adversarium
1654 4517 1701 4576 Ι)
1730 4481 1795 4534 ad
1829 4482 2002 4551 ipsum
2038 4494 2174 4550 opus
2204 4477 2401 4532 mentis
2433 4477 2687 4531 intuitum
2715 4478 2871 4532 debet
2900 4479 3136 4548 dirigere
3163 4490 3215 4533 et
3248 4481 3314 4533 ad

73 4562 437 4621 suntnfortitcr
478 4586 744 4640 pugnare.
788 4573 955 4642 Igitur
999 4585 1057 4629 ut
1103 4576 1258 4631 miles
1290 4576 1492 4632 Christi
1526 4597 1624 4633 an-

75 4648 198 4737 tiquo
224 4656 357 4712 hosti
388 4662 624 4718 viriliter
658 4665 908 4731 resistat,
943 4666 1164 4722 loricam
1202 4668 1424 4737 justitia:
1454 4672 1626 4728 ἱιιι-ἰο-

74 4735 204 4836 latam
234 4752 529 4816 custodiat,
560 4753 612 4807 id
642 4765 728 4808 est
771 4757 889 4811 sine
930 4757 1332 4816 intermissione
1369 4764 1627 4830 operibus

71 4835 257 4894 lusﬁtiae
295 4844 514 4898 studeat
560 4846 835 4903 insistere.
892 4851 1062 4904 Debet
1111 4852 1273 4906 etiam
1323 4854 1475 4907 miles
1528 4858 1628 4911 iste

72 4921 198 5014 galea
221 4941 378 4999 caput
428 4951 586 4991 suum
615 4953 847 5007 ornare,
897 4942 1147 4999 videlicet
1189 4953 1248 4997 ut
1275 4953 1331 4999 ct
1355 4946 1467 5014 ipse
1507 4948 1628 5002 inde

76 5009 272 5071 decorus
299 5037 581 5092 appareat,
613 5038 667 5083 et
691 5031 790 5099 ipsi
817 5033 956 5086 hosti
989 5033 1058 5086 oh
1083 5044 1288 5087 tantum
1319 5038 1628 5091 sccuritatis

76 5109 256 5177 Signum
306 5132 574 5175 terrorem
628 5123 913 5178 minimttnt
969 5125 1214 5180 incutiat.
1265 5125 1436 5198 Caput
1471 5129 1630 5197 hujus

78 5203 238 5261 militis
268 5228 368 5264 non
403 5215 856 5269 inconvenienter
899 5217 1168 5285 accipitur
1206 5218 1435 5275 intentio
1462 5222 1630 5288 ipsius

73 5288 278 5355 heminis
315 5303 611 5360 interioris.
669 5306 798 5360 Nam
840 5309 973 5362 sirnt
999 5323 1155 5377 caput
1189 5321 1384 5379 praeest
1421 5315 1629 5368 caeteris

76 5389 306 5445 membris
326 5395 595 5463 corporis,
629 5397 708 5450 sic
751 5398 978 5453 intentio
1019 5399 1230 5453 videtur
1267 5416 1502 5466 pra-esse
1530 5419 1630 5456 cre-

78 5475 185 5530 teris
229 5480 599 5542 instrumentis
631 5488 906 5544 interioris
953 5490 1208 5546 hominis.
1253 5488 1320 5545 Ut
1347 5494 1491 5548 enim
1533 5511 1630 5550 nos

77 5566 211 5624 ducet
237 5591 365 5632 usus
409 5578 543 5647 ipse,
587 5581 815 5637 intentio
852 5582 904 5636 in
941 5583 1096 5637 nobis
1137 5582 1271 5637 solet
1304 5588 1626 5653 praecedere,

78 5656 242 5719 deinde
270 5684 420 5735 cura,
454 5672 778 5743 sollicitudo,
825 5677 1066 5732 studium
1113 5689 1168 5734 ct
1197 5687 1392 5734 etetera
1444 5677 1629 5745 hujus-

81 5757 218 5820 mutii,
249 5770 300 5813 ut
331 5763 443 5831 ipsa
484 5764 708 5821 intentio
731 5783 894 5837 opere
929 5771 1108 5826 valeat
1140 5771 1522 5827 demonstrari.
1551 5772 1626 5824 Ac

1728 4587 1887 4642 quem
1939 4575 2098 4627 linem
2157 4570 2343 4624 tendat
2388 4568 2634 4639 diligenti
2684 4568 3022 4637 providentia
3081 4568 3316 4622 circum-

1727 4666 1959 4736 spicere,
1989 4662 2133 4734 quod
2182 4661 2226 4717 si
2272 4660 2572 4716 tedenderit
2619 4659 2687 4714 ad
2723 4660 2880 4714 linem
2915 4659 3150 4722 malum,
3192 4673 3315 4712 mox

1728 4755 2235 4814 anathematizando
2265 4754 2413 4820 illud,
2444 4763 2699 4823 tanquam
2723 4752 3061 4807 mortiferum
3095 4759 3316 4820 respuat

1729 4866 2027 4917 venenum;
2061 4849 2144 4904 sin
2192 4855 2372 4902 autem
2403 4847 2468 4900 ad
2501 4845 2660 4900 finem
2691 4843 2892 4897 bonum
2925 4843 3168 4900 videatur
3199 4850 3317 4893 ten-

1731 4947 1880 5011 dere,
1907 4945 2021 5000 sive
2047 4944 2118 4999 sit
2150 4941 2266 4997 leve
2313 4940 2428 4996 sive
2466 4939 2537 4993 sit
2580 4952 2760 5008 grave,
2808 4935 3107 5005 intrepidus
3141 4935 3315 5004 ipsum

1730 5052 1867 5104 onus
1896 5037 2056 5089 debet
2102 5036 2367 5104 arripere,
2400 5049 2465 5088 ac
2497 5029 2654 5086 hilari
2706 5028 2992 5083 devotione
3037 5027 3314 5095 perficere.

1733 5128 1790 5182 Si
1828 5127 1990 5196 igitur
2022 5127 2176 5180 miles
2201 5125 2400 5180 Christi
2431 5128 2569 5180 hanc
2591 5123 2871 5195 providam
2897 5121 3315 5177 sollicitudinem

1733 5220 1785 5272 in
1817 5217 2070 5273 omnibus
2112 5216 2371 5285 operibus
2401 5216 2512 5269 suis
2539 5216 2742 5286 iugiter
2781 5213 2985 5268 habere
3025 5213 3316 5276 studuerit,

1732 5313 1906 5380 ipsum
1929 5308 2298 5363 adversarium
2325 5322 2504 5373 suum,
2540 5315 2795 5376 tanquam
2822 5305 3006 5359 lancea
3039 5304 3322 5374 providen-

1737 5405 1822 5460 tia:
1851 5401 2198 5465 transfixum,
2221 5398 2475 5456 facillime
2495 5414 2756 5469 superare
2775 5398 2976 5469 poterit
3023 5398 3162 5465 Quid
3190 5411 3320 5452 vero

1733 5494 2000 5565 signiﬁcet
2042 5491 2296 5564 gladius?
2347 5491 2628 5562 Exponere
2675 5491 2832 5546 nobis
2881 5491 3106 5560 dignum
3168 5489 3321 5544 duxit

1731 5584 2021 5656 Apostolus
2048 5601 2060 5636 :
2091 5579 2159 5634 Et
2188 5581 2449 5652 gladium,
2475 5583 2666 5652 inqttit,
2685 5583 2922 5653 spiritus,
2943 5580 3082 5652 quod
3103 5591 3177 5634 est
3208 5595 3322 5633 ver-

1734 5679 1853 5732 bum
1884 5677 1978 5730 Dei
2007 5673 2222 5744 (Ep/tes.
2254 5689 2330 5737 v1,
2360 5673 2468 5743 l7).
2501 5673 2567 5726 Et
2598 5675 2792 5729 iterum
2819 5691 2833 5728 :
2879 5670 3033 5727 Vivus
3056 5681 3129 5726 est
3149 5685 3320 5723 sermo

1737 5770 1834 5825 Dei
1861 5781 1907 5824 et
1930 5770 2111 5834 efﬁcax.
2137 5765 2322 5836 (Hebr.
2357 5781 2432 5834 tv,
2464 5764 2568 5836 l2),
2601 5775 2702 5822 etc.
2733 5765 2967 5821 Verbum
2998 5762 3193 5829 uuippe
3225 5759 3317 5813 Dei
