3870 6304
1434 287 1548 376 ,ΕΑ
1561 280 1771 340 ΒΜΕΒΙ
1815 276 1994 336 CANT
2011 275 2069 333 [Δ

2181 258 2388 328 ensis
2429 269 2734 328 MOMCIII
3641 273 3739 329 res

1314 398 1610 473 spiritualis
1633 381 1904 455 videlicet,
1930 405 2023 443 seu
2058 399 2100 453 Α
2129 395 2290 457 potus
2312 391 2407 469 ehft
2444 359 2693 447 historia,
2721 382 2814 438 sed
2856 390 2912 437 et
2947 380 3155 437 dulcior
3180 381 3236 436 in
3266 381 3537 454 allegoria
3570 401 3586 450 ;
3626 386 3737 440 dul.

2143 467 2405 537 cissimrrs
2433 489 2561 530 vero
2602 475 2657 529 in
2687 467 3015 539 morali'tat'e,
3049 467 3207 545 longe
3233 485 3420 531 autem
3483 477 3744 548 inCOmpa—

436 318 534 376 707

437 446 546 488 non
581 418 1022 494 inconvenienter
1047 408 1278 481 gladius,

441 516 643 589 anceps
665 513 860 568 dicitur
892 490 1118 576 gladius,
1144 498 1269 569 quia
1304 492 1447 564 quod
1478 484 1785 556 lmjusmodi
1816 480 2028 554 gladius

442 616 554 686 agit
581 572 979 678 'corporaliter,
1008 594 1233 652 verbum
1271 587 1363 643 Dei
1394 585 1612 639 videtur
1661 592 1820 649 agere
1873 572 2034 644 spiri-

444 673 930 767 tualiterdAncrps
979 700 1214 757 namque
1259 681 1469 753 gladius
1503 691 1569 730 ex
1614 679 1844 738 utraque
1881 673 2035 735 parte

445 798 589 852 solet
619 762 884 851 incidere,
908 783 986 838 sic
1010 789 1065 834 et
1089 789 1270 832 sermo
1294 769 1507 826 divinus
1533 762 1686 835 quasi
1713 775 1776 815 ex
1807 767 2037 824 utraque

446 877 600 962 parte
632 883 848 947 videtur
871 875 1136 934 incidere,
1161 881 1286 923 cum
1318 861 1481 917 corda
1519 855 1800 912 hominum
1829 847 2039 904 duobus

1490 960 1497 962 Α
1752 940 2000 962 ,ηημ

446 940 626 1037 ἷηοᾱίε
659 973 797 1029 solet
850 975 1242 1036 compungere,
1294 955 1697 1011 scilicet-nunc
1751 940 2038 1007 terrendo,

451 1085 596 1128 nunc
642 1061 1003 1124 blandiendo,
1046 1070 1193 1110 nunc
1228 1057 1454 1104 mortem
1504 1051 1763 1098 aeternam
1813 1031 2044 1089 commi-

449 1159 655 1218 nando.
689 1169 834 1209 nunc
873 1149 1039 1203 vitam
1071 1139 1458 1212 sempiternam
1491 1124 1877 1203 promittendo.
1909 1120 2044 1175 Cum

454 1248 587 1322 ergo
619 1245 777 1300 miles
804 1237 1008 1298 Christi
1035 1237 1175 1291 hanc
1197 1228 1349 1285 verbi
1381 1225 1472 1280 Dei
1513 1219 1799 1276 lectionem
1829 1223 1884 1269 et
1909 1213 1960 1266 in
1989 1224 2048 1266 se

457 1351 514 1399 et
567 1343 619 1395 in
653 1347 1006 1408 quoscunque
1042 1327 1185 1381 valet
1215 1331 1492 1377 exercere,
1543 1315 1717 1383 ipsum
1767 1308 2048 1376 antiquum

2145 567 2403 622 rabiliter
2451 564 2663 620 dulcior
2695 564 2749 618 in
2782 580 3084 636 anagogen,
3122 565 3173 619 id
3205 575 3292 620 est
3319 566 3372 620 in
3411 568 3743 636 contempla-

2147 657 2316 712 tione.
2376 655 2542 711 Potus
2591 655 2684 726 qui
2743 655 3058 712 continetur
3086 657 3140 712 in
3179 657 3358 728 primo
3388 657 3566 724 dolio,
3603 657 3655 712 id
3681 671 3749 715 est

2148 747 2202 802 in
2235 747 2498 814 historia,
2528 754 2656 801 sunt
2681 745 2948 816 simplicia
2977 756 3128 818 gesta
3153 755 3475 802 sanctorum
3495 755 3557 801 et
3585 762 3748 800 exem-

2147 839 2258 908 pla,
2284 838 2492 909 quibus
2522 839 2648 892 dum
2680 837 3038 902 intendimus,
3072 838 3284 893 animas
3313 845 3542 892 nostras
3572 854 3749 908 magna

2150 930 2450 985 dulcedine
2481 927 2886 997 quodammodo
2915 937 3185 999 potamus.
3218 928 3274 984 In
3300 929 3552 984 secundo
3583 940 3748 982 aute

2150 1021 2315 1086 dolio,
2356 1020 2409 1075 id
2450 1027 2535 1075 est
2566 1036 2620 1074 in
2665 1017 2946 1090 allegoria,
2972 1028 3057 1074 est
3105 1018 3228 1073 ﬁdei
3261 1018 3561 1073 instructio
3603 1035 3618 1082 ;

2152 1115 2474 1187 allegoriam
2501 1129 2748 1184 namque
2769 1114 2836 1168 ad
2872 1113 3033 1169 ﬁdem
3065 1113 3392 1168 instruimur
3417 1120 3476 1167 et
3507 1112 3748 1165 interiore

2155 1210 2376 1266 homine
2406 1197 2746 1261 admirandae
2804 1206 3092 1261 suavitatis
3120 1220 3320 1275 sapore
3351 1203 3673 1258 imbuimur.
3701 1203 3747 1257 In

3665 1033 3749 1084 per

2160 1302 2321 1358 tertio
2350 1312 2487 1354 vero
2515 1298 2678 1363 dolio,
2714 1298 2764 1351 id
2791 1306 2876 1352 est
2929 1297 2982 1350 in
3036 1295 3375 1360 moralitate,
3430 1306 3519 1349 est
3556 1311 3750 1348 motum

461 1387 514 1399 ν-
656 1387 819 1408 -.ητ-
921 1387 935 1402 .

461 1434 675 1489 hostem
701 1426 878 1498 gladio
915 1413 1310 1492 quodammodo
1336 1400 1837 1472 videturjugulare.
1888 1393 2053 1464 Quasi
2157 1389 2493 1461 compositio
2525 1405 2540 1454 ;
2573 1403 2674 1458 per
2703 1387 3073 1442 moralitatem
3101 1387 3304 1442 etenim
3338 1401 3531 1440 mores
3553 1397 3749 1439 nostros

2401 1483 2412 1494 ο
2455 1494 2474 1498 Α
2534 1497 2537 1498 ,
2604 1492 2640 1498 _-
2703 1497 2725 1498 κν
2752 1481 2844 1498 ,-_°
2883 1481 3025 1498 ,AA'A--
3074 1479 3356 1498 l,,l_-J!--!_
3393 1488 3529 1498 ηρ.--
3566 1478 3733 1498 _-'__.‘

463 1523 609 1578 enim
655 1513 951 1587 jugulando
979 1524 1100 1565 eum
1132 1515 1302 1573 usque
1332 1499 1399 1554 ad
1450 1492 1882 1550 internecionem
1924 1500 2053 1555 pro--

467 1611 689 1674 sternit,
711 1608 838 1662 dum
867 1605 1025 1673 longe
1055 1615 1084 1653 a
1115 1585 1310 1652 ﬁnibus
1336 1591 1467 1653 suis,
1489 1606 1515 1642 a
1533 1583 1788 1642 cordibus
1812 1577 2059 1632 videlicet

466 1703 522 1759 in
555 1669 750 1772 quibus
783 1705 906 1751 ante
937 1669 1368 1748 inhabitaverat,
1399 1680 1577 1754 gladio
1609 1675 1757 1730 verbi
1785 1671 1878 1727 Dei
1909 1669 2056 1723 illum

2163 1483 2566 1554 componimus,
2593 1492 2668 1546 et,
2692 1481 2847 1550 quasi
2879 1481 3032 1534 mira:
3055 1479 3362 1535 dulcedinis
3392 1488 3529 1549 potu
3565 1478 3752 1541 retecti,

2163 1575 2366 1630 hilares
2426 1579 2486 1626 et
2537 1569 2800 1624 amabiles
2848 1569 3111 1640 proximis
3163 1569 3367 1623 nostris
3421 1583 3752 1639 apparentes.

2166 1665 2343 1720 Polus
2370 1663 2462 1733 qui
2523 1659 2836 1716 continetur
2867 1659 2919 1714 in
2950 1669 3144 1730 quarto
3174 1659 3338 1726 dolio,
3374 1659 3470 1714 illo
3524 1659 3756 1712 videlicet

469 1750 736 1848 violenter
762 1784 999 1856 expellit.
1034 1782 1201 1837 Valde
1231 1750 1496 1846 itaque—ut
1523 1766 1890 1840 praediximus.
1935 1767 2062 1815 sunt
2095 1753 2141 1816 Β
2168 1758 2256 1828 qui
2289 1765 2399 1810 stat
2423 1757 2476 1808 in
2508 1756 2732 1828 angulo,
2787 1753 2838 1808 id
2865 1763 2950 1808 est
2983 1753 3036 1808 in
3083 1767 3391 1825 anagogen,
3437 1759 3532 1804 est
3557 1750 3756 1820 quidam

477 1882 786 1942 necessaria
817 1874 1086 1950 Spirituali
1116 1871 1271 1926 militi
1301 1884 1395 1922 sua
1427 1881 1598 1918 arma.

1011 1985 1239 2044 CAPUT
1280 1979 1506 2037 CXCIV.

970 2077 1275 2135 Similituth
1311 2071 1592 2128 cellerarii.

542 2182 798 2239 Salomon
845 2192 916 2232 ex
965 2185 1196 2244 persona
1247 2179 1461 2238 sponsae
1491 2162 1623 2216 dicit
1677 2161 1730 2213 in
1763 2156 2004 2213 Canticis
2043 2169 2057 2205 :

471 2273 780 2331 Introduxit
828 2285 909 2324 me
941 2283 1032 2320 rex
1061 2266 1113 2317 in
1143 2260 1330 2321 cellam
1362 2257 1619 2312 vinariam
1674 2252 1851 2314 (Cant.
1882 2265 1944 2313 tt,
1982 2245 2061 2307 Μ.

473 2366 766 2419 Videamus
797 2357 1069 2430 quomodo
1103 2352 1349 2424 prudens
1405 2345 1723 2402 ccllerarius
1752 2341 1925 2396 soleat
1972 2353 2059 2392 or-

479 2457 678 2511 dinare
711 2429 851 2506 dolia
880 2450 934 2502 in
957 2445 1088 2502 cella
1127 2441 1359 2504 vinaria,
1393 2436 1660 2506 siquidem
1684 2432 1837 2501 juxta
1861 2429 2062 2485 ostium

475 2546 608 2604 illud
641 2544 792 2612 ponit
815 2541 1014 2596 dolium
1069 2537 1123 2591 in
1171 2548 1280 2603 quo
1321 2540 1405 2585 est
1433 2525 1824 2584 debilissimum
1858 2522 2064 2585 vinum,

472 2640 622 2709 juxta
649 2636 791 2708 quod
817 2647 869 2688 et
896 2631 1040 2686 aliud
1094 2627 1312 2699 ponitur
1338 2624 1391 2678 in
1445 2637 1552 2691 quo
1583 2619 1920 2686 aliquantum
1954 2627 2063 2666 me-

485 2702 590 2784 lius
619 2702 804 2781 viunm
854 2721 1105 2782 habetur,
1140 2717 1233 2771 sed
1289 2722 1345 2768 et
1384 2713 1539 2782 juxta
1571 2708 1704 2762 illud
1752 2704 1971 2760 tertium
2003 2702 2074 2756 si-

483 2821 645 2876 stitur
673 2819 724 2872 in
750 2832 860 2886 quo
887 2813 1064 2866 adhuc
1093 2806 1288 2863 melius
1311 2804 1494 2857 vinum
1521 2799 1850 2855 continetur.
1874 2794 2074 2863 Sicque

481 2915 692 2979 quanto.
737 2883 880 2959 dolia
925 2901 993 2956 ab
1045 2899 1185 2953 ostio
1225 2894 1629 2964 disjunguntur,
1684 2896 1834 2940 tanto
1885 2900 1937 2939 tn
1993 2883 2073 2938 eis

483 2999 679 3055 melius
702 2995 888 3050 vinum
924 2990 1175 3046 habetur.
1200 2984 1508 3040 Novissima
1534 2995 1684 3046 vero,
1713 2977 1764 3032 id
1793 2985 1875 3032 est
1899 2976 1952 3032 in
1975 2991 2074 3029 an-

481 3092 621 3164 gulo,
655 3087 786 3144 illud
810 3085 1032 3156 ponitur
1057 3079 1258 3134 dolium
1302 3076 1355 3131 in
1384 3089 1494 3145 quo
1536 3071 1845 3129 continetur
1873 3067 2078 3138 pretio-
2105 3128 2144 3164 Γ
2182 3038 2505 3164 Ξῖξξθὶιθτξῑο
2544 3038 2728 3164 “mil”

2105 3128 2146 3186 C
2183 3145 2303 3184 nem
2335 3130 2524 3185 ebrius
2577 3130 2704 3194 erit,
2739 3128 2832 3184 illa
2889 3128 3143 3184 videlicet
3195 3127 3465 3182 ebrietate
3510 3126 3582 3179 ad
3614 3141 3762 3195 quam

486 3181 760 3237 sissimum
805 3175 1014 3230 vinum.
1067 3168 1225 3225 Omni
1257 3163 1543 3235 prudentia
1578 3162 1844 3232 optimum
1887 3158 2072 3211 vinum

481 3258 826 3342 nequaquam
882 3263 1103 3337 ponitur
1145 3258 1302 3328 juxta
1354 3256 1575 3320 ostium,
1625 3253 1722 3308 sed
1769 3247 2072 3318 illud’quod

484 3339 587 3420 est
620 3339 971 3415 vilissimum.
1026 3353 1133 3408 Sed
1176 3347 1386 3420 quare?
1436 3345 1664 3416 Propter
1710 3339 2077 3412 ingredientes

489 3451 744 3509 videlicet
769 3457 825 3504 et
847 3444 1206 3518 egredientes.
1238 3436 1470 3504 Sienim
1499 3434 1701 3489 bonum
1733 3439 1878 3486 esset
1915 3426 2072 3496 juxta

488 3539 711 3609 ostium,
737 3543 850 3614 ipse
869 3536 1185 3595 cellerarius
1239 3547 1346 3587 non
1399 3529 1680 3584 minimum
1719 3525 1844 3580 inde
1891 3524 1960 3578 ab
1992 3523 2075 3576 in-

492 3633 864 3711 gredientibus
887 3631 1000 3687 sive
1023 3623 1426 3698 egredientibus
1454 3620 1754 3674 incurreret
1777 3616 2033 3670 damnum
2058 3627 2073 3677 ;

489 3705 654 3786 citius
684 3741 920 3795 namque
944 3720 1204 3789 arripitur
1245 3712 1507 3785 quidquid
1537 3725 1702 3780 pr0pe
1746 3721 1940 3762 manus
1992 3705 2076 3759 in-

487 3821 726 3883 venitur,
753 3825 809 3872 et
838 3815 958 3870 ideo
1022 3812 1268 3866 viliorem
1317 3815 1504 3878 potum
1560 3801 1855 3870 anteponit,
1903 3797 2078 3866 potio-

491 3925 606 3966 rem
631 3921 765 3962 vero
807 3901 1126 3975 postponit;
1185 3897 1322 3952 solet
1370 3893 1536 3949 etiam
1581 3899 1636 3944 et
1679 3889 1840 3942 aliam
1898 3885 2080 3940 facere

490 3996 859 4070 prudentiam,
890 4008 1014 4048 cum
1049 3989 1286 4058 aliquem
1328 3985 1380 4039 in
1411 3980 1692 4036 cellarium
1721 3992 1877 4032 suum
1910 3976 2080 4032 intro-

492 4069 661 4158 ducit,
686 4089 838 4159 juxta
862 4084 1082 4140 modum
1113 4095 1220 4151 quo
1242 4091 1363 4133 eum
1389 4073 1583 4144 diligit,
1604 4072 1654 4127 ei
1688 4071 1754 4125 ad
1782 4069 2078 4139 potandum

496 4182 735 4244 tribuit;
769 4193 931 4248 quem
986 4174 1130 4229 enim
1175 4184 1364 4242 parum
1408 4165 1601 4234 diligit,
1667 4161 1742 4217 illi
1775 4160 1844 4216 de
1892 4159 2079 4214 leviori

497 4284 626 4343 potu
653 4271 840 4326 tribuit
867 4287 882 4334 ;
915 4282 1076 4336 quem
1098 4280 1230 4318 vero
1275 4257 1671 4330 aliquantulum
1723 4253 1916 4324 diligit,
1945 4252 1992 4308 ei
2016 4251 2082 4306 de

499 4341 754 4418 medioeri
784 4368 910 4430 potu
951 4355 1131 4411 tribuit
1162 4371 1177 4419 ;
1207 4367 1364 4421 quem
1414 4358 1593 4404 autem
1623 4345 1915 4417 plurimum
1962 4341 2084 4397 dili-

499 4457 600 4528 git,
633 4453 758 4507 huic
779 4452 845 4505 de
874 4449 1076 4518 optimo
1101 4443 1243 4499 dolio
1268 4443 1332 4496 ad
1366 4439 1664 4511 potandum
1704 4434 1912 4490 tribuit.
1941 4431 2082 4486 Dicit
2112 4468 2162 4528 ο

501 4525 682 4615 itaque
727 4555 969 4612 sponsa:
1019 4534 1322 4590 Introduxit
1360 4549 1439 4586 me
1488 4545 1578 4584 rex
1608 4530 1666 4582 in
1699 4525 1883 4581 cellam
1937 4526 2085 4579 vina-

500 4639 658 4690 rinm.
699 4632 811 4688 Rex
841 4631 942 4684 iste
985 4627 1100 4681 Rex
1145 4640 1330 4695 regum
1363 4621 1554 4676 cellam
1607 4618 1773 4672 habet
1822 4613 2084 4669 vinariam

485 4730 553 4808 jn
583 4741 694 4798 qua
725 4736 924 4794 sponsa
975 4735 1095 4786 sua,
1130 4714 1378 4770 videlicet
1409 4709 1583 4766 ﬁdelis
1617 4707 1829 4768 anima,
1874 4719 1935 4758 se
1963 4719 2088 4774 gra-

500 4817 708 4871 tulatur
735 4792 1135 4873 introductam;
1171 4806 1286 4874 ejus
1317 4802 1456 4858 cella
1492 4798 1697 4852 vinaria
1719 4796 1920 4851 dicitur
1941 4792 2090 4847 Scri-

500 4919 661 4981 ptura
695 4920 882 4960 sacra.
933 4901 990 4955 In
1050 4899 1153 4953 hac
1199 4895 1333 4950 cella
1384 4899 1619 4964 quatuor
1647 4888 1918 4942 habentur
1945 4883 2088 4938 dolia

501 4996 768 5056 mellilluae
787 4992 1084 5050 dulcedinis
1110 4990 1534 5060 plena,quorum
1562 4982 1662 5035 ista
1688 4987 1814 5033 sunt
1837 4976 2083 5031 nomina:

503 5091 734 5160 snnplex
782 5084 1033 5145 historia,
1067 5079 1350 5150 allegoria,
1379 5073 1683 5136 moralitas,
1711 5082 2009 5138 anagogen,
2036 5063 2089 5116 id

503 5190 589 5236 est
614 5153 922 5234 intellectus
967 5173 1197 5228 tendens
1246 5169 1314 5222 ad
1375 5164 1676 5235 superiora.
1726 5159 1832 5214 Ista
1871 5153 2089 5227 quidem

505 5272 647 5330 dolia
694 5270 852 5322 modo
876 5280 982 5335 quo
1031 5262 1282 5333 superius
1332 5257 1572 5312 diximus
1631 5258 1766 5306 sunt
1813 5246 2086 5303 ordinata.

505 5362 692 5418 Primo
743 5368 978 5423 namque
1023 5353 1144 5407 loco
1182 5351 1234 5404 in
1273 5347 1555 5418 Scriptura
1605 5355 1784 5403 sacra,
1836 5347 2090 5404 tanquam

506 5453 655 5522 juxta
679 5445 901 5508 ostium,
931 5453 1013 5498 est
1043 5441 1271 5512 simplex
1305 5436 1550 5499 historia,
1578 5432 1774 5488 deinde
1816 5426 2090 5497 allegoria,

508 5551 696 5616 postea
728 5535 1029 5602 moralitas,
1055 5533 1350 5589 novissime
1378 5543 1532 5591 vero,
1575 5523 1730 5596 quasi
1779 5521 1831 5576 in
1876 5517 2092 5588 angulo,

505 5610 593 5695 est
645 5644 960 5701 anagogeu,
1016 5628 1066 5682 id
1110 5635 1193 5680 est
1257 5619 1667 5689 contemplatio.
1708 5613 1878 5668 Valde
1923 5610 2094 5664 dulcis

2165 1849 2530 1906 suavissimus
2573 1847 2742 1903 divini
2793 1847 2996 1902 amoris
3031 1845 3278 1910 allectus,
3319 1841 3486 1912 cujus
3520 1842 3756 1897 incll‘ahili

2163 1940 2470 2004 dulcedine,
2493 1954 2621 1994 cum
2661 1939 2843 1993 anima
2894 1947 3080 1993 nostra
3114 1936 3382 2002 relicitur,
3410 1935 3519 2007 ipsi
3548 1949 3757 1990 5mm

2163 2032 2430 2087 divinitati
2484 2031 2892 2104 quodammodo
2933 2031 3140 2084 nititur.
3201 2027 3340 2084 Cum
3406 2028 3585 2097 igitur
3617 2027 3759 2082 celle-

2169 2124 2352 2179 rarius
2381 2125 2484 2181 iste
2522 2127 2734 2196 aliquos
2767 2126 2820 2180 in
2869 2123 3152 2178 cellarium
3181 2137 3363 2185 suum,
3398 2129 3650 2175 sanctam
3693 2120 3759 2175 vi-

2165 2215 2362 2270 delicet
2394 2214 2748 2287 Scripturam
2781 2215 3094 2280 introducit,
3150 2213 3308 2268 modo
3365 2227 3481 2282 quo
3531 2211 3760 2280 superius

2170 2299 2444 2371 diximus,
2501 2308 2580 2362 eis
2630 2310 2702 2362 ad
2760 2306 3060 2377 potandum
3120 2303 3355 2362 tribuit;
3409 2303 3760 2370 simpliciores

2176 2411 2414 2466 namque
2442 2406 2501 2452 et
2529 2398 2695 2453 rudes
2727 2397 2780 2451 in
2833 2395 2938 2451 ﬁde
2994 2411 3058 2451 ac
3097 2395 3216 2464 ejus
3255 2409 3469 2458 amore,
3505 2393 3577 2448 de
3602 2393 3760 2462 primo

2172 2485 2316 2541 dolio
2341 2485 2480 2543 solet
2515 2495 2726 2573 potare,
2782 2487 2836 2542 id
2879 2495 2966 2542 est
3010 2486 3080 2541 de
3129 2485 3408 2550 historia;
3460 2483 3760 2554 capaciores

2172 2592 2303 2632 vero
2349 2577 2416 2632 de
2447 2579 2704 2648 allegoria
2743 2595 2756 2644 ;
2798 2577 3154 2646 perfectiores
3182 2586 3368 2631 autem
3399 2576 3471 2630 de
3496 2575 3762 2629 moralita-

2176 2679 2268 2737 tc;
2324 2671 2752 2740 perfectissnnos
2782 2681 2964 2726 autem
3028 2671 3096 2725 dc
3144 2685 3448 2740 anagngen,
3505 2669 3557 2723 id
3587 2672 3761 2723 estde

2176 2762 2658 2836 contemplatione.
2718 2763 3013 2818 Sciendum
3049 2777 3182 2816 vero
3226 2763 3372 2831 quod
3427 2760 3760 2830 quisquisde

2177 2863 2374 2925 quarto
2401 2855 2570 2920 dolio,
2597 2856 2664 2910 de
2700 2855 2791 2909 illo
2823 2853 3076 2908 videlicet
3095 2853 3241 2923 quod
3293 2861 3405 2906 stat
3460 2852 3516 2906 in
3548 2845 3759 2922 angulo,

2180 2943 2230 2996 id
2263 2955 2348 2999 cst
2373 2945 2442 3000 de
2471 2959 2769 3014 anagogcn,
2800 2943 3001 2999 biberit
3032 2960 3046 3010 ;
3072 2941 3628 3012 quantulumcunque
3651 2942 3761 2995 inde

2777 3037 2849 3092 ob
2895 3037 3091 3090 miram
3121 3035 3290 3106 ipsius
3321 3043 3484 3105 potus
3532 3033 3762 3089 dulcedi-

2181 3236 2414 3290 sponsus
2436 3221 2639 3275 electos
2669 3233 2796 3276 suos
2839 3219 3034 3274 invitat
3076 3219 3131 3273 iIt
3169 3217 3408 3272 Canticis
3435 3233 3448 3269 :
3479 3216 3762 3276 Comcdin,

2180 3313 2360 3375 amici,
2385 3323 2434 3366 et
2486 3313 2663 3378 bibite,
2692 3322 2740 3366 et
2779 3311 3142 3373 inebriamini,
3175 3309 3496 3365 charissimi.
3527 3307 3764 3374 Quicun-

2179 3419 2287 3474 que
2322 3405 2523 3458 etenim
2553 3406 2621 3459 de
2649 3412 2808 3473 potus
2839 3403 2998 3474 hujus
3026 3401 3157 3457 dolii
3189 3399 3515 3455 suavissimo
3569 3412 3760 3468 sapore

2182 3494 2504 3555 inebriatur.
2531 3511 2654 3548 mox
2684 3495 2750 3548 ad
2788 3495 2972 3548 mundi
3020 3491 3183 3558 hujus
3207 3492 3476 3550 turbines,
3507 3500 3759 3558 tanquam

2179 3587 2386 3653 ebrius,
2419 3586 2750 3642 inscusibilis
2777 3587 3040 3642 redditur.
3072 3585 3247 3639 Habet
3281 3591 3461 3637 autem
3489 3583 3646 3635 istud
3673 3580 3764 3634 εει.

2183 3676 2378 3730 laritun
2412 3677 2464 3730 in
2497 3691 2556 3731 se
2584 3675 2854 3745 quoddam
2878 3675 3080 3729 ostium
3117 3690 3133 3738 ;
3179 3673 3232 3727 in
3279 3673 3384 3727 isto
3422 3683 3559 3724 vero
3615 3671 3761 3730 ostio.

2181 3770 2431 3838 quaedam
2460 3768 2634 3823 clavis
2660 3768 2893 3824 habetur
2959 3781 3056 3836 per
3094 3780 3257 3834 quam
3285 3763 3606 3818 inﬁdelibus
3635 3762 3764 3816 clau-

2183 3859 2328 3915 tltur
2350 3867 2405 3915 et
2429 3857 2676 3914 ﬁdelibus
2707 3859 2970 3930 aperitur.
3005 3856 3215 3913 Ostium
3249 3855 3406 3922 hujus
3446 3853 3691 3918 cellarii,
3719 3854 3761 3905 id

2181 3957 2490 4004 estsanctae
2511 3947 2824 4018 Scriptum,
2857 3957 2943 4002 est
2988 3956 3136 4002 recta
3176 3945 3353 4008 ﬁdes;
3387 3958 3563 3999 csavzs
3598 3954 3761 3998 autem

2185 4043 2464 4099 humilitas
2493 4059 2508 4109 ;
2537 4042 2630 4111 qui
2672 4058 2804 4112 ergo
2842 4043 2956 4095 vult
2999 4041 3206 4095 intrare
3236 4055 3288 4094 in
3336 4036 3633 4092 cellarium
3677 4037 3761 4089 Do-

2185 4134 2342 4198 mini,
2372 4134 2426 4188 id
2453 4142 2538 4189 est
2575 4134 2626 4187 in
2656 4142 2900 4188 sanctam
2940 4131 3305 4201 Scripturam,
3341 4143 3572 4183 necesse
3616 4135 3693 4181 at
3715 4136 3759 4177 ut

2187 4227 2356 4281 intret
2376 4240 2473 4296 per
2501 4226 2704 4280 ostium
2745 4235 2802 4278 et
2843 4223 3076 4287 clavem,
3111 4237 3207 4292 per
3248 4221 3406 4275 ﬁdem
3435 4217 3696 4273 videlicet
3715 4227 3758 4268 et

2189 4313 2579 4381 humilitatem;
2607 4315 2768 4368 debet
2790 4325 3025 4381 namque
3043 4311 3346 4366 certissime
3367 4309 3604 4363 credere
3625 4307 3764 4376 quid-

2188 4407 2317 4477 quid
2383 4406 2513 4460 dicil
2571 4415 2762 4460 sancta
2812 4401 3093 4472 Scriptura
3157 4415 3346 4456 verum
3375 4415 3548 4466 esse;
3587 4396 3760 4452 deinde

2188 4513 2407 4555 sensum
2441 4499 2610 4568 ipsius
2635 4497 2960 4568 Scripturae,
2976 4510 3039 4550 ac
3060 4495 3103 4550 si
3128 4509 3228 4565 pro
3248 4493 3454 4549 foribus
3481 4489 3756 4561 pulsando.

2191 4592 2471 4648 humiliter
2523 4591 2685 4646 debet
2737 4590 3072 4660 investigare
3119 4606 3133 4655 ;
3185 4587 3366 4642 nullus
3413 4586 3619 4640 ctenim
3657 4583 3759 4635 sine

2192 4687 2296 4740 lide
2329 4696 2378 4738 ct
2406 4684 2716 4742 humilitate
2749 4684 2803 4737 in
2829 4683 3110 4738 cellarium
3149 4679 3367 4737 Domini
3389 4678 3456 4732 ad
3483 4692 3642 4732 suam
3668 4675 3759 4728 uti-

2191 4776 2399 4830 litatem
2439 4777 2639 4846 poterit
2663 4776 2889 4829 intrare.
2921 4774 3129 4828 Poterit
3149 4771 3372 4841 quidem
3402 4779 3658 4837 tanquam
3687 4763 3759 4817 l'ur

2192 4868 2521 4937 irrumpere,
2544 4875 2598 4922 et
2618 4867 2856 4936 quadam
2884 4866 2934 4921 vi
2959 4863 3240 4921 stecularis
3278 4861 3545 4922 scientias,
3575 4858 3644 4912 de
3666 4855 3760 4925 pri-

2191 4961 2295 5015 mis
2323 4960 2481 5015 doliis
2501 4959 2658 5030 quasi
2687 4959 2954 5028 quasdam
2988 4965 3168 5029 guttas
3190 4955 3452 5017 lambere,
3485 4950 3577 5006 sed
3601 4952 3666 5002 ad
3695 4945 3759 4998 nl-

2195 5053 2387 5108 timum
2411 5052 2637 5114 dolium,
2667 5051 2721 5105 in
2752 5067 2860 5122 quo
2889 5051 3203 5106 continetur
3244 5045 3378 5101 illud
3417 5046 3598 5099 vinum
3633 5039 3758 5108 Quod

2192 5143 2428 5198 laetiﬁcat
2450 5157 2546 5197 eor
2574 5141 2813 5196 hominis
2842 5140 3016 5210 (Ρεαι.
3044 5154 3163 5201 cm,
3191 5137 3304 5205 l5),
3337 5134 3389 5190 id
3433 5141 3516 5188 est
3547 5130 3618 5185 ad
3649 5142 3760 5182 ana-

2195 5251 2393 5306 gogen,
2429 5234 2741 5289 nullatenus
2765 5231 2943 5304 quibit
2969 5230 3298 5300 pertingere.
3336 5223 3592 5294 Quisquis
3614 5220 3760 5289 igitur

2195 5327 2249 5381 in
2277 5327 2501 5382 cellario
2552 5324 2768 5381 Domini
2805 5325 2874 5380 de
2901 5322 3154 5380 omnibus
3186 5319 3368 5382 doliis,
3405 5316 3458 5371 id
3497 5324 3576 5370 est
3597 5312 3665 5365 de
3687 5311 3758 5361 hi-

2197 5423 2388 5485 storia,
2422 5421 2488 5476 de
2518 5418 2801 5491 allegoria,
2845 5417 2914 5472 de
2956 5415 3291 5480 moralitate,
3333 5412 3401 5467 de
3450 5406 3757 5472 contempla-

2199 5515 2342 5569 tione
2364 5512 2695 5569 suﬁicienter
2718 5510 2906 5566 bibere
2933 5508 3225 5572 desiderat,
3241 5514 3447 5562 rectam
3471 5500 3627 5556 ﬁdem
3651 5507 3757 5549 tum

2198 5620 2405 5660 sunnna
2434 5603 2742 5658 humilitate
2778 5601 2980 5655 habere
3009 5599 3244 5655 studeat.
