3870 6304
61 329 144 384 709

1261 293 1422 351 ΥΙΤΑ
1465 290 1522 347 S.
1561 283 1899 344 WILFRIDI.

3184 261 3288 314 7h!

1475 395 3272 456 ...Μ

77 404 2864 500 W

291 615 570 777 tm
672 613 773 772 δ.
889 598 1503 766 WlLl‘lllDl
1609 580 2383 746 unusunus
2490 568 3008 736 unum

851 867 1592 1009 AUCTORE
1679 788 2528 1046 autumnali?"
2673 773 3576 947 ρ.

558 1101 830 1169 (κλαίωμ,
863 1095 992 1147 Acta
1031 1098 1331 1145 sanctorum
1369 1081 1485 1136 ard.
1517 1077 1577 1133 S.
1607 1072 1830 1132 Bened.,
1863 1078 1991 1124 tom.
2021 1065 2087 1122 ill
2110 1107 2124 1131 ,
2155 1075 2310 1136 parte
2342 1079 2379 1128 t,
2414 1076 2535 1132 pag.
2569 1059 2716 1127 {70.)

1505 1235 1866 1254 ’————_

119 1554 362 1613 ‘l.l’tures
391 1549 806 1621 Wilfridum,eo
832 1543 1038 1599 nomine
1057 1539 1286 1609 primum
1314 1532 1618 1588 Eboracen-
1648 1535 1697 1592 Α
1730 1497 2141 1578 Dorobernensis
2177 1513 2460 1577 Ecclesia;
2509 1510 2650 1581 quod
2699 1508 3051 1580 fragmentum
3095 1524 3161 1563 ea:
3201 1508 3282 1565 ali

65 1666 148 1707 sent
180 1645 467 1718 episcopum
513 1641 720 1711 scriptis
755 1638 865 1692 suis
908 1632 1226 1688 celebravere
1256 1634 1514 1680 auctores.
1552 1618 1615 1671 1η

66 1706 217 1811 primii
242 1706 378 1792 Beda
419 1706 746 1788 Venerabilis
780 1742 860 1780 res
883 1725 948 1777 ab
974 1739 1032 1776 eo
1068 1729 1240 1791 gestas
1275 1710 1518 1768 describit
1561 1706 1616 1760 in

65 1831 195 1884 trariis
216 1826 467 1882 Historia:
489 1836 599 1877 sua:
628 1819 754 1874 locis
780 1857 794 1881 ,
820 1813 1049 1868 maxime
1085 1810 1139 1862 in
1162 1805 1252 1858 lib.
1300 1818 1360 1858 ιιι
1389 1797 1614 1870 cap.25,

65 1932 100 1974 et
135 1921 214 1974 lib.
256 1933 287 1971 ν
334 1933 461 1985 cap.
499 1913 595 1968 20.
644 1910 805 1965 Beda:
846 1902 1066 1975 tequalis
1101 1897 1300 1953 accedit
1340 1892 1482 1948 Eddi
1528 1903 1620 1943 seu

66 2009 290 2072 Heddius,
326 1980 692 2078 cognomento
716 2000 1049 2069 Stephanus,
1069 1993 1156 2061 qui
1179 1990 1368 2044 librum
1395 1983 1472 2039 De
1499 1980 1618 2036 Vita

64 2102 202 2156 sancti
251 2077 500 2166 Wilfridi
543 2093 896 2164 composuisse
956 2088 1124 2158 fertur
1169 2081 1312 2152 apud
1363 2077 1622 2134 Joannem

67 2189 268 2246 Pitseum
309 2165 550 2259 aliosque
609 2183 944 2240 recentiores.
1000 2177 1050 2232 ls
1105 2174 1205 2230 fuit
1255 2170 1518 2228 invitatus
1559 2165 1626 2220 de

65 2286 224 2342 Cantia
265 2301 294 2340 a
340 2281 803 2341 reverendissimo
849 2278 968 2332 viro
1010 2270 1286 2334 Willrido,
1333 2276 1386 2320 ut
1419 2264 1627 2334 primus

61 2387 156 2445 post
185 2375 443 2430 Iacobum
478 2371 731 2430 cantandi
766 2367 1021 2439 magister
1060 2356 1627 2416 Nortanhutnbrorum

66 2465 294 2520 Ecclesiis
318 2473 482 2527 esset,
509 2472 639 2517 teste
669 2456 814 2514 Beda
839 2459 892 2510 in
925 2453 1179 2509 Historia:
1205 2447 1294 2501 lib.
1329 2459 1382 2499 tv
1409 2458 1524 2512 cap.
1552 2439 1626 2502 2;

65 2573 147 2625 qua
176 2572 235 2610 ea:
260 2554 642 2609 consuetudine
670 2548 918 2618 Wilfredi
943 2553 1088 2616 gesta
1117 2551 1255 2596 certo
1299 2536 1490 2592 rescire
1533 2547 1630 2600 po-

63 2621 162 2698 tuit.
192 2643 311 2698 Post
364 2641 647 2697 Heddiunt
692 2636 919 2692 occurrit
965 2629 1316 2701 Fridegodus,
1375 2623 1464 2678 cui
1511 2621 1627 2674 Udo

63 2733 440 2788 Cantuariensis
462 2733 734 2802 episcopus
768 2724 944 2780 Vitam
969 2721 1204 2791 eiusdem
1225 2717 1393 2772 sancti
1424 2713 1632 2768 heroico

60 2835 200 2879 metra
240 2835 422 2879 texere
463 2821 731 2892 praecepit.
772 2817 992 2888 Legerat
1031 2810 1329 2868 Willelmus
1382 2805 1635 2860 Malntcs-

65 2915 202 2969 burite
227 2880 523 2971 monachus
563 2880 678 2967 eam
716 2880 1007 2988 Fridegodi
1049 2902 1402 2974 scriptionem,
1433 2899 1497 2952 de
1527 2912 1629 2967 qua
1665 2880 1708 2935 Β

64 3007 143 3062 hoc
177 3008 370 3078 profert
405 3005 684 3079 judicium
731 2987 788 3058 in
826 3001 918 3055 lib.
956 3015 973 3053 ι
1009 2997 1075 3052 de
1106 2992 1453 3062 Pontificibus
1484 2987 1630 3043 Can-

68 3103 398 3157 tuariensibus
431 3118 452 3158 :
502 3099 803 3155 Exsecutus
837 3101 921 3150 est.
962 3091 1015 3147 id
1056 3103 1252 3146 munus
1300 3083 1635 3154 Fridegodus

67 3192 262 3259 quidam
293 3193 550 3248 versibus
575 3205 678 3245 non
705 3184 1076 3258 improbandis
1102 3199 1116 3235 :
1151 3179 1253 3235 nisi
1281 3177 1425 3249 quod
1452 3175 1638 3229 latini-

63 3291 208 3337 tatem
237 3297 495 3355 perosus,
519 3279 857 3344 grmcitatetn
884 3281 1051 3329 amat.

119 3354 354 3429 Graecula
396 3377 570 3428 verba
601 3369 948 3439 frequentat,
985 3371 1043 3418 ut
1085 3361 1278 3416 merito
1323 3358 1482 3413 dictis
1523 3354 1640 3424 ejus

61 3475 253 3534 aptetur
283 3465 418 3521 illud
448 3463 759 3518 Plautinum
797 3473 812 3514 :

182 3577 305 3634 Hmc
335 3578 566 3649 quidem
597 3581 791 3645 praater
813 3567 1072 3640 Sibyllam
1100 3565 1244 3636 leget
1276 3576 1456 3617 nemo.

61 3691 183 3746 Huic
207 3689 580 3747 lucubrationi
603 3701 816 3742 manum
849 3683 1078 3738 admovit
1113 3676 1442 3746 Fridegodns
1469 3682 1644 3725 stattm

55 3797 152 3850 post
181 3783 426 3853 Wilfridi
467 3779 808 3849 reliquiarum
840 3773 1240 3828 translationem
1275 3770 1327 3820 in
1357 3763 1646 3818 Ecclesium

59 3852 513 3928 Cantuariensem.
548 3867 668 3937 Ipse
690 3867 847 3920 etiam
873 3863 1006 3923 Otto,
1030 3859 1119 3930 qui
1149 3855 1396 3910 Ecclesia:
1415 3852 1648 3906 Cantua-

56 3966 201 4018 riensi
235 3965 466 4034 prtefuit
509 3961 572 4015 ab
611 3975 748 4014 anno
778 3955 882 4012 934
928 3955 982 4008 in
1026 3966 1190 4005 annos
1230 3958 1459 4019 quatuor
1493 3953 1538 3996 et
1573 3943 1646 3994 vi-

56 4057 193 4122 ginti,
219 4033 488 4124 Wilfredi
515 4061 660 4122 gesta
707 4046 1040 4116 descripsisse
1082 4041 1381 4113 perhibetur
1409 4039 1472 4089 ab
1509 4033 1652 4086 Ead-

54 4165 204 4202 ntero.
239 4147 555 4202 Eadmerus
595 4159 711 4198 vero
748 4157 839 4195 seu
882 4138 1139 4192 l'Itlnterus
1185 4129 1496 4192 monachus,
1542 4127 1650 4178 An-

1720 1616 1974 1671 Eadmeri
2003 1629 2152 1683 opere
2177 1612 2507 1678 desumptum
2546 1615 2642 1660 est.
2673 1603 2925 1658 Eadmeri
2950 1603 3168 1674 tequalis
3207 1602 3312 1673 fuit

1719 1706 2020 1761 Willelmus
2095 1699 2483 1757 Malmesburia:
2559 1695 2844 1752 monachus
2877 1733 2893 1758 ,
2969 1695 3058 1763 qui
3127 1694 3311 1747 itidem

1721 1797 1862 1866 facta
1910 1794 2078 1848 sancti
2131 1789 2372 1858 Wilfridi
2434 1785 2715 1841 recantavit
2767 1786 2823 1837 in
2886 1782 3020 1837 libro
3082 1783 3315 1837 secundo

1723 1887 1802 1941 De
1841 1883 2177 1955 pontificibus
2229 1878 2552 1949 Anglorum,
2605 1875 2694 1929 ubi
2758 1875 2822 1927 de
2869 1872 3119 1941 episcopis
3169 1869 3312 1925 Ebo-

1723 1975 2044 2031 racensibus.
2101 1971 2227 2026 Post
2277 1985 2364 2024 eos
2419 1983 2595 2023 omnes
2650 1963 2841 2019 Petrus
2877 1961 3176 2026 Blesensis,
3209 1962 3318 2029 jar-

1726 2068 2066 2123 chidiaconus
2119 2061 2487 2118 Bathoniensis
2516 2098 2532 2124 ,
2591 2056 2784 2111 librum
2839 2054 2913 2108 De
2967 2052 3092 2108 Vita
3148 2051 3317 2105 sancti

1726 2157 1966 2226 Wilfridi
1997 2153 2310 2224 composuit,
2345 2165 2565 2221 eumque
2593 2147 2838 2218 Galfrido
2865 2143 3181 2200 Eboracensi
3215 2158 3269 2196 at
3288 2169 3310 2182 -

1728 2249 1982 2317 chiepisco
2014 2239 2316 2309 dedicarit;
2347 2242 2424 2297 uti
2461 2241 2653 2313 legitur
2695 2240 2750 2292 itt
2798 2237 3092 2292 Monasttco
3141 2233 3321 2304 Anglis-

1729 2355 1885 2403 cano,
1938 2353 2058 2407 pag.
2105 2334 2234 2399 £72,
2281 2333 2369 2387 ubi
2419 2333 2774 2402 fragmentum
2825 2341 2891 2381 es:
2937 2325 3117 2388 eodem
3165 2323 3323 2378 Petro

1729 2429 2032 2482 adducitur.
2063 2423 2164 2478 Bis
2189 2423 2430 2476 omnibus
2463 2416 2850 2474 annumerandi
2878 2423 2999 2468 sunt
3024 2409 3322 2481 Anglorum

1730 2521 2034 2588 scriptores,
2067 2517 2120 2570 in
2149 2515 2228 2568 Itis
2259 2512 2486 2568 Thomas
2524 2506 2830 2564 Stubbesius
2861 2506 2918 2558 in
2945 2502 3079 2556 libro
3117 2500 3192 2555 De
3219 2500 3326 2570 epi-

1732 2611 1902 2678 scOpis
1956 2604 2408 2667 Eboracensibus,
2473 2613 2698 2670 quorum
2768 2594 3037 2664 catalogus
3093 2601 3327 2646 vetustus

1735 2710 1900 2756 exstat
1953 2698 2092 2768 apud
2137 2695 2399 2750 Labbeum
2433 2694 2489 2746 in
2527 2701 2668 2744 tomo
2715 2686 2741 2741 I
2783 2683 3118 2740 Bibliotheca:
3156 2696 3327 2747 nocte,

1735 2809 1853 2862 pag.
1900 2789 2024 2845 522.
2074 2798 2159 2844 b‘x
2194 2784 2459 2857 prtudictis
2499 2778 2800 2834 auctoribus
2848 2775 2982 2828 obvii
3036 2773 3330 2843 quibusque

1734 2891 1856 2936 sunt
1884 2880 2028 2934 Beda
2066 2891 2112 2934 et
2150 2874 2472 2933 Willelmus.
2503 2869 2607 2924 Hic
2641 2869 2775 2921 duos
2805 2863 3105 2918 exhibemus
3149 2862 3328 2914 hacte-

1737 2991 1834 3029 nus
1861 2974 2108 3035 ineditos,
2135 2966 2492 3037 Fridegodum
2522 2966 2542 2985 ‘
2564 2971 2796 3016 extrema
2815 2955 3023 3027 quidem
3048 2961 3195 3023 parte
3215 2967 3334 3004 mu-

1738 3067 1920 3132 tilum;
1958 3076 2005 3119 et
2035 3064 2380 3122 Eadmerum,
2418 3057 2572 3125 cujus
2604 3050 3021 3106 lucubrationem
3051 3060 3116 3100 ea:
3143 3043 3331 3114 Anglia

1739 3158 2028 3228 accepimus
2078 3149 2327 3220 beneficio
2399 3147 2498 3202 viri
2563 3138 2941 3214 spectatissimi
2997 3136 3063 3190 ι).
3119 3133 3332 3204 Iosephi

1743 3222 2146 3307 Williamsonis,
2190 3240 2299 3311 regi
2328 3237 2394 3293 ab
2421 3233 2774 3290 intimtoribus
2799 3227 3034 3284 secretis.
3066 3222 3334 3278 Beddium

1742 3341 1833 3393 diu
1858 3345 2232 3407 exspectatum,
2271 3332 2316 3386 si
2346 3330 2456 3398 fors
2493 3326 2784 3394 contingat,
2827 3331 2883 3375 ut
2921 3334 3016 3389 ope
3048 3316 3336 3371 amicorum

1744 3404 2128 3499 recuperemus,
2157 3425 2423 3488 dabimus,
2447 3419 2560 3473 Deo
2579 3419 2761 3476 dante,
2785 3416 2842 3468 in
2865 3409 3160 3481 Appendice
3179 3404 3338 3474 nujus

1743 3497 1926 3575 saeculi
1945 3558 1958 3583 ,
1993 3526 2085 3570 aut
2120 3513 2340 3569 alterius
2369 3506 2710 3578 insequentis,
2745 3518 2864 3557 cum
2897 3497 3184 3568 Fridegodi
3228 3509 3341 3548 car-

1745 3613 1945 3664 minum
1973 3606 2227 3676 reliquiis.

1816 3703 1872 3756 2.
1917 3697 2159 3768 Wilfridi
2189 3697 2325 3750 diem
2353 3692 2582 3749 natalem
2605 3689 2904 3759 exprimunt
2933 3693 3045 3736 tum
3072 3677 3339 3746 Martyro-

1749 3794 1887 3864 logia
1926 3766 2246 3852 recentiora,
2287 3796 2397 3840 tum
2450 3781 2663 3853 vulgata
2694 3775 2853 3832 Bedte
2890 3770 3110 3826 historia
3133 3782 3185 3822 tv
3219 3766 3341 3819 ldus

1751 3885 2022 3948 Octobris,
2049 3880 2254 3935 tametsi
2295 3883 2412 3932 hate
2441 3874 2593 3930 verba
2633 3871 2842 3925 intrusa
2895 3871 3015 3918 sunt
3052 3860 3107 3914 in
3143 3867 3340 3912 textum

1753 3976 1932 4042 Beda',
1971 3989 2089 4045 qua:
2123 3971 2262 4042 apud
2296 3967 2660 4022 Abrahatnum
2693 3957 3006 4014 Whelocunt
3054 3953 3195 4005 intra
3245 3965 3342 4017 pa-

1755 4067 2031 4122 renthesint
2061 4064 2334 4128 conclusa,
2365 4060 2551 4114 desunt
2579 4056 2633 4108 in
2667 4047 2953 4120 ea'emplari
3001 4053 3176 4099 nostro
3215 4039 3337 4094 Ger-

1757 4159 2017 4223 manensi,
2055 4157 2130 4210 uti
2166 4164 2215 4209 et
2251 4156 2307 4208 in
2347 4147 2568 4206 Aluredi
2603 4144 2840 4200 versione
2887 4137 3180 4196 Saxonica.
3225 4132 3353 4186 Dies.

54 4239 202 4292 “Ima
230 4237 621 4294 camumiemi
648 4232 884 4304 panaria.
916 4247 948 4284 α
978 4227 1209 4320 “ira”?
1233 4223 1289 4320 if!
1321 4231 1500 4320 pof‘ea
1520 4233 1652 4320 ’3”?
1679 4225 1727 4289 δ
1757 4262 1893 4306 certe
1924 4248 2206 4320 prtcdictus
2233 4254 2306 4298 est
2347 4236 2741 4298 translationis,
2780 4249 2882 4302 quo
2916 4239 3040 4284 teste
3084 4224 3357 4278 Eadntero

53 4331 174 4384 stitit
215 4347 362 4386 anno
407 4327 575 4383 1121.
610 4324 699 4380 Sic
731 4325 869 4378 enim
908 4318 1128 4388 pra'ﬁxa
1176 4314 1329 4368 habet
1381 4308 1651 4378 inscriptio

55 4427 241 4480 codicis
276 4441 454 4480 manu
502 4419 710 4475 exarati
761 4413 1080 4470 bibliotheca:
1130 4407 1500 4463 Cottoniante:
1534 4402 1655 4456 Vita

57 4518 217 4573 sancti
249 4515 507 4575 Wilfridi
562 4506 953 4579 archiepiscopi
1002 4518 1096 4574 per
1150 4500 1478 4556 Eadmerutn
1518 4495 1660 4550 Can-

58 4609 387 4666 tuariecsem
405 4618 558 4661 anno
573 4597 787 4657 MCXXI
797 4637 811 4653 .
831 4597 927 4650 Res
940 4595 1004 4649 ab
1017 4610 1069 4648 se
1081 4591 1368 4660 descriptas
1380 4589 1432 4641 itt
1445 4585 1658 4642 exordio

57 4711 99 4754 et
121 4703 172 4756 in
196 4701 303 4770 ﬁne
331 4698 604 4770 approbat
636 4691 962 4748 auctoritate
986 4684 1380 4742 venorabilium
1419 4664 1659 4734 virorum

57 4764 248 4847 Odon'is
269 4764 681 4857 archiepiscopi
713 4791 768 4836 et
803 4779 960 4834 Beda:
988 4771 1317 4847 presbyteri,
1347 4767 1495 4822 nulla
1524 4764 1663 4820 Hed-

58 4881 124 4934 dii
162 4891 255 4935 aut
289 4855 592 4948 Fridegodi
633 4873 892 4929 mentione
941 4869 1104 4940 facta,
1131 4863 1337 4919 tametsi
1375 4855 1661 4927 Fritlegodi

56 4975 315 5040 ipsissima
354 4970 522 5026 verba
559 4985 665 5023 non
697 4983 817 5020 raro
861 4970 1098 5030 usurpat.
1137 4956 1284 5011 Unde
1326 4951 1553 5023 suspicio
1585 4949 1665 5001 in-

51 5065 229 5133 jicitur
290 5081 431 5119 num
485 5059 772 5130 Fridegodi
819 5056 984 5126 fetum
1034 5050 1236 5112 Odoni,
1287 5047 1376 5116 qui
1427 5045 1667 5098 hortator

59 5161 220 5223 aperis
252 5157 389 5226 fuit,
438 5163 724 5223 supponat.
771 5148 874 5205 Sed
927 5155 1100 5200 tamen
1140 5157 1204 5195 ea:
1243 5138 1460 5211 prologo
1500 5134 1665 5199 ipsius

62 5245 280 5312 Odonis,
306 5262 478 5318 quem
511 5245 803 5300 Eadmerus
831 5242 886 5294 in
915 5239 1020 5307 ﬁne
1051 5235 1185 5290 Vitcr
1208 5233 1272 5287 ab
1295 5249 1349 5286 se
1369 5228 1668 5294 composita:

63 5343 204 5408 citat,
235 5342 415 5395 aliam
452 5337 654 5393 Odonis
697 5353 728 5390 a
778 5330 1065 5403 Fridegcdi
1093 5325 1459 5382 lucubratione
1507 5321 1669 5389 fuisse

63 5435 370 5500 conjectura
404 5437 508 5482 est.
541 5425 791 5480 Eadmeti
833 5425 1185 5494 fragmentum
1222 5417 1286 5471 de
1321 5413 1670 5470 translatione

62 5523 292 5587 corporis
321 5518 508 5574 sancti
531 5516 773 5586 Wilfridi
799 5515 977 5569 recitat
1005 5510 1283 5566 Cervasius
1309 5504 1670 5560 Dorobernen-

1758 4314 1944 4413 corpus
1967 4339 2136 4394 sancti
2163 4334 2404 4406 Wilfridi
2429 4326 2847 4397 decentiorifloco
2871 4320 3126 4392 repositus
3148 4333 3181 4370 α
3202 4314 3349 4368 Lan-

1761 4409 1945 4502 franco
1967 4439 2064 4484 est.
2096 4428 2161 4481 At
2190 4443 2292 4498 quo
2324 4423 2534 4480 tandem
2559 4419 2644 4475 die
2671 4419 2748 4473 vir
2784 4423 2998 4470 sanctus
3026 4409 3094 4464 ad
3135 4421 3354 4474 superos

1759 4530 2026 4601 migravit,
2075 4526 2226 4582 silent
2281 4523 2417 4578 Vita:
2466 4518 2743 4589 scriptores
2795 4527 3002 4575 ontnes,
3040 4522 3177 4561 unus
3212 4505 3355 4558 inter

1761 4635 1987 4682 vetustos
2016 4623 2275 4694 fastorum
2299 4629 2572 4672 sacrorum
2605 4610 2898 4664 conditores
2932 4603 3174 4672 designat
3213 4597 3351 4648 diem

1764 4733 1859 4772 vm
1891 4687 2026 4772 Kal:
2045 4711 2194 4777 Maii,
2236 4710 2279 4764 is
2310 4721 2490 4775 nempe
2528 4701 2620 4772 qui
2664 4698 2869 4754 nomine
2909 4693 3068 4747 Beda:
3109 4687 3351 4756 uulgatus

1763 4820 1840 4864 est
1869 4805 2071 4862 metrici
2107 4797 2474 4872 Martyrologii
2508 4804 2692 4850 auctor
2719 4791 2773 4843 in
2809 4798 2946 4840 tanto
2977 4781 3021 4836 Χ
3055 4776 3349 4850 Spicilegii,

1765 4901 1844 4955 his
1875 4899 2106 4954 versibus

1770 5016 2059 5086 Egbertus,
2093 5013 2252 5081 digna
2280 5009 2539 5062 virtutum
2567 4997 2728 5055 laude
2751 5007 3031 5054 coruscus,

1766 5107 2106 5177 Astrigerum
2134 5101 2341 5156 octavis
2380 5101 2704 5152 veneranter
2735 5085 2944 5142 scandit
2982 5083 3279 5152 olympum.

1769 5175 1996 5267 Quoque
2030 5196 2116 5251 die
2137 5191 2331 5266 praesul
2360 5185 2665 5260 penetravit
2683 5179 2946 5236 Wll‘ridus
2976 5175 3140 5238 alma,

1767 5291 2027 5364 Angelico
2053 5299 2238 5344 vectus
2261 5293 2400 5342 cmtu
2422 5291 2572 5337 trans
2598 5277 2773 5332 sidera
2805 5269 2932 5327 εαξιί
2949 5307 2964 5324 .

1770 5405 2037 5462 Celebrior
2087 5413 2260 5457 tamen
2316 5396 2520 5452 videtur
2572 5392 2734 5462 fuisse
2778 5385 3079 5448 solentnitas
3125 5378 3360 5434 transla-

1773 5499 1930 5553 tionis
1955 5511 2006 5551 ιν
2029 5493 2154 5548 ldus
2183 5489 2397 5552 Octob.,
2429 5495 2485 5540 ut
2506 5493 2646 5551 patet
2674 5497 2739 5538 ea:
2769 5477 2918 5534 titulo
2946 5490 3094 5549 quem
3133 5470 3363 5525 Eadnte—

59 5615 127 5668 sis
156 5613 562 5683 monachuslin
597 5610 730 5663 libro
769 5608 844 5661 De
879 5605 1230 5660 contbustione
1269 5609 1315 5656 et
1342 5595 1668 5667 reparatione
1702 5593 1748 5652 D
1779 5609 1865 5647 rus
1888 5600 1999 5646 post
2025 5585 2296 5653 prologum
2333 5579 2464 5636 Vita:
2493 5575 2802 5652 prteposttit.

128 5737 142 5754 ‘
179 5731 316 5786 Vide
348 5729 684 5798 Patrologtat
713 5734 840 5782 tom.
872 5719 1153 5786 CXXXIII,
1181 5718 1234 5773 in
1266 5714 1598 5775 Fatoeaoao.
