3870 6304
581 335 677 389 7H

1593 319 1895 380 EADDIERI
1921 313 2478 374 camusmuusrs
2506 313 2813 372 MONAClll
3671 332 3744 390 τω

651 453 706 507 5.
747 447 993 504 Monuclri
1038 445 1195 501 vitam
1241 442 1304 497 ab
1345 456 1482 496 anno
1531 439 1702 494 a‘tatis
1749 448 1939 508 quarto
1969 432 2166 488 decimo
2199 432 2243 487 A
2271 430 2407 483 nodo
2440 427 2916 495 Streaneshalensi,
2943 433 3151 487 tametsi
3173 432 3312 488 Beda
3339 437 3388 489 in
3411 437 3488 492 lib.
3518 458 3564 497 ιιι
3592 452 3738 515 «p.15

580 543 682 612 egit
717 537 1020 607 Wilfridus,
1063 543 1112 588 et
1148 532 1382 603 regulam
1426 529 1593 583 sancti
1627 525 1902 582 Benedicti
1947 523 2166 590 miriﬁce

581 630 906 702 propagavit.
945 625 1063 692 Quo
1095 639 1212 679 vero
1248 624 1304 676 in
1345 623 1459 676 loco
1503 620 1849 674 monasticam
1873 615 2168 684 susceperit

582 721 838 780 habitum,
869 733 971 770 non
993 716 1070 767 ita
1096 714 1277 779 liquet.
1308 709 1374 764 Et
1403 711 1570 780 primo
1591 707 1800 775 quidem
1823 720 1990 759 annos
2011 714 2166 756 natus

582 807 974 880 quatuordecim
1016 803 1157 874 apud
1202 801 1655 870 Lindisfarnenses
1713 797 1995 852 monachos
2046 795 2166 846 dili-

583 909 762 970 genter
785 913 846 950 ea
875 909 996 965 qua:
1025 892 1336 948 monasticae
1360 889 1627 943 castitatis
1659 903 1721 942 ac
1747 885 1966 957 pietatis
1988 890 2166 946 erant,

582 998 638 1042 et
667 988 876 1042 discere
922 983 1172 1045 curabat,
1211 988 1265 1034 et
1304 993 1487 1048 agere,
1527 977 1696 1047 inquit
1747 974 1892 1028 Beda
1941 974 1992 1025 in
2014 971 2106 1025 lib.
2137 987 2168 1022 v

582 1075 812 1146 cgp.i9,
844 1094 861 1126 ι
897 1075 1126 1127 necdum
1170 1069 1388 1138 quidem
1433 1075 1700 1130 attonsus,
1750 1077 1939 1117 verum
1966 1063 2048 1116 eis
2077 1061 2168 1129 qui

585 1180 810 1224 tonsura
845 1168 1080 1234 majores
1108 1171 1234 1218 sunt
1264 1161 1576 1224 virtutibus,
1603 1157 1930 1212 humilitatis
1957 1165 2012 1210 et
2039 1156 2171 1210 obe-

585 1260 824 1324 dientize,
858 1273 962 1311 non
995 1255 1340 1309 mediocriter
1388 1251 1692 1319 insignitus.
1737 1249 1792 1302 In
1835 1263 1942 1317 quo
1984 1262 2170 1301 mona-

585 1353 754 1408 sterio
783 1366 904 1405 cum
932 1348 1140 1418 aliquot
1164 1361 1335 1400 annos
1368 1345 1476 1397 Deo
1507 1342 1759 1405 serviret,
1785 1339 2172 1394 animadvertit

585 1443 809 1498 minime
831 1439 1124 1512 perfectam
1164 1451 1284 1491 esse
1309 1436 1524 1488 virtutis
1555 1433 1727 1494 viam,
1762 1446 1882 1500 qua:
1925 1429 2173 1483 tradeba-

587 1543 674 1587 tur
695 1549 722 1587 a
748 1530 924 1586 Scotis
949 1547 966 1584 :
1001 1528 1384 1599 proposuitque
1414 1525 1599 1578 animo
1627 1522 1810 1576 venire
1837 1521 2090 1586 Romam,
2119 1528 2176 1574 et

583 1626 675 1696 qui
723 1623 788 1678 ad
831 1622 1011 1677 sedem
1067 1619 1418 1689 apostolicam
1469 1617 1606 1671 ritus
1658 1614 2009 1671 ecclesiastici
2057 1613 2174 1668 sive

584 1710 993 1768 monasteriales
1035 1717 1412 1772 servarentur,
1471 1708 1679 1762 videre.
1726 1705 1851 1760 Illic
1885 1705 2172 1774 perfectam

2273 521 2442 590 signat
2475 537 2673 574 armum
2705 522 2832 575 664.
2878 520 3069 576 Verum
3107 522 3251 578 Beda
3289 542 3389 580 non
3423 531 3533 583 satis
3563 536 3640 588 sibi
3663 556 3738 595 m-

2273 624 2375 667 stat
2401 613 2523 666 dum
2557 631 2616 668 eo
2649 614 2750 668 loci
2772 615 2952 669 scribit
2981 616 3295 686 Agilbertum
3317 621 3574 692 episcopum
3598 626 3737 685 Galla

2272 706 2392 758 huic.
2442 707 2639 775 synodo
2693 705 3016 777 interfuisse,
3072 709 3283 780 ejusque
3333 711 3471 779 jussu
3522 715 3737 785 Wilfrid-is

2273 798 2447 850 adhuc
2489 799 2850 867 presbyterum
2911 797 3202 856 Colmanno
3243 805 3503 868 restitisse;
3550 819 3590 862 et
3629 821 3737 865 tanta

2273 887 2582 957 Wilfridum
2625 891 2927 959 episcopum
2970 891 3274 946 ordinatum
3313 908 3416 948 esse
3435 912 3552 950 anno
3577 900 3658 965 ipso
3676 902 3739 957 Gil

2275 978 2589 1047 Compendii
2638 981 2692 1034 in
2724 978 2924 1046 Gallia,
2969 997 3035 1035 ea:
3078 998 3196 1051 cap.
3237 981 3419 1048 28,ab
3451 988 3737 1059 Agilbertoja

2274 1071 2608 1126 Parisiorum
2653 1074 2918 1143 episcopo,
2952 1074 3043 1142 qui
3087 1073 3236 1128 ﬁnita
3266 1089 3331 1129 ac
3372 1075 3528 1132 soluta
3566 1084 3738 1138 conciqu

2272 1161 2516 1229 domum,
2541 1163 2596 1217 id
2621 1172 2696 1218 est
2727 1165 2783 1217 in
2815 1168 3085 1234 proprium
3121 1166 3482 1235 episcOpatum,
3519 1185 3634 1238 quem
3654 1179 3737 1239 apud

2274 1254 2620 1308 occidentales
2692 1252 2930 1309 Saxones
3001 1256 3304 1323 obtinebat,
3371 1259 3558 1314 rediisse
3619 1264 3739 1317 άὶιριιτ

2275 1344 2497 1412 capiti.
2523 1343 2674 1398 Certe
2698 1345 2753 1398 in
2787 1343 3030 1414 Epitome
3072 1344 3361 1412 Saxonica,
3407 1347 3544 1402 Beda
3580 1349 3739 1404 Risum:

2274 1432 2530 1500 subjecta,
2562 1432 2861 1503 Agilbertus
2891 1449 3035 1488 anno
3069 1433 3174 1488 660
3211 1435 3404 1490 abiisse
3428 1451 3454 1490 a
3481 1435 3737 1502 Keowalclvo.

2275 1533 2329 1577 ct
2359 1525 2692 1580 Parisiorum
2731 1528 3110 1595 episcopatum
3151 1527 3204 1582 in
3231 1527 3414 1582 Galliis
3446 1529 3506 1583 ad
3531 1529 3737 1599 Sequana

2276 1617 2474 1672 ﬂumen
2505 1619 2810 1688 suscepisse
2848 1619 3168 1689 perhibetur.
3221 1618 3509 1690 Wilfridus,
3547 1638 3649 1680 assa
3679 1623 3738 1678 664

2275 1711 2548 1764 ordinatus
2579 1710 2850 1778 episcopus
2879 1710 3250 1778 Eboracensis,
3294 1729 3408 1768 cum
3446 1729 3504 1767 es:
3539 1713 3666 1768 Gallia
3697 1732 3739 1769 u-

583 1805 704 1858 vitat
750 1802 1056 1858 monastica:
1075 1841 1090 1866 ,
1130 1801 1226 1854 hoc
1260 1811 1335 1855 est
1363 1797 1716 1854 Benedictinar
1738 1841 1752 1866 ,
1784 1797 2005 1867 adeptus
2046 1813 2169 1852 nor-
2199 1800 2244 1854 B
2271 1815 2444 1854 versus
2469 1800 2740 1854 didicisset
2781 1798 3052 1854 Ceaddam
3082 1799 3334 1856 Ecclesia:
3371 1818 3474 1856 sua:
3493 1813 3738 1858 consecratus

583 1916 744 1965 mam,
775 1915 1008 1953 reversus
1048 1896 1364 1966 Lugdunum
1392 1912 1424 1950 a
1452 1895 1666 1965 Dalﬁno
1693 1911 1784 1950 seu
1820 1894 2170 1948 Annemundo

581 1991 943 2060 lociepiscopo
988 1999 1170 2042 tonsus
1221 1997 1316 2040 est.
1376 1985 1571 2040 Postea
1625 1986 1961 2053 Alchfridus,
2013 1983 2173 2038 Oswii

586 2078 1145 2134 Nortanhumbrorum
1180 2081 1312 2150 regis
1341 2079 1486 2148 ﬁlius
1524 2077 1834 2147 Wilfridum
1859 2078 1914 2131 in
1954 2076 2171 2130 Britan-

584 2171 730 2224 niam
755 2187 1069 2242 regressum,
1105 2171 1301 2234 virum,
1341 2173 1414 2223 ait
1439 2169 1610 2234 Beda,
1640 2169 2034 2232 doctissimum,
2064 2182 2174 2220 ma-

582 2260 812 2332 gistrum
857 2260 1048 2314 habuit
1095 2261 1415 2316 eruditionis
1460 2261 1804 2315 Christianm.
1857 2259 2027 2328 Hujus
2078 2261 2173 2313 do-

586 2351 819 2406 ctrinam
851 2352 1104 2406 onmibus
1143 2351 1431 2406 Scotorum
1475 2349 1855 2405 traditionibus
1878 2348 2000 2418 jure
2031 2363 2174 2418 pra:-

585 2441 864 2497 ferendam
892 2442 1099 2495 sciebat
1129 2459 1142 2494 :
1171 2441 1313 2496 unde
1354 2442 1404 2498 ei
1445 2442 1608 2496 etiam
1649 2442 1946 2500 donaverat
1983 2457 2174 2495 mona-

585 2532 810 2586 sterium
847 2531 1210 2600 quadraginta
1245 2531 1570 2586 familiarum
1600 2531 1651 2585 in
1692 2531 1810 2585 loco
1851 2531 1942 2601 qui
1978 2532 2176 2587 dicitur

587 2621 642 2677 in
674 2619 938 2690 HRipum.
991 2641 1010 2673 ι
1067 2621 1193 2677 "ccc
1256 2622 1402 2676 Beda
1451 2625 1504 2676 in
1554 2623 1646 2677 lib.
1683 2638 1743 2676 in
1789 2639 1906 2692 cap.
1943 2623 2043 2688 25,
2073 2625 2174 2694 .ubi

585 2709 898 2781 Wilfridum
926 2712 1172 2767 abbatem
1201 2722 1573 2782 consequenter
1606 2713 1856 2782 appellat,
1882 2723 1937 2766 ut
1957 2715 2176 2782 proinde

584 2804 875 2856 monastica
924 2803 1150 2873 insignia
1179 2819 1240 2857 eo
1279 2804 1332 2856 in
1380 2804 1697 2856 monasterio
1747 2804 2037 2874 suscepisse
2089 2803 2174 2856 di-

2273 1891 2590 1960 episcopum,
2615 1889 2822 1944 secessit
2851 1889 2904 1944 in
2925 1890 3205 1960 liliipense
3223 1894 3594 1961 monasterium.
3618 1892 3704 1946 Drin
3721 1913 3737 1944 α

2277 1979 2544 2048 Wulfario
2589 1978 2910 2036 Merciorum
2956 1995 3072 2050 rege
3119 1984 3343 2043 accitus,
3389 1989 3544 2048 postea
3588 1982 3680 2033 mit
3709 1982 3738 2029 in

2275 2067 2542 2133 Cantiam,
2582 2070 2752 2138 ibique
2795 2071 3143 2140 presbyteros
3172 2078 3231 2145 et
3265 2069 3506 2146 diaconos
3540 2069 3737 2128 ordinauit,

2277 2162 2575 2227 usquedum
2622 2156 2940 2214 Theodorus
2994 2159 3316 2236 adveniret,
3347 2175 3407 2214 ex
3442 2158 3574 2212 Beda
3599 2158 3663 2212 lib.
3691 2174 3736 2220 ιιι,

2275 2265 2392 2318 cap.
2429 2248 2521 2315 28,
2571 2259 2621 2303 et
2670 2250 2764 2304 lib.
2805 2266 2882 2316 tv,
2911 2266 3030 2321 cap.
3076 2249 3140 2314 2,
3175 2268 3208 2303 a
3243 2267 3344 2322 quo
3371 2248 3557 2304 Ceadda
3584 2246 3737 2302 Eboruo

2275 2343 2492 2412 pulsus,
2541 2353 2588 2396 et
2621 2341 2908 2411 Wilfridus
2961 2343 3016 2395 in
3055 2341 3177 2396 sede
3225 2359 3325 2397 sua
3375 2343 3617 2394 institutus.
3647 2341 3738 2392 Anu;

2277 2433 2382 2488 670
2429 2434 2634 2488 Oswius
2702 2450 2795 2488 rea;
2859 2433 3413 2488 Nortanhumbrorum
3463 2450 3558 2486 cum
3603 2430 3738 2486 Romam

2277 2525 2353 2579 ire
2384 2524 2556 2590 vellet,
2590 2524 2904 2594 Wilfridum
2934 2526 3140 2580 itineris
3165 2525 3353 2579 ducem
3381 2526 3470 2578 sibi
3490 2523 3587 2595 ﬁeri
3615 2539 3738 2592 rogau-

2279 2629 2391 2680 rat;
2417 2616 2508 2669 sed
2537 2633 2592 2670 re
2621 2617 2817 2685 infecta
2856 2617 3114 2680 moritur,
3143 2619 3289 2684 apud
3330 2616 3509 2671 Bedam
3546 2615 3672 2684 iniit.
3697 2629 3737 2674 ιτ,

2277 2725 2395 2778 cap.
2419 2709 2472 2763 5.
2501 2709 2660 2763 Anno
2682 2708 2786 2764 675
2818 2707 3103 2778 Wilfridus
3133 2709 3356 2778 concilio
3396 2703 3738 2774 llcorutfardcaii,

2281 2799 2552 2857 Theodoro
2572 2801 2908 2871 praesidente,
2932 2816 3029 2870 per
3050 2803 3302 2871 proprios
3325 2799 3577 2874 legatarios
3593 2797 3739 2851 adfuisse

583 2894 776 2947 rendus
799 2895 900 2959 sit;
931 2893 1090 2964 paulo
1116 2903 1230 2963 post
1261 2893 1324 2946 ab
1347 2893 1614 2964 Agilberto
1650 2891 1808 2947 Callo
1827 2933 1842 2955 ,
1877 2893 2179 2946 occidenta-
2279 2903 2600 2968 memoratur
2621 2907 2638 2948 :
2661 2892 2872 2948 ibidem.
2907 2909 2929 2943 ι
2965 2891 3123 2946 Anno
3152 2893 3261 2947 677
3294 2901 3408 2946 orta
3439 2891 3558 2945 inter
3579 2889 3740 2958 ipsumet

583 2983 713 3038 lium
742 2983 1009 3038 Saxonum
1041 2986 1298 3054 episcopo,
1333 2984 1385 3037 in
1416 2983 1640 3054 praefato
1665 2998 1764 3037 suo
1807 2981 2174 3046 monasterio,
2282 2986 2560 3058 ngridum
2587 3001 2772 3057 regem
2798 2986 3157 3052 dissensione,
3189 2987 3377 3055 pulsus
3399 2985 3524 3040 idem
3547 2981 3737 3040 antistes:

581 3075 848 3145 presbyter
881 3075 1054 3144 factus
1105 3083 1294 3144 rogatu
1334 3072 1619 3128 Alchfridi.
1666 3073 1835 3127 Scotis
1880 3089 1937 3124 in
1971 3071 2174 3142 synodo
2207 3135 2249 3158 Α
2282 3079 2413 3132 sede
2466 3076 2552 3132 sui
2581 3076 2952 3147 episcopatus,
2983 3083 3037 3129 et
3069 3075 3178 3131 duo
3223 3076 3277 3129 in
3315 3075 3478 3150 locum
3502 3070 3596 3139 ejus
3621 3063 3742 3122 subsli-

585 3142 1040 3220 Streaneshalensi
1064 3142 1372 3234 confutatis,
1395 3167 1448 3218 in
1474 3165 1850 3218 monasterium
1882 3163 2180 3233 Lindisfar-
2205 3142 2251 3197 (ἶ
2289 3169 2387 3222 tuti
2436 3142 2712 3239 episcopi,
2767 3142 2940 3232 Bosa,
2962 3167 3057 3236 qui
3106 3166 3420 3228 Deirorum;
3466 3147 3512 3217 et
3549 3161 3661 3221 Fata,
3690 3171 3740 3224 qm

585 3271 762 3316 nense,
793 3255 879 3307 ubi
911 3253 1057 3308 Scoti
1085 3254 1330 3307 monachi
1357 3253 1634 3323 degebant,
1659 3252 1943 3305 monachos
1974 3262 2180 3306 nostros

587 3344 822 3398 induxit.
858 3343 1011 3398 Unde
1041 3345 1149 3414 ipse
1183 3345 1324 3414 apud
1358 3343 1688 3397 thlelmum
1722 3343 2010 3412 gloriatur,
2041 3343 2181 3413 quod

583 3425 785 3503 primus
835 3435 889 3488 in
936 3433 1385 3488 Nortanhumbria
1429 3451 1448 3484 ι
1491 3447 1678 3486 verum
1729 3431 1967 3497 Pascha,
2001 3432 2184 3488 Scotis

586 3524 800 3596 ejectis,
821 3526 1084 3588 docuerit,
1113 3533 1167 3581 et
1194 3526 1520 3581 sanctissimi
1544 3524 1820 3580 Benedicti
1851 3525 2115 3596 Regulam
2149 3540 2180 3580 a

590 3616 874 3671 monachis
931 3615 1211 3670 observari
1256 3614 1503 3682 jusserit.
1560 3613 1843 3684 Complura
1900 3615 2182 3680 wdiﬁcarit

588 3710 844 3774 caenobia,
892 3709 1199 3780 HBipense,
1255 3709 1714 3782 Hagustaldense.
1761 3715 1818 3765 in
1869 3729 1966 3767 suo
2013 3714 2178 3782 Ipsius

584 3803 927 3872 episcopatu;
975 3802 1076 3856 alia
1111 3804 1164 3856 in
1205 3803 1611 3868 Cantuariensi;
1671 3803 2014 3858 Sclcseiense
2039 3805 2180 3873 apud

586 3893 846 3948 australes
878 3895 1104 3965 Anglos.
1151 3904 1199 3948 et
1239 3895 1349 3948 alia
1395 3896 1450 3949 in
1487 3911 1646 3966 regno
1690 3893 2026 3949 Merciorum.
2062 3895 2181 3949 Huc

584 3995 818 4052 spectant
846 3983 1096 4055 epitaphii
1125 3986 1240 4056 ejus
1268 3987 1321 4039 iii
1352 4001 1532 4040 versus
1555 3999 1573 4036 :

583 4099 750 4156 Inque
779 4097 911 4152 locis
947 4098 1066 4152 istis
1092 4099 1482 4154 monachorum
1511 4113 1758 4153 examina
1792 4102 1983 4156 crebra

585 4115 750 4220 Imptc
779 4115 911 4152 IOCIS
949 4115 1066 4152 usus
1092 4115 1482 4154 monacnorum
1511 4115 1758 4153 examina
1792 4115 1950 4156 crenr

585 4169 661 4223 Co
687 4169 819 4239 Iigit,
841 4185 902 4221 ac
925 4169 1145 4222 monitis
1174 4169 1316 4224 cavit
1343 4185 1463 4238 quae
1492 4170 1676 4240 regula
1702 4170 1922 4226 Patrum
1941 4213 1954 4233 ,

589 4240 820 4292 Sedulus
857 4240 1110 4292 instituit.

592 4349 708 4415 Quo
737 4352 790 4403 in
817 4349 930 4404 loco
965 4351 1144 4420 regula
1176 4355 1344 4407 sancti
1375 4354 1674 4421 Benedicti,
1702 4373 1862 4426 quam
1896 4356 2180 4428 Wilfridus

590 4453 701 4495 tum
724 4443 778 4495 in
806 4441 1120 4511 Britannia,
1153 4455 1260 4499 tum
1293 4445 1472 4502 Romae
1506 4450 1692 4503 didicit
1719 4460 1766 4503 et
1804 4451 2054 4515 excoluit,
2080 4451 2182 4506 Be-

589 4534 711 4604 gula
745 4533 969 4589 Patrum
1007 4536 1323 4606 appellatur,
1358 4541 1436 4592 uti
1478 4550 1526 4594 et
1558 4542 1751 4596 diserte
1789 4543 1931 4611 apud
1959 4543 2180 4597 Anthro-

587 4629 724 4678 sium
769 4623 1077 4696 Autpertum
1131 4627 1188 4682 in
1245 4628 1378 4683 libro
1431 4628 1510 4685 De
1558 4632 1661 4686 vita
1711 4635 1879 4686 sancti
1927 4632 2178 4687 Paldonis

587 4717 791 4771 abbatis
818 4726 870 4772 et
889 4735 1266 4774 successorum.

656 4810 712 4864 4.
759 4811 841 4865 Ad
901 4813 1087 4866 seriem
1147 4819 1412 4882 gestorum
1475 4814 1721 4887 Wilfridi
1764 4821 1904 4889 quod
1959 4819 2177 4883 attinet;

589 4915 745 4956 natus
780 4912 852 4955 est
905 4919 1049 4958 anno
1102 4904 1206 4959 654
1260 4916 1352 4959 aut
1394 4907 1708 4978 insequenti,
1758 4910 2014 4978 siquidem
2053 4909 2178 4963 obiit

589 5006 733 5045 anno
760 4992 886 5055 709,
923 5011 1093 5050 annos
1135 5006 1290 5050 natus
1314 5000 1645 5071 septuaginta
1672 5001 1920 5070 quinque.
1961 5000 2180 5054 Adoles-

590 5101 708 5137 cens
730 5103 989 5140 annorum
1017 5089 1416 5158 quatuordecim
1447 5090 1870 5162 Lindisfarnense
1913 5105 2178 5148 monaste-

592 5175 730 5227 rium
754 5177 920 5242 pctiit.
945 5179 1015 5232 ibi
1046 5179 1242 5248 aliquot
1267 5197 1434 5234 annos
1455 5192 1778 5252 moraturus.
1805 5181 1938 5237 Inde
1960 5181 2179 5236 Romam

591 5275 737 5336 petiit
763 5283 903 5324 anno
929 5272 1073 5326 circa
1106 5271 1231 5334 655,
1256 5287 1416 5342 paulo
1444 5285 1564 5328 ante
1593 5285 1683 5330 aut
1715 5287 1849 5330 certe
1873 5276 2032 5345 paulo
2062 5287 2179 5346 post

592 5367 812 5411 mortem
867 5357 1092 5414 Honorii
1147 5360 1554 5418 Cantuariensis
1607 5366 1864 5435 episcopi,
1918 5384 2075 5437 quam
2120 5383 2180 5421 eo

594 5464 735 5501 anno
786 5451 983 5518 reponit
1044 5451 1183 5506 Beda
1230 5454 1284 5507 in
1333 5455 1424 5510 lib.
1478 5471 1538 5510 Ill
1577 5474 1692 5526 cap.
1740 5457 1830 5511 ‘20.
1874 5457 2037 5511 Annis
2074 5458 2181 5526 fere

592 5551 824 5608 quatuor
851 5551 959 5594 tum
1005 5560 1057 5595 in
1088 5542 1334 5613 Lugduni
1370 5565 1539 5610 mora,
1575 5559 1685 5602 tum
1738 5548 1916 5603 [ionice
1960 5551 2177 5614 exactis,

595 5645 829 5684 reversus
854 5631 905 5683 in
936 5630 1287 5696 Britanniam,
1326 5635 1372 5688 Ii
1387 5637 1604 5692 Rivense
1629 5640 2002 5693 monasterium
2048 5639 2177 5693 ιιιάί-

596 5723 720 5790 [ient
749 5735 799 5776 et
820 5725 1021 5776 abbatis
1047 5725 1252 5778 nomine
1292 5728 1650 5784 administrat.
1688 5733 1844 5786 Anno
1877 5747 2044 5802 prope
2075 5730 2179 5785 660

599 5813 968 5884 Coiinaunum,
1019 5814 1295 5873 Scotorum
1336 5821 1757 5890 antesignanum,
1794 5824 1985 5891 refutat
2011 5825 2064 5877 in
2087 5841 2166 5892 sy-

2214 4492 2262 4552 D

2287 3260 2658 3314 Berniciorum
2699 3259 3036 3328 provinciam
3087 3253 3642 3328 gubernaret,cap.it.
3667 3261 3742 3300 ius

2286 3351 2386 3403 rim
2410 3350 2695 3420 Wilfridus
2729 3361 2843 3419 post
2875 3351 3141 3406 biennium
3184 3349 3402 3402 Romam
3435 3346 3740 3416 paginarum

2284 3443 2543 3497 dicturus.
2575 3442 2827 3512 Confecta
2871 3460 2927 3498 re
2976 3443 3302 3514 provinciam
3340 3438 3606 3494 australium
3639 3429 3740 3485 Sw-

2285 3551 2410 3588 num
2453 3537 2704 3590 convertit
2738 3535 2807 3588 ad
2839 3534 3128 3600 Christum,
3174 3550 3240 3587 ac
3268 3532 3557 3588 Seleseiense
3581 3533 3742 3579 ructatu-

2286 3629 2423 3679 rium
2470 3627 2748 3693 aediﬁcavit
2792 3626 3000 3696 favente
3031 3623 3359 3680 Edilwalclto
3402 3614 3743 3693 regenda-ai-

2284 3717 2418 3769 wala
2448 3717 2626 3771 itidem
2659 3718 2991 3786 conspirante
3015 3715 3210 3780 Vectte,
3238 3715 3422 3770 insula:
3438 3711 3632 3783 populius
3655 3703 3743 3757 Ciri-

2284 3806 2469 3860 stianis
2504 3807 2757 3861 institutis
2791 3806 2977 3859 imbuit
3009 3823 3126 3875 cap.
3156 3805 3245 3860 16.
3276 3807 3422 3859 Anno
3443 3803 3644 3869 687,posl
3664 3805 3743 3844 κοτ’

2284 3905 2385 3948 tem
2431 3891 2701 3949 Cuthberti
2736 3895 3191 3966 Lindisfarnensis
3235 3893 3470 3966 episcopi,
3502 3891 3742 3960 epistola”

2286 3983 2538 4040 Ecclesia:
2586 3987 2731 4043 illius
2781 4003 2921 4044 anno
2962 4004 3072 4044 uno
3115 3989 3370 4044 servabat
3409 3979 3663 4040 venerabilis
3693 3989 3742 4022 att-

2287 4077 2440 4130 tistes
2475 4075 2782 4143 Wilfridus,
2814 4078 2986 4134 donec
3009 4077 3308 4148 eligeretur
3334 4075 3420 4148 qui
3449 4089 3530 4144 pro
3549 4068 3741 4125 Cutblietli

2285 4167 2515 4222 antistes
2569 4168 2812 4223 ordinari
2859 4168 3109 4234 deberet,
3143 4184 3262 4237 cap.
3305 4167 3391 4221 29.
3429 4185 3444 4216 ί
3474 4164 3578 4217 Post
3607 4158 3739 4222 Iougttll

2285 4257 2556 4324 exsiliunt,
2608 4273 2867 4311 annorum
2897 4257 3130 4312 videlicet
3155 4256 3382 4326 amplius
3412 4255 3583 4312 decem,
3609 4246 3646 4297 ill
3672 4253 3738 4306 ενι·

2287 4357 2566 4418 scopulum
2605 4345 3046 4420 Hagustaldensis
3086 4348 3343 4403 Ecclesia:
3390 4353 3596 4412 receptus
3629 4345 3677 4388 est
3705 4342 3738 4380 τι

2286 4440 2377 4495 lib.
2431 4457 2461 4492 γ
2522 4457 2639 4510 cap.
2679 4441 2733 4496 5.
2775 4444 2934 4496 Auno
2996 4442 3238 4496 secundo
3293 4439 3479 4509 (malim
3513 4423 3736 4487 docilch

2285 4533 2540 4600 ΑΙιιῐιὶόὶ,
2595 4534 2687 4603 qui
2739 4543 2864 4604 post
2900 4531 3175 4606 ngridum
3216 4531 3468 4602 regnavil,
3503 4525 3611 4577 alius
3630 4517 3672 4569 ei
3690 4513 3737 4562 Αίο

2284 4615 2519 4697 clifrido,
2564 4627 2618 4679 id
2645 4636 2722 4682 est
2760 4641 2898 4680 anno
2929 4625 3056 4690 697,
3099 4625 3285 4679 sedem
3315 4636 3458 4676 suam
3485 4624 3532 4670 et
3557 4611 3735 4680 opim?"

2287 4731 2418 4782 llllll,
2457 4719 2570 4788 ipso
2601 4732 2728 4786 rege
2763 4716 3043 4780 invitante,
3077 4715 3303 4784 recepit.
3337 4697 3735 4778 Sed,p051il”i”'l‘"

2285 4831 2484 4879 annos,
2520 4815 2696 4868 denuo
2723 4821 3010 4868 accusatus
3037 4812 3102 4868 ab
3129 4813 3315 4867 eodem
3354 4811 3461 4880 ipso
3496 4815 3596 4872 1⁵⁸8⁸
3620 4805 3654 4849 θ¹
3674 4789 3735 4859 ΡΜ

2285 4905 2437 4958 rimis
2477 4904 2765 4974 cpiscbpis,
2811 4904 3100 4973 prazsulatu
3153 4902 3340 4973 pulsus
3378 4909 3474 4963 est,
3515 4890 3735 4948 remensi“

2284 4996 2512 5050 Romam
2544 5013 2681 5050 anno
2723 4997 2863 5049 circa
2900 4995 3031 5062 703,
3075 5013 3107 5049 a
3149 4995 3387 5050 Iohanne
3419 5005 3534 5062 papa
3564 4977 3733 5036 abso!!!"

2285 5090 2544 5149 repedavit
2582 5091 2634 5143 in
2677 5088 2930 5145 Calliam.
2972 5089 3164 5144 Meldis
3202 5090 3270 5144 ad
3309 5099 3517 5142 extrema
3539 5079 3624 5133 rita
3642 5069 3732 5122 ult.

2285 5193 2415 5247 ctus,
2448 5181 2690 5236 inducias
2709 5199 2967 5236 annorum
2993 5183 3219 5252 quinque
3244 5199 3275 5235 a
3300 5180 3407 5236 Deo
3431 5172 3597 5230 mersit.
3615 5162 3732 5252 Ρσπτξ

2284 5273 2337 5325 in
2367 5245 2589 5326 concilio
2622 5270 2882 5328 Niddensi
2908 5245 3174 5328 restitutus
3211 5272 3451 5343 principia
3487 5261 3597 5333 regni
3620 5245 3731 5351 οεξδίί

2283 5362 2518 5432 Aldfridi
2543 5363 2663 5432 ﬁlii,
2689 5364 2743 5417 id
2767 5376 2840 5418 est
2867 5379 3006 5419 anno
3031 5365 3156 5429 705,
3185 5374 3415 5418 mortuus
3442 5365 3509 5410 est
3527 5363 3630 5405 anno
3649 5351 3731 5408 (⁷⁸⁸·

2283 5455 2398 5508 dem
2434 5453 2620 5510 Osredi
2651 5459 2784 5526 regis
2804 5467 3015 5527 quarto,
3041 5465 3161 5528 post
3181 5451 3506 5525 quadraginla
3526 5452 3568 5498 ct
3583 5435 3730 5528 quifit"?

2284 5561 2456 5600 annos
2490 5525 2852 5615 episcopatus,
2894 5559 3017 5603 teste
3041 5525 3201 5602 'Beda
3240 5549 3292 5599 in
3320 5546 3404 5597 lib.
3433 5556 3491 5604 ν,
3513 5551 3602 5600 ιαμ.
3621 5525 3730 5619 90..“

2283 5637 2492 5705 quidem
2524 5652 2616 5691 vm
2651 5636 2768 5691 Kal.
2803 5637 2926 5692 Pri-aii
2951 5640 3075 5692 anni
3112 5638 3213 5693 709
3235 5634 3462 5690 incuntis.
3504 5626 3617 5679 Ccrlt
3635 5624 3729 5707 limi"

2285 5727 2466 5782 decies
2511 5737 2693 5784 ternos
2731 5729 3017 5800 episcopus
3065 5743 3232 5784 annos
3265 5727 3429 5798 egisse
3460 5714 3728 5790 perluitur“

2278 5823 2541 5892 epitaphio
2580 5841 2674 5878 suo
2723 5825 2865 5884 apud
2909 5824 3107 5881 Bcdam
3148 5823 3323 5878 relato.
