3870 6304
98 346 187 403 7η
1332 342 1489 399 ΥΙΤΔ
1528 341 1587 398 8.
1630 340 1642 376 ‘

1747 342 1969 398 .I'Blbl.

3214 334 3318 394 τη

852 498 3317 524 W

1054 652 1678 747 PROLOGUS
1746 634 2332 745 AUCTORIS

158 868 200 925 I.
233 865 483 924 Drittan’a
509 864 611 938 (l),
640 880 801 937 quam
850 854 1003 938 Angli
1055 867 1212 921 victis
1265 882 1293 921 a
1326 882 1386 921 se
1417 876 1632 938 protur-
1669 850 1717 909 Α
1745 864 2039 938 Anglorum
2066 867 2304 923 Ecclesia
2334 852 2419 925 est
2446 848 2701 926 atrociter
2726 842 2908 939 passa.
2944 848 3102 947 Iliae,
3130 875 3189 921 ut
3210 844 3319 919 [alia

90 961 310 1031 batisqne
332 958 588 1014 Brittanis
630 957 876 1028 Angliam
909 968 1103 1013 vocant
1128 967 1183 1013 et
1207 958 1465 1022 incolunt,
1489 958 1634 1013 omni

91 1068 147 1107 ex
187 1062 332 1123 parte
358 1052 575 1109 Oceano
607 1052 806 1116 cincta,
833 1058 942 1104 tam
991 1052 1244 1121 ingenitis
1270 1068 1430 1122 quam
1461 1061 1516 1107 et
1541 1068 1639 1106 un-

93 1146 349 1212 decunque
388 1142 569 1196 allatis
608 1141 811 1197 divitiis
860 1141 1092 1196 mirabili
1134 1143 1291 1213 copia
1342 1140 1642 1213 antiquitus

89 1235 431 1292 exuberabat:
469 1251 589 1306 qua:
619 1243 678 1291 ut
706 1236 936 1292 terrenis
967 1252 1143 1292 rerum
1168 1238 1356 1308 copiis,
1400 1238 1474 1292 ita
1502 1253 1639 1308 quo-

90 1342 178 1396 que
226 1329 691 1382 sanctissimorum
757 1327 997 1382 virorum
1052 1344 1244 1397 magna
1312 1329 1641 1384 fecunditate

89 1416 313 1485 pollebat.
362 1418 603 1485 Quorum
660 1416 1004 1487 exigentibus
1055 1421 1264 1475 meritis
1315 1420 1369 1475 in
1435 1427 1640 1473 tantum

86 1510 234 1579 gratia
272 1510 358 1566 Dei
394 1510 787 1581 omnipotentis
825 1520 992 1566 totam
1026 1512 1255 1565 insulam
1288 1526 1382 1565 sua
1430 1508 1644 1564 muniti-

88 1598 238 1653 centia
263 1599 561 1665 decoravit,
609 1605 753 1654 utet
791 1599 967 1655 cultus
997 1601 1139 1656 circa
1191 1600 1283 1655 Dei
1324 1599 1641 1669 obsequium

86 1689 480 1760 circumquaque
534 1692 1010 1763 rnultiplicaretur,
1058 1703 1113 1746 et
1146 1706 1231 1745 res
1278 1699 1384 1744 tam
1418 1689 1643 1761 publica:

85 1797 223 1852 quam
259 1782 559 1841 familiares
596 1785 764 1841 multa
810 1799 943 1857 pace
988 1782 1241 1853 feliciqne
1285 1781 1644 1853 prosperitate

87 1872 388 1931 fruerentur.

137 1964 186 2019 Ξ.
239 1966 339 2022 Sed
401 1982 522 2024 cum
587 1968 719 2024 nihil
798 1969 943 2025 omni
997 1984 1062 2023 ex
1123 1976 1276 2039 parte
1342 1963 1641 2036 perfectum

85 2058 339 2114 mundanis
374 2059 547 2114 rebus
583 2069 775 2115 natura
807 2058 1115 2125 concessit,
1156 2071 1300 2113 ececa
1335 2055 1643 2111 damnatrix

80 2147 221 2201 animi
269 2148 547 2219 cupiditas
600 2149 727 2205 dum
781 2150 1051 2205 interdum
1099 2146 1368 2219 quosdam
1424 2145 1491 2200 ad
1540 2145 1644 2199 hoc

1743 963 1997 1025 taceam,
2056 962 2349 1016 venerandi
2403 964 2680 1019 antistites
2739 960 2972 1016 Mellitus
3026 969 3081 1014 et
3138 957 3322 1014 Justus

1741 1046 1976 1111 Galliam
2009 1059 2199 1120 petunt
2241 1034 2729 1127 Angliaexpulsi;
2772 1050 2899 1106 hinc
2947 1032 3322 1103 sanctissimus

1744 1140 1905 1197 Pater
1931 1126 2217 1198 With-idus
2241 1126 2415 1212 ftoties
2452 1160 2483 1200 a
2508 1144 2745 1215 propria:
2783 1128 3058 1221 dignitatis
3085 1139 3209 1195 sede
3240 1153 3325 1193 re-

1736 1232 1956 1302 jicitur;
1982 1234 2110 1289 hinc
2148 1250 2365 1306 quoque
2405 1234 2828 1307 gloriosissimus
2853 1248 2945 1286 rex
2975 1229 3324 1285 Eadmundus

1743 1334 1800 1380 et
1826 1323 2173 1380 beatissimus
2205 1327 2433 1381 antistes
2468 1325 2712 1397 Elfcgus
2753 1323 2936 1393 iniqua
2969 1331 3144 1377 morte
3173 1319 3327 1375 dam-

1746 1417 1891 1481 nati,
1947 1419 2190 1490 martyrii
2220 1418 2391 1492 gloria
2434 1419 2749 1491 dignissime
2799 1426 3159 1496 coronantur;
3200 1414 3327 1470 hinc

1741 1512 1907 1566 etiam
1949 1510 2114 1567 dubio
2152 1512 2340 1583 procul
2369 1513 2450 1567 vir
2482 1511 2928 1584 prteclarissintus
2958 1519 3014 1564 et
3055 1507 3330 1564 excellen-

1746 1604 1971 1677 tissimte
2023 1604 2331 1660 sanctitatis
2390 1602 2549 1658 Pater
2604 1604 2912 1658 Dunstaaus
2960 1601 3013 1656 in
3073 1599 3324 1657 exsilium

1742 1694 1934 1764 pulsus
1959 1693 2125 1749 fuisse
2149 1693 2504 1766 dignoscitur.
2532 1693 2638 1749 Sed
2666 1694 2783 1748 hcce
2810 1707 2893 1747 me
2914 1691 3061 1746 brevi
3088 1680 3328 1762 attigisse

1743 1781 2042 1838 suffecerit.
2077 1782 2311 1855 Majores
2343 1786 2545 1839 etenim
2578 1782 2748 1839 nostri
2782 1782 2847 1837 de
2886 1782 2971 1837 his
3009 1780 3179 1836 multa
3214 1794 3326 1834 me-

1747 1876 1934 1930 moriae
1968 1876 2129 1947 digna
2161 1890 2499 1947 cognovere,
2539 1885 2595 1931 et
2639 1874 2757 1951 luce
2794 1873 3043 1951 veritatis
3075 1870 3326 1941 insignita

1746 1964 1942 2020 exinde
1973 1980 2075 2020 sna
2110 1966 2344 2035 posteris
2372 1966 2575 2037 scripta
2610 1947 2900 2037 reliquere.
3036 2032 3037 2035 η

1812 2053 1866 2108 3.
1915 2055 1983 2109 Et
2029 2055 2285 2126 quoniam
2339 2070 2402 2109 ea
2469 2071 2590 2125 qua:
2636 2058 2702 2110 de
2777 2052 3007 2124 praefato
3075 2051 3328 2107 Wilfritlo

1747 2147 1949 2218 scripta
1991 2148 2281 2214 habentur,
2312 2164 2419 2203 non
2448 2148 2607 2203 simul
2640 2149 2691 2203 in
2730 2163 2859 2214 uno,
2890 2146 2984 2203 sed
3014 2145 3067 2201 in
3098 2144 3327 2223 diversis

80 2240 425 2309 perduxisset,
462 2250 522 2296 ut
553 2242 674 2297 suis
708 2242 870 2297 rebus
895 2243 1135 2298 contenti
1169 2253 1290 2296 esse
1329 2238 1642 2305 nescirent;
1678 2213 1721 2272 Β
1748 2239 2062 2293 auctoribus
2101 2254 2288 2310 Sparsa
2337 2253 2457 2295 esse
2496 2239 2831 2309 probantur;
2862 2247 3086 2309 rogatus
3133 2220 3328 2291 anon-

82 2332 209 2399 pacis
236 2332 573 2387 munimenta
608 2333 842 2405 dirupit,
888 2350 991 2405 pax
1029 2334 1244 2405 dirupta
1280 2333 1522 2404 rapinas.
1560 2332 1646 2388 in-

85 2420 262 2486 cendia,
302 2421 628 2489 seditiones,
674 2421 836 2491 bella,
868 2424 1219 2494 omniumque
1248 2422 1515 2477 bonorum
1548 2439 1643 2477 ex-

82 2512 200 2565 cidia
224 2512 462 2583 peperit;
509 2527 629 2583 quae
677 2527 1063 2582 nonnunquam
1098 2529 1127 2567 a
1156 2513 1361 2567 sanctis
1401 2511 1642 2581 ejusdem

82 2604 339 2669 provinciae
367 2604 507 2658 viris
546 2602 779 2669 detrita;
825 2618 1236 2673 nonnunquam.
1286 2603 1419 2674 ipsis
1460 2602 1515 2657 itt
1547 2603 1644 2658 imo

88 2710 299 2749 mensum
338 2697 504 2753 malis
547 2697 955 2762 crescentibus,
998 2696 1032 2750 ii
1066 2696 1157 2766 qui
1198 2696 1337 2750 mala
1370 2696 1645 2752 deterrere

86 2787 458 2853 moliebantur,
523 2790 670 2843 varia
720 2804 944 2843 casuum
990 2787 1396 2858 perturbatione
1449 2787 1643 2843 attriti.

87 2874 195 2930 Dum
221 2879 356 2932 enim
392 2879 636 2933 studium
689 2894 846 2934 suum
894 2879 945 2934 in
976 2894 1042 2935 eo
1091 2879 1434 2949 potissimum
1476 2894 1647 2951 pune-

86 2975 208 3027 rent,
265 2982 332 3022 ne
387 2982 773 3037 perversorum
824 2969 1103 3024 hominum
1142 2969 1394 3039 pravitati
1445 2971 1642 3026 amissa

85 3054 150 3108 sui
183 3064 346 3111 status
391 3058 723 3113 rectitudine
760 3059 1046 3125 cederent;
1092 3059 1329 3130 dumque
1368 3059 1443 3114 illi
1485 3075 1516 3116 e
1557 3061 1643 3115 di-

86 3159 218 3203 verso
262 3151 437 3205 modis
488 3150 743 3206 omnibus
775 3150 1133 3217 insndarent,
1179 3167 1247 3206 ne
1289 3151 1514 3207 istorum
1555 3165 1644 3206 re-

82 3240 300 3298 ctitudini
338 3244 405 3298 ad
447 3243 533 3298 sui
574 3243 972 3299 correctionem
1004 3258 1123 3299 sese
1146 3244 1230 3299 vel
1272 3244 1337 3297 ad
1369 3242 1640 3298 modicum

84 3331 271 3401 darent;
303 3336 477 3391 iidem
504 3335 806 3404 nequitiam
832 3350 984 3390 suam
1013 3337 1172 3390 modo
1202 3336 1274 3401 vi,
1306 3336 1465 3390 modo
1494 3336 1642 3390 fran-

80 3422 211 3479 dibus
235 3435 580 3492 exercentes,
623 3442 762 3496 quos
802 3428 853 3481 in
902 3427 1103 3482 malitia
1136 3428 1510 3497 nequiverant,
1543 3428 1643 3484 hos

84 3511 126 3567 in
153 3518 412 3573 cenrmuni
477 3518 588 3571 vita
633 3519 811 3573 socios
856 3517 1060 3573 habere
1118 3517 1265 3573 nullo
1304 3514 1462 3574 modo
1497 3519 1643 3575 vole—

82 3600 205 3659 bant.
238 3607 371 3664 Hinc
401 3608 564 3663 multi
609 3610 829 3679 propria
863 3610 1123 3681 dignitate
1168 3611 1396 3679 privati,
1428 3610 1578 3665 multi
1608 3624 1641 3665 a

82 3694 231 3759 patria
253 3697 565 3766 eliminati,
619 3700 773 3754 multi
808 3715 1025 3771 quoque
1043 3700 1420 3757 crudelissima
1468 3710 1643 3757 morte

82 3786 251 3851 necati,
281 3798 333 3843 et
355 3805 387 3843 a
414 3789 572 3857 justo
596 3787 782 3857 judice
810 3791 918 3845 Deo
951 3791 1346 3861 gloriosissime
1372 3792 1640 3847 coronati.

82 3868 186 3928 llaec
219 3876 269 3930 in
302 3880 610 3949 primordio
633 3880 994 3935 coalescentis
1035 3881 1157 3937 ﬁdei
1185 3881 1383 3953 partim
1425 3881 1645 3951 insuper

84 3966 389 4026 venientibus
414 3972 477 4026 in
519 3985 579 4025 se
618 3971 1065 4041 praedicatoribus
1108 3981 1192 4027 est
1228 3979 1483 4043 experta;
1529 3973 1644 4027 hinc

83 4052 124 4107 in
165 4072 410 4127 processu
470 4060 713 4130 ejusdem
750 4062 873 4117 ﬁdei
903 4062 1100 4131 partim
1139 4062 1190 4116 in
1222 4061 1457 4133 propriis
1488 4070 1542 4117 et
1588 4061 1641 4116 in

84 4158 129 4199 se
165 4154 454 4219 procreatis
503 4154 955 4224 praedicatoribus
985 4163 1069 4210 est
1097 4168 1381 4224 perpessa;
1421 4154 1537 4208 inec
1563 4152 1643 4206 ni-

83 4235 341 4300 hilominus
389 4245 588 4301 eadem
642 4246 745 4302 title
788 4262 1007 4318 quaque
1064 4246 1285 4301 fundata
1360 4245 1558 4317 partim
1613 4261 1641 4299 a

83 4332 193 4395 suis,
235 4338 427 4404 partim
471 4339 544 4393 ab
570 4339 816 4399 externis
848 4337 1112 4405 hostibus,
1159 4339 1210 4393 in
1248 4337 1363 4394 suis
1396 4328 1644 4409 patrihus

1748 2329 1932 2396 nullis,
1981 2330 2177 2399 quibus
2219 2345 2307 2385 me
2355 2330 2729 2385 contradicere
2786 2329 3137 2399 incongruum
3167 2325 3324 2386 duxi;

1745 2424 1877 2489 imo,
1907 2432 1967 2477 ut
2002 2438 2190 2477 verum
2230 2421 2424 2489 fatear,
2460 2423 2630 2494 ipsius
2670 2422 2997 2477 sanctissimi
3039 2418 3218 2475 Patris
3243 2416 3327 2470 di-

1747 2512 1978 2568 lectione
2009 2512 2350 2584 compulsus.
2386 2528 2448 2568 ea
2475 2529 2595 2584 qua:
2625 2498 2951 2583 sparsim'de
2983 2510 3097 2583 ipso
3127 2509 3328 2578 scripta

1745 2617 1904 2673 sunt,
1953 2615 2141 2661 nostro
2183 2620 2348 2677 opere
2396 2605 2451 2660 in
2502 2621 2670 2660 ttnum
2722 2619 3046 2676 componere
3098 2601 3327 2658 institui.

1745 2693 2014 2768 Equidem
2040 2694 2218 2762 Beda,
2251 2696 2625 2752 nobilissimus
2646 2696 2821 2766 gentis
2852 2704 3053 2749 nostrae
3088 2690 3329 2748 historia:

1745 2792 2004 2859 scriptor,
2030 2787 2083 2842 in
2112 2787 2226 2858 ipsa
2258 2785 2484 2841 historia
2515 2787 2581 2840 de
2605 2785 2793 2842 eodem
2819 2784 2977 2839 Patre
2997 2798 3094 2852 per
3116 2782 3330 2836 divorsa

1745 2880 1862 2936 loca
1893 2880 2153 2935 nonnulla
2184 2879 2425 2946 disserit,
2457 2887 2513 2935 et
2543 2879 2714 2934 beatae
2743 2876 3018 2931 memoriae
3043 2873 3160 2931 Odo
3199 2889 3328 2928 san-

1745 2984 1845 3029 ctte
1878 2972 2310 3027 Doroherncnsis
2335 2970 2594 3026 Ecclesiae
2623 2968 2862 3040 pontifex
2886 2970 2951 3022 de
2973 2967 3080 3020 vita
3112 2974 3165 3021 et
3194 2979 3329 3018 con-

1748 3062 2059 3118 versatione
2088 3062 2204 3134 ejus
2234 3062 2522 3132 quemdam
2557 3058 2794 3115 libellum
2825 3057 3011 3125 edidit,
3042 3066 3328 3128 postquam

1742 3156 2003 3227 reliquias
2063 3154 2232 3226 ipsius
2272 3154 2450 3209 sancti
2510 3153 2577 3209 de
2632 3153 2754 3209 loco
2818 3152 2870 3206 in
2930 3166 3038 3222 quo
3089 3148 3328 3221 primum

1746 3252 1934 3323 positae
1980 3249 2236 3315 fuerant,
2291 3251 2509 3320 excepit
2538 3291 2555 3316 ,
2606 3258 2661 3303 et
2700 3249 2765 3303 ad
2814 3246 3101 3304 ecclesiam
3166 3234 3332 3323 totius

1744 3343 2023 3399 Brittania:
2070 3353 2299 3399 matrem
2322 3383 2336 3406 ,
2391 3359 2509 3413 qua:
2540 3330 2769 3398 in'urbe
2798 3339 3186 3396 Cantuarberia
3217 3320 3329 3394 'sita

1745 3448 1859 3500 est,
1915 3452 2115 3507 magno
2153 3434 2459 3490 devotionis
2501 3435 2706 3489 honore
2751 3432 3069 3489 transvexit.
3127 3429 3329 3501 Horum

1745 3526 1911 3598 igitur
1938 3526 2081 3581 dicta
2114 3540 2212 3596 per
2239 3524 2420 3579 omnia
2447 3538 2704 3596 sequens,
2727 3539 2863 3594 pene
2898 3522 3031 3578 nihil
3063 3512 3205 3593 quod
3241 3536 3333 3575 eo-

1745 3637 1863 3676 rum
1915 3618 2243 3675 auctoritate
2292 3618 2535 3673 roborari
2584 3633 2689 3673 non
2742 3617 2937 3689 possit,
2980 3614 3115 3673 nihil
3152 3598 3330 3668 autem

1744 3725 1813 3764 ex
1859 3717 1973 3763 toto
2026 3705 2170 3778 quod
2214 3706 2549 3761 contrarium
2603 3704 2707 3769 sit,
2755 3706 3028 3759 dicturum
3079 3720 3166 3756 tne
3214 3704 3330 3755 fore

1746 3797 1983 3854 confido.
2022 3794 2165 3850 Sane
2194 3796 2507 3865 quicunque
2536 3795 2650 3850 lucc
2676 3794 2759 3849 vel
2810 3794 2989 3865 legere
3025 3792 3108 3848 vel
3144 3792 3333 3846 audire

1748 3889 2002 3961 dignatus
2036 3885 2221 3952 fuerit,
2258 3902 2453 3955 precor
2480 3896 2537 3940 ut
2565 3887 2666 3941 ista
2701 3901 2786 3941 me
2810 3904 2917 3939 non
2950 3887 3022 3940 ita
3049 3884 3333 3955 scripsisse

1749 3979 2014 4051 accipiat,
2070 3981 2226 4049 quasi
2261 3980 2523 4051 antiquis,
2565 3994 2902 4050 quaecunque
2954 3987 3083 4032 sunt
3113 3978 3216 4033 hac
3267 3978 3333 4028 de

1747 4088 1826 4137 re,
1860 4085 1979 4125 mea
2006 4069 2168 4125 velim
2212 4072 2414 4143 scripta
2445 4074 2732 4144 praeferre;
2776 4074 2869 4127 scd
2913 4066 3094 4143 potius
3128 4069 3335 4141 cogitet

1744 4168 1800 4215 et
1831 4162 2023 4218 amicis
2062 4166 2196 4221 meis
2229 4181 2315 4220 me
2346 4163 2430 4236 (ut
2470 4163 2605 4236 dixi)
2648 4164 2965 4233 rogantibus
3005 4176 3208 4216 morem
3240 4174 3334 4231 ge-
3372 4232 3373 4235 η

1746 4267 1887 4318 rere,
1929 4262 1984 4308 et
2015 4266 2203 4311 sancto
2247 4257 2338 4310 Dei
2367 4255 2584 4325 aliquod
2619 4255 2936 4323 obsequium
2980 4253 3083 4307 mei
3130 4249 3334 4308 amoris

1746 4355 1803 4401 et
1837 4350 2156 4405 reverentia:
2188 4350 2446 4405 exhibere
2474 4348 2725 4403 volu'sse.

1204 4620 1733 4737 lNCIPIT
1816 4618 2171 4741 VlTA

127 4841 512 4908 Sanetissimi
544 4838 937 4911 eonfessOris
966 4856 1160 4929 atque
1204 4846 1805 4989 poutiﬁeisOClttristi
1837 4843 2155 4919 Wilfridi,
2188 4844 2374 4923 cujus
2408 4843 2732 4908 festivitas
2766 4842 3005 4905 colitur
3033 4858 3089 4901 tv
3122 4837 3271 4900 ldus

1590 4945 1620 4987 c
1652 4944 1690 4989 o
1712 4944 1828 4988 ms

1590 4944 1828 4989 ριουτιε

138 5212 201 5279 ιζ
238 5214 395 5284 Anno
466 5226 627 5299 igitur
680 5224 1076 5284 incarnationis
1128 5204 1313 5281 Verbi
1341 5224 1437 5279 Dei
1518 5240 1644 5293 ωδε
1676 5212 1721 5267 Ῑ)
1751 5223 2026 5301 Oswaldo,
2063 5182 2351 5295 deinclyta
2391 5222 2568 5292 gentis
2594 5218 2887 5289 Anglorum
2924 5212 3172 5286 prosapia
3191 5224 3337 5282 puer

82 5320 352 5376 centesimo
375 5322 652 5379 tricesimo
679 5331 898 5391 quarto,
936 5332 1203 5394 regnante
1230 5321 1283 5375 in
1314 5320 1507 5376 Cantia
1535 5319 1645 5388 filio

81 5406 434 5473 gloriosissimi
505 5412 777 5469 Edelberti
828 5414 974 5485 regis
1031 5413 1454 5470 Cantuariorum
1512 5412 1647 5467 Ead-

83 5493 257 5567 baldo,
310 5514 367 5561 et
416 5505 470 5557 in
522 5504 885 5561 Nordnmbria
944 5522 1263 5564 successore
1324 5504 1641 5562 nobilissimi

83 5585 263 5649 Edwini
311 5598 457 5668 regis
510 5603 1087 5661 Nordanhumbrorum
1134 5600 1480 5656 sanctissimo
1521 5611 1647 5669 rege

1756 5316 1849 5372 Dei
1893 5314 2177 5372 Wilfridus
2206 5314 2489 5371 nobilitate
2525 5320 2710 5374 tratus,
2740 5318 2795 5363 et
2819 5321 2850 5361 e
2870 5304 3102 5375 vestigio
3127 5301 3334 5366 ctelesti

1751 5416 1836 5464 est
1884 5407 2133 5479 prodigio
2166 5406 2379 5469 mundo,
2425 5402 2761 5461 nobilissime
2810 5398 3146 5467 designatus.
3198 5392 3336 5453 Cum

1750 5503 1895 5557 enim
1929 5502 2119 5558 beatus
2147 5516 2283 5572 puer
2310 5500 2646 5568 intempesta:
2683 5491 2859 5550 noctis
2887 5487 3105 5553 silentio
3145 5484 3338 5541 matris

1752 5594 1998 5665 prodiret
2047 5595 2116 5650 ab
2145 5595 2298 5659 alvo,
2345 5591 2597 5648 columna
2646 5586 2788 5661 ignis
2828 5598 2991 5654 supra
3029 5581 3247 5637 domum
3278 5572 3337 5633 in

145 5750 308 5817 “illa
336 5774 446 5814 non
483 5772 605 5815 raro
634 5759 773 5830 apud
812 5736 1079 5828 antiquos
1128 5757 1385 5827 scriptum
1446 5751 1714 5825 reperitur
1789 5738 2083 5817 Brittania,
2136 5732 2301 5805 etiam
2343 5746 2483 5821 apud
2525 5744 2744 5804 Grtccos
2774 5724 3044 5819 suam
3090 5741 3339 5789 nonnun-

80 5829 259 5885 φιλίαι.»

487 5914 768 5980 Parant.
816 5918 1029 5980 CLIX.

2947 5893 3025 5957 23
