3870 6304
505 328 610 390 715

1499 317 1804 376 EADMERI
1843 317 2111 378 CANTUA

2218 315 2403 373 ENSIS
2440 313 2750 370 MtiNAClll
3622 316 3700 370 ΗΒ

503 457 611 514 qua
677 438 1003 497 nascebatur
1052 434 1266 492 coalitus
1294 433 1492 489 emissa
1533 446 1722 488 omnes
1749 429 2096 488 circumfusae
2124 433 2167 488 A
2197 431 2478 500 obsequio.
2525 429 2642 496 Quo
2692 428 2874 500 regina
2921 425 3251 484 venerabilis
3288 428 3487 497 agnito,
3529 430 3702 487 multum

506 533 686 592 noctis
718 531 974 588 tenebras
1022 527 1175 584 radio
1221 540 1334 581 suat
1383 517 1520 580 lucis
1564 524 1840 580 abstersit.
1881 523 2093 592 Quique

506 631 676 702 igitur
709 628 1016 684 vicinorum
1047 623 1182 679 tanti
1231 619 1452 677 luminis
1487 617 1864 690 magnitudine
1913 617 2094 672 subito

505 732 718 778 terrore
766 716 996 782 turbati,
1039 715 1075 770 ii
1129 712 1382 770 domibus
1423 717 1714 782 proruunt,
1765 719 1822 763 et
1874 717 2095 778 stupore

505 812 686 869 affecti
711 808 909 878 singuli
939 805 1082 878 quod
1107 806 1284 876 primo
1302 817 1502 874 capere
1524 807 1777 873 poterant
1803 797 2092 868 arripiunt,

505 915 561 962 et
614 905 667 960 in
713 901 926 958 turbam
981 898 1156 953 coacti
1205 896 1423 950 turbato
1456 903 1737 948 murmure
1789 887 1859 943 ad
1915 888 2094 957 ignem

507 998 725 1057 concite
767 1002 1018 1052 currunt.
1063 991 1146 1048 Ad
1201 989 1420 1046 domum
1473 999 1647 1057 usque
1695 983 2091 1056 pervenientes,

503 1091 804 1154 ﬂammam,
835 1095 894 1141 ut
921 1089 1187 1154 carperet,
1221 1080 1402 1136 radios
1427 1077 1767 1134 emittentem
1791 1071 2091 1137 inveniunt;

507 1179 601 1238 sed
630 1179 850 1234 domum
899 1184 956 1232 et
1003 1185 1350 1246 qumcunque
1384 1169 1561 1224 vicina
1612 1166 1686 1222 nil
1721 1164 1957 1221 latsionis
1985 1163 2094 1234 pati

507 1273 782 1329 mirantes
809 1267 1102 1339 aspiciunt.
1135 1263 1314 1318 Nimio
1339 1263 1521 1331 itaque
1543 1269 1764 1330 stupore
1793 1265 2056 1330 paventes
2081 1274 2093 1309 :

513 1381 534 1415 ι
557 1361 709 1429 Pape
745 1363 759 1414 !
796 1357 1068 1428 inquiunt,
1108 1354 1363 1424 quidnam
1389 1351 1528 1423 signi
1552 1351 1655 1406 hoc
1685 1349 1838 1405 nobis
1875 1348 2099 1403 innuere

508 1454 701 1524 putas?
730 1450 985 1506 nimirum
1010 1446 1174 1502 divini
1201 1454 1284 1502 est
1311 1442 1547 1499 numinis
1565 1440 2095 1498 omen.»Etdomum

510 1549 725 1602 irruere
767 1541 1078 1599 volentibus
1117 1543 1477 1594 occurrerunt
1520 1534 1776 1590 mulieres
1815 1532 1882 1588 de
1917 1533 2097 1598 domo,

509 1635 753 1693 dicentes
785 1652 797 1688 :
831 1652 849 1685 ι
873 1631 1173 1696 Sustinete,
1198 1629 1484 1695 sustinete,
1507 1641 1814 1698 precamur,
1851 1639 1961 1695 quo
1991 1625 2103 1678 rui-

512 1727 635 1782 tis?
690 1725 756 1781 ad
807 1738 1025 1779 causam
1083 1721 1224 1792 ignis
1277 1718 1710 1791 cognoscendam
1765 1731 1925 1788 quem
1990 1731 2103 1787 prae

511 1816 686 1874 oculis
731 1815 941 1872 habetis
971 1821 1257 1884 tantopere
1311 1809 1569 1866 tenditis?
1615 1824 1723 1864 non
1772 1808 1933 1864 aliam
1979 1823 2100 1862 esse
2133 1811 2176 1871 Β

509 1923 674 1979 quam
702 1919 931 1978 puerum
962 1919 1112 1960 nunc
1141 1904 1402 1959 maternis
1431 1902 1735 1958 visceribus
1766 1901 1970 1956 editum
2005 1915 2104 1971 pro

511 2010 662 2055 certe
697 1998 1024 2055 noveritis.)
1061 1994 1177 2063 Quo
1199 1993 1440 2065 cognito,
1471 2007 1658 2065 gressu
1691 1991 1891 2048 reflexo
1930 1991 1982 2046 in
2007 2006 2102 2046 sua

514 2091 767 2156 redeunt,
810 2073 1081 2160 magnalia
1126 2085 1220 2141 Dei
1268 2101 1365 2141 sua
1407 2084 1696 2140 devotione
1754 2091 2097 2139 venerantes.

513 2181 658 2250 Quid
707 2179 772 2235 ad
830 2181 947 2235 haec
995 2177 1318 2234 dicendum?
1361 2177 1642 2246 antiquum
1690 2175 1858 2247 Moysi
1905 2174 2105 2230 famulo

518 2272 610 2327 Dei
664 2281 945 2327 ostensum
995 2269 1047 2323 in
1105 2265 1608 2322 rubo‘miraculunt
1660 2265 1932 2332 videmus,
1982 2280 2105 2320 cum

513 2379 645 2421 ecce
684 2364 738 2419 in
766 2363 926 2418 domo
951 2361 1104 2432 pueri
1133 2351 1227 2414 Dei
1266 2360 1408 2430 ignis
1432 2368 1647 2424 aestuat,
1679 2375 1778 2413 nec
1801 2358 2104 2424 comburit;

521 2461 737 2512 tlamma
789 2455 1033 2518 emicat.
1093 2467 1192 2508 nec
1244 2451 1448 2522 aliquid
1506 2450 1794 2507 consumit.
1854 2451 1919 2505 Et
1977 2448 2107 2504 illud

515 2551 732 2619 quidem
768 2547 1071 2618 antiquitus
1107 2544 1310 2600 factum
1337 2543 1464 2615 quid
1496 2543 1632 2614 signi
1665 2542 1974 2614 protulerit,
1993 2539 2105 2609 jam

517 2643 753 2700 mundus
783 2640 1004 2713 agnovit
1031 2658 1043 2692 :
1087 2639 1190 2694 hoc
1219 2645 1398 2691 autem
1432 2636 1484 2690 in
1508 2636 1686 2706 seipsa
1715 2643 1940 2705 experta
1974 2637 2109 2704 pene

523 2733 689 2790 totius
743 2729 952 2803 Anglici
1007 2729 1154 2802 regni
1209 2727 1466 2784 nobilitas
1515 2726 1723 2782 didicit.
1777 2725 1855 2780 Rc
1908 2724 2108 2780 etenim

522 2839 635 2896 ipsa
684 2825 966 2894 probatum
1001 2834 1114 2888 est,
1172 2823 1314 2894 quod
1370 2823 1510 2878 sicut
1557 2821 1686 2876 olim
1719 2820 1978 2875 Dominus
2010 2834 2104 2889 po-

515 2915 872 2986 puluntsunm
901 2929 966 2970 ex
991 2913 1244 2986 Egyptia
1271 2913 1534 2969 servitute
1561 2911 1914 2974 liberaturus,
1942 2909 2113 2979 ipsius

517 3006 861 3063 liberatiunis
893 3005 1255 3061 ministerium
1304 3001 1471 3074 Moysi
1504 3015 1603 3072 per
1649 3001 1826 3072 ignem
1867 2999 1985 3054 rubi
2021 3000 2114 3055 de-
2151 3001 2153 3004 ⁴

521 3104 838 3158 mandavit:
875 3099 955 3153 sic
986 3105 1040 3153 et
1073 3111 1219 3152 nunc
1253 3095 1393 3151 idem
1440 3093 1702 3149 Dominus
1741 3091 1905 3147 aliam
1947 3107 2115 3162 popu-

2194 524 2310 594 ejus
2330 523 2496 578 animi
2530 524 2729 575 virtute
2762 521 2962 586 lanata,
3005 519 3283 575 consilium
3328 519 3476 575 simul
3513 531 3559 576 et
3586 526 3703 579 auxi-

2195 613 2325 668 lium
2361 622 2523 670 tantat
2550 611 2626 668 rei
2662 610 3003 682 perﬁciendae
3034 612 3230 668 devota
3269 611 3455 668 mentis
3486 613 3704 675 alacritate

2196 705 2386 774 largita
2423 715 2525 762 est.
2561 706 2628 760 Et
2649 704 2907 776 quoniam
2935 705 3186 760 eumdem
3213 704 3384 760 virum
3418 708 3700 766 monasticam

2194 796 2456 869 singulari
2511 796 2676 851 vitam
2718 795 2979 868 praeferre
3027 796 3310 866 cognovit;
3356 812 3505 861 eum,
3551 807 3600 853 ut
3633 800 3705 873 ipsi

2196 890 2419 960 placuit,
2448 890 2514 945 ad
2542 887 2772 945 insulam
2801 887 3299 944 Lindisfarnensem
3327 889 3530 954 venire,
3552 901 3595 944 et
3628 908 3708 948 rno-

2197 983 2438 1037 nasterio
2464 983 2856 1037 monachorum
2889 980 3091 1036 sociari
3117 980 3267 1036 fecit.
3298 981 3412 1048 Quo
3429 982 3707 1048 constitutus,

2199 1073 2485 1145 diligenter
2518 1089 2580 1128 ea
2629 1088 2751 1143 qua:
2793 1073 3111 1127 monasticae
3154 1071 3418 1126 castitatis
3458 1085 3516 1126 ac
3553 1073 3710 1142 pietati!

2198 1173 2359 1218 erant
2387 1163 2634 1218 ediscere
2674 1163 2901 1217 curabat
2942 1170 2999 1216 et
3038 1176 3217 1232 agere.
3255 1161 3322 1215 Et
3363 1162 3588 1231 quoniam
3612 1166 3711 1217 acris

2199 1265 2318 1309 erat
2344 1254 2562 1324 ingenii,
2593 1253 2780 1310 didicit
2805 1263 3012 1324 quanto
3042 1253 3206 1308 citius
3247 1253 3476 1324 psalmos
3501 1263 3549 1308 et
3568 1254 3713 1325 aliquot

2201 1347 2436 1412 codices,
2466 1347 2694 1403 necdum
2723 1347 2940 1416 quidem
2985 1356 3257 1414 attonsus,
3309 1360 3485 1400 verum
3529 1346 3594 1400 eis
3630 1363 3712 1415 qua

2205 1449 2424 1494 tonsura
2467 1439 2701 1508 majores
2740 1447 2866 1494 sunt
2891 1437 3204 1504 virtutibus,
3233 1437 3440 1492 scilicet
3469 1437 3714 1495 humilitate

2202 1541 2257 1587 et
2278 1527 2632 1597 obedienlim,
2681 1546 2786 1586 non
2831 1531 3181 1586 mediocriter
3217 1530 3511 1600 insignitus.
3552 1530 3713 1600 Propter

2204 1623 2346 1694 quod
2389 1639 2419 1679 a
2463 1623 2769 1680 senioribus
2794 1632 2850 1680 et
2875 1623 3164 1680 coaetaneis
3193 1623 3309 1678 suis
3345 1621 3485 1693 justo
3511 1622 3715 1680 colebatur

2205 1717 2420 1772 allectu.

2276 1809 2330 1863 7.
2363 1809 2421 1864 ln
2451 1823 2558 1880 quo
2605 1805 2934 1864 monasterio
2979 1821 3105 1862 cum
3152 1805 3364 1877 aliquot
3390 1805 3534 1860 annis
3562 1805 3717 1862 ChriSto

2208 1901 2460 1967 serviret,
2493 1901 2882 1958 animadvertit
2907 1900 3170 1970 paulatim
3209 1898 3536 1966 adolescens,
3557 1901 3716 1954 minimo

2207 1990 2503 2062 perlectam
2557 2008 2676 2049 esse
2722 1992 2942 2048 virtutis
2999 1992 3164 2058 viam,
3221 2006 3348 2062 quae
3402 1992 3662 2046 tradebatur
3697 2008 3717 2043 θ

2210 2084 2410 2150 Seotis,
2434 2071 2823 2156 proposuitque
2852 2084 3032 2140 animo
3054 2085 3288 2140 Romam
3312 2085 3509 2149 venire,
3527 2094 3572 2139 et
3590 2085 3657 2152 qui
3675 2086 3717 2136 ad

2208 2178 2391 2232 sedem
2429 2178 2786 2248 apostolicam
2819 2178 2954 2232 ritus
2977 2177 3340 2234 ecclesiastici
3386 2177 3494 2231 sive
3521 2186 3718 2229 Ittouaslc-

2210 2268 2373 2325 riales
2398 2279 2748 2325 servarentur
2781 2269 2983 2326 videre.
3016 2270 3169 2337 Quod
3196 2286 3324 2326 cum
3358 2268 3588 2324 fratribus
3607 2267 3719 2322 reler-

2211 2368 2316 2427 ret,
2354 2359 2470 2430 ejus
2521 2362 2856 2431 propositum
2890 2361 3274 2426 laudaverunt,
3310 2375 3529 2430 eumque
3557 2361 3718 2428 idqqu

2212 2459 2395 2507 mente
2437 2452 2779 2523 disposuerat
2807 2451 3072 2524 perlicere
3101 2454 3425 2509 suadebant.
3463 2452 3614 2508 Atille
3628 2469 3718 2506 cun-

2220 2549 2398 2606 lestim
2433 2551 2670 2628 veniens.
2697 2552 2764 2605 ad
2802 2550 3118 2621 praedictam
3159 2550 3431 2622 reginam,
3471 2549 3718 2604 indicat-itu

2213 2641 2543 2699 desiderium
2571 2643 2673 2699 sibi
2701 2643 2879 2698 inesse
2922 2640 3296 2712 apostolorum
3324 2642 3498 2697 limina
3523 2641 3718 2696 visitandi.

2213 2733 2343 2801 Qure
2395 2733 2662 2790 delectata
2704 2735 2848 2790 bono
2902 2733 3271 2790 adolescentis
3324 2732 3590 2803 proposito,
3621 2728 3720 2782 misti

2216 2825 2363 2879 illum
2416 2823 2662 2880 Cantiam
2714 2825 2782 2881 ad
2836 2841 3014 2897 regem
3061 2823 3496 2890 Erconbertum,
3542 2823 3614 2893 qui
3645 2833 3722 2875 πει

2217 2917 2360 2974 ﬁlius
2389 2919 2644 2974 avunculi
2675 2919 2782 2984 sui,
2815 2919 3098 2990 postulans
3133 2930 3192 2973 ut
3216 2933 3346 2974 eum
3380 2917 3582 2972 Romam
3605 2917 3721 2968 hono-

2220 3011 2370 3066 rilice
2397 3011 2818 3076 transmitteret,
2843 3027 2952 3082 quo
2985 3023 3231 3085 tempore
3267 3015 3340 3072 ibi
3371 3016 3572 3086 gradum
3597 3011 3721 3066 archi-

2221 3101 2564 3174 episcopatus
2584 3102 2878 3174 llonorius,
2908 3119 3049 3161 unus
3083 3121 3150 3161 ex
3179 3107 3459 3178 discipulis
3491 3104 3606 3160 beati
3624 3117 3724 3172 papa

519 3189 630 3249 Ιιιίιι
683 3209 840 3249 sum“
893 3209 922 3246 ιι
970 3191 1212 3247 lcnebris
1274 3186 1532 3244 νῖιῖοΐυηὶ
1580 3187 1897 3250 οάυοιιηυεν
1949 3199 2108 3254 quem
2141 3172 2182 3230 (ἶ
2219 3194 2491 3268 Gregorii,
2519 3197 2796 3262 servabat,
2829 3172 2912 3252 vir
2943 3198 2996 3253 in
3039 3199 3201 3253 rebus
3229 3172 3594 3256 ecclesiasticis
3614 3194 3724 3250 subli-

521 3287 766 3359 ejusdem
810 3284 1116 3340 eductionis
1164 3281 1542 3354 magisterium
1584 3279 1788 3335 habere
1829 3276 2110 3348 delegerit,

520 3393 613 3449 per
647 3376 906 3434 emissum
945 3374 1160 3431 etelitus
1191 3373 1368 3446 ignem
1398 3371 1720 3443 designavit.

592 3471 648 3528 5.
705 3468 1012 3534 Primurdia
1061 3481 1193 3538 ergo
1224 3467 1348 3521 vita:
1394 3465 1743 3521 beatissimus
1787 3461 1948 3518 Pater
1971 3459 2112 3516 κνη-

522 3565 702 3621 fridus
736 3570 902 3618 tanta:
950 3560 1251 3617 nobilitatis
1291 3561 1447 3632 signo
1489 3557 1782 3630 accipiens,
1816 3571 1939 3611 cum
1973 3565 2113 3610 esset

521 3655 646 3729 puer
697 3656 852 3714 bona:
887 3653 1104 3720 indolis,
1153 3653 1329 3710 eidem
1381 3650 1647 3707 nobilitati
1692 3665 1789 3706 sua
1843 3646 2111 3703 industria

524 3762 735 3803 morum
785 3745 1118 3801 nobilitatem
1150 3741 1517 3814 superaddere
1547 3739 1771 3796 studuit.
1807 3737 1960 3795 Unde
1986 3747 2117 3792 aeta-

524 3848 632 3896 tem
666 3839 909 3894 moribus
947 3837 1251 3903 transiens,
1294 3835 1366 3891 nil
1393 3833 1614 3906 puerilis
1647 3831 1908 3898 levitatis,
1935 3827 2011 3886 nil
2040 3831 2120 3886 in-

526 3930 770 3988 solentia:
799 3931 851 3985 in
877 3930 990 3985 suis
1028 3928 1268 3984 moribus
1295 3927 1583 3982 admittere
1604 3924 1808 3989 voluit;
1839 3921 1934 3978 sed
1964 3923 2035 3975 ita
2063 3936 2122 3977 se

527 4037 771 4098 tempore
814 4025 989 4082 adhuc
1033 4034 1235 4081 tenera:
1279 4023 1458 4078 :etatis
1505 4021 1747 4078 modeste
1792 4028 1846 4075 et
1883 4011 2120 4074 circum-

525 4128 710 4190 specte
751 4118 804 4174 in
848 4117 1098 4173 omnibus
1128 4112 1386 4189 gerebat,
1425 4121 1483 4168 ut
1521 4112 1714 4169 merito
1759 4126 1792 4166 a
1822 4109 2117 4180 majoribus

527 4209 683 4280 quasi
716 4223 852 4263 unus
875 4223 942 4263 ex
957 4207 1088 4279 ipsis
1112 4216 1408 4273 amaretur,
1435 4211 1806 4268 veneraretur,
1830 4201 2120 4273 amplecte-

529 4293 703 4356 retur.
737 4300 928 4355 Vultus
947 4301 1090 4354 enim
1119 4315 1326 4372 magnae
1349 4297 1648 4354 venustatis
1670 4339 1684 4363 ,
1718 4295 1810 4351 sed
1850 4295 1902 4351 in
1935 4295 2121 4351 habittt

531 4391 714 4447 vultus
737 4400 858 4446 erat
893 4391 942 4445 ei
989 4389 1158 4446 multo
1201 4389 1482 4445 venustior
1525 4399 1645 4447 mes
1681 4387 1986 4458 probitatis.
2014 4387 2122 4443 Fa-

533 4477 745 4552 ctindre,
777 4491 835 4538 ut
868 4483 917 4538 id
951 4483 1129 4539 astatis
1171 4493 1326 4539 tenor
1354 4482 1642 4539 admittere
1668 4489 1908 4552 poterat,
1941 4481 2122 4536 munia

2223 3288 2383 3343 miter
2413 3288 2712 3344 institutus.
2747 3289 2850 3346 Ubi
2896 3305 3019 3345 cum
3059 3290 3458 3363 aliquantisper
3495 3291 3724 3345 demoratus

2222 3377 2536 3434 adolescens
2559 3377 2725 3434 animi
2757 3381 2990 3451 sagacis,
3019 3380 3314 3451 diligenter
3331 3382 3395 3437 iis
3412 3378 3724 3452 ᾳυειιίιιςρίςίεο

2227 3470 2319 3524 bat
2375 3469 2648 3526 discendis
2688 3485 2913 3542 cperam
2961 3472 3498 3544 daret,.supervenit
3529 3472 3602 3526 illo
3633 3468 3723 3521 alius

2225 3559 2543 3618 adolescens
2578 3562 2796 3617 nomine
2825 3562 3040 3635 Biscop,
3073 3575 3433 3636 cognomento
3467 3562 3724 3620 Benedictus.

2223 3653 2290 3708 de
2347 3653 2620 3710 nobilibus
2675 3655 2999 3726 Anglorum,
3051 3657 3286 3726 cupiens
3327 3669 3380 3714 et
3433 3659 3536 3727 ipse
3568 3655 3724 3708 Romam

2224 3739 2429 3795 venire.
2463 3738 2636 3810 llujus
2659 3756 2789 3812 ergo
2825 3743 3103 3798 comitatui
3138 3759 3235 3800 rex
3271 3745 3479 3800 beatum
3497 3739 3724 3798 Wilfridum

2225 3837 2486 3905 sociavit,
2515 3846 2675 3909 atque
2715 3848 2774 3894 ut
2803 3837 2952 3894 illum
2991 3837 3224 3896 Romam
3271 3856 3451 3896 secum
3490 3836 3725 3910 perducent

2220 3930 2407 4001 jussit.

2295 4021 2350 4076 8.
2381 4021 2482 4089 Qui
2513 4036 2636 4077 eum
2666 4021 2984 4094 Lugdunum
3012 4022 3415 4094 pervenissent,
3451 4037 3477 4075 τι
3509 4011 3724 4074 venerabili

2230 4114 2439 4171 Daltino
2482 4108 2724 4187 ejusdem
2770 4116 3012 4172 civitatis
3062 4116 3474 4186 archiepiscopo
3515 4104 3726 4167 honoriﬁce

2227 4207 2463 4279 suscepti
2491 4217 2636 4265 sunt.
2669 4208 2954 4266 Wilfridus
2998 4223 3028 4262 a
3061 4208 3319 4280 pontiﬁce
3350 4208 3592 4265 detentus,
3616 4198 3726 4251 Bene

2229 4301 2406 4358 dictus
2452 4300 2682 4357 Romam
2730 4317 2904 4373 usque
2956 4301 3232 4371 prolectus
3275 4309 3380 4356 est.
3437 4291 3725 4353 Delectabatur

2229 4390 2433 4447 etenim
2487 4391 2715 4448 antistes
2769 4392 3056 4462 prudentia
3109 4393 3401 4447 verborum
3453 4375 3723 4443 strenuissimi

2222 4487 2460 4558 juvenis,
2504 4485 2676 4556 gratia
2710 4485 2923 4540 venusti
2972 4485 3176 4552 vultus,
3233 4485 3508 4540 alacritate
3547 4470 3724 4532 εειίογίε.

533 4577 752 4649 linguae,
795 4591 898 4632 non
943 4575 1249 4649 garrulitati
1294 4574 1382 4631 vel
1419 4574 1739 4630 detractioni
1785 4583 1878 4629 aut
1905 4583 2126 4630 conten-
2161 4548 2541 4634 Deorrstantia
2575 4591 2745 4630 necne
2777 4575 3093 4630 maturitate
3125 4548 3455 4630 intentionis.
3485 4567 3610 4625 Unde
3629 4572 3725 4629 qua“

533 4671 691 4740 tioni,
733 4670 828 4726 sed
869 4669 934 4725 iis
965 4683 1083 4740 qua
1121 4666 1213 4724 Dei
1257 4676 1382 4723 sunt
1419 4680 1633 4723 summo
1662 4665 1842 4723 studio
1873 4667 2127 4722 dedicare

533 4764 781 4820 curabat.

603 4853 639 4908 6
671 4851 769 4907 At
796 4860 1084 4924 postquam
1124 4843 1464 4922 perfectioris
1508 4849 1686 4905 aetatis
1728 4845 1907 4918 attigit
1931 4855 2126 4913 met-as,

533 4945 786 5004 defuncta
845 4953 1061 5012 matre,
1097 4943 1288 5000 statuit
1342 4941 1554 4999 natales
1601 4940 1908 5012 relinquere
1965 4943 2126 5005 lines,

533 5056 643 5112 quo
688 5038 913 5096 liberius
959 5046 1142 5110 posset
1172 5035 1384 5093 Domini
1432 5035 1670 5091 servitiis
1711 5049 1932 5106 operam
1971 5036 2124 5090 dare.

537 5131 692 5200 Quod
722 5131 812 5186 ubi
844 5131 986 5203 patri
1009 5147 1109 5186 suo
1133 5130 1346 5194 retulit,
1373 5129 1606 5182 libenter
1633 5125 1749 5196 ejus
1775 5129 1917 5184 votis
1945 5143 2008 5184 ac
2037 5127 2132 5184 de-

535 5225 754 5283 sideriis
769 5224 1086 5282 'ctelestibus
1107 5223 1316 5289 annuit,
1341 5235 1573 5289 eumque
1589 5219 1919 5276 salutaribus
1939 5222 2135 5291 cmpt'a

539 5320 793 5376 insistere
831 5316 1012 5388 jussit.
1065 5315 1166 5372 Ubi
1208 5330 1338 5371 vero
1358 5321 1613 5384 quartum
1646 5311 1915 5366 decimum
1960 5312 2136 5367 aetatis

538 5411 776 5483 explevit
804 5425 1002 5467 annum
1027 5451 1041 5475 ,
1085 5409 1376 5465 comitatus
1406 5403 1702 5462 munimine
1744 5403 1860 5466 Dtl.
1886 5403 2036 5459 venit
2069 5403 2137 5460 ad

541 5505 784 5577 reginam
833 5501 1145 5558 Eanfledam
1195 5500 1459 5556 nomine:
1509 5513 1537 5552 a
1589 5511 1705 5568 qua
1736 5496 1969 5565 benigne
2019 5511 2138 5552 sus.

541 5605 728 5668 ceptus
765 5603 822 5651 et
853 5592 1165 5664 aliquandiu
1198 5606 1396 5662 magno
1440 5605 1563 5644 cum
1607 5589 1812 5644 honore
1851 5588 2136 5654 detentus,
2183 5596 2186 5600 '

2229 4679 2338 4740 que
2383 4665 2690 4722 necessaria
2739 4664 2992 4732 habebat,
3031 4664 3132 4736 ipsi
3165 4680 3288 4720 cum
3326 4661 3482 4718 sociis
3507 4658 3616 4726 ejus,
3646 4651 3725 4702 dum

2230 4774 2414 4816 secum
2437 4773 2558 4814 esse
2586 4756 2859 4823 volebant,
2886 4757 3229 4812 abundanter
3259 4753 3533 4812 tribuebat.
3576 4744 3674 4813 Quin
3694 4746 3726 4791 ct

2231 4853 2392 4908 beato
2416 4849 2667 4906 Willrido
2692 4858 2899 4921 partem
2941 4865 3050 4905 non
3101 4851 3372 4906 modicam
3400 4844 3646 4902 Galliarqu
3671 4846 3723 4921 re

2232 4942 2460 5009 gendam
2513 4940 2728 5007 obtulit,
2781 4955 2844 4995 ac
2895 4940 3058 4996 liliam
3109 4940 3295 4996 fratris
3340 4939 3418 4995 sui
3448 4934 3676 5004 virginem.
3698 4920 3724 4973 si

2235 5035 2517 5106 coniugem
2540 5034 2740 5089 ducere
2763 5033 2942 5100 vellet,
2967 5034 3016 5090 ei
3043 5049 3102 5090 se
3129 5035 3253 5088 datu
3264 5049 3380 5088 rum
3408 5030 3513 5085 fore
3536 5015 3723 5106 promisit.

2239 5140 2509 5201 quatenus
2545 5129 2660 5200 ipse
2689 5129 2762 5184 illi
2806 5128 2860 5183 in
2892 5138 3124 5199 patrem,
3158 5137 3210 5184 et
3249 5127 3336 5182 ille
3380 5124 3473 5195 ipsi
3521 5124 3632 5182 casei.
3667 5105 3724 5201 “Ii

2242 5221 2623 5292 conimiclione
2667 5221 2720 5276 in
2761 5195 2951 5275 lilium.
2979 5222 3050 5276 At
3092 5221 3180 5276 ille
3205 5220 3404 5291 gratias
3440 5226 3580 5284 agens
3600 5195 3724 5278 pietati

2246 5329 2408 5385 quam
2437 5329 2566 5386 erga
2601 5329 2681 5380 se,
2711 5330 2832 5370 eum
2863 5315 3185 5385 peregrinus
3209 5313 3478 5373 existeret,
3500 5303 3725 5386 dignarelﬁf

2247 5405 2470 5474 habere,
2506 5382 2812 5475 'rcspondit
2865 5382 2968 5461 sibi
3017 5407 3189 5476 magis
3223 5402 3536 5476 propositum
3574 5382 3724 5444 alterius

2240 5498 2671 5555 conversationis
2695 5499 2894 5563 inesse,
2920 5507 2972 5552 et
2993 5497 3063 5552 ob
3089 5498 3190 5553 hec
3213 5495 3393 5552 relicta
3406 5488 3555 5563 patria
3569 5483 3722 5570 [totum

2243 5591 2323 5646 ire
2346 5592 2618 5662 Icmpissc.
2673 5590 2878 5658 Quibus
2919 5589 3146 5644 antistes
3187 5581 3398 5649 auditis,
3436 5582 3546 5635 dato
3583 5572 3724 5662 hinc“?

544 5687 776 5761 innotuit
813 5687 914 5742 sibi
947 5683 1286 5756 propositum
1321 5696 1432 5736 suae
1470 5679 1666 5735 mentis
1693 5679 1744 5733 in
1780 5693 1846 5734 eo
1883 5693 2142 5749 quampo-
2243 5681 2396 5746 duce,
2428 5654 2587 5737 simul
2612 5689 2660 5736 et
2689 5654 2756 5735 iis
2777 5695 2898 5752 qua:
2932 5688 3094 5735 tanta:
3125 5679 3221 5733 via:
3247 5671 3522 5731 necessitas
3542 5654 3722 5761 μοςεξδπ

543 5767 815 5837 tissimum
841 5786 960 5835 esse
983 5819 996 5844 ,
1036 5789 1096 5832 ut
1127 5774 1313 5830 relicto
1341 5771 1540 5830 saeculo
1568 5769 1661 5826 Dei
1704 5785 1764 5826 se
1807 5770 2140 5840 manciparet

2243 5771 2462 5842 copiose
2509 5771 2792 5843 impensis,
2829 5771 3004 5842 ipsum
3055 5768 3274 5825 Romam
3305 5755 3584 5821 transmisil.
3619 5744 3721 5797 (³⁵⁵⁸⁸
