3870 6304
481 338 595 392 719

1490 332 1792 388 EADMERI
1820 330 2375 389 CANTUABIENSlS
2416 308 2719 391 nossem
3622 340 3704 396 πο

481 451 811 504 Colmanuus
837 464 888 503 tn
915 453 1122 502 sectam
1152 442 1435 499 amborum
1457 441 1749 515 sedemque
1780 447 2062 508 successit,
2098 452 2142 507 Α
2171 444 2455 501 calumniis
2500 444 2809 501 observatio
2845 444 3034 501 libera.
3088 444 3243 513 Quod
3287 449 3333 505 si
3372 462 3433 503 ea
3462 464 3557 519 qua
3595 452 3707 507 uite-

484 542 636 613 eajus
668 540 1001 610 temporibus
1041 537 1261 609 gravior
1298 537 1364 591 de
1393 536 1633 606 paschali
1683 536 2065 591 observatione

485 645 648 705 atque
673 632 795 687 aliis
819 630 1199 687 ecclesiastica:
1220 628 1344 684 vita:
1374 628 1671 699 disciplinis
1697 626 2065 682 controversia

486 738 695 783 versata
733 734 835 780 est.
884 724 1226 793 Quapropter
1256 721 1451 775 merito
1486 722 1651 774 movit
1684 719 1795 774 lucc
1838 720 2066 790 qumstio

483 833 675 875 sensus
704 825 758 871 et
787 814 947 871 corda
972 814 1284 878 multorum,
1321 813 1627 867 timentium
1675 826 1741 866 ne
1780 811 1922 867 forte
1971 826 2063 865 ac-

482 918 640 981 cepto
666 906 1093 964 Christianitatis
1116 904 1379 959 vocabulo
1410 904 1464 959 in
1511 918 1739 958 vacuum
1783 910 2067 958 currerent

481 1000 991 1057 auteucurrisscut.
1040 999 1295 1054 Pervenit
1351 1004 1406 1053 et
1454 997 1520 1051 ad
1564 996 1706 1065 ipsas
1756 993 2064 1065 principum

480 1110 662 1159 aures,
690 1092 856 1148 Oswii
886 1092 1138 1146 videlicet
1166 1091 1309 1161 regis
1338 1090 1540 1159 filiique
1565 1090 1681 1158 ejus
1704 1087 2068 1155 Alfridi,quo-

482 1202 599 1241 rum
633 1187 839 1257 primus
872 1183 1099 1239 aScotis
1120 1182 1345 1238 edoctus
1373 1190 1539 1252 atque
1594 1181 1844 1250 baptismi
1885 1194 2067 1235 sacra-

480 1278 679 1333 mentis
734 1275 993 1339 imbutus,
1026 1274 1158 1328 nihil
1213 1272 1450 1329 melioris
1510 1273 1770 1343 propositi
1829 1272 2065 1327 existere

479 1382 638 1439 posse
679 1366 953 1431 credebat,
980 1380 1143 1434 quam
1194 1364 1336 1434 quod
1377 1380 1404 1417 a
1438 1364 1550 1419 suis
1580 1362 1889 1419 doctoribus
1912 1378 2067 1418 acce-

480 1466 657 1528 perat.
712 1456 880 1510 Porro
925 1468 1160 1524 sequens
1206 1449 1436 1524 potioris
1489 1452 1611 1508 fidei
1639 1451 1919 1524 privilegio
1950 1454 2063 1523 pri-

480 1566 625 1604 mum
680 1550 1009 1619 prtercdens,
1062 1546 1317 1601 Romanae
1360 1555 1413 1601 et
1466 1545 1788 1601 universalis
1813 1545 2067 1601 Ecclesia:

479 1644 646 1696 ritum
674 1640 929 1696 omnibus
975 1647 1249 1693 antestare
1300 1648 1475 1693 ratum
1504 1637 1754 1692 habebat.
1786 1637 2064 1709 Siquidem

478 1730 977 1786 Christianissimus
1008 1738 1058 1783 et
1082 1728 1427 1784 doctissimus
1453 1728 1535 1782 vir
1568 1728 1868 1792 Wilfridus.
1897 1728 1987 1800 qui
2012 1736 2066 1783 et

2170 537 2246 592 ris
2268 537 2447 593 minus
2469 536 2624 592 firma
2650 538 2977 594 auctoritate
3000 538 3173 595 victus
3195 540 3481 605 exstiteris,
3506 543 3709 611 profecto

2170 641 2271 682 nec
2313 644 2419 695 me,
2467 643 2569 684 nec
2612 629 2906 699 quemlibet
2932 646 3176 686 meorum
3204 640 3305 688 tua:
3326 643 3480 688 secta:
3520 634 3708 693 ulterius

2168 729 2496 776 sectatorem
2525 722 2772 777 habebis.
2808 741 2827 776 ι

2242 811 2329 865 15.
2372 810 2508 865 Τυιη
2539 811 2865 868 Colmannus
2895 829 2910 868 :
2948 832 2967 866 ‹
3004 812 3239 881 Pascha,
3265 814 3456 903 inquit,
3486 832 3513 870 a
3545 830 3703 887 quarta

2170 902 2380 958 decima
2411 903 2536 958 luna
2584 920 2755 976 usque
2805 906 2873 961 ad
2922 908 3239 962 vicesimam
3296 902 3636 973 celebramus,
3670 923 3711 966 et

2167 993 2546 1049 celebrandum
2615 996 3043 1062 confirmamus,
3096 1005 3151 1052 et
3195 996 3269 1052 ita
3338 997 3451 1053 ﬁeri
3503 1009 3711 1068 oportere

2172 1085 2362 1141 valida:
2394 1086 2734 1142 auctoritatis
2764 1089 3109 1144 firmamento
3156 1089 3581 1158 comprobamus.
3602 1089 3709 1146 Bea-

2172 1176 2414 1233 tissiinus
2460 1178 2659 1233 etenim
2708 1177 2950 1234 Joannes
2994 1179 3271 1250 apostolus
3302 1189 3356 1233 et
3405 1180 3710 1251 evangelista,

2170 1269 2381 1325 Domini
2412 1270 2537 1325 Jesu
2578 1280 2687 1325 tam
2714 1271 3001 1327 familiaris
3021 1272 3270 1339 conviva,
3297 1280 3357 1325 ut
3381 1286 3537 1342 supra
3563 1290 3599 1344 p
3620 1288 3711 1330 ctns

2172 1360 2341 1430 ipsius
2369 1361 2421 1415 in
2452 1360 2617 1417 Coena
2647 1362 2981 1427 recubuerit,
3031 1364 3221 1417 eodem
3274 1379 3383 1434 quo
3427 1380 3520 1418 nos
3559 1366 3710 1419 ordine

2170 1453 2300 1507 illud
2329 1453 2644 1519 celebravit,
2674 1463 2727 1509 et
2772 1453 2825 1508 in
2850 1454 3101 1509 omnibus
3122 1455 3324 1524 quibus
3346 1453 3710 1526 prariuilEt'cie-

2171 1546 2265 1601 siis
2295 1545 2677 1601 celebrandum
2707 1546 2824 1601 fore
2856 1562 2949 1602 sua
2984 1547 3311 1602 auctoritate
3344 1548 3581 1616 praefixit.
3625 1546 3709 1602 lloc

2170 1652 2267 1707 per
2298 1637 2694 1692 successionem
2732 1638 3059 1709 prudentum
3103 1646 3156 1693 et
3187 1653 3345 1709 seque
3389 1640 3711 1695 sanctissimo-

2173 1743 2290 1782 rum
2336 1727 2577 1783 virorum
2620 1729 2687 1783 ad
2727 1744 2825 1783 nos
2867 1743 3039 1797 usque
3076 1727 3373 1799 Pcrlatum,
3400 1729 3499 1785 hoc
3541 1739 3706 1784 nostro-

480 1821 1877 1894 floma:(utpraediximus)ecclesiasticaedisciplinae
1899 1820 2063 1877 multa
2101 1827 2142 1885 Β
2175 1835 2293 1874 rum
2345 1820 2591 1876 doctrina
2638 1818 2905 1890 majorum
2952 1821 3003 1875 in
3058 1820 3215 1876 nobis
3270 1821 3451 1875 stabili
3502 1821 3709 1876 ﬁrmitate

480 1919 801 1972 documenta
833 1924 1143 1984 acceperat,
1172 1923 1227 1968 et
1278 1931 1442 1984 penes
1473 1914 1738 1969 Dalfinum
1767 1914 2063 1971 Galliarum

477 2005 787 2076 pontificem
830 2004 1077 2076 Lugduni
1127 2006 1399 2061 nonnullis
1452 2005 1689 2062 imbutus
1753 2008 2061 2069 exstiterat,

476 2113 599 2152 eum
634 2112 732 2152 suo
762 2096 1075 2167 magisterio
1109 2096 1415 2152 rationabili
1459 2107 1623 2168 atque
1653 2098 1919 2153 catholica
1944 2115 2061 2153 eru-

477 2189 682 2245 ditione
711 2189 1121 2250 informaverat.
1158 2203 1219 2242 ac
1248 2188 1595 2244 informatum
1645 2190 1791 2244 omni
1837 2206 2063 2260 scrupu-

479 2280 697 2336 lositate
720 2280 931 2336 sublata
966 2279 1019 2334 in
1048 2296 1191 2336 verae
1239 2280 1361 2335 ﬁdei
1401 2280 1695 2336 stabilitate
1734 2281 2063 2335 firmaverat.

476 2371 620 2427 Mota
649 2385 777 2441 ergo
807 2372 889 2441 (ut
916 2369 1125 2441 praefati
1154 2369 1363 2441 sumus)
1402 2370 1701 2441 quaesﬁone
1730 2371 1797 2426 de
1823 2372 2062 2441 paschali

475 2466 877 2529 observatione,
908 2465 1226 2534 dispositum
1274 2474 1390 2531 est,
1425 2473 1482 2518 ut
1515 2466 1753 2536 synodus
1802 2465 1917 2536 cogi
1944 2506 1958 2529 ,
2012 2476 2069 2521 ct

477 2559 597 2614 haec
626 2558 854 2629 quaestio
892 2557 1113 2613 deberet
1161 2556 1406 2611 ventilari
1447 2558 1854 2628 terminat-ique.
1902 2556 2066 2613 Vene-

478 2657 713 2718 runtque
764 2647 855 2702 illo
908 2662 1063 2720 rcges
1117 2647 1299 2711 ambo,
1348 2656 1506 2718 pater
1555 2647 1763 2702 scilicet
1819 2655 1873 2702 et
1902 2647 2063 2715 filius,

478 2752 807 2807 magnopere
857 2736 1217 2809 deprecantes
1260 2746 1318 2792 ut
1366 2738 1445 2793 eis
1501 2738 1693 2793 adesse
1750 2738 2068 2809 dignaretur

475 2828 713 2900 Spiritus
740 2838 988 2885 sanctus.
1040 2829 1201 2885 Venit
1230 2828 1412 2899 itaque
1437 2828 1549 2898 jam
1592 2828 1772 2885 dictus
1796 2831 2069 2886 Ailbertus

476 2922 731 2989 antistes,
760 2922 952 2978 Alfridi
978 2924 1123 2993 regis
1149 2922 1379 2988 amicus,
1406 2937 1527 2976 cum
1556 2922 1714 2978 beato
1735 2923 1990 2980 Wilfrith
2015 2935 2069 2981 ct

475 3029 574 3070 suo
600 3015 885 3087 Agathone
911 3016 1280 3086 presbyteris:
1316 3026 1504 3070 contra
1564 3033 1703 3086 quos
1733 3018 2069 3076 Colmanuus

474 3123 597 3164 cum
626 3106 739 3163 suis
767 3108 981 3163 clericis
1002 3108 1172 3171 venit,
1195 3118 1247 3160 et
1280 3107 1485 3161 llildem
1512 3108 1860 3176 abbatissam,
1905 3120 2068 3168 sectae

2174 1912 2479 1977 fundatum,
2514 1911 2617 1969 hoc
2646 1926 2675 1965 a
2708 1911 2864 1966 nobis
2887 1910 3122 1966 antehae
3158 1910 3457 1966 inviolabili
3502 1912 3708 1965 observa.

2171 2004 2317 2058 tione
2345 2013 2642 2067 servatum,
2675 2010 2729 2058 et
2756 2003 3036 2057 firmamus
3067 2001 3212 2057 nulla
3241 2004 3451 2058 ratione
3492 2018 3585 2057 non
3616 2016 3706 2058 esse

2170 2096 2519 2152 servandum.
2555 2114 2574 2149 ι

2244 2187 2330 2241 16.
2371 2185 2488 2254 Quo
2517 2185 2629 2242 haec
2654 2194 2707 2241 et
2735 2185 3044 2257 hujusmodi
3071 2184 3332 2241 nonnulla
3354 2185 3570 2252 dicente,
3584 2184 3706 2257 jussit

2171 2295 2265 2335 rex
2297 2289 2351 2334 et
2378 2278 2680 2335 Aiibertum
2706 2294 2817 2334 suae
2846 2292 3051 2333 morem
3105 2277 3503 2333 observationis
3545 2279 3589 2331 in
3627 2294 3705 2329 no-

2171 2374 2317 2428 dium
2346 2372 2613 2443 proferre,
2670 2382 2729 2428 ut
2779 2372 3015 2428 sciretur
3059 2386 3168 2442 quo
3209 2371 3499 2441 principio,
3538 2368 3707 2437 Clljlls‘to

2172 2466 2434 2521 niteretur
2460 2465 2802 2520 auctoritatis
2833 2463 3199 2520 institutione.
3226 2463 3522 2533 Respondit
3544 2462 3705 2516 Aillier-

2173 2566 2318 2611 tus:
2372 2575 2390 2608 ι
2437 2554 2747 2626 Loquatur,
2790 2554 3055 2620 obsecr-0,
3122 2555 3238 2609 vice
3297 2568 3417 2608 mea
3476 2550 3705 2607 Wiifzidss

2171 2647 2475 2718 presbyter,
2504 2645 2633 2716 quia
2688 2661 2853 2701 unum
2898 2646 3059 2699 ambo
3098 2645 3344 2716 sapimus
3383 2658 3501 2699 cum
3544 2641 3705 2698 exteris

2172 2739 2261 2810 qui
2290 2740 2378 2794 hic
2409 2739 2649 2795 assident
2676 2738 3065 2794 ecclesiastica:
3099 2738 3414 2793 traditionis
3440 2736 3701 2797 cultoribus;

2170 2846 2226 2893 et
2248 2836 2337 2892 ille
2367 2835 2561 2892 melius
2602 2851 2666 2892 ac
2698 2834 3042 2890 manifestius
3077 2834 3193 2907 ipsa
3224 2833 3412 2905 lingua
3442 2832 3701 2903 Anglorum,

2171 2944 2336 3001 quam
2394 2941 2495 2997 ego
2524 2941 2621 2997 per
2649 2926 3029 2996 interpretem,
3078 2934 3259 2998 potest
3314 2923 3586 2995 explanare
3616 2935 3702 2991 qua:

2171 3021 2456 3077 sentimus.
2478 3036 2497 3071 ι
2530 3018 2681 3074 Tunc
2709 3018 2997 3095 Wilfridus
3025 3018 3091 3073 ad
3109 3016 3327 3086 jussum
3350 3017 3488 3085 regis
3507 3028 3700 3075 erorsus,

2170 3113 2527 3169 Culmaunum
2579 3126 2686 3166 non
2735 3110 2897 3166 modo
2959 3109 3291 3166 auctoritate
3351 3109 3488 3165 beati
3530 3104 3701 3162 Joannis

475 3213 588 3252 sua:
615 3197 924 3261 fautricem,
944 3212 1065 3250 cum
1081 3195 1200 3252 aliis
1226 3195 1467 3266 pluribus
1498 3214 1681 3254 secum
1714 3199 1765 3254 in
1793 3201 2060 3271 synodum
2093 3188 2133 3245 C
2170 3204 2306 3261 falso
2332 3204 2431 3263 niti
2448 3212 2633 3276 aperta
2664 3202 2876 3259 ratione
2900 3201 3247 3268 monstravit,
3277 3216 3464 3257 verum
3485 3210 3534 3256 et
3556 3208 3702 3255 contra

476 3289 649 3345 duxit.

549 3381 637 3436 14.
675 3378 908 3436 Silentia
941 3381 1121 3451 itaque
1153 3381 1315 3448 facto,
1363 3381 1537 3452 primo
1568 3397 1657 3437 rex
1687 3381 1897 3439 Oswius
1933 3399 2067 3454 ιιι-ω-

476 3471 682 3527 latione
703 3469 978 3540 praemissa
1008 3470 1099 3525 tali
1124 3470 1296 3527 fertur
1323 3472 1482 3526 modo
1533 3470 1745 3525 locutus
1773 3489 1785 3525 :
1826 3489 1844 3522 ί
1874 3471 2067 3527 llacte-

476 3577 599 3630 nus,
636 3561 827 3617 Patres
850 3562 1163 3631 venerandi,
1193 3563 1427 3619 schisma
1470 3563 1522 3618 in
1574 3562 1832 3619 Ecclesiis
1861 3564 2064 3620 Christi

476 3663 726 3711 exortum
763 3669 829 3709 eo
858 3655 1121 3726 quosdam
1152 3656 1330 3711 minus
1362 3656 1579 3711 veritati
1632 3657 1910 3713 studentes
1934 3673 2058 3727 pcr-

477 3748 652 3811 duxit.
683 3756 744 3801 ut
771 3748 855 3803 bis
883 3748 936 3802 in
967 3763 1108 3804 anno
1139 3749 1305 3819 (quod
1328 3749 1474 3805 dictu
1517 3765 1731 3820 quoque
1771 3750 1922 3807 nefas
1944 3766 2066 3807 esse

476 3837 761 3907 probatur)
812 3847 1059 3893 sanetum
1106 3837 1315 3894 Pascha
1365 3839 1435 3893 sit
1491 3838 1845 3894 celebratum.
1899 3841 2087 3912 Cujus

479 3942 660 3986 tamen
690 3930 767 3986 rei
802 3945 1022 3987 causam
1070 3930 1210 3987 bene
1263 3931 1736 3988 considerantibus
1779 3948 1885 3987 uou
1930 3937 2064 3989 adeo

479 4024 675 4080 mirum
707 4026 941 4080 videtur.
974 4024 1113 4079 Dum
1134 4024 1278 4080 enim
1306 4022 1407 4092 ipsi
1439 4024 1637 4080 arietes
1662 4024 1766 4078 iter
1787 4024 2062 4080 diversum

476 4116 769 4187 arripiunt,
845 4130 1035 4187 greges
1087 4116 1253 4172 etiam
1310 4125 1432 4187 post
1491 4131 1551 4172 se
1605 4115 1781 4172 diviso
1848 4117 2066 4171 tramite

479 4208 716 4278 rapiunt.
748 4206 850 4263 Ubi
879 4208 1036 4278 plane
1059 4208 1333 4263 miseriam
1363 4218 1441 4264 est
1475 4207 1681 4275 videre,
1711 4225 1833 4266 cum
1863 4210 1930 4264 ad
1980 4224 2066 4263 re-

478 4318 642 4373 gnum
671 4302 758 4356 via
790 4301 1004 4357 sibimet
1039 4304 1310 4358 coutraria
1340 4303 1586 4370 tendunt,
1634 4319 1741 4375 quo
1792 4304 2063 4361 communi

480 4391 762 4463 proposito
793 4392 914 4447 fidei
962 4408 1257 4464 properare
1303 4397 1674 4452 contendunt:
1703 4406 1756 4452 et
1796 4397 1888 4467 qui
1921 4396 2064 4451 viam

480 4484 817 4539 individuam
846 4482 1196 4554 perveniendi
1229 4486 1295 4540 ad
1336 4486 1500 4541 vitam
1527 4485 1866 4542 solummodo
1904 4484 2063 4540 Chri-

480 4582 624 4631 stum
660 4583 959 4629 noscuntur
987 4573 1207 4643 habere,
1244 4574 1509 4632 absonum
1557 4576 1714 4631 valde
1744 4575 2064 4630 absurdum-
2102 4555 2144 4606 ί)

479 4682 587 4737 que
617 4665 735 4722 fore
765 4666 1127 4738 dignoscitur,
1180 4667 1355 4738 ipsum
1404 4668 1680 4724 Christum
1718 4667 1770 4722 in
1803 4666 1916 4722 suis
1954 4681 2069 4738 ng-

478 4760 659 4815 steriis
684 4758 821 4813 velle
842 4758 1060 4814 dissona
1090 4759 1471 4816 observatione
1501 4760 1761 4815 dividere.
1795 4758 1868 4813 Ea
1909 4773 1968 4813 re
2012 4759 2064 4813 in

478 4849 619 4904 hanc
642 4863 726 4903 me
753 4849 1079 4903 sententiam
1108 4847 1225 4919 ipsa
1253 4849 1481 4905 rationis
1511 4848 1809 4904 necessitas
1852 4847 2069 4917 potissi-

480 4956 626 4997 mum
666 4942 836 5005 duxit,
888 4950 1158 5013 quatenus
1212 4944 1494 5015 utriusque
1538 4946 1710 5016 partis
1750 4942 2066 5002 defensores

481 5047 585 5087 una
616 5033 801 5088 venire
824 5032 999 5102 jussio
1021 5042 1206 5090 nostra
1235 5037 1649 5108 constringeret,
1678 5052 1785 5109 quo
1816 5042 2069 5109 utrinque

481 5124 691 5180 ratione
732 5124 938 5189 audita,
993 5125 1121 5196 quid
1169 5128 1526 5197 sequendum,
1576 5129 1704 5199 quid
1750 5129 2065 5201 fugiendum

479 5215 572 5279 sit,
602 5215 851 5273 discusso
876 5233 1065 5275 errore
1094 5235 1359 5291 queamus
1385 5219 1673 5291 inspicere.
1730 5220 2069 5294 Quapropter

482 5318 562 5374 tu,
600 5307 920 5375 Colmanne,
951 5312 1041 5381 qui
1071 5314 1347 5384 praecipue
1374 5323 1563 5368 contra
1609 5328 1812 5369 morem
1847 5314 2065 5369 univer-

480 5400 611 5456 salis
636 5399 895 5458 ECclesiae
916 5401 1121 5457 Pascha
1152 5404 1433 5459 celebrare
1460 5418 1491 5457 a
1533 5404 1807 5459 nonnullis
1864 5403 2066 5457 calum-

482 5494 675 5563 niaris,
740 5511 920 5552 causa:
973 5508 1096 5564 tuae,
1153 5497 1394 5567 inquam,
1428 5506 1482 5553 et
1507 5511 1607 5567 ego
1656 5507 1832 5552 tecum
1872 5496 2071 5549 similis

479 5588 882 5645 observationis
906 5603 1194 5658 coarguor,
1224 5589 1402 5660 primo
1451 5599 1823 5662 pr0puguator
1844 5587 2067 5653 assiste;

480 5689 752 5752 quatenus
804 5680 1126 5735 auctoritate
1178 5664 1286 5750 qua
1339 5680 1531 5735 nititur
1582 5679 1787 5751 agnita,
1841 5678 1887 5735 si
1922 5686 2072 5732 tanta

483 5779 589 5837 est,
616 5770 713 5827 lat
741 5766 938 5826 sinodo
964 5778 1150 5825 nostra
1177 5771 1281 5828 sub
1305 5769 1492 5828 eadem
1518 5769 1836 5825 auctoritate
1854 5784 1882 5823 a
1909 5768 2074 5825 tantis

2167 3295 2435 3352 Joannem
2484 3304 2540 3351 et
2584 3304 2773 3350 contra
2827 3293 3001 3366 legem
3059 3300 3116 3349 et.
3160 3291 3530 3365 Evangelium,
3575 3303 3703 3345 necne

2171 3392 2475 3447 doctrinam
2500 3387 2889 3458 apostolorum,
2944 3388 3052 3442 imo
3097 3396 3153 3444 et
3200 3398 3397 3443 contra
3440 3381 3702 3440 universalis

2168 3480 2423 3535 Ecclesiae
2454 3492 2661 3532 morem
2695 3492 2817 3531 eum
2868 3478 3072 3531 sentire
3115 3477 3167 3532 in
3217 3476 3459 3547 paschali
3497 3474 3699 3528 obsona-

2169 3571 2317 3626 tione
2348 3568 2617 3641 probavit.
2656 3566 2832 3634 Quam
2858 3567 3235 3638 probationem
3288 3567 3488 3623 idcirco
3513 3565 3701 3620 scribere

2166 3661 2592 3732 supersedimus,
2626 3676 2693 3714 ne
2720 3658 2772 3713 itt
2803 3674 2860 3712 re
2883 3659 3010 3713 huic
3036 3659 3301 3729 opusculo
3326 3674 3429 3714 non
3455 3653 3699 3712 necessaria

2167 3752 2385 3823 aliquod
2445 3752 2721 3807 fastidium
2768 3749 3075 3818 legentibus
3126 3749 3473 3807 inferremus.
3515 3747 3565 3804 Si
3611 3745 3699 3815 quis

2168 3854 2349 3899 autem
2396 3860 2516 3900 eam
2567 3842 2728 3909 velit,
2783 3843 2837 3897 in
2889 3853 3114 3909 nostrai,
3159 3843 3268 3898 hoc
3314 3853 3397 3899 est
3445 3838 3698 3911 Anglorum.

2168 3938 2346 4008 gentis
2371 3936 2598 3992 historia
2623 3935 2938 4007 requisitam
2966 3935 3226 3991 inveniet.
3242 3935 3360 3992 llac
3381 3949 3503 4007 ergo
3527 3932 3696 3988 omissa.

2171 4028 2333 4082 vitam
2366 4027 2508 4082 beati
2541 4026 2667 4091 viri,
2706 4035 2765 4080 ut
2794 4026 3081 4095 coepimus,
3110 4027 3307 4081 ordine
3342 4035 3696 4096 prosequamur,

2169 4128 2324 4189 prout
2354 4117 2487 4187 ipse,
2514 4118 2581 4171 de
2604 4132 2711 4187 quo
2744 4115 3037 4185 loquimur,
3064 4130 3162 4171 nos
3189 4117 3451 4183 adjuvare
3481 4113 3694 4184 dignatur.

2168 4210 2348 4265 Finito
2392 4208 2644 4265 conflictu
2698 4208 3156 4277 eontentioneqne
3209 4208 3421 4273 soluta,
3482 4206 3695 4260 Ailbertus
3788 4280 3789 4287 γ

2167 4304 2386 4360 domum
2410 4302 2602 4364 rediit;
2624 4300 2958 4357 Colmannus
2980 4315 3131 4366 vero,
3160 4314 3273 4355 sure
3297 4299 3693 4369 sedisepiscopafu

2168 4396 2395 4452 dimisso
2435 4436 2448 4457 .
2510 4393 2750 4450 Scotiam
2811 4394 3003 4464 petiit,
3071 4395 3328 4463 quoniam
3382 4386 3696 4448 ecclesiasticis
3784 4376 3787 4464 ς

2171 4488 2555 4545 traditionibus
2594 4502 2721 4543 suas
2768 4486 3090 4543 traditiones
3139 4498 3463 4559 postponere
3487 4483 3643 4541 noluit.

2246 4579 2334 4634 l7.
2370 4577 2467 4634 Vir
2506 4588 2693 4633 autem
2743 4576 2958 4633 Domini
3015 4575 3303 4633 Wilfridus
3329 4594 3395 4632 cx
3425 4580 3517 4632 hoc
3541 4582 3692 4640 magna

2176 4673 2313 4743 apud
2337 4686 2525 4726 omnes
2560 4678 2642 4725 est
2672 4669 3012 4727 venerationi
3046 4670 3305 4727 habitus:
3342 4671 3529 4742 quippe
3547 4665 3619 4736 qni
3654 4670 3689 4714 et

2175 4764 2372 4819 divinis
2396 4763 2793 4818 eruditionibus
2818 4762 3080 4832 praeclare
3112 4764 3437 4827 iml:utns,et
3467 4756 3690 4816 Doininicis
3776 4788 3777 4832 ὴ

2176 4857 2561 4927 comprobatus
2587 4866 2705 4911 erat
2726 4856 2981 4926 operibus
3008 4856 3292 4927 magnifice
3313 4854 3483 4909 fultus.
3510 4851 3689 4919 Quapro-

2177 4957 2296 5019 pter
2334 4964 2363 5001 a
2405 4961 2529 5017 rege
2561 4946 2771 5003 Alfi-ide
2814 4945 2977 5002 totius
3032 4947 3205 5018 plebis
3266 4944 3619 5004 acclamatione
3643 4934 3687 4989 ad
3772 4996 3773 5019 ἢ

2175 5038 2545 5112 pontificatum
2581 5039 2827 5110 eligitur;
2877 5039 2974 5094 sed
3020 5040 3134 5110 ipse
3163 5040 3309 5112 gravi
3359 5028 3687 5093 reciamationil

2174 5132 2363 5189 adnisu
2394 5146 2463 5189 ne
2484 5131 2536 5187 id
2562 5130 2656 5187 fiat
2704 5131 2972 5188 obsistere
3018 5130 3229 5187 nititur.
3270 5130 3501 5186 Tandem
3541 5127 3685 5191 imm"
3768 5152 3769 5191 l

2181 5224 2411 5279 tuuitate
2438 5223 2681 5278 omnium
2735 5222 2947 5288 vietus,
3005 5222 3059 5277 id
3112 5239 3143 5278 a
3190 5238 3315 5292 rege
3362 5219 3550 5292 petivit,
3579 5224 3681 5267 nes:

2173 5314 2478 5371 inordinate
2526 5313 2769 5369 ordinari
2807 5314 2861 5370 in
2918 5314 3181 5370 Brittania
3240 5314 3587 5385 permitteret:
3622 5316 3679 5355 τε·

2175 5420 2293 5460 rum
2316 5414 2373 5459 ut
2410 5411 2558 5459 tanta
2611 5419 2698 5459 res
2746 5405 3043 5460 secundum
3080 5405 3318 5460 instituta
3364 5411 3595 5458 canonum
3613 5406 3676 5445 ex-

2174 5496 2308 5567 pleri
2342 5495 2566 5559 valeret,
2597 5496 2961 5551 ordinandum
3026 5511 3149 5552 sese
3213 5498 3264 5551 in
3292 5493 3504 5550 Calliam
3554 5485 3675 5540 ωἱιιο·

2175 5594 2280 5640 ret.
2316 5584 2652 5640 Venerabilis
2697 5600 2893 5655 nempe
2943 5586 3229 5641 Deusdedit
3270 5593 3461 5639 sancte
3502 5578 3674 5634 Cantus-

2176 5676 2370 5732 riensis
2440 5674 2698 5731 Ecclesia:
2773 5676 3220 5749 archiepiscopus
3267 5674 3378 5745 jam
3439 5670 3545 5728 huic
3589 5662 3669 5715 τίιε

2177 5766 2487 5824 subtractus
2542 5765 2757 5836 fuerat,
2786 5781 2886 5826 nec
2929 5769 2984 5824 in
3029 5778 3142 5826 tota
3172 5767 3424 5823 Brittania
3458 5761 3666 5833 spisso?“

3762 5264 3767 5431 β
