3870 6304
168 348 264 404 ται
1463 341 1619 398 Vtra
1662 344 1719 400 s.
1770 345 2107 401 WiLraInt.

3316 346 3420 399 72‘!

160 458 355 531 .aliquis
379 451 635 514 canonice
659 455 945 512 ordinatus
974 463 1274 524 supererat,
1320 464 1547 526 excepto
1571 456 1733 512 Wiue
1764 465 1808 522 Α
1838 474 1997 515 causa
2036 469 2250 515 vetante
2276 460 2620 515 conﬁrmant.
2652 457 2793 527 Quid
2836 459 2999 530 igitur
3028 457 3224 528 negotii
3271 469 3426 512 tenor

180 550 560 613 o-cideutalium
609 547 888 603 Saxonum
936 548 1210 619 episcopo.
1264 546 1539 604 Ailbertus
1570 550 1737 620 siqni-

178 646 306 707 dem,
332 642 477 711 cujus
499 640 653 710 paulo
676 648 801 695 ante
829 638 1198 702 meminimus,
1232 638 1418 693 relicta
1448 639 1732 706 Brittania,

177 733 439 791 Parisiaca:
460 730 697 786 civitatis
721 728 1094 801 episcOpatim
1149 731 1372 786 sortitus
1410 740 1547 785 erat.
1595 731 1731 787 Cum

179 823 411 891 igiturita
440 836 495 875 se
517 835 603 875 res
626 821 879 886 habebat,
902 821 1045 890 quod
1094 820 1383 890 petebatur
1411 836 1504 875 rex
1552 837 1734 883 prom-

178 913 398 985 ptissime
422 912 628 978 annuit,
653 921 706 966 et
739 911 965 966 consilio
988 914 1160 982 patris
1189 913 1270 967 Sui
1298 910 1464 967 Oswii
1508 912 1732 967 beatum

181 1004 379 1058 Patrem
402 1002 466 1055 ad
491 1016 670 1070 regem
714 999 1010 1056 Galliarum
1048 1001 1264 1066 direxit,
1292 1016 1489 1071 rogans
1541 1011 1596 1056 et
1643 1000 1738 1056 ob-

176 1108 378 1149 secraus
406 1103 670 1163 quatenus
696 1092 870 1146 virmn
897 1092 1195 1149 honoriﬁce
1227 1094 1551 1163 susciperet,
1571 1101 1736 1162 atque

176 1188 222 1241 in
272 1184 488 1255 gradum
543 1182 889 1252 pontiﬁcatus
943 1199 1040 1239 sua
1084 1184 1410 1239 auctoritate
1460 1183 1738 1238 sublimari

173 1278 486 1347 prae'peret.
524 1273 713 1344 Igitur,
750 1282 910 1344 prout
933 1275 1153 1345 dignum
1193 1273 1312 1338 fuit,
1343 1290 1371 1328 a
1403 1289 1527 1345 rege
1562 1274 1735 1329 bono.

172 1384 196 1423 r
218 1366 308 1420 ﬁee
334 1366 647 1435 suscipitur,
679 1365 745 1419 ad
771 1364 1071 1421 Ailbertum
1104 1366 1416 1436 episcopum
1441 1381 1564 1421 eum
1590 1380 1740 1419 man-

170 1457 297 1513 datis
316 1456 587 1526 dirigitur,
619 1456 816 1525 quibus
845 1464 902 1511 ut
940 1472 1148 1511 summa
1182 1457 1594 1512 honoriﬁcentia
1624 1472 1740 1511 ser-

170 1564 280 1601 vam
332 1547 545 1603 Domini
598 1549 663 1602 ad
708 1549 954 1603 ordinem
1009 1550 1355 1619 episcopatus
1422 1559 1739 1621 promoveat

148 1638 386 1707 ,jzlbellll‘.
412 1638 519 1705 Qui
554 1638 820 1693 mandatis
864 1640 1134 1711 gratiosus
1177 1640 1578 1709 obtemperans,
1613 1655 1736 1695 eum

1838 549 2144 607 intenderet
2196 549 2326 605 socii
2377 550 2647 621 pontiﬁcis
2698 549 3097 621 intelligentes,
3145 548 3422 612 [immissa

1838 640 2230 711 supplicatione
2280 643 2346 698 ad
2392 643 2677 698 Dominum
2728 658 2880 698 arma
2927 642 3226 713 arripiunt,
3257 642 3426 711 magis

1838 732 2081 787 volentes
2137 748 2290 788 more
2343 734 2581 789 virormn
2641 733 2855 788 fortiter
2900 733 3044 788 bello
3100 734 3429 787 occumbere

1838 837 2000 890 quam
2048 822 2240 889 ignava
2286 824 2599 889 captivitate
2629 823 2889 895 longioris
2929 825 3055 877 vita:
3096 822 3426 892 spatio'ser-

1839 924 2017 967 vanae
2069 914 2394 982 producere.
2448 915 2600 982 Quod
2633 916 2722 970 ubi
2777 931 2807 969 a
2859 914 3081 985 paganis
3129 913 3421 985 cognitum,

1839 1007 2011 1062 aciem
2058 1016 2289 1075 struere,
2324 1023 2389 1063 ac
2417 1008 2468 1062 iu
2499 1007 2753 1079 populum
2786 1008 2999 1062 Domini
3043 1006 3149 1062 tela
3185 1007 3420 1078 dirigere

1840 1095 2190 1152 festinabant.
2230 1098 2394 1155 Stans
2420 1116 2636 1170 quoque
2666 1099 2919 1169 princeps
2944 1098 3288 1155 sacerdotum
3313 1099 3434 1154 ido-

1841 1186 2074 1243 lolatriae
2095 1203 2279 1243 coram
2316 1190 2541 1261 paganis
2580 1190 2634 1244 in
2666 1190 2875 1245 tumulo
2899 1190 3144 1257 excelso,
3175 1191 3288 1245 suis
3314 1205 3430 1245 ma-

1839 1277 1973 1346 gicis
2020 1279 2481 1336 incantationibus
2527 1296 2654 1335 suos
2696 1280 2852 1350 quasi
2897 1279 3267 1335 benedicendo
3300 1295 3430 1334 cou-

1841 1367 2065 1436 fortare,
2097 1384 2162 1426 ac
2196 1371 2374 1426 socios
2404 1371 2587 1425 famuli
2622 1371 2714 1425 Dei
2747 1370 3120 1425 maledicendo
3149 1372 3431 1441 satagebat

1840 1474 2126 1515 enervare.
2172 1460 2271 1516 Cui
2319 1461 2470 1531 operi
2511 1476 2634 1514 cum
2684 1468 2946 1529 quantum
2998 1474 3093 1514 sua
3145 1459 3429 1525 intererat,

1839 1563 2055 1602 summo
2101 1549 2278 1604 studio
2322 1559 2523 1612 mente,
2567 1564 2700 1605 voce
2740 1564 3010 1619 manuque
3035 1558 3302 1613 vacasset,
3342 1547 3428 1618 ju-

1841 1639 2100 1694 venculns
2122 1642 2339 1711 quidam
2356 1642 2605 1697 minister
2627 1641 2865 1696 hominis
2891 1641 2983 1697 Dei
3010 1640 3172 1696 funda
3195 1640 3428 1711 lapidem

167 1728 567 1797 cooperantibus
618 1730 866 1785 undecim
901 1728 1169 1800 episcopis
1207 1730 1503 1789 honoriﬁce
1550 1744 1740 1785 conse-
1835 1729 1987 1799 jecil,
2030 1742 2088 1787 et
2134 1735 2384 1789 eumdem
2432 1748 2647 1805 magum
2695 1732 2921 1803 trajecta
2968 1732 3147 1789 fronte
3195 1732 3424 1800 dejecit,

165 1822 341 1875 oravit.

228 1911 308 1966 l8.
351 1910 467 1979 Quo
510 1920 632 1981 post
654 1910 1049 1966 ordinationem
1080 1925 1234 1964 suam
1267 1909 1320 1964 in
1361 1908 1736 1965 transmarinis

164 2002 397 2071 partibus
440 2004 783 2070 demorante,
829 2002 865 2057 ii
902 2017 1130 2072 quorum
1163 2010 1326 2056 sectae
1367 2001 1604 2070 pravitas
1641 2016 1739 2071 per

164 2108 276 2147 eum
305 2094 518 2164 pridem
556 2093 764 2149 detecta
797 2092 972 2148 fuerat
1001 2100 1162 2161 atque
1188 2091 1415 2161 dejecta,
1443 2091 1739 2162 rependen-

164 2183 340 2239 darum
396 2184 726 2254 injuriarum
784 2198 905 2239 sese
955 2182 1068 2252 jam
1120 2183 1331 2254 tempus
1377 2190 1737 2253 opportunum

162 2277 423 2347 accepisse
447 2283 734 2345 putantes,
765 2288 945 2344 regem
983 2273 1222 2329 Oswium
1262 2271 1603 2327 fraudulenta
1628 2271 1740 2327 cal-

159 2363 356 2419 liditate
373 2364 769 2419 convenientes
791 2364 1243 2427 circumveniunt,
1268 2362 1741 2419 circumvenieudo

158 2456 205 2510 in
236 2472 350 2512 eam
375 2456 711 2513 sententiam
744 2457 968 2521 ducunt,
1002 2464 1268 2524 quatenus
1292 2455 1563 2512 Ceaddam
1600 2455 1739 2510 Eboc

158 2562 287 2602 ncte
332 2548 581 2604 civitatis
625 2547 937 2619 episcopum
984 2547 1097 2602 ﬁeri
1145 2546 1355 2616 jubeat,
1400 2562 1468 2602 ne
1502 2545 1740 2602 Ecclesia

154 2637 346 2693 diutius
403 2649 634 2695 carente
701 2650 921 2709 pastore
988 2640 1124 2694 ﬁdes
1189 2639 1393 2695 Christi
1447 2639 1745 2709 quamlibet

152 2728 411 2797 iacturam
431 2731 717 2786 incurrat:
745 2730 1045 2801 prasertim
1067 2746 1191 2786 cum
1215 2730 1449 2800 penitus,
1468 2730 1740 2801 inquiunt,

153 2820 423 2891 ignoretur
469 2837 582 2891 quo
633 2822 920 2878 Wilfridus
948 2822 1247 2890 devenerit,
1274 2837 1435 2891 quem
1484 2823 1551 2877 ad
1575 2822 1743 2892 ipsius

154 2910 403 2970 Ecclesia:
443 2914 694 2984 regimen
725 2913 1086 2969 ordinandum
1134 2914 1186 2968 in
1228 2913 1458 2968 Galliam
1505 2913 1744 2967 Alfridus

151 3003 364 3060 direxit.
414 3006 540 3060 Hac
585 3005 823 3076 ipsorum
869 3005 1108 3061 versutia
1155 3020 1248 3059 rex
1292 3003 1503 3059 Oswius
1534 3004 1744 3060 incaute

151 3108 477 3168 praereptus,
497 3099 623 3153 dato
642 3096 869 3166 praefato
894 3095 1122 3153 Ceaddae
1142 3095 1312 3166 ipsius
1331 3094 1587 3151 Ecclesiae
1611 3109 1744 3165 pon-

146 3191 380 3259 tiﬁcatu,
415 3192 578 3248 misit
618 3207 741 3247 cum
783 3192 1030 3247 Cantiam
1082 3192 1405 3261 iugradum
1452 3192 1740 3248 sacerdotii

146 3283 600 3338 consecrandum.
631 3282 749 3348 Quo
799 3298 923 3338 cum
967 3282 1082 3338 suis
1127 3283 1351 3339 veniens
1396 3294 1451 3339 et
1499 3284 1745 3338 eamdem

142 3371 319 3428 sedem
364 3382 596 3445 pastore
639 3374 913 3429 viduatam
960 3373 1277 3439 inveniens,
1330 3374 1455 3429 inde
1502 3374 1744 3436 divertit,

144 3465 477 3529 praedictum
515 3464 675 3521 Wine
713 3467 1025 3537 episcopum
1076 3465 1231 3531 adiit,
1266 3476 1324 3520 ut
1361 3466 1643 3538 episcOpus
1679 3467 1747 3520 ab

140 3567 202 3609 eo
252 3565 689 3614 consecraretur
724 3556 1325 3627 obtinuit.;-Assumptis
1371 3571 1502 3629 ergo
1542 3556 1747 3614 duobus

143 3648 207 3702 de
248 3658 413 3719 gente
467 3648 777 3704 Brittonum
829 3649 1130 3720 episcopis,
1181 3649 1271 3719 qui
1326 3658 1512 3702 contra
1546 3649 1747 3719 scripta

141 3752 414 3797 canonum
480 3752 637 3796 erant
682 3743 959 3809 ordinati,
1009 3743 1258 3798 eumdem
1308 3741 1578 3797 Ceaddam
1629 3741 1749 3811 pari

142 3834 300 3888 modo
325 3834 650 3890 inordinate
674 3835 967 3890 ordinavit.

213 3924 299 3979 l9.
355 3924 665 3980 Ordinatus
712 3936 892 3980 autem
938 3924 1267 3980 Eboracensi
1319 3924 1576 3979 Ecclesiae
1615 3939 1751 3991 prae-

138 4013 280 4071 latus
313 4025 425 4080 est,
469 4031 591 4071 cum
620 4031 724 4070 non
770 4026 889 4085 post
933 4018 1132 4072 multos
1169 4018 1283 4071 dies
1325 4016 1514 4071 beatus
1544 4015 1750 4069 Wilfri-

140 4105 241 4162 dus
263 4108 520 4177 patriam
555 4107 731 4163 redire
780 4109 1069 4164 instituens
1115 4124 1309 4163 navem
1341 4109 1661 4176 ingreditur,
1696 4117 1750 4162 et

138 4196 478 4269 aliquandiu
514 4198 655 4253 felici
680 4214 839 4254 cursu
867 4200 1020 4254 navis
1038 4215 1321 4270 aequoreos
1347 4198 1544 4254 ﬂuctus
1578 4208 1751 4255 trans-

141 4288 390 4346 vehitur.
436 4289 560 4346 Jam
594 4299 773 4345 autem
818 4292 994 4345 medio
1037 4293 1171 4346 mari
1215 4293 1467 4353 transito,
1499 4300 1555 4345 et
1593 4290 1751 4346 beato

135 4383 257 4438 viro
298 4399 437 4439 eum
482 4383 595 4439 suis
636 4384 850 4439 clericis
880 4384 933 4438 in
974 4400 1034 4439 ea
1072 4400 1192 4454 qute
1222 4384 1315 4440 Dei
1346 4394 1472 4440 sunt
1506 4383 1667 4439 corde
1697 4391 1752 4438 et

137 4488 236 4531 ore
282 4477 545 4539 intento,
586 4477 764 4532 ventis
807 4478 1031 4553 mutatis
1078 4477 1413 4533 validissima
1456 4485 1750 4548 tempestas

136 4572 424 4625 exoritur.
461 4569 563 4636 Qui
600 4585 792 4641 magna
823 4570 1109 4626 vexatione
1138 4572 1405 4641 quassati,
1441 4572 1657 4627 tandem
1694 4572 1748 4627 in

138 4663 439 4735 regionem
463 4662 781 4728 australium
812 4661 1109 4729 Saxonum,
1136 4677 1298 4734 quam
1330 4680 1435 4720 non
1462 4675 1747 4732 noverant,

136 4752 386 4824 rrnjccti
435 4763 581 4807 sunt.
615 4751 891 4807 Fluctibus
926 4768 1055 4808 vero
1086 4754 1137 4807 in
1175 4754 1329 4808 sinus
1364 4769 1490 4809 suos
1516 4755 1589 4809 ita
1624 4755 1749 4810 il‘luc

134 4842 415 4897 retractis
468 4842 731 4913 indigenae
789 4843 969 4897 adhuc
1021 4843 1208 4913 gentili
1276 4858 1465 4899 errore
1515 4844 1746 4899 devincti

133 4940 443 5003 advolant,
482 4953 669 4993 navem
700 4947 756 4994 et
800 4939 981 4994 omnia
1030 4954 1150 5008 quae
1198 4940 1249 4993 in
1285 4953 1349 4994 ea
1393 4949 1547 4994 erant
1582 4940 1631 4994 iu
1662 4939 1749 5008 jus

134 5046 309 5085 suum
359 5031 648 5087 vindicare
687 5031 963 5097 volentes;
994 5040 1049 5086 et
1091 5031 1141 5085 id
1182 5030 1440 5101 propositi
1477 5031 1750 5085 obstinato

1766 1807 1812 1867 Β
1841 1825 2128 1880 exstinxit.
2173 1826 2355 1881 Rediit
2395 1842 2518 1881 mox
2551 1829 2617 1880 ad
2657 1827 2975 1883 memoriam
3009 1826 3113 1882 viri
3153 1826 3248 1882 Dei
3289 1826 3427 1881 anti-

1839 1926 2003 1983 quum
2037 1931 2133 1985 per
2169 1917 2335 1972 David
2376 1916 2576 1973 factum
2610 1919 2661 1973 in
2698 1918 2907 1974 Goliam
2944 1917 3264 1973 miraculum
3305 1917 3426 1984 Dei,

1837 2020 1962 2062 eum
1986 2006 2165 2061 subito
2194 2008 2329 2063 mire
2348 2022 2683 2079 paganorum
2715 2008 2977 2064 tumultus
3003 2010 3268 2075 exoritur,
3290 2009 3421 2064 etin

1839 2098 2255 2167 discerptionem
2287 2100 2611 2155 Christianae
2640 2100 2811 2170 partis
2842 2100 2987 2155 vires
3014 2100 3255 2155 omnium
3300 2116 3427 2155 exe-

1840 2198 2051 2245 runtur.
2116 2191 2253 2257 Quid
2283 2191 2442 2261 plura
2472 2192 2495 2247 ?
2526 2194 2813 2264 insurgunt
2842 2194 3009 2258 acies,
3051 2193 3205 2248 miles
3227 2192 3429 2248 Christi

1840 2296 1962 2336 sese
2004 2283 2299 2353 prosternit
2343 2284 2397 2338 in
2435 2299 2665 2355 preces;
2711 2285 2936 2342 Domino
2969 2293 3148 2339 autem
3179 2300 3277 2354 pro
3312 2286 3428 2340 suis

1840 2384 2135 2445 pugnante,
2166 2376 2385 2431 inimica
2426 2390 2622 2433 manus
2661 2378 2887 2433 confusa
2919 2384 2976 2432 et
3008 2377 3149 2431 victa
3179 2376 3429 2431 discedit.

1842 2465 1949 2521 Sed
1980 2478 2101 2538 post
2127 2467 2400 2537 paululum
2428 2468 2781 2539 multiplicior
2809 2469 2862 2524 iu
2898 2469 3132 2537 idipsum
3162 2476 3216 2522 et
3238 2467 3432 2522 imma—

1843 2559 1965 2614 nior
1991 2560 2146 2614 redit.
2182 2560 2356 2615 aciem
2386 2562 2565 2629 struit,
2600 2562 2701 2617 tela
2727 2562 2778 2616 in
2809 2576 3040 2616 vacuum
3071 2560 3277 2631 dirigit.
3305 2558 3433 2614 Tela

1844 2667 1951 2706 non
1981 2666 2153 2707 vacua
2176 2653 2392 2722 recipit,
2423 2668 2548 2722 pars
2575 2654 2807 2708 maxima
2833 2653 2961 2716 ruit,
2986 2660 3038 2706 et
3063 2666 3189 2722 pars
3222 2650 3433 2705 residua

1844 2740 2000 2809 fugit.
2033 2740 2101 2794 Et
2144 2740 2272 2811 quid
2307 2742 2673 2812 morer?jam
2723 2742 2880 2796 tertio
2923 2742 3049 2796 victi
3085 2757 3207 2797 cum
3258 2756 3319 2796 se
3368 2740 3434 2795 ad

1844 2842 2098 2905 quartum
2132 2833 2377 2904 praelium
2431 2850 2552 2889 cum
2591 2850 2719 2906 rege
2760 2849 2857 2888 suo
2894 2842 3283 2903 praepararent,
3319 2847 3433 2887 me-

1847 2926 1967 2980 ritis
1997 2925 2141 2980 beati
2174 2924 2413 2980 Wilfridi
2449 2924 2619 2980 multo
2654 2936 2778 2979 ante
2804 2926 2991 2980 horam
3024 2940 3175 2979 mare
3211 2922 3433 2989 efﬂuxit,

1847 3034 2037 3073 navem
2081 3016 2294 3080 extulit,
2330 3026 2387 3071 et
2416 3027 2665 3072 sanctum
2714 3017 2807 3072 Dei
2854 3033 2974 3072 cum
3007 3016 3259 3072 omnibus
3300 3016 3433 3075 suis.

1849 3112 2087 3181 quinque
2129 3110 2470 3166 solummodo
2498 3125 2565 3164 ex
2607 3109 2770 3165 sociis
2805 3110 3053 3180 perditis,
3096 3123 3358 3179 prospere
3382 3108 3436 3163 in

1850 3204 2142 3259 Sandicum
2193 3211 2409 3274 portum
2459 3203 2659 3257 evexit.
2710 3200 2863 3269 Quod
2908 3201 3109 3258 inimici
3156 3199 3436 3264 videntes,

1848 3290 2082 3343 maxima
2113 3287 2432 3345 confusione
2480 3289 2531 3343 in
2574 3304 2668 3343 sua
2701 3298 2968 3352 remeant,
3008 3296 3062 3342 ct
3092 3302 3306 3342 servum
3335 3285 3441 3342 Do-

1850 3381 1981 3435 mini
2020 3380 2139 3435 lzeta
2169 3382 2463 3437 serenitate
2503 3381 2763 3436 victorem
2808 3380 2959 3436 abire
2998 3378 3320 3451 gemebuudi
3347 3378 3438 3434 de-

1849 3471 2086 3543 plorant.

1918 3565 2008 3619 20.
2051 3563 2234 3621 Patrio
2282 3564 2465 3634 itaque
2503 3572 2660 3634 portu
2707 3563 2993 3633 patriaque
3037 3562 3273 3633 potitus,
3308 3574 3439 3619 con~

1851 3655 2030 3711 festim
2059 3654 2159 3711 sibi
2186 3672 2375 3711 rumor
2407 3654 2662 3719 innotuit,
2687 3654 2918 3722 qualiter
2940 3666 3051 3708 suae
3085 3651 3199 3707 sedi
3223 3649 3436 3706 Ceadda

1849 3747 2177 3803 substitutus
2218 3749 2446 3803 antistes
2496 3747 2586 3800 sit.
2627 3746 2729 3813 Qui
2775 3760 2872 3814 pro
2922 3758 2982 3799 re
3028 3744 3162 3798 nihil
3217 3742 3440 3799 omnino

1851 3841 2224 3909 perturbatus,
2263 3839 2476 3910 placido
2513 3839 2659 3893 vultu
2704 3848 2757 3892 et
2792 3837 2952 3893 hilari
2982 3846 3200 3907 pectore
3243 3834 3435 3903 Ripqu

1852 3941 2123 4003 perrexrt;
2153 3932 2335 4002 ibique
2364 3933 2599 3986 servitiis
2623 3930 2714 3984 Dei
2738 3931 2997 3994 intentus,
3024 3944 3216 3998 magna
3242 3926 3436 3981 mentis

1850 4023 2145 4078 stabilitate
2172 4038 2269 4093 per
2299 4023 2516 4093 aliquod
2562 4032 2774 4091 tempus
2804 4021 2856 4074 in
2893 4018 3175 4075 secretiori
3223 4016 3435 4073 habita-

1850 4116 1972 4171 enlo
2002 4116 2203 4186 deguit.
2237 4115 2342 4170 Sed
2382 4115 2506 4184 quia
2549 4113 2743 4168 civitas
2773 4126 2937 4182 supra
2975 4120 3212 4165 montem
3255 4108 3433 4177 posita

1853 4206 2037 4275 nequit
2063 4206 2343 4273 abscondi,
2374 4220 2401 4259 a
2430 4204 2615 4260 multis
2653 4215 2707 4258 et
2735 4203 3008 4274 praecipue
3040 4199 3311 4256 nobilibus
3331 4197 3438 4252 fre-

1853 4296 2237 4365 quentabatur,
2266 4294 2480 4351 eximiae
2504 4294 2813 4350 sanctitatis
2843 4292 2959 4363 ejus
2986 4293 3126 4348 fama
3154 4289 3433 4362 permotis.

1854 4386 1965 4443 liex
1997 4402 2216 4458 quoque
2263 4386 2612 4450 Merciorum,
2648 4385 2862 4440 nomine
2902 4383 3181 4449 Wlfarius,
3220 4380 3301 4435 vir
3327 4379 3439 4435 Deo

1782 4502 1825 4561 υ
1855 4478 2010 4533 valde
2053 4479 2303 4542 devotus,
2348 4476 2608 4532 famulum
2654 4474 2855 4531 Christi
2898 4475 3055 4539 adiit,
3105 4486 3338 4541 eumque
3381 4480 3439 4523 ut

1854 4570 1970 4626 loco
1994 4570 2213 4626 cederet
2235 4582 2529 4638 secumque
2565 4575 2808 4622 maneret
2833 4567 3139 4635 importuna
3160 4562 3249 4615 vix
3279 4575 3439 4630 prece

1852 4662 2103 4728 deﬂexit;
2137 4672 2191 4716 et
2229 4676 2450 4732 compos
2479 4676 2590 4715 suae
2621 4659 2913 4715 voluntatis
2950 4656 3201 4717 effectus,
3236 4654 3432 4721 ingenti

1851 4756 2069 4810 beatum
2122 4754 2339 4809 Patrem
2388 4752 2695 4808 dilectionis
2733 4749 2927 4809 atl‘ectn
2969 4746 3159 4832 coluit,
3189 4744 3349 4800 terris
3382 4753 3437 4799 et

1853 4845 2152 4901 honoribus
2188 4846 2358 4899 auxit.

1920 4936 2011 4990 2i.
2055 4934 2466 5004 Metropolitaua
2502 4945 2631 4987 vero
2658 4929 2815 4986 sedes
2847 4929 3012 4983 totius
3043 4925 3278 4997 Anglice,
3305 4924 3434 4981 dum

1853 5031 1967 5085 haec
2000 5030 2075 5084 ita
2110 5027 2338 5093 ﬁerent,
2370 5034 2589 5096 pastore
2622 5024 2875 5088 carebat,
2908 5021 3160 5077 defuncto
3189 5023 3270 5091 (ut
3298 5035 3438 5091 pra-

1851 5121 2109 5192 diximus)
2134 5120 2544 5189 archiepiscopo
2570 5116 2880 5172 Deusdedit.
2914 5115 2980 5170 Et
3007 5114 3261 5179 quoniam
3289 5122 3435 5168 tanta

1851 5218 2008 5273 sedes
2046 5216 2252 5286 absque
2286 5213 2575 5284 episcopali
2618 5211 2951 5283 providentia
2998 5224 3116 5265 esse
3157 5208 3432 5277 nequibat.

1853 5321 1945 5359 rex
1970 5302 2382 5359 Cantuariorum
2422 5300 2685 5372 Egbertns
2711 5300 2853 5356 beati
2881 5297 3116 5353 Wilfridi
3152 5295 3435 5367 prudentia

1852 5398 2253 5466 sanctitateque
2284 5394 2493 5459 audita,
2525 5392 2591 5448 ad
2632 5394 2804 5463 ipsum
2849 5391 2996 5447 misit
3032 5405 3193 5459 quam
3240 5386 3436 5444 humil-

1852 5488 1977 5542 lima
2031 5502 2152 5542 eum
2200 5484 2592 5554 supplicatione
2645 5490 2977 5549 contestans,
3027 5490 3086 5535 ut
3137 5477 3435 5535 Ecclesiam

1853 5579 2125 5633 viduatam
2189 5593 2285 5632 sua
2333 5578 2647 5649 dignaretur
2698 5574 2983 5646 praesentia
3038 5570 3280 5632 visitare,
3334 5582 3436 5641 opu

1854 5670 2246 5742 consolationis
2290 5671 2523 5739 erigere.
2567 5679 2755 5726 contra
2810 5664 3117 5735 spirituales
3166 5657 3435 5727 nequitias

1853 5777 2040 5825 (Woeo
2063 5779 2171 5821 suae
2198 5763 2584 5824 adtuoniticuis
2614 5770 2915 5833 protegere,
2949 5766 2999 5810 et
3030 5766 3255 5823 quchue
3277 5758 3433 5827 tenor

129 5123 311 5179 corde
349 5132 624 5190 tenentes,
659 5132 717 5177 ut
762 5130 855 5178 aut
898 5122 1261 5195 captivarent,
1297 5131 1391 5177 aut
1430 5134 1605 5177 morte
1644 5122 1747 5177 sibi

130 5218 481 5271 resistentes
526 5216 882 5272 involverent.
917 5215 1034 5283 Quo
1076 5218 1159 5272 vir
1206 5215 1530 5270 venerabilis
1567 5215 1749 5285 agnito

126 5327 141 5356 ι
162 5308 443 5378 opiosam
474 5308 552 5362 eis
579 5308 863 5378 pecuniam
910 5307 1141 5371 obtulit,
1181 5316 1235 5363 et
1271 5315 1535 5377 quatenus
1571 5307 1638 5361 ab
1670 5308 1750 5361 in-

130 5402 407 5453 tentione
442 5414 533 5453 sua
583 5400 903 5456 recederent
946 5399 1136 5455 humili
1174 5399 1535 5470 postulatione
1565 5400 1749 5455 admo-

126 5492 281 5546 nuit.
315 5492 401 5545 At
436 5491 508 5546 illi
553 5494 848 5550 ferociores
878 5509 943 5549 ex
974 5493 1114 5550 illius
1148 5494 1325 5549 verbis
1354 5491 1552 5557 ell‘ecti,
1586 5493 1659 5546 nil
1690 5508 1748 5548 se

125 5582 202 5635 ab
230 5596 309 5637 eo
340 5596 452 5650 pro
488 5585 726 5654 ipsorum
757 5585 1076 5640 dimissione
1121 5593 1431 5655 sumpturos
1472 5583 1588 5639 fore
1619 5599 1744 5654 pro-

122 5672 429 5735 clamant,
458 5676 584 5741 quin
611 5677 774 5730 etiam
804 5691 912 5730 non
936 5678 1098 5732 modo
1125 5676 1305 5732 omnia
1333 5691 1452 5741 sua,
1480 5692 1666 5731 verum
1694 5687 1747 5728 et

123 5764 419 5843 eumdem
451 5764 621 5835 ipsum
661 5768 711 5821 in
748 5768 830 5823 ius
863 5767 1141 5827 uronrium
1170 5783 1226 5824 se
1258 5776 1576 5824 accepturos
1604 5767 1744 5821 utilia
