  <div class='ocr_page' id='page_1' title='image "/cluster/home/n/w/nwhite01/storage/ocr_20150623/159/hvd.32044024236648/370.png"; bbox 0 0 3870 6304; ppageno 0'>
   <div class='ocr_carea' id='block_1_1' title="bbox 150 367 242 423">
    <p class='ocr_par' dir='ltr' id='par_1_1' title="bbox 150 367 242 423">
     <span class='ocr_line' id='line_1_1' title="bbox 150 367 242 423; baseline -0.022 0"><span class='ocrx_word' id='word_1_1' title='bbox 150 367 242 423; x_wconf 73' lang='grc' dir='ltr'>7ξό</span> 
     </span>
    </p>
   </div>
   <div class='ocr_carea' id='block_1_2' title="bbox 1434 362 2066 421">
    <p class='ocr_par' dir='ltr' id='par_1_2' title="bbox 1434 362 2066 421">
     <span class='ocr_line' id='line_1_2' title="bbox 1434 362 2066 421; baseline 0.006 -4"><span class='ocrx_word' id='word_1_2' title='bbox 1434 363 1593 420; x_wconf 69' lang='lat' dir='ltr'><strong>VITA</strong></span> <span class='ocrx_word' id='word_1_3' title='bbox 1626 363 1690 421; x_wconf 81' lang='lat' dir='ltr'><strong>.S.</strong></span> <span class='ocrx_word' id='word_1_4' title='bbox 1725 362 2066 421; x_wconf 76' lang='lat' dir='ltr'><strong>WILFRIDI.</strong></span> 
     </span>
    </p>
   </div>
   <div class='ocr_carea' id='block_1_3' title="bbox 3278 369 3383 422">
    <p class='ocr_par' dir='ltr' id='par_1_3' title="bbox 3278 369 3383 422">
     <span class='ocr_line' id='line_1_3' title="bbox 3278 369 3383 422; baseline 0 0"><span class='ocrx_word' id='word_1_5' title='bbox 3278 369 3383 422; x_wconf 71' lang='lat'><strong>726</strong></span> 
     </span>
    </p>
   </div>
   <div class='ocr_carea' id='block_1_4' title="bbox 148 458 3381 551">
    <p class='ocr_par' dir='ltr' id='par_1_4' title="bbox 148 458 3381 551">
     <span class='ocr_line' id='line_1_4' title="bbox 148 458 3381 551; baseline -0.001 -16"><span class='ocrx_word' id='word_1_6' title='bbox 148 483 206 537; x_wconf 83' lang='lat' dir='ltr'><strong>ab</strong></span> <span class='ocrx_word' id='word_1_7' title='bbox 252 475 459 547; x_wconf 68' lang='lat' dir='ltr'><strong>iucmpti</strong></span> <span class='ocrx_word' id='word_1_8' title='bbox 503 489 683 544; x_wconf 87' lang='lat' dir='ltr'><strong>operts</strong></span> <span class='ocrx_word' id='word_1_9' title='bbox 735 474 1035 529; x_wconf 83' lang='lat' dir='ltr'><strong>ministerio</strong></span> <span class='ocrx_word' id='word_1_10' title='bbox 1080 490 1139 529; x_wconf 85' lang='lat' dir='ltr'><strong>se</strong></span> <span class='ocrx_word' id='word_1_11' title='bbox 1184 474 1454 531; x_wconf 91' lang='lat' dir='ltr'><strong>cohibenti</strong></span> <span class='ocrx_word' id='word_1_12' title='bbox 1508 477 1694 532; x_wconf 87' lang='lat' dir='ltr'><strong>orbata</strong></span> <span class='ocrx_word' id='word_1_13' title='bbox 1724 458 1774 518; x_wconf 79' lang='grc' dir='ltr'><strong>Α</strong></span> <span class='ocrx_word' id='word_1_14' title='bbox 1804 478 2057 535; x_wconf 80' lang='lat' dir='ltr'><strong>instituit.</strong></span> <span class='ocrx_word' id='word_1_15' title='bbox 2094 477 2215 535; x_wconf 84' lang='lat' dir='ltr'><strong>llaec</strong></span> <span class='ocrx_word' id='word_1_16' title='bbox 2249 489 2691 551; x_wconf 83' lang='lat' dir='ltr'><strong>proptersnmma</strong></span> <span class='ocrx_word' id='word_1_17' title='bbox 2710 479 2863 551; x_wconf 87' lang='lat' dir='ltr'><strong>quies</strong></span> <span class='ocrx_word' id='word_1_18' title='bbox 2890 488 3007 534; x_wconf 91' lang='lat' dir='ltr'><strong>crat</strong></span> <span class='ocrx_word' id='word_1_19' title='bbox 3034 477 3173 551; x_wconf 90' lang='lat' dir='ltr'><strong>plebi</strong></span> <span class='ocrx_word' id='word_1_20' title='bbox 3198 479 3381 548; x_wconf 70' lang='lat' dir='ltr'><strong>legalis</strong></span> 
     </span>
    </p>
   </div>
   <div class='ocr_carea' id='block_1_5' title="bbox 147 567 1694 639">
    <p class='ocr_par' dir='ltr' id='par_1_5' title="bbox 147 567 1694 639">
     <span class='ocr_line' id='line_1_5' title="bbox 147 567 1694 639; baseline -0.001 -12"><span class='ocrx_word' id='word_1_21' title='bbox 147 570 325 629; x_wconf 87' lang='lat' dir='ltr'><strong>mulier</strong></span> <span class='ocrx_word' id='word_1_22' title='bbox 353 567 462 622; x_wconf 82' lang='lat' dir='ltr'><strong>aeri</strong></span> <span class='ocrx_word' id='word_1_23' title='bbox 485 567 690 622; x_wconf 89' lang='lat' dir='ltr'><strong>doloris</strong></span> <span class='ocrx_word' id='word_1_24' title='bbox 720 567 1003 623; x_wconf 91' lang='lat' dir='ltr'><strong>nimietate</strong></span> <span class='ocrx_word' id='word_1_25' title='bbox 1043 568 1257 623; x_wconf 87' lang='lat' dir='ltr'><strong>turbata</strong></span> <span class='ocrx_word' id='word_1_26' title='bbox 1298 569 1517 639; x_wconf 88' lang='lat' dir='ltr'><strong>pronior</strong></span> <span class='ocrx_word' id='word_1_27' title='bbox 1543 570 1694 626; x_wconf 84' lang='lat' dir='ltr'><strong>incu-</strong></span> 
     </span>
    </p>
   </div>
   <div class='ocr_carea' id='block_1_6' title="bbox 147 661 1695 733">
    <p class='ocr_par' dir='ltr' id='par_1_6' title="bbox 147 661 1695 733">
     <span class='ocr_line' id='line_1_6' title="bbox 147 661 1695 733; baseline 0.002 -17"><span class='ocrx_word' id='word_1_28' title='bbox 147 662 269 727; x_wconf 86' lang='lat' dir='ltr'><strong>buit,</strong></span> <span class='ocrx_word' id='word_1_29' title='bbox 292 661 589 733; x_wconf 81' lang='lat' dir='ltr'><strong>gemituque</strong></span> <span class='ocrx_word' id='word_1_30' title='bbox 618 662 908 731; x_wconf 55' lang='lat' dir='ltr'><strong>praepedita</strong></span> <span class='ocrx_word' id='word_1_31' title='bbox 932 661 1020 716; x_wconf 92' lang='lat' dir='ltr'><strong>vix</strong></span> <span class='ocrx_word' id='word_1_32' title='bbox 1051 662 1104 716; x_wconf 90' lang='lat' dir='ltr'><strong>in</strong></span> <span class='ocrx_word' id='word_1_33' title='bbox 1141 663 1253 718; x_wconf 57' lang='lat' dir='ltr'><strong>haec</strong></span> <span class='ocrx_word' id='word_1_34' title='bbox 1282 664 1445 718; x_wconf 88' lang='lat' dir='ltr'><strong>verba</strong></span> <span class='ocrx_word' id='word_1_35' title='bbox 1476 664 1656 733; x_wconf 88' lang='lat' dir='ltr'><strong>erupit</strong></span> <span class='ocrx_word' id='word_1_36' title='bbox 1682 682 1695 719; x_wconf 92' lang='lat'><strong>:</strong></span> 
     </span>
    </p>
   </div>
   <div class='ocr_carea' id='block_1_7' title="bbox 148 750 1698 824">
    <p class='ocr_par' dir='ltr' id='par_1_7' title="bbox 148 750 1698 824">
     <span class='ocr_line' id='line_1_7' title="bbox 148 750 1698 824; baseline 0 -15"><span class='ocrx_word' id='word_1_37' title='bbox 148 773 167 809; x_wconf 74' lang='grc' dir='ltr'><strong>ι</strong></span> <span class='ocrx_word' id='word_1_38' title='bbox 189 754 281 816; x_wconf 85' lang='lat' dir='ltr'><strong>Eu,</strong></span> <span class='ocrx_word' id='word_1_39' title='bbox 305 754 566 821; x_wconf 77' lang='lat' dir='ltr'><strong>inquiens,</strong></span> <span class='ocrx_word' id='word_1_40' title='bbox 593 750 730 807; x_wconf 87' lang='lat' dir='ltr'><strong>bone</strong></span> <span class='ocrx_word' id='word_1_41' title='bbox 757 752 998 819; x_wconf 79' lang='lat' dir='ltr'><strong>domine,</strong></span> <span class='ocrx_word' id='word_1_42' title='bbox 1020 769 1180 822; x_wconf 84' lang='lat' dir='ltr'><strong>quem</strong></span> <span class='ocrx_word' id='word_1_43' title='bbox 1208 754 1276 808; x_wconf 91' lang='lat' dir='ltr'><strong>ad</strong></span> <span class='ocrx_word' id='word_1_44' title='bbox 1301 755 1698 824; x_wconf 89' lang='lat' dir='ltr'><strong>impositionem</strong></span> 
     </span>
    </p>
   </div>
   <div class='ocr_carea' id='block_1_8' title="bbox 145 842 1700 915">
    <p class='ocr_par' dir='ltr' id='par_1_8' title="bbox 145 842 1700 915">
     <span class='ocr_line' id='line_1_8' title="bbox 145 842 1700 915; baseline 0.001 -15"><span class='ocrx_word' id='word_1_45' title='bbox 145 859 315 900; x_wconf 87' lang='lat' dir='ltr'><strong>tnanns</strong></span> <span class='ocrx_word' id='word_1_46' title='bbox 337 852 436 897; x_wconf 67' lang='lat' dir='ltr'><strong>tuae</strong></span> <span class='ocrx_word' id='word_1_47' title='bbox 464 842 895 897; x_wconf 88' lang='lat' dir='ltr'><strong>conﬁrmandum</strong></span> <span class='ocrx_word' id='word_1_48' title='bbox 936 843 990 898; x_wconf 92' lang='lat' dir='ltr'><strong>in</strong></span> <span class='ocrx_word' id='word_1_49' title='bbox 1030 844 1248 899; x_wconf 89' lang='lat' dir='ltr'><strong>Christo</strong></span> <span class='ocrx_word' id='word_1_50' title='bbox 1275 854 1491 915; x_wconf 87' lang='lat' dir='ltr'><strong>portare</strong></span> <span class='ocrx_word' id='word_1_51' title='bbox 1512 848 1700 901; x_wconf 56' lang='lat' dir='ltr'><strong>decrev</strong></span> 
     </span>
    </p>
   </div>
   <div class='ocr_carea' id='block_1_9' title="bbox 145 932 1698 1001">
    <p class='ocr_par' dir='ltr' id='par_1_9' title="bbox 145 932 1698 1001">
     <span class='ocr_line' id='line_1_9' title="bbox 145 932 1698 1001; baseline 0.001 -14"><span class='ocrx_word' id='word_1_52' title='bbox 145 949 330 1001; x_wconf 90' lang='lat' dir='ltr'><strong>veram,</strong></span> <span class='ocrx_word' id='word_1_53' title='bbox 374 932 485 999; x_wconf 82' lang='lat' dir='ltr'><strong>jam</strong></span> <span class='ocrx_word' id='word_1_54' title='bbox 537 947 642 986; x_wconf 91' lang='lat' dir='ltr'><strong>non</strong></span> <span class='ocrx_word' id='word_1_55' title='bbox 688 943 864 988; x_wconf 83' lang='lat' dir='ltr'><strong>solum</strong></span> <span class='ocrx_word' id='word_1_56' title='bbox 909 933 978 987; x_wconf 90' lang='lat' dir='ltr'><strong>ad</strong></span> <span class='ocrx_word' id='word_1_57' title='bbox 1017 935 1469 999; x_wconf 90' lang='lat' dir='ltr'><strong>conﬁrmandum,</strong></span> <span class='ocrx_word' id='word_1_58' title='bbox 1512 950 1698 990; x_wconf 90' lang='lat' dir='ltr'><strong>verum</strong></span> 
     </span>
    </p>
   </div>
   <div class='ocr_carea' id='block_1_10' title="bbox 146 1021 1698 1097">
    <p class='ocr_par' dir='ltr' id='par_1_10' title="bbox 146 1021 1698 1097">
     <span class='ocr_line' id='line_1_10' title="bbox 146 1021 1698 1097; baseline 0.003 -20"><span class='ocrx_word' id='word_1_59' title='bbox 146 1024 303 1093; x_wconf 90' lang='lat' dir='ltr'><strong>primo</strong></span> <span class='ocrx_word' id='word_1_60' title='bbox 323 1021 387 1076; x_wconf 88' lang='lat' dir='ltr'><strong>ad</strong></span> <span class='ocrx_word' id='word_1_61' title='bbox 410 1022 839 1077; x_wconf 87' lang='lat' dir='ltr'><strong>resuscitandum</strong></span> <span class='ocrx_word' id='word_1_62' title='bbox 861 1038 893 1077; x_wconf 88' lang='lat' dir='ltr'><strong>a</strong></span> <span class='ocrx_word' id='word_1_63' title='bbox 911 1023 1142 1079; x_wconf 87' lang='lat' dir='ltr'><strong>mortuis</strong></span> <span class='ocrx_word' id='word_1_64' title='bbox 1164 1034 1267 1080; x_wconf 85' lang='lat' dir='ltr'><strong>tuae</strong></span> <span class='ocrx_word' id='word_1_65' title='bbox 1292 1034 1491 1082; x_wconf 77' lang='lat' dir='ltr'><strong>sanctae</strong></span> <span class='ocrx_word' id='word_1_66' title='bbox 1513 1025 1698 1097; x_wconf 79' lang='lat' dir='ltr'><strong>pietati</strong></span> 
     </span>
    </p>
   </div>
   <div class='ocr_carea' id='block_1_11' title="bbox 142 1114 1701 1188">
    <p class='ocr_par' dir='ltr' id='par_1_11' title="bbox 142 1114 1701 1188">
     <span class='ocr_line' id='line_1_11' title="bbox 142 1114 1701 1188; baseline 0.002 -18"><span class='ocrx_word' id='word_1_67' title='bbox 142 1118 329 1186; x_wconf 63' lang='lat' dir='ltr'><strong>piteque</strong></span> <span class='ocrx_word' id='word_1_68' title='bbox 359 1114 634 1170; x_wconf 80' lang='lat' dir='ltr'><strong>sanctitati</strong></span> <span class='ocrx_word' id='word_1_69' title='bbox 677 1124 926 1185; x_wconf 79' lang='lat' dir='ltr'><strong>apporto.</strong></span> <span class='ocrx_word' id='word_1_70' title='bbox 954 1115 1228 1173; x_wconf 89' lang='lat' dir='ltr'><strong>Christum</strong></span> <span class='ocrx_word' id='word_1_71' title='bbox 1263 1126 1411 1173; x_wconf 90' lang='lat' dir='ltr'><strong>tuum</strong></span> <span class='ocrx_word' id='word_1_72' title='bbox 1440 1119 1701 1188; x_wconf 73' lang='lat' dir='ltr'><strong>pmdicas</strong></span> 
     </span>
    </p>
   </div>
   <div class='ocr_carea' id='block_1_12' title="bbox 144 1206 1704 1280">
    <p class='ocr_par' dir='ltr' id='par_1_12' title="bbox 144 1206 1704 1280">
     <span class='ocr_line' id='line_1_12' title="bbox 144 1206 1704 1280; baseline 0.003 -19"><span class='ocrx_word' id='word_1_73' title='bbox 144 1206 582 1275; x_wconf 85' lang='lat' dir='ltr'><strong>omnipotentem,</strong></span> <span class='ocrx_word' id='word_1_74' title='bbox 634 1207 777 1275; x_wconf 90' lang='lat' dir='ltr'><strong>quod</strong></span> <span class='ocrx_word' id='word_1_75' title='bbox 831 1220 1026 1275; x_wconf 84' lang='lat' dir='ltr'><strong>precor</strong></span> <span class='ocrx_word' id='word_1_76' title='bbox 1077 1209 1333 1278; x_wconf 85' lang='lat' dir='ltr'><strong>operibus</strong></span> <span class='ocrx_word' id='word_1_77' title='bbox 1385 1211 1587 1280; x_wconf 86' lang='lat' dir='ltr'><strong>proba,</strong></span> <span class='ocrx_word' id='word_1_78' title='bbox 1648 1221 1704 1265; x_wconf 88' lang='lat' dir='ltr'><strong>et</strong></span> 
     </span>
    </p>
   </div>
   <div class='ocr_carea' id='block_1_13' title="bbox 146 1297 1700 1373">
    <p class='ocr_par' dir='ltr' id='par_1_13' title="bbox 146 1297 1700 1373">
     <span class='ocr_line' id='line_1_13' title="bbox 146 1297 1700 1373; baseline 0.001 -18"><span class='ocrx_word' id='word_1_79' title='bbox 146 1314 304 1355; x_wconf 89' lang='lat' dir='ltr'><strong>meum</strong></span> <span class='ocrx_word' id='word_1_80' title='bbox 330 1313 359 1352; x_wconf 88' lang='lat' dir='ltr'><strong>a</strong></span> <span class='ocrx_word' id='word_1_81' title='bbox 390 1306 566 1353; x_wconf 92' lang='lat' dir='ltr'><strong>morte</strong></span> <span class='ocrx_word' id='word_1_82' title='bbox 596 1297 767 1353; x_wconf 89' lang='lat' dir='ltr'><strong>ﬁlium</strong></span> <span class='ocrx_word' id='word_1_83' title='bbox 794 1299 1132 1371; x_wconf 77' lang='lat' dir='ltr'><strong>unigenitum</strong></span> <span class='ocrx_word' id='word_1_84' title='bbox 1163 1303 1389 1358; x_wconf 90' lang='lat' dir='ltr'><strong>suscita.</strong></span> <span class='ocrx_word' id='word_1_85' title='bbox 1422 1303 1489 1357; x_wconf 85' lang='lat' dir='ltr'><strong>Et</strong></span> <span class='ocrx_word' id='word_1_86' title='bbox 1514 1304 1700 1373; x_wconf 88' lang='lat' dir='ltr'><strong>quanti</strong></span> 
     </span>
    </p>
   </div>
   <div class='ocr_carea' id='block_1_14' title="bbox 140 1389 1704 1462">
    <p class='ocr_par' dir='ltr' id='par_1_14' title="bbox 140 1389 1704 1462">
     <span class='ocr_line' id='line_1_14' title="bbox 140 1389 1704 1462; baseline 0.003 -15"><span class='ocrx_word' id='word_1_87' title='bbox 140 1394 229 1447; x_wconf 88' lang='lat' dir='ltr'><strong>hoc</strong></span> <span class='ocrx_word' id='word_1_88' title='bbox 263 1398 340 1445; x_wconf 89' lang='lat' dir='ltr'><strong>est</strong></span> <span class='ocrx_word' id='word_1_89' title='bbox 387 1389 796 1460; x_wconf 74' lang='lat' dir='ltr'><strong>omnipotentize</strong></span> <span class='ocrx_word' id='word_1_90' title='bbox 834 1405 948 1446; x_wconf 73' lang='lat' dir='ltr'><strong>sua:</strong></span> <span class='ocrx_word' id='word_1_91' title='bbox 985 1393 1269 1462; x_wconf 89' lang='lat' dir='ltr'><strong>parvulum</strong></span> <span class='ocrx_word' id='word_1_92' title='bbox 1313 1396 1599 1462; x_wconf 76' lang='lat' dir='ltr'><strong>suscitare,</strong></span> <span class='ocrx_word' id='word_1_93' title='bbox 1649 1405 1704 1451; x_wconf 91' lang='lat' dir='ltr'><strong>et</strong></span> 
     </span>
    </p>
   </div>
   <div class='ocr_carea' id='block_1_15' title="bbox 139 1480 1703 1558">
    <p class='ocr_par' dir='ltr' id='par_1_15' title="bbox 139 1480 1703 1558">
     <span class='ocr_line' id='line_1_15' title="bbox 139 1480 1703 1558; baseline 0.004 -20"><span class='ocrx_word' id='word_1_94' title='bbox 139 1483 228 1538; x_wconf 88' lang='lat' dir='ltr'><strong>mei</strong></span> <span class='ocrx_word' id='word_1_95' title='bbox 256 1480 449 1537; x_wconf 88' lang='lat' dir='ltr'><strong>doloris</strong></span> <span class='ocrx_word' id='word_1_96' title='bbox 497 1482 745 1539; x_wconf 86' lang='lat' dir='ltr'><strong>stimulos</strong></span> <span class='ocrx_word' id='word_1_97' title='bbox 789 1482 1081 1556; x_wconf 78' lang='lat' dir='ltr'><strong>eﬁ&#39;ugare?</strong></span> <span class='ocrx_word' id='word_1_98' title='bbox 1118 1502 1306 1542; x_wconf 90' lang='lat' dir='ltr'><strong>revera</strong></span> <span class='ocrx_word' id='word_1_99' title='bbox 1334 1488 1508 1544; x_wconf 82' lang='lat' dir='ltr'><strong>nihili.</strong></span> <span class='ocrx_word' id='word_1_100' title='bbox 1559 1491 1703 1558; x_wconf 84' lang='lat' dir='ltr'><strong>Qua-</strong></span> 
     </span>
    </p>
   </div>
   <div class='ocr_carea' id='block_1_16' title="bbox 138 1573 1704 1649">
    <p class='ocr_par' dir='ltr' id='par_1_16' title="bbox 138 1573 1704 1649">
     <span class='ocr_line' id='line_1_16' title="bbox 138 1573 1704 1649; baseline 0.004 -21"><span class='ocrx_word' id='word_1_101' title='bbox 138 1582 334 1645; x_wconf 79' lang='lat' dir='ltr'><strong>propter</strong></span> <span class='ocrx_word' id='word_1_102' title='bbox 358 1575 409 1629; x_wconf 91' lang='lat' dir='ltr'><strong>in</strong></span> <span class='ocrx_word' id='word_1_103' title='bbox 441 1573 549 1630; x_wconf 89' lang='lat' dir='ltr'><strong>hoc</strong></span> <span class='ocrx_word' id='word_1_104' title='bbox 573 1583 697 1644; x_wconf 88' lang='lat' dir='ltr'><strong>peto</strong></span> <span class='ocrx_word' id='word_1_105' title='bbox 718 1590 839 1645; x_wconf 74' lang='lat' dir='ltr'><strong>qua:</strong></span> <span class='ocrx_word' id='word_1_106' title='bbox 867 1576 1135 1647; x_wconf 67' lang='lat' dir='ltr'><strong>praedicas</strong></span> <span class='ocrx_word' id='word_1_107' title='bbox 1162 1588 1279 1632; x_wconf 92' lang='lat' dir='ltr'><strong>rata</strong></span> <span class='ocrx_word' id='word_1_108' title='bbox 1304 1594 1427 1634; x_wconf 91' lang='lat' dir='ltr'><strong>esse</strong></span> <span class='ocrx_word' id='word_1_109' title='bbox 1456 1588 1704 1649; x_wconf 87' lang='lat' dir='ltr'><strong>potenter</strong></span> 
     </span>
    </p>
   </div>
   <div class='ocr_carea' id='block_1_17' title="bbox 136 1666 1701 1735">
    <p class='ocr_par' dir='ltr' id='par_1_17' title="bbox 136 1666 1701 1735">
     <span class='ocr_line' id='line_1_17' title="bbox 136 1666 1701 1735; baseline 0.002 -13"><span class='ocrx_word' id='word_1_110' title='bbox 136 1666 355 1732; x_wconf 83' lang='lat' dir='ltr'><strong>ostende,</strong></span> <span class='ocrx_word' id='word_1_111' title='bbox 382 1673 442 1720; x_wconf 92' lang='lat' dir='ltr'><strong>ut</strong></span> <span class='ocrx_word' id='word_1_112' title='bbox 467 1666 536 1720; x_wconf 91' lang='lat' dir='ltr'><strong>ad</strong></span> <span class='ocrx_word' id='word_1_113' title='bbox 568 1680 741 1722; x_wconf 86' lang='lat' dir='ltr'><strong>meam</strong></span> <span class='ocrx_word' id='word_1_114' title='bbox 782 1668 1216 1735; x_wconf 85' lang='lat' dir='ltr'><strong>consolationem</strong></span> <span class='ocrx_word' id='word_1_115' title='bbox 1266 1671 1486 1727; x_wconf 90' lang='lat' dir='ltr'><strong>unicum</strong></span> <span class='ocrx_word' id='word_1_116' title='bbox 1535 1671 1701 1725; x_wconf 86' lang='lat' dir='ltr'><strong>ﬁlium</strong></span> 
     </span>
    </p>
   </div>
   <div class='ocr_carea' id='block_1_18' title="bbox 137 1758 1699 1833">
    <p class='ocr_par' dir='ltr' id='par_1_18' title="bbox 137 1758 1699 1833">
     <span class='ocr_line' id='line_1_18' title="bbox 137 1758 1699 1833; baseline 0.003 -21"><span class='ocrx_word' id='word_1_117' title='bbox 137 1773 291 1813; x_wconf 88' lang='lat' dir='ltr'><strong>meum</strong></span> <span class='ocrx_word' id='word_1_118' title='bbox 317 1758 579 1815; x_wconf 77' lang='lat' dir='ltr'><strong>restituas</strong></span> <span class='ocrx_word' id='word_1_119' title='bbox 622 1758 766 1814; x_wconf 70' lang='lat' dir='ltr'><strong>vitae.</strong></span> <span class='ocrx_word' id='word_1_120' title='bbox 806 1779 825 1815; x_wconf 83' lang='grc' dir='ltr'><strong>ι</strong></span> <span class='ocrx_word' id='word_1_121' title='bbox 867 1760 1175 1832; x_wconf 88' lang='lat' dir='ltr'><strong>lngeminat</strong></span> <span class='ocrx_word' id='word_1_122' title='bbox 1203 1763 1460 1833; x_wconf 88' lang='lat' dir='ltr'><strong>querulas</strong></span> <span class='ocrx_word' id='word_1_123' title='bbox 1511 1778 1699 1829; x_wconf 88' lang='lat' dir='ltr'><strong>voces,</strong></span> 
     </span>
    </p>
   </div>
   <div class='ocr_carea' id='block_1_19' title="bbox 136 1850 1703 1922">
    <p class='ocr_par' dir='ltr' id='par_1_19' title="bbox 136 1850 1703 1922">
     <span class='ocr_line' id='line_1_19' title="bbox 136 1850 1703 1922; baseline 0.003 -17"><span class='ocrx_word' id='word_1_124' title='bbox 136 1851 268 1922; x_wconf 86' lang='lat' dir='ltr'><strong>cujus</strong></span> <span class='ocrx_word' id='word_1_125' title='bbox 295 1850 603 1905; x_wconf 86' lang='lat' dir='ltr'><strong>vehementi</strong></span> <span class='ocrx_word' id='word_1_126' title='bbox 656 1851 859 1919; x_wconf 79' lang='lat' dir='ltr'><strong>gemitu</strong></span> <span class='ocrx_word' id='word_1_127' title='bbox 908 1853 1082 1909; x_wconf 79' lang='lat' dir='ltr'><strong>coaeti</strong></span> <span class='ocrx_word' id='word_1_128' title='bbox 1114 1854 1216 1909; x_wconf 87' lang='lat' dir='ltr'><strong>sub</strong></span> <span class='ocrx_word' id='word_1_129' title='bbox 1264 1869 1372 1909; x_wconf 91' lang='lat' dir='ltr'><strong>uno</strong></span> <span class='ocrx_word' id='word_1_130' title='bbox 1413 1854 1703 1911; x_wconf 89' lang='lat' dir='ltr'><strong>convolant</strong></span> 
     </span>
    </p>
   </div>
   <div class='ocr_carea' id='block_1_20' title="bbox 134 1939 1703 2016">
    <p class='ocr_par' dir='ltr' id='par_1_20' title="bbox 134 1939 1703 2016">
     <span class='ocr_line' id='line_1_20' title="bbox 134 1939 1703 2016; baseline 0.002 -20"><span class='ocrx_word' id='word_1_131' title='bbox 134 1956 316 1997; x_wconf 89' lang='lat' dir='ltr'><strong>omnes.</strong></span> <span class='ocrx_word' id='word_1_132' title='bbox 389 1940 476 1993; x_wconf 80' lang='lat' dir='ltr'><strong>En</strong></span> <span class='ocrx_word' id='word_1_133' title='bbox 522 1939 747 2010; x_wconf 83' lang='lat' dir='ltr'><strong>plangor</strong></span> <span class='ocrx_word' id='word_1_134' title='bbox 798 1944 1039 2013; x_wconf 77' lang='lat' dir='ltr'><strong>grandis.</strong></span> <span class='ocrx_word' id='word_1_135' title='bbox 1103 1944 1341 1999; x_wconf 84' lang='lat' dir='ltr'><strong>Tandem</strong></span> <span class='ocrx_word' id='word_1_136' title='bbox 1388 1960 1703 2016; x_wconf 89' lang='lat' dir='ltr'><strong>compassns</strong></span> 
     </span>
    </p>
   </div>
   <div class='ocr_carea' id='block_1_21' title="bbox 136 2032 1703 2107">
    <p class='ocr_par' dir='ltr' id='par_1_21' title="bbox 136 2032 1703 2107">
     <span class='ocr_line' id='line_1_21' title="bbox 136 2032 1703 2107; baseline 0.005 -24"><span class='ocrx_word' id='word_1_137' title='bbox 136 2032 433 2090; x_wconf 80' lang='lat' dir='ltr'><strong>venerabilis</strong></span> <span class='ocrx_word' id='word_1_138' title='bbox 480 2032 691 2088; x_wconf 90' lang='lat' dir='ltr'><strong>Domini</strong></span> <span class='ocrx_word' id='word_1_139' title='bbox 732 2049 951 2101; x_wconf 82' lang='lat' dir='ltr'><strong>servus,</strong></span> <span class='ocrx_word' id='word_1_140' title='bbox 997 2036 1108 2107; x_wconf 88' lang='lat' dir='ltr'><strong>agit</strong></span> <span class='ocrx_word' id='word_1_141' title='bbox 1153 2038 1346 2092; x_wconf 88' lang='lat' dir='ltr'><strong>tacitas</strong></span> <span class='ocrx_word' id='word_1_142' title='bbox 1382 2046 1572 2093; x_wconf 88' lang='lat' dir='ltr'><strong>sancto</strong></span> <span class='ocrx_word' id='word_1_143' title='bbox 1603 2037 1703 2092; x_wconf 89' lang='lat' dir='ltr'><strong>sub</strong></span> 
     </span>
    </p>
   </div>
   <div class='ocr_carea' id='block_1_22' title="bbox 132 2128 1700 2200">
    <p class='ocr_par' dir='ltr' id='par_1_22' title="bbox 132 2128 1700 2200">
     <span class='ocr_line' id='line_1_22' title="bbox 132 2128 1700 2200; baseline 0.003 -21"><span class='ocrx_word' id='word_1_144' title='bbox 132 2134 328 2191; x_wconf 86' lang='lat' dir='ltr'><strong>pectore</strong></span> <span class='ocrx_word' id='word_1_145' title='bbox 356 2135 582 2196; x_wconf 81' lang='lat' dir='ltr'><strong>grates,</strong></span> <span class='ocrx_word' id='word_1_146' title='bbox 613 2128 756 2197; x_wconf 85' lang='lat' dir='ltr'><strong>quod</strong></span> <span class='ocrx_word' id='word_1_147' title='bbox 796 2128 950 2183; x_wconf 90' lang='lat' dir='ltr'><strong>turba</strong></span> <span class='ocrx_word' id='word_1_148' title='bbox 984 2129 1223 2183; x_wconf 84' lang='lat' dir='ltr'><strong>nomium</strong></span> <span class='ocrx_word' id='word_1_149' title='bbox 1269 2130 1523 2200; x_wconf 74' lang='lat' dir='ltr'><strong>perfech</strong></span> <span class='ocrx_word' id='word_1_150' title='bbox 1577 2130 1700 2185; x_wconf 93' lang='lat' dir='ltr'><strong>ﬁdei</strong></span> 
     </span>
    </p>
   </div>
   <div class='ocr_carea' id='block_1_23' title="bbox 135 2215 1702 2291">
    <p class='ocr_par' dir='ltr' id='par_1_23' title="bbox 135 2215 1702 2291">
     <span class='ocr_line' id='line_1_23' title="bbox 135 2215 1702 2291; baseline 0.006 -24"><span class='ocrx_word' id='word_1_151' title='bbox 135 2215 263 2268; x_wconf 84' lang='lat' dir='ltr'><strong>novit</strong></span> <span class='ocrx_word' id='word_1_152' title='bbox 313 2231 516 2287; x_wconf 78' lang='lat' dir='ltr'><strong>rogare</strong></span> <span class='ocrx_word' id='word_1_153' title='bbox 549 2217 891 2273; x_wconf 88' lang='lat' dir='ltr'><strong>clementiam</strong></span> <span class='ocrx_word' id='word_1_154' title='bbox 934 2219 1144 2273; x_wconf 86' lang='lat' dir='ltr'><strong>Domini</strong></span> <span class='ocrx_word' id='word_1_155' title='bbox 1186 2219 1418 2285; x_wconf 91' lang='lat' dir='ltr'><strong>Christi;</strong></span> <span class='ocrx_word' id='word_1_156' title='bbox 1466 2236 1702 2291; x_wconf 75' lang='lat' dir='ltr'><strong>moxque</strong></span> 
     </span>
    </p>
   </div>
   <div class='ocr_carea' id='block_1_24' title="bbox 132 2305 1701 2382">
    <p class='ocr_par' dir='ltr' id='par_1_24' title="bbox 132 2305 1701 2382">
     <span class='ocr_line' id='line_1_24' title="bbox 132 2305 1701 2382; baseline 0.006 -23"><span class='ocrx_word' id='word_1_157' title='bbox 132 2306 231 2362; x_wconf 82' lang='lat' dir='ltr'><strong>solo</strong></span> <span class='ocrx_word' id='word_1_158' title='bbox 252 2305 396 2363; x_wconf 81' lang='lat' dir='ltr'><strong>fusus</strong></span> <span class='ocrx_word' id='word_1_159' title='bbox 424 2315 487 2361; x_wconf 76' lang='lat' dir='ltr'><strong>et</strong></span> <span class='ocrx_word' id='word_1_160' title='bbox 512 2306 706 2365; x_wconf 90' lang='lat' dir='ltr'><strong>faciem</strong></span> <span class='ocrx_word' id='word_1_161' title='bbox 726 2309 981 2381; x_wconf 87' lang='lat' dir='ltr'><strong>lacrymis</strong></span> <span class='ocrx_word' id='word_1_162' title='bbox 1008 2310 1260 2382; x_wconf 84' lang='lat' dir='ltr'><strong>perfusus</strong></span> <span class='ocrx_word' id='word_1_163' title='bbox 1287 2330 1300 2366; x_wconf 88' lang='lat'><strong>:</strong></span> <span class='ocrx_word' id='word_1_164' title='bbox 1341 2330 1360 2363; x_wconf 72' lang='grc' dir='ltr'><strong>ι</strong></span> <span class='ocrx_word' id='word_1_165' title='bbox 1397 2312 1441 2369; x_wconf 96' lang='grc' dir='ltr'>Ο</span> <span class='ocrx_word' id='word_1_166' title='bbox 1474 2312 1701 2368; x_wconf 90' lang='lat' dir='ltr'><strong>Domine</strong></span> 
     </span>
    </p>
   </div>
   <div class='ocr_carea' id='block_1_25' title="bbox 136 2395 1703 2475">
    <p class='ocr_par' dir='ltr' id='par_1_25' title="bbox 136 2395 1703 2475">
     <span class='ocr_line' id='line_1_25' title="bbox 136 2395 1703 2475; baseline 0.006 -25"><span class='ocrx_word' id='word_1_167' title='bbox 136 2395 294 2463; x_wconf 90' lang='lat' dir='ltr'><strong>Pater,</strong></span> <span class='ocrx_word' id='word_1_168' title='bbox 328 2400 425 2467; x_wconf 85' lang='lat' dir='ltr'><strong>ait,</strong></span> <span class='ocrx_word' id='word_1_169' title='bbox 460 2417 571 2455; x_wconf 91' lang='lat' dir='ltr'><strong>non</strong></span> <span class='ocrx_word' id='word_1_170' title='bbox 603 2402 668 2456; x_wconf 90' lang='lat' dir='ltr'><strong>ad</strong></span> <span class='ocrx_word' id='word_1_171' title='bbox 703 2402 899 2456; x_wconf 87' lang='lat' dir='ltr'><strong>merita</strong></span> <span class='ocrx_word' id='word_1_172' title='bbox 943 2416 1080 2466; x_wconf 87' lang='lat' dir='ltr'><strong>mea,</strong></span> <span class='ocrx_word' id='word_1_173' title='bbox 1121 2402 1214 2457; x_wconf 90' lang='lat' dir='ltr'><strong>sed</strong></span> <span class='ocrx_word' id='word_1_174' title='bbox 1248 2404 1314 2458; x_wconf 89' lang='lat' dir='ltr'><strong>ad</strong></span> <span class='ocrx_word' id='word_1_175' title='bbox 1358 2412 1460 2459; x_wconf 75' lang='lat' dir='ltr'><strong>tum</strong></span> <span class='ocrx_word' id='word_1_176' title='bbox 1487 2404 1703 2475; x_wconf 87' lang='lat' dir='ltr'><strong>pietatis</strong></span> 
     </span>
    </p>
   </div>
   <div class='ocr_carea' id='block_1_26' title="bbox 135 2492 1703 2564">
    <p class='ocr_par' dir='ltr' id='par_1_26' title="bbox 135 2492 1703 2564">
     <span class='ocr_line' id='line_1_26' title="bbox 135 2492 1703 2564; baseline 0.006 -22"><span class='ocrx_word' id='word_1_177' title='bbox 135 2504 297 2558; x_wconf 84' lang='lat' dir='ltr'><strong>opera,</strong></span> <span class='ocrx_word' id='word_1_178' title='bbox 322 2506 542 2561; x_wconf 87' lang='lat' dir='ltr'><strong>precor,</strong></span> <span class='ocrx_word' id='word_1_179' title='bbox 588 2492 836 2562; x_wconf 83' lang='lat' dir='ltr'><strong>placatus</strong></span> <span class='ocrx_word' id='word_1_180' title='bbox 871 2493 1122 2558; x_wconf 89' lang='lat' dir='ltr'><strong>attende,</strong></span> <span class='ocrx_word' id='word_1_181' title='bbox 1152 2504 1206 2549; x_wconf 90' lang='lat' dir='ltr'><strong>et</strong></span> <span class='ocrx_word' id='word_1_182' title='bbox 1249 2496 1505 2551; x_wconf 85' lang='lat' dir='ltr'><strong>aerumnis</strong></span> <span class='ocrx_word' id='word_1_183' title='bbox 1542 2494 1703 2564; x_wconf 88' lang='lat' dir='ltr'><strong>hujus</strong></span> 
     </span>
    </p>
   </div>
   <div class='ocr_carea' id='block_1_27' title="bbox 136 2584 1705 2660">
    <p class='ocr_par' dir='ltr' id='par_1_27' title="bbox 136 2584 1705 2660">
     <span class='ocr_line' id='line_1_27' title="bbox 136 2584 1705 2660; baseline 0.003 -21"><span class='ocrx_word' id='word_1_184' title='bbox 136 2584 354 2641; x_wconf 86' lang='lat' dir='ltr'><strong>mulieris</strong></span> <span class='ocrx_word' id='word_1_185' title='bbox 406 2601 571 2657; x_wconf 87' lang='lat' dir='ltr'><strong>opem</strong></span> <span class='ocrx_word' id='word_1_186' title='bbox 622 2595 726 2641; x_wconf 85' lang='lat' dir='ltr'><strong>tuae</strong></span> <span class='ocrx_word' id='word_1_187' title='bbox 772 2586 1154 2643; x_wconf 85' lang='lat' dir='ltr'><strong>consolationis</strong></span> <span class='ocrx_word' id='word_1_188' title='bbox 1205 2588 1489 2660; x_wconf 84' lang='lat' dir='ltr'><strong>impende,</strong></span> <span class='ocrx_word' id='word_1_189' title='bbox 1549 2590 1705 2645; x_wconf 85' lang='lat' dir='ltr'><strong>resti-</strong></span> 
     </span>
    </p>
   </div>
   <div class='ocr_carea' id='block_1_28' title="bbox 138 2678 1702 2751">
    <p class='ocr_par' dir='ltr' id='par_1_28' title="bbox 138 2678 1702 2751">
     <span class='ocr_line' id='line_1_28' title="bbox 138 2678 1702 2751; baseline 0.004 -21"><span class='ocrx_word' id='word_1_190' title='bbox 138 2679 316 2734; x_wconf 91' lang='lat' dir='ltr'><strong>tuendo</strong></span> <span class='ocrx_word' id='word_1_191' title='bbox 349 2679 682 2734; x_wconf 83' lang='lat' dir='ltr'><strong>incolumem</strong></span> <span class='ocrx_word' id='word_1_192' title='bbox 715 2679 883 2736; x_wconf 91' lang='lat' dir='ltr'><strong>ﬁlium</strong></span> <span class='ocrx_word' id='word_1_193' title='bbox 908 2694 1064 2735; x_wconf 90' lang='lat' dir='ltr'><strong>suum</strong></span> <span class='ocrx_word' id='word_1_194' title='bbox 1099 2695 1195 2751; x_wconf 88' lang='lat' dir='ltr'><strong>per</strong></span> <span class='ocrx_word' id='word_1_195' title='bbox 1218 2678 1400 2736; x_wconf 82' lang='lat' dir='ltr'><strong>Jesum</strong></span> <span class='ocrx_word' id='word_1_196' title='bbox 1425 2680 1702 2737; x_wconf 89' lang='lat' dir='ltr'><strong>Christum</strong></span> 
     </span>
    </p>
   </div>
   <div class='ocr_carea' id='block_1_29' title="bbox 136 2770 1703 2845">
    <p class='ocr_par' dir='ltr' id='par_1_29' title="bbox 136 2770 1703 2845">
     <span class='ocr_line' id='line_1_29' title="bbox 136 2770 1703 2845; baseline 0.003 -20"><span class='ocrx_word' id='word_1_197' title='bbox 136 2770 392 2827; x_wconf 90' lang='lat' dir='ltr'><strong>Dominum</strong></span> <span class='ocrx_word' id='word_1_198' title='bbox 428 2785 683 2829; x_wconf 85' lang='lat' dir='ltr'><strong>nostrum</strong></span> <span class='ocrx_word' id='word_1_199' title='bbox 722 2773 1059 2845; x_wconf 82' lang='lat' dir='ltr'><strong>unigenitum</strong></span> <span class='ocrx_word' id='word_1_200' title='bbox 1090 2773 1284 2829; x_wconf 86' lang='lat' dir='ltr'><strong>Filium</strong></span> <span class='ocrx_word' id='word_1_201' title='bbox 1319 2784 1492 2829; x_wconf 90' lang='lat' dir='ltr'><strong>tuum.</strong></span> <span class='ocrx_word' id='word_1_202' title='bbox 1529 2794 1548 2827; x_wconf 84' lang='grc' dir='ltr'><strong>ι</strong></span> <span class='ocrx_word' id='word_1_203' title='bbox 1585 2775 1703 2843; x_wconf 93' lang='lat' dir='ltr'><strong>Quo</strong></span> 
     </span>
    </p>
   </div>
   <div class='ocr_carea' id='block_1_30' title="bbox 134 2863 1704 2936">
    <p class='ocr_par' dir='ltr' id='par_1_30' title="bbox 134 2863 1704 2936">
     <span class='ocr_line' id='line_1_30' title="bbox 134 2863 1704 2936; baseline 0.004 -20"><span class='ocrx_word' id='word_1_204' title='bbox 134 2863 260 2919; x_wconf 88' lang='lat' dir='ltr'><strong>dicto</strong></span> <span class='ocrx_word' id='word_1_205' title='bbox 300 2867 564 2932; x_wconf 83' lang='lat' dir='ltr'><strong>surrexit,</strong></span> <span class='ocrx_word' id='word_1_206' title='bbox 611 2875 669 2921; x_wconf 91' lang='lat' dir='ltr'><strong>et</strong></span> <span class='ocrx_word' id='word_1_207' title='bbox 718 2874 880 2936; x_wconf 91' lang='lat' dir='ltr'><strong>caput</strong></span> <span class='ocrx_word' id='word_1_208' title='bbox 930 2866 1167 2921; x_wconf 79' lang='lat' dir='ltr'><strong>defuncti</strong></span> <span class='ocrx_word' id='word_1_209' title='bbox 1222 2867 1458 2922; x_wconf 83' lang='lat' dir='ltr'><strong>dexterae</strong></span> <span class='ocrx_word' id='word_1_210' title='bbox 1512 2881 1704 2923; x_wconf 87' lang='lat' dir='ltr'><strong>manus</strong></span> 
     </span>
    </p>
   </div>
   <div class='ocr_carea' id='block_1_31' title="bbox 133 2957 1704 3031">
    <p class='ocr_par' dir='ltr' id='par_1_31' title="bbox 133 2957 1704 3031">
     <span class='ocr_line' id='line_1_31' title="bbox 133 2957 1704 3031; baseline 0.004 -24"><span class='ocrx_word' id='word_1_211' title='bbox 133 2957 419 3013; x_wconf 81' lang='lat' dir='ltr'><strong>extensione</strong></span> <span class='ocrx_word' id='word_1_212' title='bbox 458 2958 676 3027; x_wconf 83' lang='lat' dir='ltr'><strong>tetigit:</strong></span> <span class='ocrx_word' id='word_1_213' title='bbox 708 2958 794 3012; x_wconf 90' lang='lat' dir='ltr'><strong>cui</strong></span> <span class='ocrx_word' id='word_1_214' title='bbox 834 2957 903 3012; x_wconf 90' lang='lat' dir='ltr'><strong>ad</strong></span> <span class='ocrx_word' id='word_1_215' title='bbox 939 2958 1057 3029; x_wconf 86' lang='lat' dir='ltr'><strong>ejus</strong></span> <span class='ocrx_word' id='word_1_216' title='bbox 1088 2967 1291 3013; x_wconf 88' lang='lat' dir='ltr'><strong>tactum</strong></span> <span class='ocrx_word' id='word_1_217' title='bbox 1330 2969 1492 3029; x_wconf 88' lang='lat' dir='ltr'><strong>caput</strong></span> <span class='ocrx_word' id='word_1_218' title='bbox 1520 2960 1704 3031; x_wconf 78' lang='lat' dir='ltr'><strong>exagi-</strong></span> 
     </span>
    </p>
   </div>
   <div class='ocr_carea' id='block_1_32' title="bbox 135 3045 1702 3119">
    <p class='ocr_par' dir='ltr' id='par_1_32' title="bbox 135 3045 1702 3119">
     <span class='ocr_line' id='line_1_32' title="bbox 135 3045 1702 3119; baseline 0.005 -23"><span class='ocrx_word' id='word_1_219' title='bbox 135 3045 250 3099; x_wconf 87' lang='lat' dir='ltr'><strong>tauti</strong></span> <span class='ocrx_word' id='word_1_220' title='bbox 293 3046 372 3100; x_wconf 86' lang='lat' dir='ltr'><strong>vir</strong></span> <span class='ocrx_word' id='word_1_221' title='bbox 416 3046 517 3101; x_wconf 90' lang='lat' dir='ltr'><strong>Dei</strong></span> <span class='ocrx_word' id='word_1_222' title='bbox 565 3062 785 3102; x_wconf 91' lang='lat' dir='ltr'><strong>manum</strong></span> <span class='ocrx_word' id='word_1_223' title='bbox 827 3047 1104 3119; x_wconf 87' lang='lat' dir='ltr'><strong>porrexit,</strong></span> <span class='ocrx_word' id='word_1_224' title='bbox 1149 3058 1204 3102; x_wconf 89' lang='lat' dir='ltr'><strong>et</strong></span> <span class='ocrx_word' id='word_1_225' title='bbox 1239 3060 1481 3104; x_wconf 88' lang='lat' dir='ltr'><strong>erectum</strong></span> <span class='ocrx_word' id='word_1_226' title='bbox 1522 3050 1702 3104; x_wconf 84' lang='lat' dir='ltr'><strong>vivum</strong></span> 
     </span>
    </p>
   </div>
   <div class='ocr_carea' id='block_1_33' title="bbox 134 3135 1701 3211">
    <p class='ocr_par' dir='ltr' id='par_1_33' title="bbox 134 3135 1701 3211">
     <span class='ocr_line' id='line_1_33' title="bbox 134 3135 1701 3211; baseline 0.008 -23"><span class='ocrx_word' id='word_1_227' title='bbox 134 3135 555 3210; x_wconf 81' lang='lat' dir='ltr'><strong>incolumemque</strong></span> <span class='ocrx_word' id='word_1_228' title='bbox 591 3140 803 3195; x_wconf 89' lang='lat' dir='ltr'><strong>cunctis</strong></span> <span class='ocrx_word' id='word_1_229' title='bbox 848 3140 1117 3195; x_wconf 80' lang='lat' dir='ltr'><strong>exhibuit.</strong></span> <span class='ocrx_word' id='word_1_230' title='bbox 1161 3140 1367 3211; x_wconf 76' lang='lat' dir='ltr'><strong>Vulgus</strong></span> <span class='ocrx_word' id='word_1_231' title='bbox 1405 3141 1459 3196; x_wconf 92' lang='lat' dir='ltr'><strong>in</strong></span> <span class='ocrx_word' id='word_1_232' title='bbox 1503 3144 1701 3200; x_wconf 91' lang='lat' dir='ltr'><strong>nimios</strong></span> 
     </span>
    </p>
   </div>
   <div class='ocr_carea' id='block_1_34' title="bbox 133 3228 1701 3299">
    <p class='ocr_par' dir='ltr' id='par_1_34' title="bbox 133 3228 1701 3299">
     <span class='ocr_line' id='line_1_34' title="bbox 133 3228 1701 3299; baseline 0.008 -18"><span class='ocrx_word' id='word_1_233' title='bbox 133 3228 491 3287; x_wconf 84' lang='lat' dir='ltr'><strong>admirationis</strong></span> <span class='ocrx_word' id='word_1_234' title='bbox 544 3246 607 3285; x_wconf 88' lang='lat' dir='ltr'><strong>ac</strong></span> <span class='ocrx_word' id='word_1_235' title='bbox 652 3232 828 3287; x_wconf 90' lang='lat' dir='ltr'><strong>laudis</strong></span> <span class='ocrx_word' id='word_1_236' title='bbox 871 3232 1139 3289; x_wconf 89' lang='lat' dir='ltr'><strong>clamores</strong></span> <span class='ocrx_word' id='word_1_237' title='bbox 1181 3234 1471 3299; x_wconf 79' lang='lat' dir='ltr'><strong>excitatur,</strong></span> <span class='ocrx_word' id='word_1_238' title='bbox 1503 3245 1559 3291; x_wconf 90' lang='lat' dir='ltr'><strong>et</strong></span> <span class='ocrx_word' id='word_1_239' title='bbox 1596 3237 1701 3293; x_wconf 88' lang='lat' dir='ltr'><strong>ﬁde</strong></span> 
     </span>
    </p>
   </div>
   <div class='ocr_carea' id='block_1_35' title="bbox 133 3320 1704 3396">
    <p class='ocr_par' dir='ltr' id='par_1_35' title="bbox 133 3320 1704 3396">
     <span class='ocr_line' id='line_1_35' title="bbox 133 3320 1704 3396; baseline 0.008 -23"><span class='ocrx_word' id='word_1_240' title='bbox 133 3320 420 3389; x_wconf 85' lang='lat' dir='ltr'><strong>plenissima</strong></span> <span class='ocrx_word' id='word_1_241' title='bbox 453 3325 515 3378; x_wconf 91' lang='lat' dir='ltr'><strong>in</strong></span> <span class='ocrx_word' id='word_1_242' title='bbox 552 3324 885 3381; x_wconf 72' lang='lat' dir='ltr'><strong>Christiana:</strong></span> <span class='ocrx_word' id='word_1_243' title='bbox 922 3325 1055 3396; x_wconf 84' lang='lat' dir='ltr'><strong>legis</strong></span> <span class='ocrx_word' id='word_1_244' title='bbox 1084 3328 1430 3382; x_wconf 84' lang='lat' dir='ltr'><strong>observantia</strong></span> <span class='ocrx_word' id='word_1_245' title='bbox 1467 3331 1704 3385; x_wconf 91' lang='lat' dir='ltr'><strong>consoli-</strong></span> 
     </span>
    </p>
   </div>
   <div class='ocr_carea' id='block_1_36' title="bbox 133 3411 1702 3492">
    <p class='ocr_par' dir='ltr' id='par_1_36' title="bbox 133 3411 1702 3492">
     <span class='ocr_line' id='line_1_36' title="bbox 133 3411 1702 3492; baseline 0.01 -30"><span class='ocrx_word' id='word_1_246' title='bbox 133 3411 294 3467; x_wconf 84' lang='lat' dir='ltr'><strong>datur.</strong></span> <span class='ocrx_word' id='word_1_247' title='bbox 326 3413 465 3468; x_wconf 89' lang='lat' dir='ltr'><strong>Puer</strong></span> <span class='ocrx_word' id='word_1_248' title='bbox 502 3415 775 3469; x_wconf 87' lang='lat' dir='ltr'><strong>redivivus</strong></span> <span class='ocrx_word' id='word_1_249' title='bbox 814 3416 867 3469; x_wconf 91' lang='lat' dir='ltr'><strong>in</strong></span> <span class='ocrx_word' id='word_1_250' title='bbox 903 3416 1122 3471; x_wconf 83' lang='lat' dir='ltr'><strong>Christo</strong></span> <span class='ocrx_word' id='word_1_251' title='bbox 1161 3432 1258 3487; x_wconf 87' lang='lat' dir='ltr'><strong>per</strong></span> <span class='ocrx_word' id='word_1_252' title='bbox 1303 3434 1496 3476; x_wconf 86' lang='lat' dir='ltr'><strong>manus</strong></span> <span class='ocrx_word' id='word_1_253' title='bbox 1534 3421 1702 3492; x_wconf 89' lang='lat' dir='ltr'><strong>impo-</strong></span> 
     </span>
    </p>
   </div>
   <div class='ocr_carea' id='block_1_37' title="bbox 136 3503 1703 3579">
    <p class='ocr_par' dir='ltr' id='par_1_37' title="bbox 136 3503 1703 3579">
     <span class='ocr_line' id='line_1_37' title="bbox 136 3503 1703 3579; baseline 0.01 -25"><span class='ocrx_word' id='word_1_254' title='bbox 136 3503 364 3558; x_wconf 84' lang='lat' dir='ltr'><strong>sitionem</strong></span> <span class='ocrx_word' id='word_1_255' title='bbox 407 3506 803 3573; x_wconf 86' lang='lat' dir='ltr'><strong>conﬁrmatur,</strong></span> <span class='ocrx_word' id='word_1_256' title='bbox 836 3508 998 3562; x_wconf 90' lang='lat' dir='ltr'><strong>matri</strong></span> <span class='ocrx_word' id='word_1_257' title='bbox 1036 3524 1156 3563; x_wconf 89' lang='lat' dir='ltr'><strong>cum</strong></span> <span class='ocrx_word' id='word_1_258' title='bbox 1186 3510 1383 3579; x_wconf 88' lang='lat' dir='ltr'><strong>gaudio</strong></span> <span class='ocrx_word' id='word_1_259' title='bbox 1413 3513 1703 3569; x_wconf 89' lang='lat' dir='ltr'><strong>redonatnr</strong></span> 
     </span>
    </p>
   </div>
   <div class='ocr_carea' id='block_1_38' title="bbox 133 3600 1704 3667">
    <p class='ocr_par' dir='ltr' id='par_1_38' title="bbox 133 3600 1704 3667">
     <span class='ocr_line' id='line_1_38' title="bbox 133 3600 1704 3667; baseline 0.011 -22"><span class='ocrx_word' id='word_1_260' title='bbox 133 3608 188 3646; x_wconf 87' lang='lat' dir='ltr'><strong>eo</strong></span> <span class='ocrx_word' id='word_1_261' title='bbox 231 3606 383 3666; x_wconf 89' lang='lat' dir='ltr'><strong>pacto</strong></span> <span class='ocrx_word' id='word_1_262' title='bbox 426 3608 494 3652; x_wconf 83' lang='grc' dir='ltr'><strong>ιιι</strong></span> <span class='ocrx_word' id='word_1_263' title='bbox 540 3607 745 3667; x_wconf 89' lang='lat' dir='ltr'><strong>septem</strong></span> <span class='ocrx_word' id='word_1_264' title='bbox 794 3600 953 3656; x_wconf 91' lang='lat' dir='ltr'><strong>annis</strong></span> <span class='ocrx_word' id='word_1_265' title='bbox 1003 3612 1246 3657; x_wconf 90' lang='lat' dir='ltr'><strong>materna</strong></span> <span class='ocrx_word' id='word_1_266' title='bbox 1296 3618 1427 3657; x_wconf 86' lang='lat' dir='ltr'><strong>cura</strong></span> <span class='ocrx_word' id='word_1_267' title='bbox 1468 3607 1704 3663; x_wconf 90' lang='lat' dir='ltr'><strong>nutritus</strong></span> 
     </span>
    </p>
   </div>
   <div class='ocr_carea' id='block_1_39' title="bbox 131 3687 1704 3768">
    <p class='ocr_par' dir='ltr' id='par_1_39' title="bbox 131 3687 1704 3768">
     <span class='ocr_line' id='line_1_39' title="bbox 131 3687 1704 3768; baseline 0.01 -30"><span class='ocrx_word' id='word_1_268' title='bbox 131 3687 231 3741; x_wconf 84' lang='lat' dir='ltr'><strong>vim</strong></span> <span class='ocrx_word' id='word_1_269' title='bbox 262 3689 348 3744; x_wconf 88' lang='lat' dir='ltr'><strong>Dei</strong></span> <span class='ocrx_word' id='word_1_270' title='bbox 384 3690 732 3747; x_wconf 87' lang='lat' dir='ltr'><strong>restituatur.</strong></span> <span class='ocrx_word' id='word_1_271' title='bbox 762 3691 914 3759; x_wconf 87' lang='lat' dir='ltr'><strong>Quod</strong></span> <span class='ocrx_word' id='word_1_272' title='bbox 961 3702 1081 3763; x_wconf 87' lang='lat' dir='ltr'><strong>post</strong></span> <span class='ocrx_word' id='word_1_273' title='bbox 1122 3694 1444 3763; x_wconf 65' lang='lat' dir='ltr'><strong>prtelinitum</strong></span> <span class='ocrx_word' id='word_1_274' title='bbox 1494 3706 1704 3768; x_wconf 90' lang='lat' dir='ltr'><strong>tempus</strong></span> 
     </span>
    </p>
   </div>
   <div class='ocr_carea' id='block_1_40' title="bbox 131 3781 1705 3852">
    <p class='ocr_par' dir='ltr' id='par_1_40' title="bbox 131 3781 1705 3852">
     <span class='ocr_line' id='line_1_40' title="bbox 131 3781 1705 3852; baseline 0.008 -21"><span class='ocrx_word' id='word_1_275' title='bbox 131 3792 188 3832; x_wconf 90' lang='lat' dir='ltr'><strong>ne</strong></span> <span class='ocrx_word' id='word_1_276' title='bbox 214 3781 354 3837; x_wconf 87' lang='lat' dir='ltr'><strong>ﬁeret</strong></span> <span class='ocrx_word' id='word_1_277' title='bbox 393 3790 552 3852; x_wconf 89' lang='lat' dir='ltr'><strong>patre</strong></span> <span class='ocrx_word' id='word_1_278' title='bbox 590 3798 690 3837; x_wconf 92' lang='lat' dir='ltr'><strong>suo</strong></span> <span class='ocrx_word' id='word_1_279' title='bbox 731 3783 1105 3851; x_wconf 88' lang='lat' dir='ltr'><strong>iuterdiceute,</strong></span> <span class='ocrx_word' id='word_1_280' title='bbox 1152 3786 1303 3841; x_wconf 83' lang='lat' dir='ltr'><strong>exsul</strong></span> <span class='ocrx_word' id='word_1_281' title='bbox 1344 3789 1410 3842; x_wconf 89' lang='lat' dir='ltr'><strong>ad</strong></span> <span class='ocrx_word' id='word_1_282' title='bbox 1449 3798 1705 3845; x_wconf 80' lang='lat' dir='ltr'><strong>externos</strong></span> 
     </span>
    </p>
   </div>
   <div class='ocr_carea' id='block_1_41' title="bbox 132 3868 1701 3951">
    <p class='ocr_par' dir='ltr' id='par_1_41' title="bbox 132 3868 1701 3951">
     <span class='ocr_line' id='line_1_41' title="bbox 132 3868 1701 3951; baseline 0.01 -32"><span class='ocrx_word' id='word_1_283' title='bbox 132 3868 248 3940; x_wconf 81' lang='lat' dir='ltr'><strong>fugit</strong></span> <span class='ocrx_word' id='word_1_284' title='bbox 276 3888 396 3928; x_wconf 90' lang='lat' dir='ltr'><strong>cum</strong></span> <span class='ocrx_word' id='word_1_285' title='bbox 427 3873 589 3945; x_wconf 83' lang='lat' dir='ltr'><strong>prole</strong></span> <span class='ocrx_word' id='word_1_286' title='bbox 619 3875 940 3941; x_wconf 84' lang='lat' dir='ltr'><strong>Britannos,</strong></span> <span class='ocrx_word' id='word_1_287' title='bbox 976 3877 1161 3933; x_wconf 91' lang='lat' dir='ltr'><strong>sciens</strong></span> <span class='ocrx_word' id='word_1_288' title='bbox 1197 3879 1450 3935; x_wconf 88' lang='lat' dir='ltr'><strong>videlicet</strong></span> <span class='ocrx_word' id='word_1_289' title='bbox 1478 3896 1701 3951; x_wconf 90' lang='lat' dir='ltr'><strong>puerum</strong></span> 
     </span>
    </p>
   </div>
   <div class='ocr_carea' id='block_1_42' title="bbox 131 3966 1705 4042">
    <p class='ocr_par' dir='ltr' id='par_1_42' title="bbox 131 3966 1705 4042">
     <span class='ocr_line' id='line_1_42' title="bbox 131 3966 1705 4042; baseline 0.01 -30"><span class='ocrx_word' id='word_1_290' title='bbox 131 3974 453 4034; x_wconf 86' lang='lat' dir='ltr'><strong>nequaquam</strong></span> <span class='ocrx_word' id='word_1_291' title='bbox 513 3975 701 4020; x_wconf 87' lang='lat' dir='ltr'><strong>contra</strong></span> <span class='ocrx_word' id='word_1_292' title='bbox 744 3966 844 4020; x_wconf 91' lang='lat' dir='ltr'><strong>viri</strong></span> <span class='ocrx_word' id='word_1_293' title='bbox 890 3967 983 4023; x_wconf 87' lang='lat' dir='ltr'><strong>Dei</strong></span> <span class='ocrx_word' id='word_1_294' title='bbox 1022 3979 1349 4041; x_wconf 86' lang='lat' dir='ltr'><strong>praeceptum</strong></span> <span class='ocrx_word' id='word_1_295' title='bbox 1393 3971 1445 4025; x_wconf 88' lang='lat' dir='ltr'><strong>itt</strong></span> <span class='ocrx_word' id='word_1_296' title='bbox 1486 3972 1705 4042; x_wconf 89' lang='lat' dir='ltr'><strong>proprio</strong></span> 
     </span>
    </p>
   </div>
   <div class='ocr_carea' id='block_1_43' title="bbox 129 4062 1702 4135">
    <p class='ocr_par' dir='ltr' id='par_1_43' title="bbox 129 4062 1702 4135">
     <span class='ocr_line' id='line_1_43' title="bbox 129 4062 1702 4135; baseline 0.01 -30"><span class='ocrx_word' id='word_1_297' title='bbox 129 4067 293 4109; x_wconf 85' lang='lat' dir='ltr'><strong>secum</strong></span> <span class='ocrx_word' id='word_1_298' title='bbox 322 4072 488 4126; x_wconf 91' lang='lat' dir='ltr'><strong>posse</strong></span> <span class='ocrx_word' id='word_1_299' title='bbox 520 4073 765 4114; x_wconf 88' lang='lat' dir='ltr'><strong>manere.</strong></span> <span class='ocrx_word' id='word_1_300' title='bbox 800 4062 954 4127; x_wconf 84' lang='lat' dir='ltr'><strong>Quod</strong></span> <span class='ocrx_word' id='word_1_301' title='bbox 987 4070 1166 4117; x_wconf 90' lang='lat' dir='ltr'><strong>tamen</strong></span> <span class='ocrx_word' id='word_1_302' title='bbox 1206 4079 1303 4118; x_wconf 90' lang='lat' dir='ltr'><strong>sua</strong></span> <span class='ocrx_word' id='word_1_303' title='bbox 1342 4064 1463 4135; x_wconf 88' lang='lat' dir='ltr'><strong>fuga</strong></span> <span class='ocrx_word' id='word_1_304' title='bbox 1490 4066 1537 4119; x_wconf 93' lang='lat' dir='ltr'><strong>ei</strong></span> <span class='ocrx_word' id='word_1_305' title='bbox 1570 4080 1702 4121; x_wconf 84' lang='lat' dir='ltr'><strong>eon-</strong></span> 
     </span>
    </p>
   </div>
   <div class='ocr_carea' id='block_1_44' title="bbox 130 4144 1701 4228">
    <p class='ocr_par' dir='ltr' id='par_1_44' title="bbox 130 4144 1701 4228">
     <span class='ocr_line' id='line_1_44' title="bbox 130 4144 1701 4228; baseline 0.011 -34"><span class='ocrx_word' id='word_1_306' title='bbox 130 4144 257 4200; x_wconf 88' lang='lat' dir='ltr'><strong>tulit.</strong></span> <span class='ocrx_word' id='word_1_307' title='bbox 301 4148 429 4204; x_wconf 90' lang='lat' dir='ltr'><strong>Post</strong></span> <span class='ocrx_word' id='word_1_308' title='bbox 472 4151 631 4220; x_wconf 85' lang='lat' dir='ltr'><strong>parvi</strong></span> <span class='ocrx_word' id='word_1_309' title='bbox 685 4154 946 4221; x_wconf 91' lang='lat' dir='ltr'><strong>temporis</strong></span> <span class='ocrx_word' id='word_1_310' title='bbox 989 4155 1104 4210; x_wconf 90' lang='lat' dir='ltr'><strong>dies</strong></span> <span class='ocrx_word' id='word_1_311' title='bbox 1147 4156 1435 4225; x_wconf 76' lang='lat' dir='ltr'><strong>praefectus</strong></span> <span class='ocrx_word' id='word_1_312' title='bbox 1482 4158 1701 4228; x_wconf 88' lang='lat' dir='ltr'><strong>quidatn</strong></span> 
     </span>
    </p>
   </div>
   <div class='ocr_carea' id='block_1_45' title="bbox 130 4234 1698 4314">
    <p class='ocr_par' dir='ltr' id='par_1_45' title="bbox 130 4234 1698 4314">
     <span class='ocr_line' id='line_1_45' title="bbox 130 4234 1698 4314; baseline 0.008 -25"><span class='ocrx_word' id='word_1_313' title='bbox 130 4234 295 4293; x_wconf 76' lang='lat' dir='ltr'><strong>lm-itis</strong></span> <span class='ocrx_word' id='word_1_314' title='bbox 324 4241 644 4309; x_wconf 86' lang='lat' dir='ltr'><strong>parentibus</strong></span> <span class='ocrx_word' id='word_1_315' title='bbox 677 4258 905 4314; x_wconf 91' lang='lat' dir='ltr'><strong>puerum</strong></span> <span class='ocrx_word' id='word_1_316' title='bbox 950 4246 1003 4300; x_wconf 91' lang='lat' dir='ltr'><strong>in</strong></span> <span class='ocrx_word' id='word_1_317' title='bbox 1029 4261 1221 4299; x_wconf 89' lang='lat' dir='ltr'><strong>manus</strong></span> <span class='ocrx_word' id='word_1_318' title='bbox 1249 4245 1425 4303; x_wconf 86' lang='lat' dir='ltr'><strong>Patris</strong></span> <span class='ocrx_word' id='word_1_319' title='bbox 1456 4248 1698 4314; x_wconf 75' lang='lat' dir='ltr'><strong>reduxit,</strong></span> 
     </span>
    </p>
   </div>
   <div class='ocr_carea' id='block_1_46' title="bbox 132 4336 1703 4407">
    <p class='ocr_par' dir='ltr' id='par_1_46' title="bbox 132 4336 1703 4407">
     <span class='ocr_line' id='line_1_46' title="bbox 132 4336 1703 4407; baseline 0.009 -26"><span class='ocrx_word' id='word_1_320' title='bbox 132 4344 293 4396; x_wconf 87' lang='lat' dir='ltr'><strong>quem</strong></span> <span class='ocrx_word' id='word_1_321' title='bbox 332 4336 587 4403; x_wconf 89' lang='lat' dir='ltr'><strong>protinus</strong></span> <span class='ocrx_word' id='word_1_322' title='bbox 644 4338 864 4390; x_wconf 85' lang='lat' dir='ltr'><strong>servitio</strong></span> <span class='ocrx_word' id='word_1_323' title='bbox 919 4336 1014 4391; x_wconf 91' lang='lat' dir='ltr'><strong>Dei</strong></span> <span class='ocrx_word' id='word_1_324' title='bbox 1068 4338 1411 4407; x_wconf 86' lang='lat' dir='ltr'><strong>maneipavit,</strong></span> <span class='ocrx_word' id='word_1_325' title='bbox 1467 4348 1523 4394; x_wconf 88' lang='lat' dir='ltr'><strong>et</strong></span> <span class='ocrx_word' id='word_1_326' title='bbox 1566 4339 1703 4395; x_wconf 88' lang='lat' dir='ltr'><strong>bene</strong></span> 
     </span>
    </p>
   </div>
   <div class='ocr_carea' id='block_1_47' title="bbox 130 4417 1703 4493">
    <p class='ocr_par' dir='ltr' id='par_1_47' title="bbox 130 4417 1703 4493">
     <span class='ocr_line' id='line_1_47' title="bbox 130 4417 1703 4493; baseline 0.009 -24"><span class='ocrx_word' id='word_1_327' title='bbox 130 4417 447 4477; x_wconf 88' lang='lat' dir='ltr'><strong>instructum</strong></span> <span class='ocrx_word' id='word_1_328' title='bbox 479 4424 724 4493; x_wconf 89' lang='lat' dir='ltr'><strong>pluribus</strong></span> <span class='ocrx_word' id='word_1_329' title='bbox 756 4425 1068 4480; x_wconf 83' lang='lat' dir='ltr'><strong>imitabilem</strong></span> <span class='ocrx_word' id='word_1_330' title='bbox 1110 4426 1163 4480; x_wconf 90' lang='lat' dir='ltr'><strong>in</strong></span> <span class='ocrx_word' id='word_1_331' title='bbox 1196 4435 1383 4483; x_wconf 89' lang='lat' dir='ltr'><strong>sancta</strong></span> <span class='ocrx_word' id='word_1_332' title='bbox 1414 4442 1703 4484; x_wconf 84' lang='lat' dir='ltr'><strong>conversa-</strong></span> 
     </span>
    </p>
   </div>
   <div class='ocr_carea' id='block_1_48' title="bbox 1796 569 3385 643">
    <p class='ocr_par' dir='ltr' id='par_1_48' title="bbox 1796 569 3385 643">
     <span class='ocr_line' id='line_1_48' title="bbox 1796 569 3385 643; baseline 0 -19"><span class='ocrx_word' id='word_1_333' title='bbox 1796 571 1918 641; x_wconf 85' lang='lat' dir='ltr'><strong>jttra</strong></span> <span class='ocrx_word' id='word_1_334' title='bbox 1944 573 2171 635; x_wconf 86' lang='lat' dir='ltr'><strong>tenenti,</strong></span> <span class='ocrx_word' id='word_1_335' title='bbox 2191 582 2331 626; x_wconf 87' lang='lat' dir='ltr'><strong>terra</strong></span> <span class='ocrx_word' id='word_1_336' title='bbox 2353 571 2597 643; x_wconf 83' lang='lat' dir='ltr'><strong>frugibus</strong></span> <span class='ocrx_word' id='word_1_337' title='bbox 2609 583 2662 626; x_wconf 91' lang='lat' dir='ltr'><strong>et</strong></span> <span class='ocrx_word' id='word_1_338' title='bbox 2681 571 3070 642; x_wconf 88' lang='lat' dir='ltr'><strong>tranquillitate</strong></span> <span class='ocrx_word' id='word_1_339' title='bbox 3081 569 3259 639; x_wconf 89' lang='lat' dir='ltr'><strong>opima</strong></span> <span class='ocrx_word' id='word_1_340' title='bbox 3274 572 3385 624; x_wconf 86' lang='lat' dir='ltr'><strong>suis</strong></span> 
     </span>
    </p>
   </div>
   <div class='ocr_carea' id='block_1_49' title="bbox 1801 662 3383 735">
    <p class='ocr_par' dir='ltr' id='par_1_49' title="bbox 1801 662 3383 735">
     <span class='ocr_line' id='line_1_49' title="bbox 1801 662 3383 735; baseline -0.002 -19"><span class='ocrx_word' id='word_1_341' title='bbox 1801 663 2102 719; x_wconf 88' lang='lat' dir='ltr'><strong>cultoribus</strong></span> <span class='ocrx_word' id='word_1_342' title='bbox 2133 680 2235 719; x_wconf 91' lang='lat' dir='ltr'><strong>non</strong></span> <span class='ocrx_word' id='word_1_343' title='bbox 2287 665 2449 719; x_wconf 90' lang='lat' dir='ltr'><strong>modo</strong></span> <span class='ocrx_word' id='word_1_344' title='bbox 2470 673 2766 735; x_wconf 84' lang='lat' dir='ltr'><strong>egestatem</strong></span> <span class='ocrx_word' id='word_1_345' title='bbox 2797 663 3006 718; x_wconf 87' lang='lat' dir='ltr'><strong>colebat</strong></span> <span class='ocrx_word' id='word_1_346' title='bbox 3031 662 3096 734; x_wconf 63' lang='grc' dir='ltr'><strong>[Γ.</strong></span> <span class='ocrx_word' id='word_1_347' title='bbox 3116 662 3383 733; x_wconf 77' lang='lat' dir='ltr'><strong>tollebat],</strong></span> 
     </span>
    </p>
   </div>
   <div class='ocr_carea' id='block_1_50' title="bbox 1800 753 3384 825">
    <p class='ocr_par' dir='ltr' id='par_1_50' title="bbox 1800 753 3384 825">
     <span class='ocr_line' id='line_1_50' title="bbox 1800 753 3384 825; baseline -0.003 -14"><span class='ocrx_word' id='word_1_348' title='bbox 1800 755 1898 811; x_wconf 91' lang='lat' dir='ltr'><strong>sed</strong></span> <span class='ocrx_word' id='word_1_349' title='bbox 1942 764 1998 812; x_wconf 88' lang='lat' dir='ltr'><strong>et</strong></span> <span class='ocrx_word' id='word_1_350' title='bbox 2033 756 2183 825; x_wconf 84' lang='lat' dir='ltr'><strong>operi</strong></span> <span class='ocrx_word' id='word_1_351' title='bbox 2219 755 2310 810; x_wconf 92' lang='lat' dir='ltr'><strong>Dei</strong></span> <span class='ocrx_word' id='word_1_352' title='bbox 2364 756 2569 825; x_wconf 85' lang='lat' dir='ltr'><strong>absque</strong></span> <span class='ocrx_word' id='word_1_353' title='bbox 2625 755 2995 810; x_wconf 87' lang='lat' dir='ltr'><strong>sollicitudine</strong></span> <span class='ocrx_word' id='word_1_354' title='bbox 3045 753 3384 809; x_wconf 63' lang='lat' dir='ltr'><strong>saecularium</strong></span> 
     </span>
    </p>
   </div>
   <div class='ocr_carea' id='block_1_51' title="bbox 1802 845 3383 916">
    <p class='ocr_par' dir='ltr' id='par_1_51' title="bbox 1802 845 3383 916">
     <span class='ocr_line' id='line_1_51' title="bbox 1802 845 3383 916; baseline -0.003 -16"><span class='ocrx_word' id='word_1_355' title='bbox 1802 860 1984 901; x_wconf 89' lang='lat' dir='ltr'><strong>rerum</strong></span> <span class='ocrx_word' id='word_1_356' title='bbox 2021 861 2208 901; x_wconf 89' lang='lat' dir='ltr'><strong>curam</strong></span> <span class='ocrx_word' id='word_1_357' title='bbox 2263 845 2577 916; x_wconf 88' lang='lat' dir='ltr'><strong>impendere</strong></span> <span class='ocrx_word' id='word_1_358' title='bbox 2604 845 2977 915; x_wconf 82' lang='lat' dir='ltr'><strong>permittebat.</strong></span> <span class='ocrx_word' id='word_1_359' title='bbox 3000 845 3239 900; x_wconf 85' lang='lat' dir='ltr'><strong>Classica</strong></span> <span class='ocrx_word' id='word_1_360' title='bbox 3268 845 3383 898; x_wconf 88' lang='lat' dir='ltr'><strong>dira</strong></span> 
     </span>
    </p>
   </div>
   <div class='ocr_carea' id='block_1_52' title="bbox 1803 934 3385 1001">
    <p class='ocr_par' dir='ltr' id='par_1_52' title="bbox 1803 934 3385 1001">
     <span class='ocr_line' id='line_1_52' title="bbox 1803 934 3385 1001; baseline -0.001 -10"><span class='ocrx_word' id='word_1_361' title='bbox 1803 936 2003 995; x_wconf 88' lang='lat' dir='ltr'><strong>silent.</strong></span> <span class='ocrx_word' id='word_1_362' title='bbox 2056 952 2157 991; x_wconf 91' lang='lat' dir='ltr'><strong>nec</strong></span> <span class='ocrx_word' id='word_1_363' title='bbox 2208 936 2478 991; x_wconf 90' lang='lat' dir='ltr'><strong>latronum</strong></span> <span class='ocrx_word' id='word_1_364' title='bbox 2548 936 2786 992; x_wconf 91' lang='lat' dir='ltr'><strong>incursio</strong></span> <span class='ocrx_word' id='word_1_365' title='bbox 2842 936 3185 991; x_wconf 80' lang='lat' dir='ltr'><strong>formidatur.</strong></span> <span class='ocrx_word' id='word_1_366' title='bbox 3247 934 3385 1001; x_wconf 86' lang='lat' dir='ltr'><strong>Quid</strong></span> 
     </span>
    </p>
   </div>
   <div class='ocr_carea' id='block_1_53' title="bbox 1802 1027 3385 1099">
    <p class='ocr_par' dir='ltr' id='par_1_53' title="bbox 1802 1027 3385 1099">
     <span class='ocr_line' id='line_1_53' title="bbox 1802 1027 3385 1099; baseline -0.001 -18"><span class='ocrx_word' id='word_1_367' title='bbox 1802 1029 1993 1099; x_wconf 85' lang='lat' dir='ltr'><strong>plura?</strong></span> <span class='ocrx_word' id='word_1_368' title='bbox 2031 1039 2088 1082; x_wconf 92' lang='lat' dir='ltr'><strong>ut</strong></span> <span class='ocrx_word' id='word_1_369' title='bbox 2134 1038 2328 1084; x_wconf 87' lang='lat' dir='ltr'><strong>cuncta</strong></span> <span class='ocrx_word' id='word_1_370' title='bbox 2371 1028 2520 1084; x_wconf 82' lang='lat' dir='ltr'><strong>brevi</strong></span> <span class='ocrx_word' id='word_1_371' title='bbox 2557 1029 2765 1084; x_wconf 87' lang='lat' dir='ltr'><strong>edicam</strong></span> <span class='ocrx_word' id='word_1_372' title='bbox 2790 1070 2804 1094; x_wconf 93' lang='lat'><strong>,</strong></span> <span class='ocrx_word' id='word_1_373' title='bbox 2831 1029 3097 1099; x_wconf 88' lang='lat' dir='ltr'><strong>promicat</strong></span> <span class='ocrx_word' id='word_1_374' title='bbox 3144 1027 3385 1081; x_wconf 85' lang='lat' dir='ltr'><strong>Ecclesia</strong></span> 
     </span>
    </p>
   </div>
   <div class='ocr_carea' id='block_1_54' title="bbox 1802 1120 3384 1193">
    <p class='ocr_par' dir='ltr' id='par_1_54' title="bbox 1802 1120 3384 1193">
     <span class='ocr_line' id='line_1_54' title="bbox 1802 1120 3384 1193; baseline -0.001 -17"><span class='ocrx_word' id='word_1_375' title='bbox 1802 1131 1999 1193; x_wconf 83' lang='lat' dir='ltr'><strong>pacato</strong></span> <span class='ocrx_word' id='word_1_376' title='bbox 2027 1120 2232 1177; x_wconf 68' lang='lat' dir='ltr'><strong>foedere</strong></span> <span class='ocrx_word' id='word_1_377' title='bbox 2276 1138 2435 1177; x_wconf 79' lang='lat' dir='ltr'><strong>nexa.</strong></span> <span class='ocrx_word' id='word_1_378' title='bbox 2462 1122 2592 1189; x_wconf 83' lang='lat' dir='ltr'><strong>Quae</strong></span> <span class='ocrx_word' id='word_1_379' title='bbox 2620 1130 2679 1177; x_wconf 91' lang='lat' dir='ltr'><strong>ut</strong></span> <span class='ocrx_word' id='word_1_380' title='bbox 2701 1121 2948 1177; x_wconf 87' lang='lat' dir='ltr'><strong>diabolus</strong></span> <span class='ocrx_word' id='word_1_381' title='bbox 2978 1121 3134 1187; x_wconf 81' lang='lat' dir='ltr'><strong>vidit,</strong></span> <span class='ocrx_word' id='word_1_382' title='bbox 3168 1121 3384 1191; x_wconf 86' lang='lat' dir='ltr'><strong>propria</strong></span> 
     </span>
    </p>
   </div>
   <div class='ocr_carea' id='block_1_55' title="bbox 1804 1212 3385 1282">
    <p class='ocr_par' dir='ltr' id='par_1_55' title="bbox 1804 1212 3385 1282">
     <span class='ocr_line' id='line_1_55' title="bbox 1804 1212 3385 1282; baseline -0.001 -15"><span class='ocrx_word' id='word_1_383' title='bbox 1804 1212 1907 1267; x_wconf 87' lang='lat' dir='ltr'><strong>sibi</strong></span> <span class='ocrx_word' id='word_1_384' title='bbox 1938 1212 2274 1282; x_wconf 88' lang='lat' dir='ltr'><strong>malignitate</strong></span> <span class='ocrx_word' id='word_1_385' title='bbox 2311 1214 2523 1282; x_wconf 85' lang='lat' dir='ltr'><strong>invidit,</strong></span> <span class='ocrx_word' id='word_1_386' title='bbox 2552 1222 2608 1269; x_wconf 92' lang='lat' dir='ltr'><strong>et</strong></span> <span class='ocrx_word' id='word_1_387' title='bbox 2648 1222 2888 1269; x_wconf 89' lang='lat' dir='ltr'><strong>tractans</strong></span> <span class='ocrx_word' id='word_1_388' title='bbox 2917 1228 3099 1267; x_wconf 89' lang='lat' dir='ltr'><strong>secum</strong></span> <span class='ocrx_word' id='word_1_389' title='bbox 3133 1213 3279 1282; x_wconf 83' lang='lat' dir='ltr'><strong>pacis</strong></span> <span class='ocrx_word' id='word_1_390' title='bbox 3306 1213 3385 1266; x_wconf 91' lang='lat' dir='ltr'><strong>in-</strong></span> 
     </span>
    </p>
   </div>
   <div class='ocr_carea' id='block_1_56' title="bbox 1807 1302 3387 1375">
    <p class='ocr_par' dir='ltr' id='par_1_56' title="bbox 1807 1302 3387 1375">
     <span class='ocr_line' id='line_1_56' title="bbox 1807 1302 3387 1375; baseline 0.001 -19"><span class='ocrx_word' id='word_1_391' title='bbox 1807 1303 2127 1372; x_wconf 89' lang='lat' dir='ltr'><strong>terruptioni</strong></span> <span class='ocrx_word' id='word_1_392' title='bbox 2152 1317 2343 1357; x_wconf 87' lang='lat' dir='ltr'><strong>causas</strong></span> <span class='ocrx_word' id='word_1_393' title='bbox 2369 1302 2593 1358; x_wconf 86' lang='lat' dir='ltr'><strong>invenit.</strong></span> <span class='ocrx_word' id='word_1_394' title='bbox 2622 1302 2828 1375; x_wconf 89' lang='lat' dir='ltr'><strong>Spiritu</strong></span> <span class='ocrx_word' id='word_1_395' title='bbox 2856 1316 3091 1371; x_wconf 89' lang='lat' dir='ltr'><strong>namque</strong></span> <span class='ocrx_word' id='word_1_396' title='bbox 3122 1302 3387 1371; x_wconf 69' lang='lat' dir='ltr'><strong>superbia:</strong></span> 
     </span>
    </p>
   </div>
   <div class='ocr_carea' id='block_1_57' title="bbox 1804 1392 3386 1464">
    <p class='ocr_par' dir='ltr' id='par_1_57' title="bbox 1804 1392 3386 1464">
     <span class='ocr_line' id='line_1_57' title="bbox 1804 1392 3386 1464; baseline -0.001 -16"><span class='ocrx_word' id='word_1_397' title='bbox 1804 1410 1914 1448; x_wconf 71' lang='lat' dir='ltr'><strong>sum</strong></span> <span class='ocrx_word' id='word_1_398' title='bbox 1942 1394 2147 1449; x_wconf 84' lang='lat' dir='ltr'><strong>invadit</strong></span> <span class='ocrx_word' id='word_1_399' title='bbox 2175 1401 2390 1464; x_wconf 88' lang='lat' dir='ltr'><strong>gentem</strong></span> <span class='ocrx_word' id='word_1_400' title='bbox 2420 1392 2693 1449; x_wconf 86' lang='lat' dir='ltr'><strong>Pictorum</strong></span> <span class='ocrx_word' id='word_1_401' title='bbox 2724 1395 2778 1448; x_wconf 88' lang='lat' dir='ltr'><strong>in</strong></span> <span class='ocrx_word' id='word_1_402' title='bbox 2810 1402 3017 1448; x_wconf 91' lang='lat' dir='ltr'><strong>tantum</strong></span> <span class='ocrx_word' id='word_1_403' title='bbox 3040 1433 3053 1459; x_wconf 95' lang='lat'><strong>,</strong></span> <span class='ocrx_word' id='word_1_404' title='bbox 3077 1402 3137 1447; x_wconf 93' lang='lat' dir='ltr'><strong>ut</strong></span> <span class='ocrx_word' id='word_1_405' title='bbox 3168 1407 3230 1446; x_wconf 89' lang='lat' dir='ltr'><strong>ea</strong></span> <span class='ocrx_word' id='word_1_406' title='bbox 3256 1405 3386 1462; x_wconf 89' lang='lat' dir='ltr'><strong>gens</strong></span> 
     </span>
    </p>
   </div>
   <div class='ocr_carea' id='block_1_58' title="bbox 1805 1485 3390 1558">
    <p class='ocr_par' dir='ltr' id='par_1_58' title="bbox 1805 1485 3390 1558">
     <span class='ocr_line' id='line_1_58' title="bbox 1805 1485 3390 1558; baseline -0.001 -19"><span class='ocrx_word' id='word_1_407' title='bbox 1805 1488 1972 1557; x_wconf 86' lang='lat' dir='ltr'><strong>(quod</strong></span> <span class='ocrx_word' id='word_1_408' title='bbox 2002 1502 2220 1557; x_wconf 83' lang='lat' dir='ltr'><strong>semper</strong></span> <span class='ocrx_word' id='word_1_409' title='bbox 2244 1485 2389 1542; x_wconf 88' lang='lat' dir='ltr'><strong>ferre</strong></span> <span class='ocrx_word' id='word_1_410' title='bbox 2434 1487 2817 1558; x_wconf 84' lang='lat' dir='ltr'><strong>consueverat)</strong></span> <span class='ocrx_word' id='word_1_411' title='bbox 2844 1486 2985 1542; x_wconf 92' lang='lat' dir='ltr'><strong>bello</strong></span> <span class='ocrx_word' id='word_1_412' title='bbox 3016 1502 3045 1541; x_wconf 89' lang='lat' dir='ltr'><strong>a</strong></span> <span class='ocrx_word' id='word_1_413' title='bbox 3075 1502 3133 1542; x_wconf 90' lang='lat' dir='ltr'><strong>se</strong></span> <span class='ocrx_word' id='word_1_414' title='bbox 3155 1494 3390 1540; x_wconf 85' lang='lat' dir='ltr'><strong>tentaret</strong></span> 
     </span>
    </p>
   </div>
   <div class='ocr_carea' id='block_1_59' title="bbox 1804 1575 3389 1648">
    <p class='ocr_par' dir='ltr' id='par_1_59' title="bbox 1804 1575 3389 1648">
     <span class='ocr_line' id='line_1_59' title="bbox 1804 1575 3389 1648; baseline 0.001 -19"><span class='ocrx_word' id='word_1_415' title='bbox 1804 1584 2059 1631; x_wconf 80' lang='lat' dir='ltr'><strong>excutere</strong></span> <span class='ocrx_word' id='word_1_416' title='bbox 2077 1577 2264 1648; x_wconf 87' lang='lat' dir='ltr'><strong>jngum</strong></span> <span class='ocrx_word' id='word_1_417' title='bbox 2291 1575 2838 1647; x_wconf 77' lang='lat' dir='ltr'><strong>Anglorum.Pra-fuit</strong></span> <span class='ocrx_word' id='word_1_418' title='bbox 2865 1592 2929 1632; x_wconf 87' lang='lat' dir='ltr'><strong>eo</strong></span> <span class='ocrx_word' id='word_1_419' title='bbox 2954 1585 3194 1646; x_wconf 89' lang='lat' dir='ltr'><strong>tempore</strong></span> <span class='ocrx_word' id='word_1_420' title='bbox 3217 1590 3389 1645; x_wconf 85' lang='lat' dir='ltr'><strong>regno</strong></span> 
     </span>
    </p>
   </div>
   <div class='ocr_carea' id='block_1_60' title="bbox 1804 1665 3389 1739">
    <p class='ocr_par' dir='ltr' id='par_1_60' title="bbox 1804 1665 3389 1739">
     <span class='ocr_line' id='line_1_60' title="bbox 1804 1665 3389 1739; baseline -0.001 -18"><span class='ocrx_word' id='word_1_421' title='bbox 1804 1666 2382 1722; x_wconf 81' lang='lat' dir='ltr'><strong>Nordanhumbrorum</strong></span> <span class='ocrx_word' id='word_1_422' title='bbox 2435 1665 2688 1722; x_wconf 86' lang='lat' dir='ltr'><strong>chridus</strong></span> <span class='ocrx_word' id='word_1_423' title='bbox 2728 1666 2869 1721; x_wconf 91' lang='lat' dir='ltr'><strong>ﬁlius</strong></span> <span class='ocrx_word' id='word_1_424' title='bbox 2910 1667 3073 1724; x_wconf 85' lang='lat' dir='ltr'><strong>Oswii</strong></span> <span class='ocrx_word' id='word_1_425' title='bbox 3101 1668 3264 1739; x_wconf 87' lang='lat' dir='ltr'><strong>regis,</strong></span> <span class='ocrx_word' id='word_1_426' title='bbox 3296 1665 3389 1736; x_wconf 89' lang='lat' dir='ltr'><strong>qui</strong></span> 
     </span>
    </p>
   </div>
   <div class='ocr_carea' id='block_1_61' title="bbox 1802 1758 3389 1828">
    <p class='ocr_par' dir='ltr' id='par_1_61' title="bbox 1802 1758 3389 1828">
     <span class='ocr_line' id='line_1_61' title="bbox 1802 1758 3389 1828; baseline 0.001 -17"><span class='ocrx_word' id='word_1_427' title='bbox 1802 1758 2069 1828; x_wconf 75' lang='lat' dir='ltr'><strong>patrisuo</strong></span> <span class='ocrx_word' id='word_1_428' title='bbox 2108 1758 2160 1812; x_wconf 89' lang='lat' dir='ltr'><strong>in</strong></span> <span class='ocrx_word' id='word_1_429' title='bbox 2193 1773 2418 1828; x_wconf 89' lang='lat' dir='ltr'><strong>regnum</strong></span> <span class='ocrx_word' id='word_1_430' title='bbox 2442 1766 2824 1823; x_wconf 87' lang='lat' dir='ltr'><strong>successerat,</strong></span> <span class='ocrx_word' id='word_1_431' title='bbox 2853 1759 2939 1814; x_wconf 90' lang='lat' dir='ltr'><strong>vir</strong></span> <span class='ocrx_word' id='word_1_432' title='bbox 2976 1760 3028 1814; x_wconf 92' lang='lat' dir='ltr'><strong>in</strong></span> <span class='ocrx_word' id='word_1_433' title='bbox 3058 1760 3225 1814; x_wconf 89' lang='lat' dir='ltr'><strong>armis</strong></span> <span class='ocrx_word' id='word_1_434' title='bbox 3251 1767 3389 1814; x_wconf 83' lang='lat' dir='ltr'><strong>stre-</strong></span> 
     </span>
    </p>
   </div>
   <div class='ocr_carea' id='block_1_62' title="bbox 1738 1829 3389 1916">
    <p class='ocr_par' dir='ltr' id='par_1_62' title="bbox 1738 1829 3389 1916">
     <span class='ocr_line' id='line_1_62' title="bbox 1738 1829 3389 1916; baseline 0.004 -12"><span class='ocrx_word' id='word_1_435' title='bbox 1738 1829 1779 1889; x_wconf 77' lang='lat' dir='ltr'><strong>B</strong></span> <span class='ocrx_word' id='word_1_436' title='bbox 1808 1866 1968 1916; x_wconf 90' lang='lat' dir='ltr'><strong>nuus,</strong></span> <span class='ocrx_word' id='word_1_437' title='bbox 1999 1860 2054 1906; x_wconf 87' lang='lat' dir='ltr'><strong>et</strong></span> <span class='ocrx_word' id='word_1_438' title='bbox 2091 1850 2236 1907; x_wconf 89' lang='lat' dir='ltr'><strong>beati</strong></span> <span class='ocrx_word' id='word_1_439' title='bbox 2279 1850 2508 1906; x_wconf 86' lang='lat' dir='ltr'><strong>Wilfridi</strong></span> <span class='ocrx_word' id='word_1_440' title='bbox 2543 1850 2799 1907; x_wconf 79' lang='lat' dir='ltr'><strong>amicitiis</strong></span> <span class='ocrx_word' id='word_1_441' title='bbox 2827 1853 3179 1909; x_wconf 89' lang='lat' dir='ltr'><strong>vehementer</strong></span> <span class='ocrx_word' id='word_1_442' title='bbox 3226 1855 3389 1910; x_wconf 86' lang='lat' dir='ltr'><strong>astri-</strong></span> 
     </span>
    </p>
   </div>
   <div class='ocr_carea' id='block_1_63' title="bbox 1807 1942 3387 2016">
    <p class='ocr_par' dir='ltr' id='par_1_63' title="bbox 1807 1942 3387 2016">
     <span class='ocr_line' id='line_1_63' title="bbox 1807 1942 3387 2016; baseline 0.002 -18"><span class='ocrx_word' id='word_1_443' title='bbox 1807 1951 1950 1998; x_wconf 90' lang='lat' dir='ltr'><strong>ctus.</strong></span> <span class='ocrx_word' id='word_1_444' title='bbox 1984 1942 2083 1998; x_wconf 87' lang='lat' dir='ltr'><strong>Hic</strong></span> <span class='ocrx_word' id='word_1_445' title='bbox 2109 1957 2240 2013; x_wconf 90' lang='lat' dir='ltr'><strong>ergo</strong></span> <span class='ocrx_word' id='word_1_446' title='bbox 2276 1942 2514 2012; x_wconf 88' lang='lat' dir='ltr'><strong>pontiﬁci</strong></span> <span class='ocrx_word' id='word_1_447' title='bbox 2544 1944 2814 2015; x_wconf 85' lang='lat' dir='ltr'><strong>negotium</strong></span> <span class='ocrx_word' id='word_1_448' title='bbox 2846 1942 3120 1999; x_wconf 86' lang='lat' dir='ltr'><strong>Pictorum</strong></span> <span class='ocrx_word' id='word_1_449' title='bbox 3144 1946 3284 2016; x_wconf 90' lang='lat' dir='ltr'><strong>quod</strong></span> <span class='ocrx_word' id='word_1_450' title='bbox 3301 1946 3387 2001; x_wconf 88' lang='lat' dir='ltr'><strong>in-</strong></span> 
     </span>
    </p>
   </div>
   <div class='ocr_carea' id='block_1_64' title="bbox 1804 2031 3387 2103">
    <p class='ocr_par' dir='ltr' id='par_1_64' title="bbox 1804 2031 3387 2103">
     <span class='ocr_line' id='line_1_64' title="bbox 1804 2031 3387 2103; baseline 0.003 -18"><span class='ocrx_word' id='word_1_451' title='bbox 1804 2031 2097 2086; x_wconf 86' lang='lat' dir='ltr'><strong>cumbebat</strong></span> <span class='ocrx_word' id='word_1_452' title='bbox 2121 2033 2414 2102; x_wconf 90' lang='lat' dir='ltr'><strong>exposuit,</strong></span> <span class='ocrx_word' id='word_1_453' title='bbox 2451 2040 2616 2102; x_wconf 88' lang='lat' dir='ltr'><strong>atque</strong></span> <span class='ocrx_word' id='word_1_454' title='bbox 2659 2042 2719 2087; x_wconf 89' lang='lat' dir='ltr'><strong>ut</strong></span> <span class='ocrx_word' id='word_1_455' title='bbox 2769 2034 2929 2089; x_wconf 92' lang='lat' dir='ltr'><strong>rebus</strong></span> <span class='ocrx_word' id='word_1_456' title='bbox 2947 2049 3104 2103; x_wconf 92' lang='lat' dir='ltr'><strong>opem</strong></span> <span class='ocrx_word' id='word_1_457' title='bbox 3144 2050 3253 2090; x_wconf 77' lang='lat' dir='ltr'><strong>sua:</strong></span> <span class='ocrx_word' id='word_1_458' title='bbox 3303 2036 3387 2092; x_wconf 91' lang='lat' dir='ltr'><strong>in-</strong></span> 
     </span>
    </p>
   </div>
   <div class='ocr_carea' id='block_1_65' title="bbox 1811 2122 3387 2197">
    <p class='ocr_par' dir='ltr' id='par_1_65' title="bbox 1811 2122 3387 2197">
     <span class='ocr_line' id='line_1_65' title="bbox 1811 2122 3387 2197; baseline 0.003 -18"><span class='ocrx_word' id='word_1_459' title='bbox 1811 2123 2160 2179; x_wconf 88' lang='lat' dir='ltr'><strong>tercessionis</strong></span> <span class='ocrx_word' id='word_1_460' title='bbox 2202 2122 2371 2178; x_wconf 89' lang='lat' dir='ltr'><strong>ferret</strong></span> <span class='ocrx_word' id='word_1_461' title='bbox 2410 2124 2640 2194; x_wconf 87' lang='lat' dir='ltr'><strong>supplici</strong></span> <span class='ocrx_word' id='word_1_462' title='bbox 2674 2139 2834 2195; x_wconf 90' lang='lat' dir='ltr'><strong>prece</strong></span> <span class='ocrx_word' id='word_1_463' title='bbox 2875 2126 3175 2181; x_wconf 88' lang='lat' dir='ltr'><strong>admonuit.</strong></span> <span class='ocrx_word' id='word_1_464' title='bbox 3222 2126 3387 2197; x_wconf 86' lang='lat' dir='ltr'><strong>Cujus</strong></span> 
     </span>
    </p>
   </div>
   <div class='ocr_carea' id='block_1_66' title="bbox 1805 2214 3387 2286">
    <p class='ocr_par' dir='ltr' id='par_1_66' title="bbox 1805 2214 3387 2286">
     <span class='ocr_line' id='line_1_66' title="bbox 1805 2214 3387 2286; baseline -0.001 -16"><span class='ocrx_word' id='word_1_465' title='bbox 1805 2214 2004 2271; x_wconf 89' lang='lat' dir='ltr'><strong>dehinc</strong></span> <span class='ocrx_word' id='word_1_466' title='bbox 2033 2214 2414 2269; x_wconf 82' lang='lat' dir='ltr'><strong>benedictione</strong></span> <span class='ocrx_word' id='word_1_467' title='bbox 2454 2215 2686 2271; x_wconf 88' lang='lat' dir='ltr'><strong>vallatus</strong></span> <span class='ocrx_word' id='word_1_468' title='bbox 2714 2225 2878 2286; x_wconf 86' lang='lat' dir='ltr'><strong>atque</strong></span> <span class='ocrx_word' id='word_1_469' title='bbox 2900 2217 3240 2271; x_wconf 86' lang='lat' dir='ltr'><strong>sanctissima</strong></span> <span class='ocrx_word' id='word_1_470' title='bbox 3265 2233 3387 2271; x_wconf 84' lang='lat' dir='ltr'><strong>ora-</strong></span> 
     </span>
    </p>
   </div>
   <div class='ocr_carea' id='block_1_67' title="bbox 1809 2302 3387 2376">
    <p class='ocr_par' dir='ltr' id='par_1_67' title="bbox 1809 2302 3387 2376">
     <span class='ocr_line' id='line_1_67' title="bbox 1809 2302 3387 2376; baseline 0 -16"><span class='ocrx_word' id='word_1_471' title='bbox 1809 2307 1959 2361; x_wconf 92' lang='lat' dir='ltr'><strong>tione</strong></span> <span class='ocrx_word' id='word_1_472' title='bbox 2005 2302 2337 2373; x_wconf 82' lang='lat' dir='ltr'><strong>ccmitatus,</strong></span> <span class='ocrx_word' id='word_1_473' title='bbox 2368 2320 2490 2360; x_wconf 91' lang='lat' dir='ltr'><strong>cum</strong></span> <span class='ocrx_word' id='word_1_474' title='bbox 2521 2321 2687 2376; x_wconf 89' lang='lat' dir='ltr'><strong>parva</strong></span> <span class='ocrx_word' id='word_1_475' title='bbox 2733 2307 2963 2361; x_wconf 90' lang='lat' dir='ltr'><strong>militum</strong></span> <span class='ocrx_word' id='word_1_476' title='bbox 3013 2323 3175 2361; x_wconf 88' lang='lat' dir='ltr'><strong>mantt</strong></span> <span class='ocrx_word' id='word_1_477' title='bbox 3222 2308 3387 2363; x_wconf 85' lang='lat' dir='ltr'><strong>Pictis</strong></span> 
     </span>
    </p>
   </div>
   <div class='ocr_carea' id='block_1_68' title="bbox 1805 2397 3386 2473">
    <p class='ocr_par' dir='ltr' id='par_1_68' title="bbox 1805 2397 3386 2473">
     <span class='ocr_line' id='line_1_68' title="bbox 1805 2397 3386 2473; baseline 0.002 -19"><span class='ocrx_word' id='word_1_478' title='bbox 1805 2397 2084 2466; x_wconf 77' lang='lat' dir='ltr'><strong>occurrit,</strong></span> <span class='ocrx_word' id='word_1_479' title='bbox 2133 2397 2427 2469; x_wconf 88' lang='lat' dir='ltr'><strong>Pictosque</strong></span> <span class='ocrx_word' id='word_1_480' title='bbox 2483 2410 2836 2456; x_wconf 87' lang='lat' dir='ltr'><strong>occursantes</strong></span> <span class='ocrx_word' id='word_1_481' title='bbox 2891 2403 3209 2457; x_wconf 86' lang='lat' dir='ltr'><strong>catervatim</strong></span> <span class='ocrx_word' id='word_1_482' title='bbox 3257 2418 3386 2473; x_wconf 82' lang='lat' dir='ltr'><strong>pro-</strong></span> 
     </span>
    </p>
   </div>
   <div class='ocr_carea' id='block_1_69' title="bbox 1803 2490 3385 2564">
    <p class='ocr_par' dir='ltr' id='par_1_69' title="bbox 1803 2490 3385 2564">
     <span class='ocr_line' id='line_1_69' title="bbox 1803 2490 3385 2564; baseline 0.003 -19"><span class='ocrx_word' id='word_1_483' title='bbox 1803 2490 2032 2556; x_wconf 88' lang='lat' dir='ltr'><strong>stravit,</strong></span> <span class='ocrx_word' id='word_1_484' title='bbox 2057 2498 2110 2546; x_wconf 90' lang='lat' dir='ltr'><strong>et</strong></span> <span class='ocrx_word' id='word_1_485' title='bbox 2138 2490 2413 2545; x_wconf 81' lang='lat' dir='ltr'><strong>Pictorum</strong></span> <span class='ocrx_word' id='word_1_486' title='bbox 2458 2499 2725 2547; x_wconf 90' lang='lat' dir='ltr'><strong>tumorem</strong></span> <span class='ocrx_word' id='word_1_487' title='bbox 2757 2492 2916 2563; x_wconf 77' lang='lat' dir='ltr'><strong>gladii</strong></span> <span class='ocrx_word' id='word_1_488' title='bbox 2943 2492 3146 2548; x_wconf 90' lang='lat' dir='ltr'><strong>ultione</strong></span> <span class='ocrx_word' id='word_1_489' title='bbox 3172 2509 3385 2564; x_wconf 90' lang='lat' dir='ltr'><strong>repres-</strong></span> 
     </span>
    </p>
   </div>
   <div class='ocr_carea' id='block_1_70' title="bbox 1805 2582 3386 2657">
    <p class='ocr_par' dir='ltr' id='par_1_70' title="bbox 1805 2582 3386 2657">
     <span class='ocr_line' id='line_1_70' title="bbox 1805 2582 3386 2657; baseline 0.002 -20"><span class='ocrx_word' id='word_1_490' title='bbox 1805 2583 1895 2637; x_wconf 86' lang='lat' dir='ltr'><strong>sit.</strong></span> <span class='ocrx_word' id='word_1_491' title='bbox 1932 2582 2000 2637; x_wconf 82' lang='lat' dir='ltr'><strong>Et</strong></span> <span class='ocrx_word' id='word_1_492' title='bbox 2028 2584 2156 2652; x_wconf 90' lang='lat' dir='ltr'><strong>quid</strong></span> <span class='ocrx_word' id='word_1_493' title='bbox 2188 2583 2403 2638; x_wconf 84' lang='lat' dir='ltr'><strong>morer?</strong></span> <span class='ocrx_word' id='word_1_494' title='bbox 2457 2584 2550 2638; x_wconf 89' lang='lat' dir='ltr'><strong>dat</strong></span> <span class='ocrx_word' id='word_1_495' title='bbox 2600 2594 2834 2657; x_wconf 83' lang='lat' dir='ltr'><strong>stragem</strong></span> <span class='ocrx_word' id='word_1_496' title='bbox 2882 2584 3012 2651; x_wconf 82' lang='lat' dir='ltr'><strong>late,</strong></span> <span class='ocrx_word' id='word_1_497' title='bbox 3053 2586 3285 2641; x_wconf 88' lang='lat' dir='ltr'><strong>redeunt</strong></span> <span class='ocrx_word' id='word_1_498' title='bbox 3334 2587 3386 2640; x_wconf 87' lang='lat' dir='ltr'><strong>in</strong></span> 
     </span>
    </p>
   </div>
   <div class='ocr_carea' id='block_1_71' title="bbox 1805 2674 3389 2746">
    <p class='ocr_par' dir='ltr' id='par_1_71' title="bbox 1805 2674 3389 2746">
     <span class='ocr_line' id='line_1_71' title="bbox 1805 2674 3389 2746; baseline 0.001 -17"><span class='ocrx_word' id='word_1_499' title='bbox 1805 2674 1941 2729; x_wconf 89' lang='lat' dir='ltr'><strong>colla</strong></span> <span class='ocrx_word' id='word_1_500' title='bbox 1968 2683 2211 2741; x_wconf 85' lang='lat' dir='ltr'><strong>catenae;</strong></span> <span class='ocrx_word' id='word_1_501' title='bbox 2249 2676 2437 2743; x_wconf 91' lang='lat' dir='ltr'><strong>sicque</strong></span> <span class='ocrx_word' id='word_1_502' title='bbox 2467 2677 2693 2731; x_wconf 89' lang='lat' dir='ltr'><strong>victoria</strong></span> <span class='ocrx_word' id='word_1_503' title='bbox 2718 2676 2837 2730; x_wconf 80' lang='lat' dir='ltr'><strong>laeta</strong></span> <span class='ocrx_word' id='word_1_504' title='bbox 2876 2676 3075 2746; x_wconf 90' lang='lat' dir='ltr'><strong>potitus</strong></span> <span class='ocrx_word' id='word_1_505' title='bbox 3106 2676 3299 2741; x_wconf 89' lang='lat' dir='ltr'><strong>rediit,</strong></span> <span class='ocrx_word' id='word_1_506' title='bbox 3332 2686 3389 2731; x_wconf 90' lang='lat' dir='ltr'><strong>et</strong></span> 
     </span>
    </p>
   </div>
   <div class='ocr_carea' id='block_1_72' title="bbox 1806 2768 3389 2841">
    <p class='ocr_par' dir='ltr' id='par_1_72' title="bbox 1806 2768 3389 2841">
     <span class='ocr_line' id='line_1_72' title="bbox 1806 2768 3389 2841; baseline 0.001 -17"><span class='ocrx_word' id='word_1_507' title='bbox 1806 2768 2033 2824; x_wconf 89' lang='lat' dir='ltr'><strong>eximias</strong></span> <span class='ocrx_word' id='word_1_508' title='bbox 2091 2771 2478 2839; x_wconf 84' lang='lat' dir='ltr'><strong>propugnatori</strong></span> <span class='ocrx_word' id='word_1_509' title='bbox 2524 2785 2624 2825; x_wconf 89' lang='lat' dir='ltr'><strong>suo</strong></span> <span class='ocrx_word' id='word_1_510' title='bbox 2654 2770 2854 2841; x_wconf 89' lang='lat' dir='ltr'><strong>gratias</strong></span> <span class='ocrx_word' id='word_1_511' title='bbox 2884 2768 3013 2839; x_wconf 87' lang='lat' dir='ltr'><strong>egit.</strong></span> <span class='ocrx_word' id='word_1_512' title='bbox 3065 2768 3179 2824; x_wconf 77' lang='lat' dir='ltr'><strong>Hoc</strong></span> <span class='ocrx_word' id='word_1_513' title='bbox 3227 2770 3389 2826; x_wconf 91' lang='lat' dir='ltr'><strong>modo</strong></span> 
     </span>
    </p>
   </div>
   <div class='ocr_carea' id='block_1_73' title="bbox 1806 2858 3389 2932">
    <p class='ocr_par' dir='ltr' id='par_1_73' title="bbox 1806 2858 3389 2932">
     <span class='ocr_line' id='line_1_73' title="bbox 1806 2858 3389 2932; baseline 0.001 -19"><span class='ocrx_word' id='word_1_514' title='bbox 1806 2860 1955 2930; x_wconf 86' lang='lat' dir='ltr'><strong>genti</strong></span> <span class='ocrx_word' id='word_1_515' title='bbox 2009 2858 2305 2930; x_wconf 84' lang='lat' dir='ltr'><strong>Anglorum</strong></span> <span class='ocrx_word' id='word_1_516' title='bbox 2348 2877 2453 2932; x_wconf 88' lang='lat' dir='ltr'><strong>pax</strong></span> <span class='ocrx_word' id='word_1_517' title='bbox 2500 2862 2752 2916; x_wconf 89' lang='lat' dir='ltr'><strong>restituta</strong></span> <span class='ocrx_word' id='word_1_518' title='bbox 2810 2874 2906 2930; x_wconf 82' lang='lat' dir='ltr'><strong>per</strong></span> <span class='ocrx_word' id='word_1_519' title='bbox 2954 2873 3127 2916; x_wconf 91' lang='lat' dir='ltr'><strong>annos</strong></span> <span class='ocrx_word' id='word_1_520' title='bbox 3180 2860 3389 2930; x_wconf 87' lang='lat' dir='ltr'><strong>aliquot</strong></span> 
     </span>
    </p>
   </div>
   <div class='ocr_carea' id='block_1_74' title="bbox 1808 2952 3392 3027">
    <p class='ocr_par' dir='ltr' id='par_1_74' title="bbox 1808 2952 3392 3027">
     <span class='ocr_line' id='line_1_74' title="bbox 1808 2952 3392 3027; baseline -0.003 -18"><span class='ocrx_word' id='word_1_521' title='bbox 1808 2955 2029 3010; x_wconf 91' lang='lat' dir='ltr'><strong>mansit.</strong></span> <span class='ocrx_word' id='word_1_522' title='bbox 2058 2953 2129 3006; x_wconf 87' lang='lat' dir='ltr'><strong>At</strong></span> <span class='ocrx_word' id='word_1_523' title='bbox 2172 2968 2338 3027; x_wconf 83' lang='lat' dir='ltr'><strong>regno</strong></span> <span class='ocrx_word' id='word_1_524' title='bbox 2367 2955 2691 3011; x_wconf 86' lang='lat' dir='ltr'><strong>Merciorum</strong></span> <span class='ocrx_word' id='word_1_525' title='bbox 2715 2964 2837 3025; x_wconf 88' lang='lat' dir='ltr'><strong>post</strong></span> <span class='ocrx_word' id='word_1_526' title='bbox 2865 2955 2980 3011; x_wconf 62' lang='lat' dir='ltr'><strong>haec</strong></span> <span class='ocrx_word' id='word_1_527' title='bbox 3016 2955 3067 3009; x_wconf 92' lang='lat' dir='ltr'><strong>in</strong></span> <span class='ocrx_word' id='word_1_528' title='bbox 3096 2952 3392 3009; x_wconf 77' lang='lat' dir='ltr'><strong>dissensio-</strong></span> 
     </span>
    </p>
   </div>
   <div class='ocr_carea' id='block_1_75' title="bbox 1808 3044 3392 3120">
    <p class='ocr_par' dir='ltr' id='par_1_75' title="bbox 1808 3044 3392 3120">
     <span class='ocr_line' id='line_1_75' title="bbox 1808 3044 3392 3120; baseline -0.003 -17"><span class='ocrx_word' id='word_1_529' title='bbox 1808 3064 1932 3104; x_wconf 91' lang='lat' dir='ltr'><strong>nem</strong></span> <span class='ocrx_word' id='word_1_530' title='bbox 1957 3049 2121 3117; x_wconf 89' lang='lat' dir='ltr'><strong>elato,</strong></span> <span class='ocrx_word' id='word_1_531' title='bbox 2164 3066 2257 3105; x_wconf 83' lang='lat' dir='ltr'><strong>rex</strong></span> <span class='ocrx_word' id='word_1_532' title='bbox 2282 3049 2541 3120; x_wconf 76' lang='lat' dir='ltr'><strong>prtefatus</strong></span> <span class='ocrx_word' id='word_1_533' title='bbox 2582 3048 2749 3102; x_wconf 90' lang='lat' dir='ltr'><strong>armis</strong></span> <span class='ocrx_word' id='word_1_534' title='bbox 2777 3062 2966 3118; x_wconf 88' lang='lat' dir='ltr'><strong>pacem</strong></span> <span class='ocrx_word' id='word_1_535' title='bbox 3013 3059 3269 3101; x_wconf 84' lang='lat' dir='ltr'><strong>revocare</strong></span> <span class='ocrx_word' id='word_1_536' title='bbox 3299 3044 3392 3100; x_wconf 85' lang='lat' dir='ltr'><strong>de-</strong></span> 
     </span>
    </p>
   </div>
   <div class='ocr_carea' id='block_1_76' title="bbox 1807 3136 3387 3211">
    <p class='ocr_par' dir='ltr' id='par_1_76' title="bbox 1807 3136 3387 3211">
     <span class='ocr_line' id='line_1_76' title="bbox 1807 3136 3387 3211; baseline -0.004 -16"><span class='ocrx_word' id='word_1_537' title='bbox 1807 3141 2088 3206; x_wconf 81' lang='lat' dir='ltr'><strong>siderans,</strong></span> <span class='ocrx_word' id='word_1_538' title='bbox 2143 3142 2335 3198; x_wconf 84' lang='lat' dir='ltr'><strong>obvius</strong></span> <span class='ocrx_word' id='word_1_539' title='bbox 2380 3140 2557 3195; x_wconf 89' lang='lat' dir='ltr'><strong>eidem</strong></span> <span class='ocrx_word' id='word_1_540' title='bbox 2608 3140 2717 3211; x_wconf 90' lang='lat' dir='ltr'><strong>regi</strong></span> <span class='ocrx_word' id='word_1_541' title='bbox 2754 3140 2806 3194; x_wconf 89' lang='lat' dir='ltr'><strong>in</strong></span> <span class='ocrx_word' id='word_1_542' title='bbox 2855 3138 3053 3194; x_wconf 84' lang='lat' dir='ltr'><strong>bellum</strong></span> <span class='ocrx_word' id='word_1_543' title='bbox 3090 3136 3387 3208; x_wconf 89' lang='lat' dir='ltr'><strong>processit,</strong></span> 
     </span>
    </p>
   </div>
   <div class='ocr_carea' id='block_1_77' title="bbox 1806 3229 3391 3307">
    <p class='ocr_par' dir='ltr' id='par_1_77' title="bbox 1806 3229 3391 3307">
     <span class='ocr_line' id='line_1_77' title="bbox 1806 3229 3391 3307; baseline -0.004 -20"><span class='ocrx_word' id='word_1_544' title='bbox 1806 3250 2037 3307; x_wconf 86' lang='lat' dir='ltr'><strong>pugnam</strong></span> <span class='ocrx_word' id='word_1_545' title='bbox 2074 3235 2379 3305; x_wconf 80' lang='lat' dir='ltr'><strong>commisit,</strong></span> <span class='ocrx_word' id='word_1_546' title='bbox 2410 3248 2573 3303; x_wconf 91' lang='lat' dir='ltr'><strong>quam</strong></span> <span class='ocrx_word' id='word_1_547' title='bbox 2595 3232 2869 3304; x_wconf 61' lang='lat' dir='ltr'><strong>quaerebat</strong></span> <span class='ocrx_word' id='word_1_548' title='bbox 2894 3245 3107 3301; x_wconf 90' lang='lat' dir='ltr'><strong>pacem,</strong></span> <span class='ocrx_word' id='word_1_549' title='bbox 3141 3229 3277 3283; x_wconf 92' lang='lat' dir='ltr'><strong>duce</strong></span> <span class='ocrx_word' id='word_1_550' title='bbox 3306 3229 3391 3281; x_wconf 87' lang='lat' dir='ltr'><strong>fu-</strong></span> 
     </span>
    </p>
   </div>
   <div class='ocr_carea' id='block_1_78' title="bbox 1803 3321 3390 3397">
    <p class='ocr_par' dir='ltr' id='par_1_78' title="bbox 1803 3321 3390 3397">
     <span class='ocr_line' id='line_1_78' title="bbox 1803 3321 3390 3397; baseline -0.004 -16"><span class='ocrx_word' id='word_1_551' title='bbox 1803 3337 1929 3397; x_wconf 87' lang='lat' dir='ltr'><strong>gato</strong></span> <span class='ocrx_word' id='word_1_552' title='bbox 1958 3326 2309 3397; x_wconf 83' lang='lat' dir='ltr'><strong>exercituque</strong></span> <span class='ocrx_word' id='word_1_553' title='bbox 2330 3336 2627 3396; x_wconf 88' lang='lat' dir='ltr'><strong>prostrato,</strong></span> <span class='ocrx_word' id='word_1_554' title='bbox 2654 3325 2831 3379; x_wconf 84' lang='lat' dir='ltr'><strong>victor</strong></span> <span class='ocrx_word' id='word_1_555' title='bbox 2853 3324 3105 3379; x_wconf 87' lang='lat' dir='ltr'><strong>obtinuit.</strong></span> <span class='ocrx_word' id='word_1_556' title='bbox 3126 3322 3200 3376; x_wconf 87' lang='lat' dir='ltr'><strong>Ea</strong></span> <span class='ocrx_word' id='word_1_557' title='bbox 3230 3321 3390 3375; x_wconf 84' lang='lat' dir='ltr'><strong>nimi-</strong></span> 
     </span>
    </p>
   </div>
   <div class='ocr_carea' id='block_1_79' title="bbox 1804 3414 3391 3488">
    <p class='ocr_par' dir='ltr' id='par_1_79' title="bbox 1804 3414 3391 3488">
     <span class='ocr_line' id='line_1_79' title="bbox 1804 3414 3391 3488; baseline -0.003 -17"><span class='ocrx_word' id='word_1_558' title='bbox 1804 3434 1923 3471; x_wconf 86' lang='lat' dir='ltr'><strong>rum</strong></span> <span class='ocrx_word' id='word_1_559' title='bbox 1952 3435 2010 3473; x_wconf 89' lang='lat' dir='ltr'><strong>re</strong></span> <span class='ocrx_word' id='word_1_560' title='bbox 2028 3418 2155 3473; x_wconf 91' lang='lat' dir='ltr'><strong>huic</strong></span> <span class='ocrx_word' id='word_1_561' title='bbox 2183 3418 2300 3488; x_wconf 87' lang='lat' dir='ltr'><strong>regi</strong></span> <span class='ocrx_word' id='word_1_562' title='bbox 2330 3418 2411 3473; x_wconf 87' lang='lat' dir='ltr'><strong>sic</strong></span> <span class='ocrx_word' id='word_1_563' title='bbox 2438 3418 2735 3488; x_wconf 88' lang='lat' dir='ltr'><strong>processit,</strong></span> <span class='ocrx_word' id='word_1_564' title='bbox 2771 3432 2877 3486; x_wconf 88' lang='lat' dir='ltr'><strong>quo</strong></span> <span class='ocrx_word' id='word_1_565' title='bbox 2911 3415 3053 3470; x_wconf 90' lang='lat' dir='ltr'><strong>Deus</strong></span> <span class='ocrx_word' id='word_1_566' title='bbox 3078 3414 3391 3470; x_wconf 88' lang='lat' dir='ltr'><strong>ostenderet</strong></span> 
     </span>
    </p>
   </div>
   <div class='ocr_carea' id='block_1_80' title="bbox 1806 3506 3387 3580">
    <p class='ocr_par' dir='ltr' id='par_1_80' title="bbox 1806 3506 3387 3580">
     <span class='ocr_line' id='line_1_80' title="bbox 1806 3506 3387 3580; baseline -0.003 -18"><span class='ocrx_word' id='word_1_567' title='bbox 1806 3510 2160 3580; x_wconf 89' lang='lat' dir='ltr'><strong>precesbeati</strong></span> <span class='ocrx_word' id='word_1_568' title='bbox 2192 3508 2431 3563; x_wconf 86' lang='lat' dir='ltr'><strong>Wilfridi</strong></span> <span class='ocrx_word' id='word_1_569' title='bbox 2464 3517 2591 3564; x_wconf 90' lang='lat' dir='ltr'><strong>ante</strong></span> <span class='ocrx_word' id='word_1_570' title='bbox 2642 3523 2701 3564; x_wconf 90' lang='lat' dir='ltr'><strong>se</strong></span> <span class='ocrx_word' id='word_1_571' title='bbox 2751 3509 2967 3578; x_wconf 88' lang='lat' dir='ltr'><strong>penitus</strong></span> <span class='ocrx_word' id='word_1_572' title='bbox 3018 3506 3221 3561; x_wconf 88' lang='lat' dir='ltr'><strong>cassari</strong></span> <span class='ocrx_word' id='word_1_573' title='bbox 3281 3519 3387 3560; x_wconf 89' lang='lat' dir='ltr'><strong>non</strong></span> 
     </span>
    </p>
   </div>
   <div class='ocr_carea' id='block_1_81' title="bbox 1805 3597 3390 3672">
    <p class='ocr_par' dir='ltr' id='par_1_81' title="bbox 1805 3597 3390 3672">
     <span class='ocr_line' id='line_1_81' title="bbox 1805 3597 3390 3672; baseline -0.004 -15"><span class='ocrx_word' id='word_1_574' title='bbox 1805 3616 1984 3672; x_wconf 88' lang='lat' dir='ltr'><strong>posse.</strong></span> <span class='ocrx_word' id='word_1_575' title='bbox 2026 3601 2137 3657; x_wconf 82' lang='lat' dir='ltr'><strong>Nec</strong></span> <span class='ocrx_word' id='word_1_576' title='bbox 2194 3599 2412 3655; x_wconf 91' lang='lat' dir='ltr'><strong>mirum.</strong></span> <span class='ocrx_word' id='word_1_577' title='bbox 2469 3599 2570 3667; x_wconf 89' lang='lat' dir='ltr'><strong>Qui</strong></span> <span class='ocrx_word' id='word_1_578' title='bbox 2624 3600 2769 3655; x_wconf 89' lang='lat' dir='ltr'><strong>enim</strong></span> <span class='ocrx_word' id='word_1_579' title='bbox 2808 3599 2860 3653; x_wconf 92' lang='lat' dir='ltr'><strong>in</strong></span> <span class='ocrx_word' id='word_1_580' title='bbox 2904 3598 3195 3668; x_wconf 83' lang='lat' dir='ltr'><strong>Evangelia</strong></span> <span class='ocrx_word' id='word_1_581' title='bbox 3252 3597 3390 3651; x_wconf 79' lang='lat' dir='ltr'><strong>dixit</strong></span> 
     </span>
    </p>
   </div>
   <div class='ocr_carea' id='block_1_82' title="bbox 1804 3691 3389 3764">
    <p class='ocr_par' dir='ltr' id='par_1_82' title="bbox 1804 3691 3389 3764">
     <span class='ocr_line' id='line_1_82' title="bbox 1804 3691 3389 3764; baseline -0.003 -17"><span class='ocrx_word' id='word_1_582' title='bbox 1804 3695 1979 3747; x_wconf 84' lang='lat' dir='ltr'><strong>omnia</strong></span> <span class='ocrx_word' id='word_1_583' title='bbox 2003 3693 2122 3748; x_wconf 90' lang='lat' dir='ltr'><strong>fore</strong></span> <span class='ocrx_word' id='word_1_584' title='bbox 2152 3692 2425 3762; x_wconf 77' lang='lat' dir='ltr'><strong>possibilia</strong></span> <span class='ocrx_word' id='word_1_585' title='bbox 2455 3694 2688 3747; x_wconf 83' lang='lat' dir='ltr'><strong>credenti</strong></span> <span class='ocrx_word' id='word_1_586' title='bbox 2720 3691 2912 3764; x_wconf 81' lang='lat' dir='ltr'><strong>(Marc.</strong></span> <span class='ocrx_word' id='word_1_587' title='bbox 2943 3707 3020 3757; x_wconf 83' lang='lat' dir='ltr'><strong>tx,</strong></span> <span class='ocrx_word' id='word_1_588' title='bbox 3052 3691 3166 3761; x_wconf 70' lang='lat'><strong>22).</strong></span> <span class='ocrx_word' id='word_1_589' title='bbox 3198 3691 3389 3745; x_wconf 88' lang='lat' dir='ltr'><strong>merito</strong></span> 
     </span>
    </p>
   </div>
   <div class='ocr_carea' id='block_1_83' title="bbox 1806 3780 3386 3854">
    <p class='ocr_par' dir='ltr' id='par_1_83' title="bbox 1806 3780 3386 3854">
     <span class='ocr_line' id='line_1_83' title="bbox 1806 3780 3386 3854; baseline -0.003 -14"><span class='ocrx_word' id='word_1_590' title='bbox 1806 3786 1876 3840; x_wconf 90' lang='lat' dir='ltr'><strong>illi</strong></span> <span class='ocrx_word' id='word_1_591' title='bbox 1912 3801 2071 3854; x_wconf 85' lang='lat' dir='ltr'><strong>quem</strong></span> <span class='ocrx_word' id='word_1_592' title='bbox 2098 3794 2153 3839; x_wconf 89' lang='lat' dir='ltr'><strong>et</strong></span> <span class='ocrx_word' id='word_1_593' title='bbox 2186 3785 2288 3841; x_wconf 89' lang='lat' dir='ltr'><strong>ﬁde</strong></span> <span class='ocrx_word' id='word_1_594' title='bbox 2319 3785 2669 3851; x_wconf 88' lang='lat' dir='ltr'><strong>catholicum,</strong></span> <span class='ocrx_word' id='word_1_595' title='bbox 2695 3796 2749 3838; x_wconf 90' lang='lat' dir='ltr'><strong>et</strong></span> <span class='ocrx_word' id='word_1_596' title='bbox 2779 3785 2831 3838; x_wconf 93' lang='lat' dir='ltr'><strong>in</strong></span> <span class='ocrx_word' id='word_1_597' title='bbox 2868 3786 3121 3853; x_wconf 90' lang='lat' dir='ltr'><strong>operibus</strong></span> <span class='ocrx_word' id='word_1_598' title='bbox 3150 3780 3386 3849; x_wconf 89' lang='lat' dir='ltr'><strong>ejusdem</strong></span> 
     </span>
    </p>
   </div>
   <div class='ocr_carea' id='block_1_84' title="bbox 1806 3874 3389 3948">
    <p class='ocr_par' dir='ltr' id='par_1_84' title="bbox 1806 3874 3389 3948">
     <span class='ocr_line' id='line_1_84' title="bbox 1806 3874 3389 3948; baseline -0.004 -17"><span class='ocrx_word' id='word_1_599' title='bbox 1806 3878 1930 3932; x_wconf 86' lang='lat' dir='ltr'><strong>fidei</strong></span> <span class='ocrx_word' id='word_1_600' title='bbox 1965 3878 2295 3948; x_wconf 61' lang='lat' dir='ltr'><strong>praecipuum</strong></span> <span class='ocrx_word' id='word_1_601' title='bbox 2335 3878 2446 3946; x_wconf 88' lang='lat' dir='ltr'><strong>ipsa</strong></span> <span class='ocrx_word' id='word_1_602' title='bbox 2500 3876 2714 3932; x_wconf 89' lang='lat' dir='ltr'><strong>Domini</strong></span> <span class='ocrx_word' id='word_1_603' title='bbox 2755 3875 3022 3946; x_wconf 87' lang='lat' dir='ltr'><strong>sapientia</strong></span> <span class='ocrx_word' id='word_1_604' title='bbox 3073 3874 3228 3937; x_wconf 89' lang='lat' dir='ltr'><strong>vidit,</strong></span> <span class='ocrx_word' id='word_1_605' title='bbox 3268 3888 3389 3942; x_wconf 73' lang='lat' dir='ltr'><strong>qua:</strong></span> 
     </span>
    </p>
   </div>
   <div class='ocr_carea' id='block_1_85' title="bbox 1799 3962 3381 4039">
    <p class='ocr_par' dir='ltr' id='par_1_85' title="bbox 1799 3962 3381 4039">
     <span class='ocr_line' id='line_1_85' title="bbox 1799 3962 3381 4039; baseline -0.004 -19"><span class='ocrx_word' id='word_1_606' title='bbox 1799 3968 2206 4039; x_wconf 90' lang='lat' dir='ltr'><strong>juste-petebat,</strong></span> <span class='ocrx_word' id='word_1_607' title='bbox 2239 3965 2512 4037; x_wconf 88' lang='lat' dir='ltr'><strong>possibilia</strong></span> <span class='ocrx_word' id='word_1_608' title='bbox 2544 3980 2665 4021; x_wconf 88' lang='lat' dir='ltr'><strong>esse</strong></span> <span class='ocrx_word' id='word_1_609' title='bbox 2695 3964 2996 4019; x_wconf 84' lang='lat' dir='ltr'><strong>concedere</strong></span> <span class='ocrx_word' id='word_1_610' title='bbox 3013 3962 3215 4018; x_wconf 83' lang='lat' dir='ltr'><strong>debuit.</strong></span> <span class='ocrx_word' id='word_1_611' title='bbox 3246 3962 3381 4015; x_wconf 87' lang='lat' dir='ltr'><strong>Natu</strong></span> 
     </span>
    </p>
   </div>
   <div class='ocr_carea' id='block_1_86' title="bbox 1805 4055 3387 4130">
    <p class='ocr_par' dir='ltr' id='par_1_86' title="bbox 1805 4055 3387 4130">
     <span class='ocr_line' id='line_1_86' title="bbox 1805 4055 3387 4130; baseline -0.004 -15"><span class='ocrx_word' id='word_1_612' title='bbox 1805 4061 1871 4118; x_wconf 83' lang='lat' dir='ltr'><strong>de</strong></span> <span class='ocrx_word' id='word_1_613' title='bbox 1897 4061 2039 4114; x_wconf 89' lang='lat' dir='ltr'><strong>illius</strong></span> <span class='ocrx_word' id='word_1_614' title='bbox 2069 4059 2189 4115; x_wconf 90' lang='lat' dir='ltr'><strong>ﬁdei</strong></span> <span class='ocrx_word' id='word_1_615' title='bbox 2224 4060 2533 4130; x_wconf 89' lang='lat' dir='ltr'><strong>integritate</strong></span> <span class='ocrx_word' id='word_1_616' title='bbox 2560 4058 2682 4130; x_wconf 88' lang='lat' dir='ltr'><strong>quis</strong></span> <span class='ocrx_word' id='word_1_617' title='bbox 2729 4058 3009 4122; x_wconf 89' lang='lat' dir='ltr'><strong>dubitare,</strong></span> <span class='ocrx_word' id='word_1_618' title='bbox 3046 4064 3137 4110; x_wconf 89' lang='lat' dir='ltr'><strong>attt</strong></span> <span class='ocrx_word' id='word_1_619' title='bbox 3166 4055 3289 4126; x_wconf 85' lang='lat' dir='ltr'><strong>quis</strong></span> <span class='ocrx_word' id='word_1_620' title='bbox 3320 4056 3387 4109; x_wconf 88' lang='lat' dir='ltr'><strong>de</strong></span> 
     </span>
    </p>
   </div>
   <div class='ocr_carea' id='block_1_87' title="bbox 1806 4148 3385 4224">
    <p class='ocr_par' dir='ltr' id='par_1_87' title="bbox 1806 4148 3385 4224">
     <span class='ocr_line' id='line_1_87' title="bbox 1806 4148 3385 4224; baseline -0.004 -16"><span class='ocrx_word' id='word_1_621' title='bbox 1806 4153 2137 4224; x_wconf 83' lang='lat' dir='ltr'><strong>perfectione</strong></span> <span class='ocrx_word' id='word_1_622' title='bbox 2184 4167 2408 4223; x_wconf 83' lang='lat' dir='ltr'><strong>operum</strong></span> <span class='ocrx_word' id='word_1_623' title='bbox 2464 4152 2579 4221; x_wconf 86' lang='lat' dir='ltr'><strong>ejus</strong></span> <span class='ocrx_word' id='word_1_624' title='bbox 2636 4152 2795 4221; x_wconf 87' lang='lat' dir='ltr'><strong>digne</strong></span> <span class='ocrx_word' id='word_1_625' title='bbox 2847 4149 3024 4203; x_wconf 87' lang='lat' dir='ltr'><strong>valeat</strong></span> <span class='ocrx_word' id='word_1_626' title='bbox 3065 4148 3385 4219; x_wconf 86' lang='lat' dir='ltr'><strong>disputare?</strong></span> 
     </span>
    </p>
   </div>
   <div class='ocr_carea' id='block_1_88' title="bbox 1806 4237 3388 4314">
    <p class='ocr_par' dir='ltr' id='par_1_88' title="bbox 1806 4237 3388 4314">
     <span class='ocr_line' id='line_1_88' title="bbox 1806 4237 3388 4314; baseline 0 -21"><span class='ocrx_word' id='word_1_627' title='bbox 1806 4243 2191 4299; x_wconf 87' lang='lat' dir='ltr'><strong>Verumtamen</strong></span> <span class='ocrx_word' id='word_1_628' title='bbox 2222 4242 2413 4314; x_wconf 89' lang='lat' dir='ltr'><strong>paucis</strong></span> <span class='ocrx_word' id='word_1_629' title='bbox 2456 4256 2619 4310; x_wconf 85' lang='lat' dir='ltr'><strong>opera</strong></span> <span class='ocrx_word' id='word_1_630' title='bbox 2650 4242 2767 4311; x_wconf 86' lang='lat' dir='ltr'><strong>ejus</strong></span> <span class='ocrx_word' id='word_1_631' title='bbox 2794 4239 3039 4311; x_wconf 62' lang='lat' dir='ltr'><strong>quaedam</strong></span> <span class='ocrx_word' id='word_1_632' title='bbox 3073 4237 3388 4294; x_wconf 87' lang='lat' dir='ltr'><strong>describan-</strong></span> 
     </span>
    </p>
   </div>
   <div class='ocr_carea' id='block_1_89' title="bbox 1806 4333 3390 4407">
    <p class='ocr_par' dir='ltr' id='par_1_89' title="bbox 1806 4333 3390 4407">
     <span class='ocr_line' id='line_1_89' title="bbox 1806 4333 3390 4407; baseline -0.004 -14"><span class='ocrx_word' id='word_1_633' title='bbox 1806 4348 1913 4406; x_wconf 90' lang='lat' dir='ltr'><strong>tur,</strong></span> <span class='ocrx_word' id='word_1_634' title='bbox 1954 4352 2071 4407; x_wconf 75' lang='lat' dir='ltr'><strong>qua:</strong></span> <span class='ocrx_word' id='word_1_635' title='bbox 2098 4345 2153 4392; x_wconf 89' lang='lat' dir='ltr'><strong>et</strong></span> <span class='ocrx_word' id='word_1_636' title='bbox 2196 4335 2494 4406; x_wconf 86' lang='lat' dir='ltr'><strong>integritati</strong></span> <span class='ocrx_word' id='word_1_637' title='bbox 2532 4350 2642 4389; x_wconf 84' lang='lat' dir='ltr'><strong>suae</strong></span> <span class='ocrx_word' id='word_1_638' title='bbox 2684 4334 2804 4390; x_wconf 91' lang='lat' dir='ltr'><strong>ﬁdei</strong></span> <span class='ocrx_word' id='word_1_639' title='bbox 2854 4333 3217 4389; x_wconf 89' lang='lat' dir='ltr'><strong>testimonium</strong></span> <span class='ocrx_word' id='word_1_640' title='bbox 3252 4348 3390 4403; x_wconf 72' lang='lat' dir='ltr'><strong>prte-</strong></span> 
     </span>
    </p>
   </div>
   <div class='ocr_carea' id='block_1_90' title="bbox 1806 4424 3388 4493">
    <p class='ocr_par' dir='ltr' id='par_1_90' title="bbox 1806 4424 3388 4493">
     <span class='ocr_line' id='line_1_90' title="bbox 1806 4424 3388 4493; baseline -0.004 -9"><span class='ocrx_word' id='word_1_641' title='bbox 1806 4428 2003 4493; x_wconf 89' lang='lat' dir='ltr'><strong>beant,</strong></span> <span class='ocrx_word' id='word_1_642' title='bbox 2038 4436 2092 4483; x_wconf 91' lang='lat' dir='ltr'><strong>et</strong></span> <span class='ocrx_word' id='word_1_643' title='bbox 2122 4426 2265 4482; x_wconf 90' lang='lat' dir='ltr'><strong>illius</strong></span> <span class='ocrx_word' id='word_1_644' title='bbox 2309 4426 2488 4481; x_wconf 89' lang='lat' dir='ltr'><strong>cordis</strong></span> <span class='ocrx_word' id='word_1_645' title='bbox 2528 4425 2868 4480; x_wconf 88' lang='lat' dir='ltr'><strong>devotionem</strong></span> <span class='ocrx_word' id='word_1_646' title='bbox 2905 4424 3105 4479; x_wconf 88' lang='lat' dir='ltr'><strong>imitari</strong></span> <span class='ocrx_word' id='word_1_647' title='bbox 3147 4424 3388 4477; x_wconf 88' lang='lat' dir='ltr'><strong>volentes</strong></span> 
     </span>
    </p>
   </div>
   <div class='ocr_carea' id='block_1_91' title="bbox 132 4509 2876 4606">
    <p class='ocr_par' dir='ltr' id='par_1_91' title="bbox 132 4509 2876 4606">
     <span class='ocr_line' id='line_1_91' title="bbox 132 4509 2876 4606; baseline 0.003 -44"><span class='ocrx_word' id='word_1_648' title='bbox 132 4509 262 4606; x_wconf 80' lang='lat' dir='ltr'><strong>tione</strong></span> <span class='ocrx_word' id='word_1_649' title='bbox 284 4517 633 4584; x_wconf 90' lang='lat' dir='ltr'><strong>postmodum</strong></span> <span class='ocrx_word' id='word_1_650' title='bbox 661 4516 689 4569; x_wconf 85' lang='lat' dir='ltr'><strong>f:</strong></span> <span class='ocrx_word' id='word_1_651' title='bbox 714 4518 806 4571; x_wconf 79' lang='lat' dir='ltr'><strong>cit.</strong></span> <span class='ocrx_word' id='word_1_652' title='bbox 833 4517 972 4572; x_wconf 88' lang='lat' dir='ltr'><strong>Hinc</strong></span> <span class='ocrx_word' id='word_1_653' title='bbox 1016 4520 1217 4590; x_wconf 89' lang='lat' dir='ltr'><strong>quique</strong></span> <span class='ocrx_word' id='word_1_654' title='bbox 1242 4521 1553 4591; x_wconf 87' lang='lat' dir='ltr'><strong>perpendite</strong></span> <span class='ocrx_word' id='word_1_655' title='bbox 1575 4521 1701 4592; x_wconf 89' lang='lat' dir='ltr'><strong>quid</strong></span> <span class='ocrx_word' id='word_1_656' title='bbox 1735 4549 1780 4606; x_wconf 71' lang='grc' dir='ltr'>ο</span> <span class='ocrx_word' id='word_1_657' title='bbox 1806 4521 1950 4590; x_wconf 91' lang='lat' dir='ltr'><strong>quod</strong></span> <span class='ocrx_word' id='word_1_658' title='bbox 1978 4519 2264 4575; x_wconf 89' lang='lat' dir='ltr'><strong>imitentur</strong></span> <span class='ocrx_word' id='word_1_659' title='bbox 2291 4535 2401 4589; x_wconf 68' lang='lat' dir='ltr'><strong>prae</strong></span> <span class='ocrx_word' id='word_1_660' title='bbox 2426 4517 2597 4573; x_wconf 91' lang='lat' dir='ltr'><strong>oculis</strong></span> <span class='ocrx_word' id='word_1_661' title='bbox 2626 4516 2876 4572; x_wconf 86' lang='lat' dir='ltr'><strong>habeant.</strong></span> 
     </span>
    </p>
   </div>
   <div class='ocr_carea' id='block_1_92' title="bbox 128 4601 1704 4677">
    <p class='ocr_par' dir='ltr' id='par_1_92' title="bbox 128 4601 1704 4677">
     <span class='ocr_line' id='line_1_92' title="bbox 128 4601 1704 4677; baseline 0.009 -24"><span class='ocrx_word' id='word_1_662' title='bbox 128 4601 252 4672; x_wconf 82' lang='lat' dir='ltr'><strong>signi</strong></span> <span class='ocrx_word' id='word_1_663' title='bbox 292 4606 595 4674; x_wconf 71' lang='lat' dir='ltr'><strong>przetulerit</strong></span> <span class='ocrx_word' id='word_1_664' title='bbox 634 4621 795 4675; x_wconf 88' lang='lat' dir='ltr'><strong>super</strong></span> <span class='ocrx_word' id='word_1_665' title='bbox 833 4607 951 4677; x_wconf 86' lang='lat' dir='ltr'><strong>ejus</strong></span> <span class='ocrx_word' id='word_1_666' title='bbox 982 4610 1247 4666; x_wconf 88' lang='lat' dir='ltr'><strong>cunabula</strong></span> <span class='ocrx_word' id='word_1_667' title='bbox 1272 4611 1501 4666; x_wconf 69' lang='lat' dir='ltr'><strong>&#39;cualitus</strong></span> <span class='ocrx_word' id='word_1_668' title='bbox 1541 4612 1704 4668; x_wconf 83' lang='lat' dir='ltr'><strong>emis-</strong></span> 
     </span>
    </p>
   </div>
   <div class='ocr_carea' id='block_1_93' title="bbox 129 4698 1022 4755">
    <p class='ocr_par' dir='ltr' id='par_1_93' title="bbox 129 4698 1022 4755">
     <span class='ocr_line' id='line_1_93' title="bbox 129 4698 1022 4755; baseline 0.009 -8"><span class='ocrx_word' id='word_1_669' title='bbox 129 4707 236 4749; x_wconf 85' lang='lat' dir='ltr'><strong>sum</strong></span> <span class='ocrx_word' id='word_1_670' title='bbox 263 4698 445 4754; x_wconf 88' lang='lat' dir='ltr'><strong>lumen</strong></span> <span class='ocrx_word' id='word_1_671' title='bbox 479 4700 745 4755; x_wconf 86' lang='lat' dir='ltr'><strong>radiantis</strong></span> <span class='ocrx_word' id='word_1_672' title='bbox 772 4699 1022 4755; x_wconf 73' lang='lat' dir='ltr'><strong>ﬁammm.</strong></span> 
     </span>
    </p>
   </div>
   <div class='ocr_carea' id='block_1_94' title="bbox 187 4787 1705 4865">
    <p class='ocr_par' dir='ltr' id='par_1_94' title="bbox 187 4787 1705 4865">
     <span class='ocr_line' id='line_1_94' title="bbox 187 4787 1705 4865; baseline 0.008 -27"><span class='ocrx_word' id='word_1_673' title='bbox 187 4787 271 4840; x_wconf 77' lang='lat'><strong>9.7.</strong></span> <span class='ocrx_word' id='word_1_674' title='bbox 304 4789 378 4842; x_wconf 88' lang='lat' dir='ltr'><strong>Ea</strong></span> <span class='ocrx_word' id='word_1_675' title='bbox 417 4799 737 4859; x_wconf 83' lang='lat' dir='ltr'><strong>tempeState</strong></span> <span class='ocrx_word' id='word_1_676' title='bbox 790 4806 1014 4860; x_wconf 84' lang='lat' dir='ltr'><strong>regnum</strong></span> <span class='ocrx_word' id='word_1_677' title='bbox 1055 4793 1234 4862; x_wconf 85' lang='lat' dir='ltr'><strong>gentis</strong></span> <span class='ocrx_word' id='word_1_678' title='bbox 1284 4793 1575 4863; x_wconf 79' lang='lat' dir='ltr'><strong>Anglorum</strong></span> <span class='ocrx_word' id='word_1_679' title='bbox 1613 4809 1705 4865; x_wconf 83' lang='lat' dir='ltr'><strong>ge-</strong></span> 
     </span>
    </p>
   </div>
   <div class='ocr_carea' id='block_1_95' title="bbox 129 4878 1703 4953">
    <p class='ocr_par' dir='ltr' id='par_1_95' title="bbox 129 4878 1703 4953">
     <span class='ocr_line' id='line_1_95' title="bbox 129 4878 1703 4953; baseline 0.01 -26"><span class='ocrx_word' id='word_1_680' title='bbox 129 4878 261 4932; x_wconf 75' lang='lat' dir='ltr'><strong>nziuo</strong></span> <span class='ocrx_word' id='word_1_681' title='bbox 304 4881 502 4936; x_wconf 86' lang='lat' dir='ltr'><strong>decore</strong></span> <span class='ocrx_word' id='word_1_682' title='bbox 548 4882 785 4947; x_wconf 90' lang='lat' dir='ltr'><strong>nitebat,</strong></span> <span class='ocrx_word' id='word_1_683' title='bbox 816 4898 938 4938; x_wconf 90' lang='lat' dir='ltr'><strong>cum</strong></span> <span class='ocrx_word' id='word_1_684' title='bbox 977 4895 1025 4937; x_wconf 90' lang='lat' dir='ltr'><strong>et</strong></span> <span class='ocrx_word' id='word_1_685' title='bbox 1080 4900 1233 4953; x_wconf 87' lang='lat' dir='ltr'><strong>reges</strong></span> <span class='ocrx_word' id='word_1_686' title='bbox 1276 4886 1703 4943; x_wconf 73' lang='lat' dir='ltr'><strong>Christianitatis</strong></span> 
     </span>
    </p>
   </div>
   <div class='ocr_carea' id='block_1_96' title="bbox 127 4968 1699 5046">
    <p class='ocr_par' dir='ltr' id='par_1_96' title="bbox 127 4968 1699 5046">
     <span class='ocr_line' id='line_1_96' title="bbox 127 4968 1699 5046; baseline 0.009 -29"><span class='ocrx_word' id='word_1_687' title='bbox 127 4979 296 5023; x_wconf 89' lang='lat' dir='ltr'><strong>amore</strong></span> <span class='ocrx_word' id='word_1_688' title='bbox 322 4968 631 5037; x_wconf 79' lang='lat' dir='ltr'><strong>fervebant,</strong></span> <span class='ocrx_word' id='word_1_689' title='bbox 688 4982 744 5027; x_wconf 91' lang='lat' dir='ltr'><strong>et</strong></span> <span class='ocrx_word' id='word_1_690' title='bbox 798 4974 1079 5042; x_wconf 88' lang='lat' dir='ltr'><strong>pontiﬁces</strong></span> <span class='ocrx_word' id='word_1_691' title='bbox 1127 4974 1293 5029; x_wconf 89' lang='lat' dir='ltr'><strong>divini</strong></span> <span class='ocrx_word' id='word_1_692' title='bbox 1334 4978 1699 5046; x_wconf 89' lang='lat' dir='ltr'><strong>operationem</strong></span> 
     </span>
    </p>
   </div>
   <div class='ocr_carea' id='block_1_97' title="bbox 130 5063 1701 5139">
    <p class='ocr_par' dir='ltr' id='par_1_97' title="bbox 130 5063 1701 5139">
     <span class='ocr_line' id='line_1_97' title="bbox 130 5063 1701 5139; baseline 0.008 -27"><span class='ocrx_word' id='word_1_693' title='bbox 130 5063 358 5128; x_wconf 81' lang='lat' dir='ltr'><strong>mysterii</strong></span> <span class='ocrx_word' id='word_1_694' title='bbox 417 5078 634 5119; x_wconf 88' lang='lat' dir='ltr'><strong>sunnno</strong></span> <span class='ocrx_word' id='word_1_695' title='bbox 681 5067 863 5122; x_wconf 80' lang='lat' dir='ltr'><strong>studio</strong></span> <span class='ocrx_word' id='word_1_696' title='bbox 920 5066 1268 5121; x_wconf 81' lang='lat' dir='ltr'><strong>exercebant.</strong></span> <span class='ocrx_word' id='word_1_697' title='bbox 1314 5067 1448 5123; x_wconf 87' lang='lat' dir='ltr'><strong>Hine</strong></span> <span class='ocrx_word' id='word_1_698' title='bbox 1507 5070 1701 5139; x_wconf 86' lang='lat' dir='ltr'><strong>regalis</strong></span> 
     </span>
    </p>
   </div>
   <div class='ocr_carea' id='block_1_98' title="bbox 128 5153 1703 5232">
    <p class='ocr_par' dir='ltr' id='par_1_98' title="bbox 128 5153 1703 5232">
     <span class='ocr_line' id='line_1_98' title="bbox 128 5153 1703 5232; baseline 0.009 -28"><span class='ocrx_word' id='word_1_699' title='bbox 128 5153 449 5218; x_wconf 84' lang='lat' dir='ltr'><strong>providentia</strong></span> <span class='ocrx_word' id='word_1_700' title='bbox 488 5158 588 5213; x_wconf 92' lang='lat' dir='ltr'><strong>hoc</strong></span> <span class='ocrx_word' id='word_1_701' title='bbox 618 5159 959 5228; x_wconf 88' lang='lat' dir='ltr'><strong>potissimum</strong></span> <span class='ocrx_word' id='word_1_702' title='bbox 1000 5174 1097 5230; x_wconf 89' lang='lat' dir='ltr'><strong>per</strong></span> <span class='ocrx_word' id='word_1_703' title='bbox 1126 5175 1183 5215; x_wconf 88' lang='lat' dir='ltr'><strong>se</strong></span> <span class='ocrx_word' id='word_1_704' title='bbox 1208 5160 1428 5231; x_wconf 90' lang='lat' dir='ltr'><strong>gerebat</strong></span> <span class='ocrx_word' id='word_1_705' title='bbox 1457 5177 1703 5232; x_wconf 90' lang='lat' dir='ltr'><strong>quosque</strong></span> 
     </span>
    </p>
   </div>
   <div class='ocr_carea' id='block_1_99' title="bbox 128 5244 1697 5323">
    <p class='ocr_par' dir='ltr' id='par_1_99' title="bbox 128 5244 1697 5323">
     <span class='ocr_line' id='line_1_99' title="bbox 128 5244 1697 5323; baseline 0.01 -30"><span class='ocrx_word' id='word_1_706' title='bbox 128 5244 456 5302; x_wconf 86' lang='lat' dir='ltr'><strong>subditorum</strong></span> <span class='ocrx_word' id='word_1_707' title='bbox 489 5251 660 5319; x_wconf 87' lang='lat' dir='ltr'><strong>magis</strong></span> <span class='ocrx_word' id='word_1_708' title='bbox 704 5265 733 5303; x_wconf 87' lang='lat' dir='ltr'><strong>a</strong></span> <span class='ocrx_word' id='word_1_709' title='bbox 782 5251 1051 5322; x_wconf 89' lang='lat' dir='ltr'><strong>pravitate</strong></span> <span class='ocrx_word' id='word_1_710' title='bbox 1093 5267 1302 5307; x_wconf 91' lang='lat' dir='ltr'><strong>morum</strong></span> <span class='ocrx_word' id='word_1_711' title='bbox 1340 5253 1697 5323; x_wconf 87' lang='lat' dir='ltr'><strong>abstrahere,</strong></span> 
     </span>
    </p>
   </div>
   <div class='ocr_carea' id='block_1_100' title="bbox 128 5338 1699 5414">
    <p class='ocr_par' dir='ltr' id='par_1_100' title="bbox 128 5338 1699 5414">
     <span class='ocr_line' id='line_1_100' title="bbox 128 5338 1699 5414; baseline 0.011 -32"><span class='ocrx_word' id='word_1_712' title='bbox 128 5344 277 5398; x_wconf 90' lang='lat' dir='ltr'><strong>quam</strong></span> <span class='ocrx_word' id='word_1_713' title='bbox 310 5338 608 5407; x_wconf 88' lang='lat' dir='ltr'><strong>cupiditate</strong></span> <span class='ocrx_word' id='word_1_714' title='bbox 637 5341 802 5394; x_wconf 90' lang='lat' dir='ltr'><strong>animi</strong></span> <span class='ocrx_word' id='word_1_715' title='bbox 846 5356 933 5396; x_wconf 92' lang='lat' dir='ltr'><strong>res</strong></span> <span class='ocrx_word' id='word_1_716' title='bbox 955 5356 1142 5397; x_wconf 91' lang='lat' dir='ltr'><strong>eorum</strong></span> <span class='ocrx_word' id='word_1_717' title='bbox 1173 5342 1471 5414; x_wconf 86' lang='lat' dir='ltr'><strong>diripiendo</strong></span> <span class='ocrx_word' id='word_1_718' title='bbox 1499 5345 1699 5399; x_wconf 90' lang='lat' dir='ltr'><strong>distra-</strong></span> 
     </span>
    </p>
   </div>
   <div class='ocr_carea' id='block_1_101' title="bbox 129 5420 1700 5503">
    <p class='ocr_par' dir='ltr' id='par_1_101' title="bbox 129 5420 1700 5503">
     <span class='ocr_line' id='line_1_101' title="bbox 129 5420 1700 5503; baseline 0.011 -31"><span class='ocrx_word' id='word_1_719' title='bbox 129 5420 280 5490; x_wconf 85' lang='lat' dir='ltr'><strong>here;</strong></span> <span class='ocrx_word' id='word_1_720' title='bbox 308 5443 410 5482; x_wconf 91' lang='lat' dir='ltr'><strong>nec</strong></span> <span class='ocrx_word' id='word_1_721' title='bbox 439 5428 545 5484; x_wconf 89' lang='lat' dir='ltr'><strong>ulla</strong></span> <span class='ocrx_word' id='word_1_722' title='bbox 588 5432 669 5486; x_wconf 91' lang='lat' dir='ltr'><strong>eis</strong></span> <span class='ocrx_word' id='word_1_723' title='bbox 714 5447 843 5486; x_wconf 91' lang='lat' dir='ltr'><strong>cura</strong></span> <span class='ocrx_word' id='word_1_724' title='bbox 895 5433 1074 5488; x_wconf 86' lang='lat' dir='ltr'><strong>fuerat</strong></span> <span class='ocrx_word' id='word_1_725' title='bbox 1103 5448 1266 5503; x_wconf 86' lang='lat' dir='ltr'><strong>quam</strong></span> <span class='ocrx_word' id='word_1_726' title='bbox 1313 5436 1575 5500; x_wconf 90' lang='lat' dir='ltr'><strong>subditis,</strong></span> <span class='ocrx_word' id='word_1_727' title='bbox 1607 5436 1700 5490; x_wconf 90' lang='lat' dir='ltr'><strong>sed</strong></span> 
     </span>
    </p>
   </div>
   <div class='ocr_carea' id='block_1_102' title="bbox 128 5520 1703 5596">
    <p class='ocr_par' dir='ltr' id='par_1_102' title="bbox 128 5520 1703 5596">
     <span class='ocr_line' id='line_1_102' title="bbox 128 5520 1703 5596; baseline 0.01 -29"><span class='ocrx_word' id='word_1_728' title='bbox 128 5528 278 5582; x_wconf 85' lang='lat' dir='ltr'><strong>quam</strong></span> <span class='ocrx_word' id='word_1_729' title='bbox 305 5520 461 5576; x_wconf 88' lang='lat' dir='ltr'><strong>bonis</strong></span> <span class='ocrx_word' id='word_1_730' title='bbox 493 5523 589 5592; x_wconf 89' lang='lat' dir='ltr'><strong>ipsi</strong></span> <span class='ocrx_word' id='word_1_731' title='bbox 624 5535 933 5596; x_wconf 89' lang='lat' dir='ltr'><strong>regnarent.</strong></span> <span class='ocrx_word' id='word_1_732' title='bbox 960 5525 1099 5581; x_wconf 82' lang='lat' dir='ltr'><strong>Hinc</strong></span> <span class='ocrx_word' id='word_1_733' title='bbox 1136 5527 1491 5583; x_wconf 90' lang='lat' dir='ltr'><strong>nihilominus</strong></span> <span class='ocrx_word' id='word_1_734' title='bbox 1520 5545 1703 5585; x_wconf 83' lang='lat' dir='ltr'><strong>sacer-</strong></span> 
     </span>
    </p>
   </div>
   <div class='ocr_carea' id='block_1_103' title="bbox 129 5600 1697 5688">
    <p class='ocr_par' dir='ltr' id='par_1_103' title="bbox 129 5600 1697 5688">
     <span class='ocr_line' id='line_1_103' title="bbox 129 5600 1697 5688; baseline 0.014 -34"><span class='ocrx_word' id='word_1_735' title='bbox 129 5600 311 5662; x_wconf 84' lang='lat' dir='ltr'><strong>dotalis</strong></span> <span class='ocrx_word' id='word_1_736' title='bbox 334 5626 470 5679; x_wconf 82' lang='lat' dir='ltr'><strong>apex</strong></span> <span class='ocrx_word' id='word_1_737' title='bbox 505 5616 585 5669; x_wconf 88' lang='lat' dir='ltr'><strong>sui</strong></span> <span class='ocrx_word' id='word_1_738' title='bbox 620 5616 778 5672; x_wconf 82' lang='lat' dir='ltr'><strong>ofﬁcii</strong></span> <span class='ocrx_word' id='word_1_739' title='bbox 799 5617 1115 5686; x_wconf 89' lang='lat' dir='ltr'><strong>plenissime</strong></span> <span class='ocrx_word' id='word_1_740' title='bbox 1138 5633 1361 5688; x_wconf 90' lang='lat' dir='ltr'><strong>compos</strong></span> <span class='ocrx_word' id='word_1_741' title='bbox 1390 5621 1697 5686; x_wconf 80' lang='lat' dir='ltr'><strong>exstiterat,</strong></span> 
     </span>
    </p>
   </div>
   <div class='ocr_carea' id='block_1_104' title="bbox 129 5697 1702 5781">
    <p class='ocr_par' dir='ltr' id='par_1_104' title="bbox 129 5697 1702 5781">
     <span class='ocr_line' id='line_1_104' title="bbox 129 5697 1702 5781; baseline 0.011 -29"><span class='ocrx_word' id='word_1_742' title='bbox 129 5697 203 5752; x_wconf 82' lang='lat' dir='ltr'><strong>eis</strong></span> <span class='ocrx_word' id='word_1_743' title='bbox 238 5701 575 5765; x_wconf 82' lang='lat' dir='ltr'><strong>solummodo</strong></span> <span class='ocrx_word' id='word_1_744' title='bbox 624 5726 717 5765; x_wconf 89' lang='lat' dir='ltr'><strong>sua</strong></span> <span class='ocrx_word' id='word_1_745' title='bbox 764 5709 1044 5781; x_wconf 86' lang='lat' dir='ltr'><strong>diligentia</strong></span> <span class='ocrx_word' id='word_1_746' title='bbox 1076 5723 1296 5780; x_wconf 88' lang='lat' dir='ltr'><strong>operam</strong></span> <span class='ocrx_word' id='word_1_747' title='bbox 1322 5711 1588 5779; x_wconf 83' lang='lat' dir='ltr'><strong>praebens,</strong></span> <span class='ocrx_word' id='word_1_748' title='bbox 1633 5714 1702 5769; x_wconf 83' lang='lat' dir='ltr'><strong>ad</strong></span> 
     </span>
    </p>
   </div>
   <div class='ocr_carea' id='block_1_105' title="bbox 131 5794 1697 5879">
    <p class='ocr_par' dir='ltr' id='par_1_105' title="bbox 131 5794 1697 5879">
     <span class='ocr_line' id='line_1_105' title="bbox 131 5794 1697 5879; baseline 0.005 -26"><span class='ocrx_word' id='word_1_749' title='bbox 131 5800 240 5859; x_wconf 67' lang='lat' dir='ltr'><strong>quer</strong></span> <span class='ocrx_word' id='word_1_750' title='bbox 287 5794 458 5866; x_wconf 64' lang='lat' dir='ltr'><strong>ip&lt;itts</strong></span> <span class='ocrx_word' id='word_1_751' title='bbox 505 5802 710 5879; x_wconf 74' lang='lat' dir='ltr'><strong>ordinis</strong></span> <span class='ocrx_word' id='word_1_752' title='bbox 754 5803 1030 5861; x_wconf 88' lang='lat' dir='ltr'><strong>iustitulor</strong></span> <span class='ocrx_word' id='word_1_753' title='bbox 1055 5812 1108 5861; x_wconf 85' lang='lat' dir='ltr'><strong>et</strong></span> <span class='ocrx_word' id='word_1_754' title='bbox 1137 5814 1324 5861; x_wconf 83' lang='lat' dir='ltr'><strong>auctor</strong></span> <span class='ocrx_word' id='word_1_755' title='bbox 1356 5804 1495 5861; x_wconf 86' lang='lat' dir='ltr'><strong>Deus</strong></span> <span class='ocrx_word' id='word_1_756' title='bbox 1526 5807 1697 5879; x_wconf 85' lang='lat' dir='ltr'><strong>ipsum</strong></span> 
     </span>
    </p>
   </div>
   <div class='ocr_carea' id='block_1_106' title="bbox 1873 4610 3386 4683">
    <p class='ocr_par' dir='ltr' id='par_1_106' title="bbox 1873 4610 3386 4683">
     <span class='ocr_line' id='line_1_106' title="bbox 1873 4610 3386 4683; baseline -0.004 -15"><span class='ocrx_word' id='word_1_757' title='bbox 1873 4612 1962 4669; x_wconf 77' lang='lat'><strong>28.</strong></span> <span class='ocrx_word' id='word_1_758' title='bbox 1995 4613 2071 4667; x_wconf 86' lang='lat' dir='ltr'><strong>Ac</strong></span> <span class='ocrx_word' id='word_1_759' title='bbox 2099 4614 2272 4683; x_wconf 92' lang='lat' dir='ltr'><strong>primo</strong></span> <span class='ocrx_word' id='word_1_760' title='bbox 2322 4610 2611 4665; x_wconf 90' lang='lat' dir='ltr'><strong>dicendum</strong></span> <span class='ocrx_word' id='word_1_761' title='bbox 2670 4611 2811 4679; x_wconf 90' lang='lat' dir='ltr'><strong>quod</strong></span> <span class='ocrx_word' id='word_1_762' title='bbox 2863 4610 3084 4678; x_wconf 88' lang='lat' dir='ltr'><strong>optimis</strong></span> <span class='ocrx_word' id='word_1_763' title='bbox 3131 4626 3159 4663; x_wconf 90' lang='lat' dir='ltr'><strong>a</strong></span> <span class='ocrx_word' id='word_1_764' title='bbox 3215 4622 3386 4678; x_wconf 90' lang='lat' dir='ltr'><strong>puero</strong></span> 
     </span>
    </p>
   </div>
   <div class='ocr_carea' id='block_1_107' title="bbox 1806 4700 3389 4772">
    <p class='ocr_par' dir='ltr' id='par_1_107' title="bbox 1806 4700 3389 4772">
     <span class='ocr_line' id='line_1_107' title="bbox 1806 4700 3389 4772; baseline -0.004 -13"><span class='ocrx_word' id='word_1_765' title='bbox 1806 4707 2047 4760; x_wconf 87' lang='lat' dir='ltr'><strong>moribus</strong></span> <span class='ocrx_word' id='word_1_766' title='bbox 2077 4705 2377 4768; x_wconf 89' lang='lat' dir='ltr'><strong>institutus,</strong></span> <span class='ocrx_word' id='word_1_767' title='bbox 2413 4702 2558 4757; x_wconf 91' lang='lat' dir='ltr'><strong>nulla</strong></span> <span class='ocrx_word' id='word_1_768' title='bbox 2587 4702 2765 4772; x_wconf 87' lang='lat' dir='ltr'><strong>quoad</strong></span> <span class='ocrx_word' id='word_1_769' title='bbox 2797 4701 2941 4755; x_wconf 82' lang='lat' dir='ltr'><strong>vixit</strong></span> <span class='ocrx_word' id='word_1_770' title='bbox 2983 4701 3187 4755; x_wconf 80' lang='lat' dir='ltr'><strong>eisdem</strong></span> <span class='ocrx_word' id='word_1_771' title='bbox 3213 4700 3389 4769; x_wconf 88' lang='lat' dir='ltr'><strong>potuit</strong></span> 
     </span>
    </p>
   </div>
   <div class='ocr_carea' id='block_1_108' title="bbox 1806 4790 3386 4860">
    <p class='ocr_par' dir='ltr' id='par_1_108' title="bbox 1806 4790 3386 4860">
     <span class='ocr_line' id='line_1_108' title="bbox 1806 4790 3386 4860; baseline -0.003 -10"><span class='ocrx_word' id='word_1_772' title='bbox 1806 4797 2016 4851; x_wconf 91' lang='lat' dir='ltr'><strong>ratione</strong></span> <span class='ocrx_word' id='word_1_773' title='bbox 2052 4795 2246 4850; x_wconf 87' lang='lat' dir='ltr'><strong>abduci</strong></span> <span class='ocrx_word' id='word_1_774' title='bbox 2304 4792 2765 4849; x_wconf 89' lang='lat' dir='ltr'><strong>incommutabilis</strong></span> <span class='ocrx_word' id='word_1_775' title='bbox 2793 4791 3017 4860; x_wconf 74' lang='lat' dir='ltr'><strong>iustitiae</strong></span> <span class='ocrx_word' id='word_1_776' title='bbox 3051 4790 3245 4858; x_wconf 90' lang='lat' dir='ltr'><strong>cultor,</strong></span> <span class='ocrx_word' id='word_1_777' title='bbox 3288 4806 3386 4845; x_wconf 88' lang='lat' dir='ltr'><strong>nec</strong></span> 
     </span>
    </p>
   </div>
   <div class='ocr_carea' id='block_1_109' title="bbox 1805 4872 3385 4955">
    <p class='ocr_par' dir='ltr' id='par_1_109' title="bbox 1805 4872 3385 4955">
     <span class='ocr_line' id='line_1_109' title="bbox 1805 4872 3385 4955; baseline 0 -16"><span class='ocrx_word' id='word_1_778' title='bbox 1805 4887 1989 4942; x_wconf 85' lang='lat' dir='ltr'><strong>favore</strong></span> <span class='ocrx_word' id='word_1_779' title='bbox 2016 4888 2215 4942; x_wconf 90' lang='lat' dir='ltr'><strong>remitti</strong></span> <span class='ocrx_word' id='word_1_780' title='bbox 2234 4930 2248 4955; x_wconf 89' lang='lat'><strong>,</strong></span> <span class='ocrx_word' id='word_1_781' title='bbox 2278 4902 2375 4941; x_wconf 92' lang='lat' dir='ltr'><strong>nec</strong></span> <span class='ocrx_word' id='word_1_782' title='bbox 2408 4886 2751 4940; x_wconf 85' lang='lat' dir='ltr'><strong>detractione</strong></span> <span class='ocrx_word' id='word_1_783' title='bbox 2783 4884 2985 4947; x_wconf 87' lang='lat' dir='ltr'><strong>diduci,</strong></span> <span class='ocrx_word' id='word_1_784' title='bbox 3014 4872 3385 4939; x_wconf 48' lang='lat' dir='ltr'><strong>nec&#39;laudibns</strong></span> 
     </span>
    </p>
   </div>
   <div class='ocr_carea' id='block_1_110' title="bbox 1805 4978 3383 5051">
    <p class='ocr_par' dir='ltr' id='par_1_110' title="bbox 1805 4978 3383 5051">
     <span class='ocr_line' id='line_1_110' title="bbox 1805 4978 3383 5051; baseline -0.003 -16"><span class='ocrx_word' id='word_1_785' title='bbox 1805 4981 2004 5051; x_wconf 86' lang='lat' dir='ltr'><strong>decipi,</strong></span> <span class='ocrx_word' id='word_1_786' title='bbox 2036 4996 2137 5037; x_wconf 90' lang='lat' dir='ltr'><strong>nec</strong></span> <span class='ocrx_word' id='word_1_787' title='bbox 2175 4982 2667 5050; x_wconf 87' lang='lat' dir='ltr'><strong>vituperatiouibus</strong></span> <span class='ocrx_word' id='word_1_788' title='bbox 2699 4980 2750 5033; x_wconf 90' lang='lat' dir='ltr'><strong>in</strong></span> <span class='ocrx_word' id='word_1_789' title='bbox 2778 4978 2950 5032; x_wconf 87' lang='lat' dir='ltr'><strong>zelum</strong></span> <span class='ocrx_word' id='word_1_790' title='bbox 2976 4986 3189 5047; x_wconf 88' lang='lat' dir='ltr'><strong>poterat</strong></span> <span class='ocrx_word' id='word_1_791' title='bbox 3233 4992 3383 5031; x_wconf 89' lang='lat' dir='ltr'><strong>com-</strong></span> 
     </span>
    </p>
   </div>
   <div class='ocr_carea' id='block_1_111' title="bbox 1806 5067 3381 5138">
    <p class='ocr_par' dir='ltr' id='par_1_111' title="bbox 1806 5067 3381 5138">
     <span class='ocr_line' id='line_1_111' title="bbox 1806 5067 3381 5138; baseline -0.004 -10"><span class='ocrx_word' id='word_1_792' title='bbox 1806 5074 2038 5129; x_wconf 87' lang='lat' dir='ltr'><strong>moveri.</strong></span> <span class='ocrx_word' id='word_1_793' title='bbox 2095 5072 2201 5127; x_wconf 89' lang='lat' dir='ltr'><strong>Per</strong></span> <span class='ocrx_word' id='word_1_794' title='bbox 2249 5082 2464 5128; x_wconf 89' lang='lat' dir='ltr'><strong>noctem</strong></span> <span class='ocrx_word' id='word_1_795' title='bbox 2521 5070 2719 5125; x_wconf 87' lang='lat' dir='ltr'><strong>divinis</strong></span> <span class='ocrx_word' id='word_1_796' title='bbox 2779 5067 3033 5123; x_wconf 88' lang='lat' dir='ltr'><strong>insistens</strong></span> <span class='ocrx_word' id='word_1_797' title='bbox 3084 5068 3381 5138; x_wconf 89' lang='lat' dir='ltr'><strong>obsequiis,</strong></span> 
     </span>
    </p>
   </div>
   <div class='ocr_carea' id='block_1_112' title="bbox 1806 5163 3385 5236">
    <p class='ocr_par' dir='ltr' id='par_1_112' title="bbox 1806 5163 3385 5236">
     <span class='ocr_line' id='line_1_112' title="bbox 1806 5163 3385 5236; baseline -0.004 -14"><span class='ocrx_word' id='word_1_798' title='bbox 1806 5181 2009 5235; x_wconf 90' lang='lat' dir='ltr'><strong>corpus</strong></span> <span class='ocrx_word' id='word_1_799' title='bbox 2063 5180 2223 5220; x_wconf 89' lang='lat' dir='ltr'><strong>suum</strong></span> <span class='ocrx_word' id='word_1_800' title='bbox 2270 5168 2411 5236; x_wconf 88' lang='lat' dir='ltr'><strong>quod</strong></span> <span class='ocrx_word' id='word_1_801' title='bbox 2460 5165 2529 5219; x_wconf 91' lang='lat' dir='ltr'><strong>ab</strong></span> <span class='ocrx_word' id='word_1_802' title='bbox 2576 5164 2720 5220; x_wconf 92' lang='lat' dir='ltr'><strong>omni</strong></span> <span class='ocrx_word' id='word_1_803' title='bbox 2755 5163 3074 5234; x_wconf 88' lang='lat' dir='ltr'><strong>contagione</strong></span> <span class='ocrx_word' id='word_1_804' title='bbox 3123 5178 3189 5217; x_wconf 87' lang='lat' dir='ltr'><strong>ex</strong></span> <span class='ocrx_word' id='word_1_805' title='bbox 3230 5172 3385 5218; x_wconf 91' lang='lat' dir='ltr'><strong>utero</strong></span> 
     </span>
    </p>
   </div>
   <div class='ocr_carea' id='block_1_113' title="bbox 1805 5255 3382 5328">
    <p class='ocr_par' dir='ltr' id='par_1_113' title="bbox 1805 5255 3382 5328">
     <span class='ocr_line' id='line_1_113' title="bbox 1805 5255 3382 5328; baseline -0.002 -17"><span class='ocrx_word' id='word_1_806' title='bbox 1805 5257 1999 5312; x_wconf 90' lang='lat' dir='ltr'><strong>matris</strong></span> <span class='ocrx_word' id='word_1_807' title='bbox 2024 5272 2133 5312; x_wconf 64' lang='lat' dir='ltr'><strong>suae</strong></span> <span class='ocrx_word' id='word_1_808' title='bbox 2163 5259 2424 5313; x_wconf 89' lang='lat' dir='ltr'><strong>mundum</strong></span> <span class='ocrx_word' id='word_1_809' title='bbox 2451 5256 2822 5321; x_wconf 90' lang='lat' dir='ltr'><strong>custodierat,</strong></span> <span class='ocrx_word' id='word_1_810' title='bbox 2852 5264 2960 5310; x_wconf 90' lang='lat' dir='ltr'><strong>tam</strong></span> <span class='ocrx_word' id='word_1_811' title='bbox 2996 5255 3192 5328; x_wconf 88' lang='lat' dir='ltr'><strong>vigiliis</strong></span> <span class='ocrx_word' id='word_1_812' title='bbox 3218 5270 3382 5326; x_wconf 89' lang='lat' dir='ltr'><strong>quam</strong></span> 
     </span>
    </p>
   </div>
   <div class='ocr_carea' id='block_1_114' title="bbox 1804 5346 3382 5419">
    <p class='ocr_par' dir='ltr' id='par_1_114' title="bbox 1804 5346 3382 5419">
     <span class='ocr_line' id='line_1_114' title="bbox 1804 5346 3382 5419; baseline -0.001 -18"><span class='ocrx_word' id='word_1_813' title='bbox 1804 5346 2096 5419; x_wconf 87' lang='lat' dir='ltr'><strong>frigoribus</strong></span> <span class='ocrx_word' id='word_1_814' title='bbox 2150 5348 2286 5403; x_wconf 89' lang='lat' dir='ltr'><strong>mire</strong></span> <span class='ocrx_word' id='word_1_815' title='bbox 2338 5347 2633 5412; x_wconf 81' lang='lat' dir='ltr'><strong>afﬁciebat,</strong></span> <span class='ocrx_word' id='word_1_816' title='bbox 2691 5347 2917 5417; x_wconf 86' lang='lat' dir='ltr'><strong>singulis</strong></span> <span class='ocrx_word' id='word_1_817' title='bbox 2948 5348 3077 5402; x_wconf 91' lang='lat' dir='ltr'><strong>illud</strong></span> <span class='ocrx_word' id='word_1_818' title='bbox 3134 5349 3382 5403; x_wconf 82' lang='lat' dir='ltr'><strong>noctibus</strong></span> 
     </span>
    </p>
   </div>
   <div class='ocr_carea' id='block_1_115' title="bbox 1805 5439 3383 5510">
    <p class='ocr_par' dir='ltr' id='par_1_115' title="bbox 1805 5439 3383 5510">
     <span class='ocr_line' id='line_1_115' title="bbox 1805 5439 3383 5510; baseline 0 -17"><span class='ocrx_word' id='word_1_819' title='bbox 1805 5453 1946 5508; x_wconf 90' lang='lat' dir='ltr'><strong>aqua</strong></span> <span class='ocrx_word' id='word_1_820' title='bbox 1983 5439 2175 5510; x_wconf 90' lang='lat' dir='ltr'><strong>frigida</strong></span> <span class='ocrx_word' id='word_1_821' title='bbox 2218 5439 2468 5507; x_wconf 87' lang='lat' dir='ltr'><strong>tinguens</strong></span> <span class='ocrx_word' id='word_1_822' title='bbox 2490 5480 2504 5502; x_wconf 87' lang='lat'><strong>.</strong></span> <span class='ocrx_word' id='word_1_823' title='bbox 2537 5453 2635 5493; x_wconf 89' lang='lat' dir='ltr'><strong>nec</strong></span> <span class='ocrx_word' id='word_1_824' title='bbox 2662 5440 2813 5509; x_wconf 91' lang='lat' dir='ltr'><strong>prius</strong></span> <span class='ocrx_word' id='word_1_825' title='bbox 2842 5439 2911 5491; x_wconf 90' lang='lat' dir='ltr'><strong>ab</strong></span> <span class='ocrx_word' id='word_1_826' title='bbox 2950 5440 3050 5492; x_wconf 91' lang='lat' dir='ltr'><strong>hac</strong></span> <span class='ocrx_word' id='word_1_827' title='bbox 3088 5449 3383 5493; x_wconf 86' lang='lat' dir='ltr'><strong>consuetu-</strong></span> 
     </span>
    </p>
   </div>
   <div class='ocr_carea' id='block_1_116' title="bbox 1805 5528 3383 5600">
    <p class='ocr_par' dir='ltr' id='par_1_116' title="bbox 1805 5528 3383 5600">
     <span class='ocr_line' id='line_1_116' title="bbox 1805 5528 3383 5600; baseline -0.002 -15"><span class='ocrx_word' id='word_1_828' title='bbox 1805 5530 1931 5585; x_wconf 90' lang='lat' dir='ltr'><strong>dine</strong></span> <span class='ocrx_word' id='word_1_829' title='bbox 1954 5545 2206 5596; x_wconf 79' lang='lat' dir='ltr'><strong>cessans,</strong></span> <span class='ocrx_word' id='word_1_830' title='bbox 2242 5544 2405 5599; x_wconf 92' lang='lat' dir='ltr'><strong>quam</strong></span> <span class='ocrx_word' id='word_1_831' title='bbox 2432 5530 2657 5585; x_wconf 83' lang='lat' dir='ltr'><strong>Joannis</strong></span> <span class='ocrx_word' id='word_1_832' title='bbox 2697 5530 3006 5600; x_wconf 74' lang='lat' dir='ltr'><strong>apostolicae</strong></span> <span class='ocrx_word' id='word_1_833' title='bbox 3050 5530 3194 5583; x_wconf 89' lang='lat' dir='ltr'><strong>sedis</strong></span> <span class='ocrx_word' id='word_1_834' title='bbox 3240 5528 3383 5583; x_wconf 87' lang='lat' dir='ltr'><strong>anti-</strong></span> 
     </span>
    </p>
   </div>
   <div class='ocr_carea' id='block_1_117' title="bbox 1804 5618 3381 5691">
    <p class='ocr_par' dir='ltr' id='par_1_117' title="bbox 1804 5618 3381 5691">
     <span class='ocr_line' id='line_1_117' title="bbox 1804 5618 3381 5691; baseline -0.003 -16"><span class='ocrx_word' id='word_1_835' title='bbox 1804 5628 1916 5676; x_wconf 91' lang='lat' dir='ltr'><strong>stes</strong></span> <span class='ocrx_word' id='word_1_836' title='bbox 1960 5636 2082 5675; x_wconf 88' lang='lat' dir='ltr'><strong>etnn</strong></span> <span class='ocrx_word' id='word_1_837' title='bbox 2118 5637 2216 5691; x_wconf 92' lang='lat' dir='ltr'><strong>pro</strong></span> <span class='ocrx_word' id='word_1_838' title='bbox 2258 5622 2437 5676; x_wconf 64' lang='lat' dir='ltr'><strong>{etatis</strong></span> <span class='ocrx_word' id='word_1_839' title='bbox 2465 5635 2576 5675; x_wconf 80' lang='lat' dir='ltr'><strong>suae</strong></span> <span class='ocrx_word' id='word_1_840' title='bbox 2617 5621 2883 5691; x_wconf 88' lang='lat' dir='ltr'><strong>gravitate</strong></span> <span class='ocrx_word' id='word_1_841' title='bbox 2932 5620 3057 5674; x_wconf 91' lang='lat' dir='ltr'><strong>huic</strong></span> <span class='ocrx_word' id='word_1_842' title='bbox 3105 5618 3381 5689; x_wconf 89' lang='lat' dir='ltr'><strong>proposito</strong></span> 
     </span>
    </p>
   </div>
   <div class='ocr_carea' id='block_1_118' title="bbox 1807 5711 3374 5783">
    <p class='ocr_par' dir='ltr' id='par_1_118' title="bbox 1807 5711 3374 5783">
     <span class='ocr_line' id='line_1_118' title="bbox 1807 5711 3374 5783; baseline -0.003 -16"><span class='ocrx_word' id='word_1_843' title='bbox 1807 5713 1971 5767; x_wconf 90' lang='lat' dir='ltr'><strong>ﬁnem</strong></span> <span class='ocrx_word' id='word_1_844' title='bbox 2002 5712 2217 5781; x_wconf 88' lang='lat' dir='ltr'><strong>juberet</strong></span> <span class='ocrx_word' id='word_1_845' title='bbox 2248 5714 2544 5783; x_wconf 86' lang='lat' dir='ltr'><strong>imponere.</strong></span> <span class='ocrx_word' id='word_1_846' title='bbox 2600 5713 2715 5768; x_wconf 86' lang='lat' dir='ltr'><strong>Non</strong></span> <span class='ocrx_word' id='word_1_847' title='bbox 2748 5714 2889 5767; x_wconf 90' lang='lat' dir='ltr'><strong>hunc</strong></span> <span class='ocrx_word' id='word_1_848' title='bbox 2923 5712 3085 5766; x_wconf 88' lang='lat' dir='ltr'><strong>ardor</strong></span> <span class='ocrx_word' id='word_1_849' title='bbox 3120 5711 3337 5764; x_wconf 62' lang='lat' dir='ltr'><strong>aestatis</strong></span> <span class='ocrx_word' id='word_1_850' title='bbox 3362 5750 3374 5773; x_wconf 84' lang='lat'><strong>,</strong></span> 
     </span>
    </p>
   </div>
   <div class='ocr_carea' id='block_1_119' title="bbox 1808 5803 3380 5881">
    <p class='ocr_par' dir='ltr' id='par_1_119' title="bbox 1808 5803 3380 5881">
     <span class='ocr_line' id='line_1_119' title="bbox 1808 5803 3380 5881; baseline 0 -21"><span class='ocrx_word' id='word_1_851' title='bbox 1808 5822 1912 5863; x_wconf 92' lang='lat' dir='ltr'><strong>non</strong></span> <span class='ocrx_word' id='word_1_852' title='bbox 1971 5806 2138 5881; x_wconf 84' lang='lat' dir='ltr'><strong>frigus</strong></span> <span class='ocrx_word' id='word_1_853' title='bbox 2195 5806 2388 5864; x_wconf 63' lang='lat' dir='ltr'><strong>hiemis</strong></span> <span class='ocrx_word' id='word_1_854' title='bbox 2427 5806 2494 5861; x_wconf 83' lang='lat' dir='ltr'><strong>ab</strong></span> <span class='ocrx_word' id='word_1_855' title='bbox 2529 5808 2783 5864; x_wconf 80' lang='lat' dir='ltr'><strong>instantia</strong></span> <span class='ocrx_word' id='word_1_856' title='bbox 2833 5805 2991 5875; x_wconf 75' lang='lat' dir='ltr'><strong>empti</strong></span> <span class='ocrx_word' id='word_1_857' title='bbox 3052 5803 3232 5874; x_wconf 81' lang='lat' dir='ltr'><strong>operis</strong></span> <span class='ocrx_word' id='word_1_858' title='bbox 3286 5803 3380 5861; x_wconf 72' lang='lat' dir='ltr'><strong>Dei</strong></span> 
     </span>
    </p>
   </div>
  </div>
