3870 6304
569 325 672 379 717

1557 334 1859 391 EADMERI
1893 337 1978 392 CA
1989 339 2446 396 NTUABIENSIS
2483 341 2786 398 MONACIII
3642 343 3716 404 γξε

570 440 897 518 detumuere
926 439 1194 496 valebant.
1222 442 1490 498 Prcterea
1513 458 1947 514 quaquaversum
1971 450 2140 518 gratia
2170 434 2217 491 Α
2246 463 2390 519 tans,
2413 455 2557 525 quod
2585 457 2862 527 negotium
2899 456 3483 528 reginiepersuadcret,
3508 473 3556 517 at
3575 467 3717 522 enim

568 529 892 606 priuiiicandi
923 532 1152 602 gratiam
1185 533 1278 589 Dei
1313 549 1570 607 pergens,
1615 549 1843 608 paratus
1870 550 1992 593 erat
2041 556 2141 610 pro

569 635 678 689 ipsa
709 637 869 689 quam
897 625 1222 691 praedicabat
1247 627 1477 682 veritate
1501 631 1664 685 vitam
1679 632 1829 696 dare,
1853 633 1897 687 si
1925 634 2142 689 occasio

564 720 875 780 competens
919 712 1204 771 offerretur
1248 733 1368 786 quae
1417 718 1471 774 id
1530 719 1648 776 fieri
1706 722 2022 791 postularet.
2081 724 2138 779 Si

561 800 778 869 quando
821 802 1025 873 aliquid
1063 807 1381 878 deliciarum
1427 813 1623 882 quovis
1672 824 1893 879 eventu,
1939 825 1990 870 et
2037 815 2140 872 hoc

560 905 772 954 summa
800 908 923 949 eum
947 898 1248 966 parcitate,
1279 899 1332 954 in
1370 916 1550 956 escam
1586 902 1874 968 sumebat,
1910 904 2140 975 idipsum

562 982 616 1036 in
648 998 708 1038 se
738 988 1081 1053 postmodum
1115 991 1266 1060 gravi
1302 992 1478 1048 inedia
1509 993 1832 1048 vindicabat.
1886 995 2011 1052 Haec
2059 998 2137 1052 iu-

560 1075 780 1130 stitutio
803 1077 926 1131 vitii-
961 1078 1242 1134 minimum
1265 1080 1518 1137 elationis
1544 1093 1598 1138 et
1633 1084 1923 1138 niaximum
1964 1086 2140 1142 hunii-

561 1157 735 1221 litatis
783 1168 836 1221 in
861 1169 978 1237 ejus
1019 1179 1240 1239 pectore
1312 1171 1548 1228 studium
1609 1177 1957 1242 comparavit.
2014 1176 2139 1234 Ilico

505 1295 511 1302 ι
557 1257 794 1313 subditis
833 1259 936 1314 sibi
985 1263 1290 1333 exeinpluui
1337 1274 1535 1320 sancta:
1564 1269 1994 1326 conversationis
2051 1273 2135 1324 iu-

562 1350 737 1418 dixit;
787 1354 906 1409 haec
953 1357 1172 1412 eosdem
1221 1358 1276 1413 in
1339 1367 1545 1414 arctam
1594 1361 1943 1417 continentia:
1993 1363 2136 1418 viam

561 1443 815 1510 induxit;
848 1446 962 1503 lucc
989 1461 1204 1518 quoque
1227 1449 1424 1506 multos
1449 1466 1478 1504 a
1504 1466 1603 1506 suo
1629 1466 1816 1509 errore
1845 1468 2138 1510 conversos

559 1536 628 1587 ad
663 1534 867 1612 Christi
907 1538 1138 1606 gratiam
1169 1538 1343 1598 duxit.
1376 1539 1527 1596 Unde
1561 1542 1943 1612 quamplurimi
1986 1547 2134 1600 nobi-

543 1623 692 1702 ,lium
721 1626 945 1703 incitati
966 1668 983 1695 ,
1021 1628 1170 1688 filios
1191 1644 1321 1686 suos
1347 1631 1443 1687 Dei
1473 1632 1696 1687 servitio
1749 1635 2136 1704 mancipaudos

560 1717 676 1771 viro
707 1718 991 1774 tradebant
1025 1722 1308 1790 mirantes,
1335 1724 1652 1780 admirando
1671 1726 1788 1798 ejus
1830 1729 2020 1784 merita
2052 1729 2131 1791 d5.-

502 1858 508 1862 .
553 1809 674 1878 guis
704 1809 953 1870 laudibus
975 1815 1372 1884 approbantes.
1404 1827 1568 1888 atque
1589 1832 1718 1874 suos
1755 1821 1928 1890 ipsius
1949 1824 2130 1892 probi-

558 1902 685 1962 tatis
749 1903 1052 1962 imitatores
1093 1907 1211 1963 fieri
1271 1910 1447 1966 modis
1493 1913 1744 1969 omnibus
1787 1923 2126 1984 exoptantes.

554 1993 658 2048 Sed
679 1994 819 2050 sicut
845 2011 990 2070 sirpe
1017 1999 1160 2069 quod
1209 2000 1481 2071 aliquibus
1531 2006 1781 2076 provenit
1810 2006 1876 2060 ad
1917 2006 2133 2063 virtutis

504 2139 506 2141 ,
553 2082 1190 2158 profectunt,aliquibus
1237 2094 1486 2162 procedit
1525 2095 1594 2150 ad
1645 2095 1954 2166 iniquitatis
2003 2097 2132 2154 επο-

550 2186 728 2246 etum;
761 2180 841 2236 sic
871 2181 1014 2236 unde
1042 2185 1285 2239 nonnulli
1340 2187 1394 2240 in
1427 2203 1670 2243 amorem
1727 2197 1782 2244 et
1832 2190 2137 2246 veneratio-

521 2298 526 2304 ε
553 2283 674 2324 nem
716 2268 901 2326 famuli
930 2272 1023 2327 Dei
1056 2273 1425 2344 profecerunt,
1465 2278 1590 2334 inde
1620 2280 1839 2349 quidam
1864 2282 1917 2335 in
1949 2281 2131 2336 odium

552 2371 608 2415 et
636 2365 1020 2420 contumeliam
1049 2368 1169 2438 ejus
1191 2379 1500 2440 erumpunt.
1527 2373 1596 2426 At
1621 2369 1822 2428 athleta
1871 2371 1967 2428 Dei
2005 2391 2129 2428 cum

559 2451 625 2506 iis
676 2468 768 2521 qui
797 2453 1014 2509 oderant
1040 2473 1219 2529 pacem
1250 2471 1359 2514 erat
1395 2462 1647 2531 paciﬁcus
1674 2463 1846 2534 (Psal.
1878 2479 2022 2528 CXIX,
2052 2465 2129 2537 7),

552 2552 604 2596 et
626 2542 752 2598 odio
776 2545 1015 2616 ipsorum
1040 2564 1151 2605 sua:
1182 2554 1514 2622 rependebat
1533 2556 1851 2627 obsequium
1881 2573 2131 2614 mansue-

553 2634 776 2691 tudinis.
1239 2651 1241 2655 ‘

621 2729 708 2785 29.
750 2730 1019 2789 Praeterea
1050 2735 1103 2791 iu
1158 2737 1576 2810 Augustalilensi
1625 2741 1823 2812 oppido
1872 2742 2129 2812 templum

549 2821 785 2879 mirabili
831 2838 998 2892 opere
1045 2825 1196 2897 fecit,
1229 2830 1372 2899 quod
1419 2831 1534 2902 ipse
1586 2832 1638 2886 in
1689 2834 1950 2888 lienorcm
1989 2833 2128 2888 beati

546 2912 778 2968 Andreae
805 2917 1032 2984 apostoli
1063 2919 1524 2983 Dominodicavit
1544 2964 1560 2987 ,
1592 2925 1660 2978 ad
1683 2925 1851 2979 vicem
1879 2924 2132 2982 videlicet

545 3003 791 3060 beneficii
833 3009 1258 3078 rcpemlendam,
1287 3017 1433 3084 quod
1475 3016 1614 3070 idem
1653 3017 1929 3085 apostolus
1945 3033 2058 3087 jam
2079 3018 2127 3073 ei

2229 542 2568 614 virginitatis
2599 547 2878 614 proposito
2898 547 3059 616 regiae
3087 546 3341 601 voluntati
3363 563 3603 605 assensum
3625 569 3716 624 pra.

2192 655 2194 657 ’
2242 637 2414 691 heret.
2441 636 2510 688 At
2540 634 2842 701 Wilfridus,
2889 638 3070 694 sciens
3111 639 3367 708 scriptum
3399 655 3548 696 esse:
3586 641 3718 703 Vncti

2241 737 2289 782 et
2337 727 2540 781 reddite
2594 727 2823 782 Domino
2871 728 2979 783 Deo
3029 741 3201 784 vestro
3261 728 3429 798 (Paul.
3477 748 3608 799 uxr,
3639 736 3717 808 ﬂ),

2243 820 2432 876 maluit
2465 823 2684 878 chrido
2718 824 2820 879 hac
2850 825 2904 878 iu
2949 841 3008 880 re
3050 840 3157 881 non
3188 841 3397 895 parere,
3437 842 3574 896 quam
3609 845 3720 888 suun

2243 911 2468 966 Domino
2491 913 2818 968 sacrificium
2849 914 3067 970 auferre
3093 955 3109 980 ,
3158 929 3226 971 ne
3261 932 3357 986 per
3385 915 3479 972 hoc
3505 934 3590 973 non
3611 924 3720 976 Both

2238 1002 2482 1072 virginis,
2521 1018 2709 1059 verum
2738 995 2792 1059 et
2836 1020 2951 1060 sua:
2995 1005 3192 1060 animat
3231 1006 3414 1062 mortis
3437 1017 3618 1064 aeterna
3647 1011 3719 1068 (lis-

2239 1093 2432 1162 pendia
2466 1103 2700 1163 pararet.
2746 1094 2888 1166 Ergo
2915 1095 3142 1166 virginei
3176 1096 3281 1150 voti
3343 1095 3511 1150 fautor
3531 1098 3718 1162 existens,

2239 1182 2512 1252 vigilantis
2557 1183 2722 1238 animi
2767 1185 3063 1254 sagacitate
3091 1185 3432 1255 procurabat,
3471 1201 3530 1239 ne
3558 1201 3638 1255 qua
3670 1188 3718 1243 fe

2240 1273 2432 1326 minem
2463 1273 2657 1330 mentis
2699 1273 3056 1330 inconstantia
3107 1275 3440 1346 prepositum
3485 1277 3609 1348 virgo
3626 1291 3722 1349 post.

2239 1371 2487 1431 poneret,
2513 1372 2566 1417 et
2605 1365 2834 1418 terrenis
2865 1365 3138 1425 illecebris
3170 1366 3410 1422 animum
3433 1368 3610 1423 devicta
3635 1385 3718 1438 iup-

2238 1461 2480 1521 poueret.
2521 1454 2642 1525 Egit
2681 1455 2844 1526 igitur
2869 1472 2965 1512 sua
2997 1457 3283 1521 industria,
3326 1467 3383 1512 ut
3431 1455 3562 1530 virgo
3601 1463 3721 1531 potiti

2237 1543 2523 1598 divortium
2561 1545 2794 1616 conjugii
2844 1562 2875 1600 a
2923 1547 3152 1618 conjuge
3187 1557 3484 1617 quareret,
3531 1562 3721 1619 qualum

2237 1632 2484 1688 libertate
2507 1636 2676 1703 potita
2704 1635 2960 1690 sazculum
2984 1636 3250 1707 linquere,
3277 1648 3331 1694 et
3357 1639 3719 1696 thalamisateni

2239 1723 2381 1794 regis
2436 1724 2643 1780 valeret
2696 1726 2928 1782 feliciter
2967 1727 3275 1784 .inlmrere.
3308 1729 3454 1797 Quod
3480 1731 3651 1801 quidem
3667 1732 3721 1784 li-

2233 1824 2379 1870 ctum
2410 1825 2512 1870 est.
2542 1817 2679 1872 Nam
2713 1818 2804 1873 ubi
2833 1833 2932 1876 rex
2964 1819 3232 1890 comperit
3259 1834 3380 1875 eam
3407 1821 3540 1877 nullo
3558 1833 3677 1892 parte
3701 1841 3720 1878 i

2222 1911 2510 1980 proposito
2535 1927 2694 1982 posse
2715 1913 2920 1966 mutari
2947 1953 2963 1978 ,
3001 1913 3126 1970 licet
3155 1914 3380 1980 invitus,
3418 1918 3644 1970 concessit
3670 1926 3719 1970 ta-

2233 2017 2356 2056 men
2409 2013 2468 2056 nt
2527 2004 2719 2058 relicto
2764 2005 2983 2073 saeculo,
3041 2016 3201 2077 prout
3253 2007 3480 2075 volebat,
3525 2008 3719 2078 acciperet

2233 2093 2482 2149 velamen
2509 2095 2724 2165 insigne
2768 2096 3113 2165 virginitatis.
3137 2097 3259 2164 Qua
3291 2098 3502 2153 licentia
3525 2097 3642 2163 felix,
3660 2114 3718 2152 at-

2192 2210 2194 2212 τ
2233 2195 2390 2253 cepto
2441 2183 2706 2239 velamine
2736 2201 2765 2239 a
2799 2185 2958 2240 beato
2998 2185 3276 2253 Wilfrido,
3304 2201 3422 2257 quae
3459 2189 3611 2242 mundi
3641 2197 3723 2242 suit

2232 2290 2354 2329 cum
2384 2275 2586 2332 mundo
2612 2276 2873 2341 deseruit,
2901 2277 3110 2348 sprevit
3153 2285 3324 2347 atque
3353 2291 3384 2331 a
3427 2276 3503 2332 sui
3527 2276 3721 2333 duim

2235 2367 2416 2422 cordis
2445 2367 2638 2436 procul
2665 2367 2883 2438 alijecit.

2297 2457 2391 2513 .3].
2421 2458 2824 2530 Ermemburgis
2849 2473 2976 2515 vero
3007 2458 3173 2530 regali
3211 2468 3302 2515 est
3338 2459 3564 2529 copulata
3591 2457 3719 2525 mlo-

2231 2551 2341 2622 gio.
2387 2551 2492 2606 Per
2543 2551 2684 2606 hanc
2713 2552 2878 2624 igitur
2917 2550 3164 2607 diabo‘us
3202 2551 3392 2608 odium
3434 2549 3559 2620 quod
3591 2558 3720 2604 contra

2231 2645 2406 2699 virum
2436 2642 2530 2698 Dei
2563 2643 2818 2711 habebat,
2843 2658 3069 2699 exerere
3091 2652 3452 2714 opportunum
3471 2641 3722 2700 existimas.

2231 2739 2473 2806 animum
2517 2737 2662 2793 illius
2699 2737 2934 2805 injectis
2957 2735 3285 2806 quibusdam
3329 2732 3723 2790 siniultatilusat-

2232 2845 2422 2886 versus
2444 2845 2568 2886 eum
2600 2828 2922 2896 inflammat,
2959 2843 3175 2902 quoque
3206 2828 3314 2898 ipsi
3336 2843 3546 2894 suarum
3571 2823 3722 2880 insidias

2233 2923 2484 2979 fraudum
2539 2922 2726 2979 tendat
2775 2923 3128 2988 vehementer
3177 2921 3425 2992 instigat.
3473 2919 3558 2974 Cui
3596 2930 3721 2986 sugge-

2233 3018 2398 3074 stioni
2429 3033 2494 3074 eo
2530 3016 2744 3073 facilius
2788 3016 2972 3082 cessit,
3008 3030 3115 3085 quo
3142 3014 3425 3070 muliebris
3453 3007 3721 3067 inconstantia

545 3097 745 3152 dudum
804 3101 1165 3170 impenderat.
1195 3105 1257 3172 lu
1285 3108 1440 3177 cujus
1496 3109 1680 3178 templi
1715 3109 2132 3165 constructione
2159 3125 2200 3182 ο
2233 3111 2463 3174 mentis,
2517 3108 2938 3180 intemperantia
2992 3105 3218 3162 lubrica:
3261 3103 3631 3164 ostentationis,
3661 3112 3722 3166 ον

547 3203 653 3243 non
696 3190 866 3246 defuit
906 3193 1106 3249 invidia
1157 3196 1424 3252 mortiferi
1468 3200 1763 3269 serpentis.
1816 3199 1950 3254 Nam
2003 3202 2130 3257 dum

546 3283 878 3337 cauneutarii
938 3285 1115 3341 linunt
1161 3288 1442 3358 superiora
1488 3290 1730 3363 parietis,
1762 3291 2131 3362 praecipitante

511 3429 514 3431 Α
548 3369 696 3424 illum
747 3373 1064 3430 adversario
1115 3377 1342 3432 humani
1382 3379 1623 3454 generis,
1678 3397 1816 3436 unus
1855 3397 2043 3436 eorum
2075 3382 2130 3438 iu

545 3475 784 3531 praeceps
810 3466 1034 3528 corruit.
1071 3476 1128 3523 et
1184 3469 1265 3523 sic
1311 3479 1371 3524 ut
1416 3469 1663 3525 contritis
1686 3471 1939 3527 omnibus
1970 3487 2134 3527 mein-

484 3549 490 3554 ’
547 3552 660 3606 hris
699 3551 812 3620 jam
868 3555 1086 3629 defungi
1139 3569 1442 3629 putaretur.
1475 3559 1578 3627 Qui
1607 3577 1728 3618 cum
1754 3562 1900 3618 velut
1937 3564 1990 3618 in
2035 3579 2130 3637 ex-

547 3645 822 3704 halatione
880 3651 964 3704 sui
1000 3652 1227 3720 spiritus
1270 3651 1562 3717 laboraret,
1599 3664 1896 3709 excurrunt
1941 3671 2129 3712 omnes

545 3751 732 3812 utpote
755 3745 824 3800 ad
850 3745 1142 3815 exsequias
1170 3745 1378 3802 funeris
1406 3747 1547 3818 ejus.
1582 3746 1673 3802 Vir
1703 3757 1889 3803 autem
1913 3749 2126 3805 Domini

544 3833 831 3890 Wilfriilus
867 3853 990 3892 eum
1044 3854 1274 3908 corpore
1325 3839 1524 3895 absens
1569 3840 1855 3909 praiseutia
1901 3841 2128 3910 spiritus

541 3931 736 3978 cuncta
768 3925 1132 3995 diguosceret,
1165 3942 1290 3982 mox
1313 3943 1434 3984 sese
1476 3928 1532 3983 in
1572 3927 1842 4000 laerymas
1876 3930 2047 3996 dedit,
2073 3940 2128 3986 et

541 4030 786 4092 quosque
834 4019 1190 4074 assidentium
1255 4019 1388 4090 quid
1433 4020 1682 4074 evenerit
1712 4034 1778 4075 ex
1803 4019 1995 4075 ordine
2033 4022 2126 4076 do-

543 4119 699 4173 cens,
736 4122 836 4176 pro
871 4106 1047 4162 salute
1091 4107 1282 4176 fratris
1305 4123 1400 4166 eos
1436 4109 1772 4165 intercedere
1812 4109 2122 4178 postulavit.

503 4244 506 4246 ν
545 4193 644 4249 Ubi
672 4211 802 4250 vero
830 4197 896 4251 ad
925 4212 1132 4267 aegrum
1155 4208 1376 4254 ventum
1401 4207 1502 4260 est,
1555 4213 1682 4255 mox
1727 4200 1794 4254 ad
1819 4198 2000 4257 Patris
2040 4210 2122 4254 ta-

505 4339 510 4344 ,
544 4295 700 4340 ctum
725 4287 1016 4356 pristinam
1052 4300 1374 4360 receperunt
1395 4291 1639 4347 membra
1665 4291 1899 4346 salutem
1932 4310 1947 4347 :
1979 4301 2054 4358 et,
2075 4291 2122 4348 si

505 4411 511 4417 -
541 4375 1067 4444 dicendumJethum
1085 4381 1318 4448 erubuit,
1341 4397 1464 4438 cum
1489 4399 1586 4453 per
1612 4382 1884 4438 hominem
1915 4385 2040 4440 vitae
2063 4400 2124 4441 se

2234 3203 2443 3273 pressio
2471 3218 2538 3257 ac
2585 3201 2772 3272 rapina
2817 3199 3068 3255 violentae
3107 3195 3485 3258 damnationis,
3511 3190 3722 3263 eminet

2233 3309 2429 3364 magno
2475 3307 2598 3348 cum
2642 3301 2853 3346 tumore
2901 3289 3183 3359 vigebant,
3229 3301 3446 3343 servum
3489 3279 3654 3338 Domini
3685 3279 3718 3331 in

2232 3383 2667 3454 redargutionem
2715 3380 2798 3437 sui
2845 3379 3122 3436 multoties
3155 3376 3358 3434 acerba
3389 3373 3716 3432 invectiouen-

2231 3476 2473 3531 maba'nt.
2521 3471 2884 3543 Quamobrem
2929 3487 3039 3528 non
3075 3487 3271 3538 parum
3308 3472 3451 3526 intus
3488 3466 3663 3526 on‘ensa.
3685 3469 3719 3512 οι

2230 3565 2450 3636 insuper
2477 3564 2809 3621 dainioniaco
2835 3563 2961 3632 igne
3007 3576 3302 3625 succensa,
3323 3557 3500 3629 gloria:
3516 3550 3718 3624 dignitati.

2227 3673 2335 3728 que
2383 3657 2550 3726 ipsius
2595 3668 2922 3726 magnopere
2965 3654 3132 3722 cmpit
3165 3652 3518 3740 inviderepet
3553 3655 3718 3740 quos?!

2229 3746 2389 3807 modo
2425 3761 2547 3801 eum
2577 3746 2836 3818 dignitate
2861 3760 2956 3798 sua
2987 3743 3225 3813 spoliare
3255 3743 3342 3809 ac,
3355 3738 3609 3811 spoliatum
3627 3731 3714 3799 alii.t

2227 3852 2352 3901 cere
2391 3844 2574 3908 posset
2593 3875 2609 3901 ,
2634 3835 2952 3893 occasiones
2985 3847 3258 3905 quaerere.
3301 3831 3615 3888 Considerata
3634 3836 3718 3886 me

2227 3929 2396 4001 gloria
2434 3929 2561 3996 viri,
2589 3927 2822 3999 qualiter
2856 3941 2983 4002 eum
3033 3925 3181 3981 omni
3227 3938 3298 3983 ex
3333 3933 3480 3993 parte
3522 3917 3716 4007 attinens

2227 4000 2508 4090 dignitatis
2529 4000 3007 4078 cireumfulsisset,
3060 4029 3246 4085 regem
3275 4011 3512 4068 muliebri
3538 4000 3715 4061 facimdia

2223 4111 2514 4177 convenit,
2541 4110 2696 4181 quasi
2727 4110 2794 4164 de
2820 4106 3139 4181 quibusdam
3164 4106 3280 4161 suis
3309 4100 3596 4159 utilitatibus
3617 4099 3717 4147 actit-

2227 4219 2316 4268 ra;
2354 4219 2410 4258 re
2439 4213 2619 4257 autem
2663 4214 2790 4254 vera
2838 4197 3011 4268 prima
3046 4212 3118 4260 an
3145 4197 3387 4250 animum
3427 4193 3529 4258 ejus
3552 4186 3604 4238 ad
3638 4193 3716 4275 ll“?

2225 4294 2386 4350 vellet
2429 4292 2701 4349 acclinare
2729 4297 2914 4361 posset
2949 4289 3150 4344 habere
3171 4328 3186 4351 ,
3218 4301 3287 4341 ex
3342 4281 3541 4351 obliquo
3564 4284 3715 4345 ρετινυ-

2223 4388 2415 4444 situra.
2448 4385 2618 4453 Quem
2649 4384 2739 4438 ubi
2769 4381 2836 4436 ad
2867 4394 3024 4437 suum
3055 4389 3238 4440 votum
3273 4392 3394 4432 esse
3419 4366 3657 4444 persensit.
3676 4367 3714 4412 πί

543 4469 758 4539 depelli,
787 4479 840 4525 et
866 4472 1068 4528 homini
1094 4473 1257 4528 vitam
1300 4476 1514 4530 restitui
1554 4476 1705 4530 vidit.
1738 4475 1902 4545 Cujus
1929 4478 2121 4535 mortis
2152 4465 2196 4520 Ι)
2223 4479 2494 4536 hominem
2542 4477 2640 4550 ιι)θί
2692 4477 2744 4530 in
2785 4474 3041 4530 invidiam
3088 4471 3409 4531 adduceret,
3446 4455 3715 4520 [ιίιιὼιιεοιὶί

539 4573 734 4617 auctor
773 4563 1046 4631 diabolus,
1088 4567 1278 4622 videns
1305 4567 1478 4622 virum
1517 4577 1625 4623 tam
1678 4568 1905 4625 internis
1954 4570 2118 4625 animi

541 4652 834 4710 virtutibus
885 4671 1050 4726 quam
1109 4659 1440 4714 exteriorum
1477 4660 1814 4715 exhibitione
1841 4661 2123 4716 miraculo-

539 4761 657 4799 rutn
682 4760 835 4800 suam
867 4745 1240 4802 confusionem
1275 4763 1506 4818 augere,
1541 4752 1594 4802 iu
1617 4751 1837 4804 nimiam
1869 4750 1950 4806 sui
1980 4751 2122 4807 furo-

537 4837 614 4893 ris
642 4837 1036 4909 malignitatem
1069 4842 1406 4908 accenditur,
1445 4842 1644 4910 quibus
1691 4844 1862 4898 modis
1912 4853 2122 4914 poterat

537 4931 838 5002 inquirens,
863 4933 1099 5002 qualiter
1121 4934 1494 4990 confusionem
1517 4951 1672 4990 suam
1723 4950 1876 4991 versa
1907 4937 2026 4991 vice
2066 4939 2118 4993 in

534 5037 660 5098 eum
692 5033 1054 5094 returqueret.

609 5105 700 5183 30.
733 5117 1034 5187 acceperat
1076 5127 1256 5171 autem
1302 5133 1392 5172 rex
1435 5117 1686 5174 Eefridus
1713 5117 1993 5190 eoujugcin
2024 5133 2120 5174 no-

536 5209 680 5264 mine
717 5207 1096 5276 Adeldridam,
1136 5225 1256 5279 qua:
1304 5213 1356 5267 iii
1394 5221 1518 5266 voto
1564 5211 1888 5282 virginitatis
1941 5213 2119 5283 potius

535 5301 679 5371 hanc
732 5300 897 5367 vitam
939 5304 1237 5373 transigere
1296 5312 1687 5374 proposuerat,
1740 5319 1902 5373 quam
1943 5303 2117 5360 aliena

535 5389 756 5458 libidine
778 5390 986 5447 violari.
1034 5393 1231 5449 .iuucta
1275 5403 1360 5450 est
1396 5402 1575 5451 tamen
1603 5395 1716 5466 regi
1750 5395 1975 5464 prtefato
2005 5395 2120 5464 lege

532 5484 824 5552 eoujugali,
857 5501 963 5539 non
987 5486 1370 5554 conjunctione
1391 5487 1618 5542 carnali.
1652 5485 1816 5556 Cujus
1843 5487 1917 5542 rei
1946 5489 2117 5558 gratia

533 5577 750 5631 beatum
784 5575 1094 5632 Will‘ridum
1128 5587 1237 5632 tam
1267 5595 1363 5648 per
1406 5593 1465 5633 se
1487 5592 1650 5649 quam
1681 5587 1737 5635 et
1787 5593 1886 5649 per
1915 5578 2121 5633 amicos

534 5684 661 5726 suos
683 5686 773 5728 rex
804 5670 1092 5739 convenit,
1131 5684 1297 5726 orans
1331 5679 1383 5726 et
1413 5671 1728 5736 obsecrans,
1770 5678 1825 5726 et
1855 5669 2119 5725 maxiaa-

534 5777 654 5818 rum
701 5777 882 5820 rerum
916 5760 1302 5832 pollicitatione
1333 5762 1388 5819 in
1416 5762 1516 5818 hoc
1559 5760 1733 5832 ipsum
1760 5761 1975 5820 allicere
2003 5770 2116 5818 ten-

2219 4569 2560 4627 sermouibus
2581 4567 2699 4636 ejus
2719 4566 2948 4638 gloriam
2974 4563 3084 4633 regi
3114 4561 3281 4632 erepit
3310 4553 3593 4614 admirando
3611 4561 3715 4602 enar-

2220 4675 2362 4714 rare.
2403 4658 2560 4720 Nani,
2589 4657 2834 4728 exposita
2871 4655 3193 4720 divitiarum
3229 4646 3563 4707 abundantia,
3585 4649 3712 4694 etw-

2218 4751 2432 4805 biorum
2473 4748 2836 4812 multitudine,
2865 4745 3218 4801 inditieioriun
3260 4728 3713 4809 iiiagiiitudioc.snb-

2225 4841 2458 4896 ditorum
2510 4841 2812 4910 principum
2863 4836 3017 4892 turba
3043 4878 3059 4902 ,
3110 4832 3508 4904 obsequentium
3548 4822 3711 4880 militum

2218 4932 2394 5002 copia,
2425 4932 2695 5002 regalibus
2733 4929 2974 4984 vestibus
3001 4939 3057 4984 et
3079 4927 3246 4982 armis
3285 4927 3531 4982 instructa
3557 4911 3708 4971 intulit:

2224 5043 2243 5076 σ
2282 5025 2348 5078 Et
2382 5025 2510 5096 quid
2547 5025 2781 5094 amplius
2827 5024 2943 5093 ipse
2996 5021 3116 5086 tibi,
3146 5035 3308 5090 quam
3347 5027 3401 5072 tu
3445 5011 3560 5109 sibi?
3594 5015 3709 5109 latitat

2221 5133 2444 5190 regnum
2484 5127 2632 5172 tuum
2668 5116 3010 5188 episc0patus
3051 5114 3219 5185 ipsius
3244 5121 3359 5176 est;
3383 5107 3502 5178 quin
3526 5104 3708 5190 stiria!

2219 5187 2461 5280 potestas
2484 5208 2602 5279 ejus
2636 5207 2890 5278 potestati
2921 5213 3289 5284 comparetur,
3319 5201 3486 5257 minor
3513 5202 3597 5249 est.
3621 5187 3706 5241 Tei-

2194 5300 2402 5356 .tuinus
2447 5299 2592 5354 enim
2633 5296 2845 5367 imperii
2903 5295 2979 5349 tui
3041 5295 3156 5350 suis
3205 5291 3399 5348 finibus
3439 5287 3704 5342 cunctatur;

2221 5391 2486 5448 terminus
2519 5399 2696 5445 autem
2744 5389 3088 5460 episcopatus
3127 5384 3240 5454 ejus
3285 5394 3403 5438 tuos
3439 5378 3558 5434 ﬁnes

2219 5484 2382 5540 ritate
2431 5481 2796 5553 progreditur.
2841 5479 2928 5545 Et,
2977 5477 3175 5546 fateor,
3221 5473 3462 5530 ﬁdelibus
3490 5476 3536 5523 et
3571 5468 3704 5524 alii“

2218 5573 2328 5641 tuis
2354 5580 2436 5626 est
2466 5571 2759 5626 timendum
2784 5585 2878 5635 ne,
2900 5569 2944 5624 si
2967 5567 3249 5637 aliquando
3273 5561 3464 5619 inimici
3485 5557 3550 5612 tui
3569 5558 3701 5607 ωιιη

2219 5672 2273 5728 te
2303 5675 2454 5716 arma
2479 5661 2834 5740 susceperint,
2869 5658 2982 5729 ipse
3011 5671 3172 5740 quam
3206 5653 3451 5725 praedicat
3473 5649 3699 5740 peccatis?

2221 5756 2417 5830 quotidi
2449 5733 2573 5813 suos
2601 5756 2668 5812 ab
2709 5753 2876 5810 armis
2898 5734 3168 5816 immunes
3200 5745 3437 5812 retineat,
3467 5747 3599 5809 tuque
3621 5739 3695 5784 ιω
