3870 6304
105 354 197 408 739

1406 364 1555 420 "TA
1600 365 1629 421 ε

1735 367 2029 424 t‘lLl‘ltlDl.
3232 369 3337 440 τεο

104 482 213 535 rum
258 466 526 535 paucitate
576 466 809 539 inimicis
867 469 1090 526 inferior
1135 472 1308 529 victus
1349 478 1660 533 occumbas.
1692 490 1738 544 Α
1764 477 2207 545 cjusinfurtuuiu
2236 484 2385 539 valde
2429 489 2770 544 contristatls
2808 506 2913 544 non
2962 506 3128 559 pauca
3164 494 3335 551 disse-

102 558 426 627 Quaproptcr
470 558 532 613 de
580 560 795 629 negotio
841 569 968 616 ante
1015 563 1289 634 negotium
1333 574 1532 635 tracta;
1581 579 1657 632 et,

102 664 162 703 ne
184 650 235 703 in
268 650 381 719 ipsa
409 650 648 719 gestione
688 653 887 723 negotii
920 663 1010 708 tua
1054 656 1228 712 virtus
1265 658 1508 723 decidat,
1540 676 1660 730 qua:

101 740 281 797 obsunt
308 754 509 809 gnarus
538 742 856 809 prmordiua.
898 743 1036 799 Sunt
1061 747 1277 815 quidem
1302 759 1355 804 et
1391 750 1492 804 alia
1522 766 1657 805 non-

104 829 227 882 nulla
252 846 370 899 qua:
401 831 496 887 tibi
528 831 752 887 honeste
792 846 1019 904 possunt
1058 840 1384 907 persuadere
1406 881 1420 905 ,
1459 842 1532 897 tui
1560 843 1657 899 bo-

101 922 230 976 noris
274 922 581 979 nullatenus
625 940 766 992 esse,
820 942 925 982 non
970 930 1093 986 dico
1147 933 1519 1002 superiorem,
1559 936 1654 991 sed

98 1026 262 1080 parem
309 1028 634 1083 quemquam
680 1015 734 1070 in
783 1031 951 1089 regno
995 1027 1087 1074 tuo
1132 1021 1354 1078 habere.
1390 1023 1520 1090 Qua:
1555 1041 1654 1081 nec

96 1102 185 1156 dici
215 1102 426 1173 quidem
457 1121 591 1176 opus
635 1123 756 1163 esse
799 1124 1147 1183 recognosco,
1179 1116 1305 1184 quia
1350 1133 1457 1174 non
1496 1119 1653 1175 modo

97 1202 187 1246 tua:
212 1194 539 1263 prudentiae,
578 1199 675 1255 sed
704 1211 756 1256 et
784 1202 958 1258 cuivis
991 1204 1317 1277 imprudenti
1362 1208 1508 1264 clara
1533 1224 1652 1266 esse

96 1297 185 1337 non
211 1299 403 1339 ηεεειο.
437 1305 455 1338 ι

132 1376 258 1429 ,δικ
298 1375 517 1433 Talibus
563 1381 744 1458 verbis
781 1399 874 1437 rex
902 1395 1206 1455 permotus,
1250 1396 1307 1443 et
1339 1389 1494 1459 quasi
1541 1406 1651 1447 suae

95 1467 286 1524 utilitati
333 1474 733 1541 consuleretur,
766 1480 835 1533 ad
865 1496 926 1535 ea
968 1491 1110 1538 totus
1149 1495 1415 1551 arrectus,
1456 1488 1649 1544 melius

91 1562 189 1616 suis
229 1562 384 1621 rebus
414 1567 623 1622 consuli
671 1586 779 1627 non
829 1586 988 1641 posse
1033 1577 1262 1643 putavit,
1296 1593 1455 1646 quam
1489 1580 1532 1634 si
1566 1579 1649 1634 vir

92 1655 168 1709 Dei
195 1656 301 1711 suis
327 1659 587 1714 omnibus
621 1662 959 1731 privaretur,
992 1676 1047 1721 et
1085 1670 1427 1740 episcopatus
1478 1672 1645 1742 ipsius

86 1744 133 1802 in
156 1746 324 1815 plures
368 1751 658 1823 episcopos
687 1755 1040 1814 divideretur.
1070 1759 1267 1816 Verum
1299 1764 1423 1833 quia
1471 1764 1523 1819 id
1556 1766 1641 1836 agi

1769 571 1878 624 ruit
1908 570 2069 626 verba
2102 575 2522 643 consolationis,
2556 582 2829 650 patientia:
2869 592 2924 637 et
2970 598 3108 639 verat
3151 584 3330 641 chari-

1764 659 1915 724 tatis,
1944 659 2149 723 dicens,
2177 663 2318 719 inter
2344 664 2470 730 alia,
2501 667 2653 722 nihili
2677 683 2797 724 esse
2826 671 3161 740 pendendum
3188 676 3328 743 quod
3384 674 3387 675 ⁷

1759 759 2035 806 constaret
2072 767 2457 825 nonnunquam
2506 756 2626 813 fore
2671 760 3028 828 pendendum.
3057 762 3175 833 Ipse
3200 779 3330 819 vero

1758 849 1879 906 post
1924 842 2039 896 haec
2086 842 2314 899 Romam
2358 845 2563 915 iturus,
2613 860 2667 903 et
2715 865 2782 904 ne
2831 852 2972 919 quod
3015 855 3325 909 scandalqu

1760 928 2009 985 Ecclesiae
2054 930 2253 987 Christi
2306 947 2526 1004 propter
2569 953 2695 992 eum
2742 940 3053 997 immineret
3107 960 3323 1000 causam

1754 1034 1905 1072 suam
1929 1028 2055 1075 ante
2083 1023 2266 1076 sedem
2293 1026 2636 1092 apostolicam
2665 1031 3030 1098 expositurus,
3060 1036 3125 1087 ad
3154 1051 3323 1099 mare,

1754 1111 2046 1170 venerabili
2115 1114 2501 1170 monachorum
2556 1118 2780 1188 collegio
2842 1122 3029 1176 dextra
3091 1124 3329 1197 laevaque

1752 1200 2005 1269 stipatus.
2056 1203 2405 1271 perducitur;
2457 1208 2578 1262 navi
2629 1208 2949 1278 imponitur,
2998 1214 3083 1280 pia
3115 1214 3322 1271 illorum

1752 1290 2146 1361 imprecatione
2195 1296 2572 1367 perfungitnr;
2622 1311 2879 1369 prospero
2933 1317 3093 1357 cursu
3152 1311 3328 1363 ventis

1753 1382 1865 1438 vela
1909 1385 2239 1454 panduntur.
2276 1387 2347 1441 At
2377 1389 2467 1443 ubi
2517 1390 2789 1459 paululum
2837 1392 2991 1448 navis
3042 1402 3322 1465 processit,

1749 1484 1959 1529 mutato
1986 1486 2146 1530 vento
2172 1477 2356 1545 pulsus
2380 1489 2464 1534 est
2496 1479 2737 1537 Fresiam
2764 1497 2781 1536 :
2812 1485 2900 1540 ubi
2930 1501 2961 1540 a
2987 1487 3233 1543 barbaris
3262 1505 3325 1544 ac

1749 1579 1873 1635 rege
1901 1564 2115 1619 illorum
2158 1566 2401 1638 Aldgislo
2434 1569 2729 1627 honoriﬁce
2750 1586 3061 1642 susceptus,
3092 1578 3321 1633 ibidem-

1745 1670 1853 1725 que
1905 1656 2204 1714 honoriﬁce
2253 1669 2641 1728 conversatus,
2692 1665 2760 1720 ab
2805 1668 3056 1724 omnibus
3110 1685 3323 1724 summo

1744 1764 1867 1803 cum
1895 1750 2120 1817 honore,
2165 1756 2342 1823 quoad
2376 1755 2447 1811 ibi
2486 1773 2708 1815 manere
2754 1764 2903 1816 cordi
2952 1763 3071 1828 fuit,
3106 1766 3321 1822 habitus

88 1847 254 1905 inter
285 1854 615 1898 consensum
660 1846 1074 1907 εωιιυπίοηείε
1110 1854 1499 1927 archiepiscopi
1532 1856 1640 1911 mi-
1676 1837 1715 1895 ll
1744 1848 1847 1905 est,
1878 1840 2007 1898 licet
2036 1844 2215 1900 adhuc
2246 1854 2355 1900 tota
2398 1848 2674 1914 provincia
2710 1851 2972 1906 idolorum
3016 1853 3183 1909 cultui
3228 1855 3321 1910 de-

88 1930 209 1985 nime
246 1941 498 2001 poterat,
539 1938 702 1993 verba
748 1940 999 2012 malignae
1047 1946 1409 2001 accusationis
1449 1956 1640 2002 contra

88 2021 361 2092 episcopum
402 2026 584 2097 ipsius
612 2030 759 2086 sedis
783 2033 1011 2089 antistiti
1043 2036 1330 2092 Theodoro
1354 2041 1638 2107 mandant,

84 2122 128 2165 rt
162 2111 221 2168 ad
260 2130 368 2171 suae
412 2117 715 2176 voluntatis
749 2122 997 2180 effectum
1031 2127 1315 2197 deceptum
1352 2130 1636 2187 inclinant.

84 2202 216 2260 Venit
257 2208 416 2279 ig'tur
476 2211 544 2265 ad
597 2214 832 2281 regalem
883 2218 1091 2274 curiam
1148 2221 1489 2290 Theodorus,
1540 2241 1636 2281 sua

85 2299 375 2354 auctoritate
418 2304 631 2370 reg'am
677 2306 1006 2363 voluntatem
1056 2326 1219 2382 super
1252 2313 1501 2370 Wilfrido
1530 2316 1636 2371 im-

90 2387 313 2455 izleturus.
349 2390 506 2459 Quod
542 2393 742 2450 factum
771 2408 868 2454 est.
902 2400 1036 2455 Nam
1074 2404 1320 2473 protinus
1361 2407 1414 2461 in
1458 2407 1634 2464 locum

88 2480 181 2546 ejus
208 2490 308 2537 tres
351 2484 637 2554 episcopos
675 2503 740 2543 eo
771 2489 997 2547 absente
1025 2494 1337 2551 ordinavit.-
1363 2498 1471 2554 Res
1519 2500 1635 2557 viro

88 2573 221 2629 celari
262 2590 363 2630 con
417 2576 601 2646 potuit
647 2596 660 2633 :
713 2590 767 2635 et
816 2582 1177 2641 admiratione
1233 2592 1632 2657 quammaxima

88 2666 264 2735 ductus,
312 2667 471 2724 hilari
515 2672 709 2739 corde,
751 2672 917 2728 alacri
957 2675 1135 2740 voltu,
1172 2680 1419 2734 modesto
1444 2698 1631 2749 gressu

88 2758 201 2824 regis
224 2759 469 2827 palatium
506 2763 708 2831 subiit,
742 2781 958 2821 causam
993 2770 1187 2839 negotii
1216 2772 1629 2841 perquisitnrus.

85 2848 162 2902 tlui
195 2849 289 2907 hoc
325 2855 489 2910 modo
515 2895 534 2921 ,
571 2865 627 2911 ut
674 2856 865 2925 fertur,
900 2861 966 2915 ad
1019 2861 1274 2931 inquisita
1315 2880 1629 2935 responsum

84 2945 150 2989 est
184 2954 197 2993 ;
236 2958 254 2993 ι
307 2941 417 2998 Nec
468 2954 529 3000 te
575 2946 1061 3016 imprzesentiarum
1113 2952 1340 3024 alicujus
1389 2957 1633 3013 criminis

84 3026 370 3087 admissione
400 3043 678 3105 notamus,
715 3052 814 3095 nec
850 3049 1026 3096 tamen
1064 3053 1325 3101 statutum
1363 3047 1430 3103 de
1466 3059 1518 3104 te
1540 3048 1629 3117 ju-

83 3117 244 3174 dicium
271 3121 369 3179 hac
397 3124 523 3180 vice
551 3129 899 3187 mutabimus.
939 3154 957 3187 ι
986 3134 1086 3190 llle
1122 3151 1251 3192 vero
1279 3138 1475 3196 talibus
1502 3156 1629 3197 ver-

83 3208 147 3261 l.is
173 3227 266 3268 non
289 3214 385 3269 sibi
414 3218 766 3277 satisfactum
796 3240 917 3281 esse
963 3230 1340 3299 consentiens,
1370 3234 1625 3303 apostoli-

81 3309 363 3367 t'amsedcm
398 3314 727 3386 appellavit,
752 3327 804 3370 et
838 3333 936 3386 pro
963 3336 1151 3376 eorum
1184 3323 1447 3392 injustitia
1486 3327 1625 3383 indi-

79 3402 241 3454 gnatus
280 3400 477 3458 reﬂexo
512 3419 699 3473 gressu
731 3406 909 3461 aulam
951 3412 1131 3480 egredi
1179 3413 1366 3469 voluit.
1406 3416 1625 3474 lntuens

51 3490 225 3537 .autem
264 3493 526 3556 quosdam
575 3495 709 3551 satis
756 3496 899 3553 foedo
945 3502 1058 3556 suis
1098 3503 1313 3559 casibus
1366 3506 1625 3563 insultare

80 3574 350 3667 cachinno:
390 3602 408 3634 ι
452 3585 525 3639 Et
560 3600 625 3651 ο,
661 3588 868 3657 inquit,
902 3591 1027 3657 lilii,
1078 3592 1220 3650 felici
1266 3599 1626 3667 prosperitate

78 3663 253 3725 dttcatis
296 3682 542 3746 tempora
593 3679 779 3751 longa;
831 3684 923 3738 sed
975 3688 1258 3752 noveritis,
1304 3694 1624 3758 quantocius

78 3766 175 3810 sors
196 3758 380 3817 infesta
412 3767 655 3823 resolvet
690 3771 804 3826 hanc
844 3774 1037 3843 gaudia
1089 3787 1266 3832 vestra
1300 3797 1315 3834 :
1346 3795 1446 3836 nec
1473 3783 1623 3852 prius

78 3844 195 3905 hunc
231 3868 424 3911 annum
481 3861 751 3918 transisse
797 3864 1045 3921 videbitis
1068 3910 1082 3933 ,
1112 3884 1273 3938 quant
1317 3872 1449 3928 istas
1485 3891 1623 3944 quas

77 3952 209 4009 Super
250 3963 329 4004 me
375 3951 683 4010 derisiunes
729 3957 971 4022 habetis,
1008 3962 1192 4016 acerbi
1225 3980 1457 4020 tnmrore
1501 3965 1619 4020 lua-

80 4028 148 4084 Iis.
182 4054 198 4087 ι
230 4036 351 4105 Qua:
402 4044 693 4114 prophetia
745 4047 946 4104 veritas
986 4052 1126 4106 facta
1172 4063 1276 4108 est.
1319 4055 1450 4111 Nam
1498 4065 1621 4125 post

77 4135 158 4213 tum
202 4130 413 4187 multum
470 4138 731 4206 temporis
768 4148 1019 4195 conserto
1049 4144 1198 4212 gravi
1244 4146 1430 4213 pnelio
1477 4147 1621 4200 inter

79 4208 309 4302 chridum
339 4233 394 4277 et
432 4224 717 4280 Ailredum
751 4242 930 4298 regem
965 4208 1285 4286 Merciorum
1331 4235 1484 4302 juxta
1516 4234 1617 4289 flu-

76 4300 192 4396 vium
241 4308 492 4379 Treanta,
547 4317 764 4372 occisus
810 4328 893 4373 cst
948 4319 1195 4377 Elfuinus
1250 4300 1417 4379 frater
1478 4328 1617 4396 regis

78 4388 262 4465 chridi,
288 4402 500 4471 juvenis
528 4408 749 4464 circiter
793 4409 982 4468 decem
1032 4422 1087 4468 et
1131 4423 1254 4468 octo
1301 4430 1476 4469 annos
1525 4417 1617 4469 ha-

1742 1931 1852 1986 dila
1903 1932 2220 1991 deserviret.
2271 1934 2455 1992 Yicent
2508 1939 2691 2009 itaque
2750 1941 3067 2012 benignitati
3132 1960 3317 2000 eorum

1742 2020 2035 2093 rependere
2082 2024 2289 2094 volens,
2338 2028 2665 2097 praedicabat
2709 2031 2790 2086 eis
2831 2033 3050 2086 verbum
3103 2032 3231 2099 Dei,
3262 2042 3319 2090 et

1738 2113 1907 2169 multa
1939 2115 2106 2171 millia
2137 2118 2302 2172 verbo
2324 2119 2573 2176 veritatis
2602 2121 2870 2191 instituit,
2903 2138 2967 2179 ac
2992 2126 3138 2180 l'unte
3171 2127 3317 2181 salu-

1741 2206 1839 2261 tari
1876 2222 1905 2262 a
1957 2222 2179 2262 suorum
2226 2218 2574 2278 peccatorum
2624 2212 2875 2269 sordibus
2924 2212 3098 2269 lavit:
3131 2217 3317 2286 sicque

1734 2309 2078 2370 susceptores
2107 2315 2236 2355 suos
2283 2311 2336 2356 ct
2362 2318 2392 2357 a
2428 2303 2652 2359 Domino
2680 2306 2905 2376 suscipi,
2937 2316 2990 2360 et
3030 2307 3313 2364 Dominum

1737 2392 1789 2446 in
1835 2408 1895 2448 se
1941 2393 2218 2462 suscipere
2261 2393 2407 2450 fecit.
2449 2395 2581 2450 Erat
2629 2406 2810 2454 autem
2861 2408 2987 2453 ante
3024 2401 3313 2456 adventum

1734 2483 1877 2538 beati
1926 2484 2026 2539 viri
2074 2494 2215 2539 terra
2264 2484 2379 2554 ipsa
2434 2502 2643 2557 magna:
2689 2488 2953 2544 salsitatis
3000 2505 3315 2561 magnasque

1732 2576 2056 2643 sterilitatis,
2086 2586 2142 2631 et
2186 2576 2330 2635 velut
2375 2578 2427 2632 in
2459 2580 2675 2634 modum
2720 2582 2870 2650 rupis
2912 2582 3089 2636 nimia:
3111 2584 3317 2651 asperi-

1735 2666 1881 2732 tatis,
1912 2683 1976 2723 ac
2004 2683 2101 2737 per
2144 2669 2248 2725 hoc
2278 2669 2583 2739 quibusque
2612 2671 2934 2727 animalibus
2976 2673 3044 2728 ad
3074 2673 3314 2728 incolen-

1732 2757 1858 2812 dum
1908 2773 2121 2829 magnae
2158 2758 2637 2815 incommoditatis.
2690 2761 2888 2817 Verum
2943 2761 3009 2816 ad
3055 2764 3313 2832 praedita-.-

1732 2849 1930 2904 tionem
1958 2850 2061 2906 viri
2111 2849 2205 2905 Dei
2260 2851 2448 2905 eadem
2492 2865 2652 2922 gente
2698 2850 2855 2907 fidem
2899 2852 3110 2908 Domini
3141 2854 3314 2907 susci-

1733 2942 2105 3011 piente,sicut
2142 2942 2310 2998 corda
2352 2957 2539 2997 eorum
2576 2957 2821 3011 superna:
2850 2942 3148 2997 dulcedinis
3188 2958 3312 2998 rore

1730 3034 1797 3086 ad
1830 3032 2159 3090 fertilitatem
2187 3049 2410 3105 operum
2454 3035 2720 3089 bonorum
2760 3034 2982 3097 mollita,
3013 3044 3068 3088 et
3097 3035 3310 3089 inhabi-

1734 3125 1940 3179 tatiune
1972 3122 2208 3194 Spiritus
2248 3125 2421 3185 sancti
2454 3133 2580 3179 sunt
2626 3125 2977 3180 accommoda
3016 3124 3187 3189 facta;
3235 3125 3308 3179 ita

1732 3225 1798 3285 et
1826 3224 1983 3270 terra:
2011 3216 2248 3287 ipsorum
2300 3216 2516 3272 salsitas
2562 3216 2616 3271 in
2659 3215 3017 3281 dulcedinem,
3049 3217 3310 3273 sterilitas

1730 3308 1783 3362 in
1840 3309 2203 3375 fertilitatem,
2237 3310 2505 3378 asperitas
2554 3310 2605 3363 in
2655 3308 2934 3365 ntollitiem
2981 3319 3143 3380 atque
3189 3310 3303 3380 pin-

1728 3398 2013 3466 guedinem
2048 3414 2235 3464 versa,
2280 3399 2532 3453 omnibus
2577 3399 3005 3461 inhabitantibus
3050 3415 3171 3457 eam
3212 3401 3308 3457 .di-

1726 3506 1895 3546 versae
1925 3493 2324 3549 commoditatis
2356 3492 2540 3561 copias
2564 3490 2859 3548 lautissime
2890 3493 3088 3549 intulit.

1795 3583 1884 3638 53.
1914 3584 2123 3638 lutcrea
2158 3583 2194 3636 ii
2226 3585 2317 3653 qui
2344 3599 2439 3639 sua
2467 3584 2708 3653 nequitia
2731 3584 2857 3638 victi
2886 3585 3120 3641 amicum
3150 3585 3306 3642 Chri-

1724 3678 1792 3730 sti
1845 3676 2059 3746 propria
2092 3676 2386 3746 dignitate,
2423 3677 2798 3745 possessione,
2834 3686 2975 3732 terra
3020 3680 3304 3747 proturba-

1727 3773 1952 3829 verant,
2018 3764 2225 3833 legatos
2270 3779 2400 3819 suos
2449 3772 2558 3818 tam
2609 3766 2888 3822 fraudibus
2952 3767 3303 3835 iniquissima:

1723 3856 2010 3912 delationis
2036 3855 2251 3927 ligatos,
2281 3871 2441 3926 quam
2484 3865 2539 3911 et
2567 3857 2791 3912 diversis
2817 3857 3024 3913 exeniis
3046 3868 3302 3915 oneratos
3368 3922 3376 3935 ,

1722 3949 1775 4004 in
1827 3948 2115 4004 Franciam
2167 3948 2445 4018 dirigunt,
2496 3964 2603 4019 quo
2666 3949 2784 4007 viro
2843 3950 3052 4005 Domini
3105 3951 3299 4020 partim

1722 4040 1928 4102 fraude,
1964 4039 2163 4110 partim
2204 4056 2426 4096 munere
2463 4041 2684 4111 laqueos
2732 4040 3062 4109 deceptionis
3106 4052 3160 4097 et
3206 4057 3300 4097 ca-

1720 4129 1940 4199 ptionis,
1973 4129 2195 4199 laqueos
2217 4130 2654 4201 deprmdationis,
2682 4131 3000 4200 perditionis
3027 4141 3079 4187 et
3110 4132 3302 4188 mortis

1721 4224 2020 4277 instituant.
2053 4224 2162 4278 Sed
2212 4232 2271 4277 ut
2318 4223 2543 4294 laqueus
2581 4238 2768 4277 eorum
2795 4262 2810 4287 ,
2860 4223 2949 4291 qui
2987 4222 3301 4280 muneribus

1716 4316 1923 4370 seducti
1958 4315 2207 4384 laqueum
2241 4316 2589 4371 instituerunt
2623 4330 2784 4371 servo
2809 4315 2922 4381 Dei,
2953 4316 3094 4385 ipsos
3125 4315 3297 4370 invul-

1721 4414 1891 4471 veret,
1925 4406 2213 4476 quemdam
2258 4407 2594 4462 sacerdotem
2624 4405 2864 4470 Domini,
2897 4405 3113 4460 nomine
3146 4404 3299 4460 Win-

76 4477 199 4547 beas,
238 4493 442 4562 utrique
474 4497 770 4565 provincia:
798 4501 1029 4556 multum
1057 4503 1303 4558 amabilis
1328 4521 1341 4557 ε
1374 4518 1437 4558 εχ
1464 4505 1618 4575 cuius
1651 4533 1696 4590 υ
1722 4495 1941 4562 fridnnt,
1977 4513 2150 4568 nuper
2177 4512 2206 4552 tl
2231 4513 2328 4555 SUO
2357 4497 2666 4568 episcopatu
2714 4497 3047 4567 depositum,
3077 4506 3131 4552 et
3173 4507 3299 4555 tunc

77 4584 220 4631 morte
252 4597 475 4654 magnus
522 4598 576 4642 et
614 4589 969 4646 intolerabilis
1003 4608 1204 4648 mtrror
1243 4593 1514 4649 chridutn
1553 4610 1617 4650 ac

1724 4590 1776 4643 in
1805 4592 2291 4662 peregrinationem
2327 4609 2423 4662 pro
2464 4594 2557 4648 Dei
2594 4609 2779 4647 amore
2806 4602 3055 4662 euntem,
3083 4594 3299 4648 occulto

77 4674 181 4717 suos
206 4674 449 4739 ρειιεηιῑι,
480 4679 765 4750 omnisque
796 4681 980 4737 ιωιίιίε
1011 4699 1173 4752 quam
1211 4687 1275 4739 σε
1302 4686 1616 4756 expulsion.)
1709 4678 1916 4747 judicio
1961 4681 2053 4735 Dei
2101 4684 2213 4738 suis
2261 4684 2514 4738 omnibus
2571 4683 2965 4751 spoliaverunt,
3021 4681 3301 4739 vicinitate

77 4750 191 4812 beati
225 4760 452 4822 Wilfridi
485 4770 810 4839 habuerant,
831 4774 980 4843 justo
1005 4750 1097 4830 Dei
1129 4776 1334 4845 judicio
1362 4750 1414 4833 in
1449 4781 1617 4835 tristi-

77 4845 179 4901 tiatn
215 4868 363 4911 versa
411 4869 514 4915 est.
570 4861 661 4918 Sic
703 4880 769 4919 ex
812 4881 877 4922 eo
913 4882 1020 4936 quo
1069 4884 1098 4921 a
1154 4882 1212 4921 se
1258 4867 1612 4927 fortissimum

75 4938 262 5031 iniliteui
292 4946 504 5007 Dontini
540 4956 800 5024 repellere
836 4974 942 5013 non
983 4961 1303 5025 timuerunt,
1338 4978 1611 5031 nunquam

73 5024 169 5085 lucta
202 5038 413 5095 victoria
437 5047 588 5113 potiti
621 5057 748 5102 sunt
785 5066 799 5103 :
832 5050 926 5106 sed
957 5052 1048 5121 qui
1076 5044 1226 5121 prius
1252 5069 1416 5123 parva
1451 5071 1610 5109 manu

77 5122 294 5199 militum,
334 5135 450 5205 ejus
486 5139 872 5197 intercessione
914 5145 1134 5209 muniti,
1162 5145 1407 5215 ingentes
1428 5148 1613 5218 copias

74 5219 359 5289 straverunt,
407 5233 746 5299 postmodum
789 5248 911 5289 cum
971 5234 1172 5302 ingenti
1221 5237 1373 5305 copia
1411 5253 1441 5292 a
1488 5254 1612 5293 raro

76 5306 218 5363 milite
248 5315 370 5373 victi
411 5323 694 5378 cadebant.
728 5324 837 5380 Nec
870 5325 1087 5394 injuria.
1136 5328 1371 5397 Repulso
1411 5332 1609 5384 etenim

75 5407 127 5447 eo
153 5414 237 5465 per
274 5421 429 5474 quem
463 5412 693 5469 victores
749 5416 1096 5481 exstiterant,
1144 5418 1216 5471 nil
1260 5428 1377 5473 erat
1410 5420 1606 5475 residui

76 5496 215 5550 ‘luare
241 5498 431 5562 passim
462 5502 599 5558 vinci
641 5520 744 5561 non
792 5507 1112 5563 debuerunt.
1146 5509 1345 5563 Verum
1369 5511 1435 5566 ad
1462 5512 1607 5566 ordi-

78 5586 175 5630 nem
200 5581 416 5644 instituti
446 5596 625 5661 operis
646 5596 767 5667 styli
796 5596 967 5653 oflicio
999 5600 1302 5654 redeamus.

133 5667 208 5725 52.
239 5675 424 5736 Beatus
454 5683 733 5744 Wilfridus
763 5691 1087 5761 episcopalis
1117 5693 1389 5748 cathedrae
1426 5693 1602 5761 digni-

82 5764 169 5815 ιῑιῑο
195 5769 421 5836 privatus
445 5777 508 5835 ad
538 5795 636 5836 sua
661 5780 840 5849 rediit,
878 5783 1003 5841 filiis
1030 5795 1083 5842 et
1112 5783 1368 5865 fratribus
1399 5784 1510 5841 suis
1539 5784 1607 5843 de

1719 4776 1951 4830 nominis
1980 4778 2306 4846 propriaque
2348 4776 2680 4846 malignitate
2708 4775 2940 4845 decepti.
2977 4776 3174 4830 Verum
3208 4776 3298 4833 ubi

1718 4864 1821 4920 hoc
1853 4865 1919 4921 ab
1950 4866 2054 4920 illis
2084 4877 2169 4921 est
2215 4866 2572 4929 intellectum,
2604 4875 2658 4919 et
2689 4878 2922 4932 quonam
2969 4867 3053 4919 vir
3084 4865 3299 4920 Domini

1716 4974 1777 5013 ea
1805 4967 2123 5028 tempestate
2152 4960 2370 5030 degeret
2400 4957 2755 5026 recognitum,
2783 4956 3071 5021 Ebroinns,
3103 4956 3303 5025 regalis

1716 5050 1880 5104 curiae
1902 5059 1957 5105 et
1986 5050 2140 5105 istius
2162 5051 2412 5120 nequitia:
2443 5050 2713 5120 princeps,
2739 5050 2939 5118 scripta
2964 5064 3085 5103 cum
3103 5064 3305 5119 magno.

1717 5156 1943 5197 munere
1988 5141 2233 5211 Aldgislo
2264 5142 2374 5211 regi
2410 5141 2627 5204 direxit,
2669 5154 2857 5211 petens
2886 5148 2942 5193 ut
2984 5138 3302 5199 Wilfridum.

1715 5234 1968 5293 omnibus
2008 5233 2167 5288 bonis
2196 5233 2557 5302 exspoliatum
2589 5233 2790 5287 crudeli
2836 5243 3009 5289 morte
3053 5244 3297 5293 necaret,

1716 5326 1829 5381 Rex
1880 5336 2061 5381 autem
2092 5340 2195 5379 nec
2225 5325 2494 5395 precibus,
2528 5340 2629 5381 nec
2673 5323 2830 5379 donis
2870 5325 2970 5379 sub
3016 5341 3074 5380 se
3103 5327 3298 5383 cadere

1718 5428 1881 5473 tantm
1938 5417 2192 5488 nequitiae
2241 5415 2628 5486 acquiescens,
2703 5416 2921 5471 missam
2994 5417 3299 5473 chartulam

1717 5523 1911 5578 magna
1942 5523 2066 5563 cum
2118 5505 2489 5576 indignatione
2528 5504 2797 5572 diruptam
2829 5504 3040 5575 ignibus
3064 5503 3244 5574 injecit
3278 5524 3293 5563 ε

1716 5601 2098 5670 uequitimque,
2132 5608 2189 5653 ut
2240 5598 2457 5667 dignum
2507 5595 2638 5662 fuit,
2686 5599 3044 5667 exprobrans,
3090 5597 3295 5668 legatos

1714 5691 1920 5760 absque
1949 5692 2152 5745 honore
2175 5690 2427 5745 dimissos
2456 5690 2635 5743 statim
2670 5704 2911 5743 remeare
2938 5689 3206 5759 praecepit.

1784 5782 1871 5839 3i.
1916 5782 2148 5842 Securus
2206 5784 2368 5855 igitur
2411 5782 2727 5839 insidiarum
2784 5781 3014 5851 praesul,
3068 5781 3117 5835 iu
3176 5780 3291 5853 ipsa
