3870 6304
613 347 708 404 731

1613 347 1693 400 l-iA
1706 347 1915 402 DMERI
1945 346 2504 403 CANTUAlilENSlS
2544 344 2848 402 MONACIH
3703 361 3768 418 73:

610 459 892 529 provincia
917 468 1082 515 totam
1105 475 1226 516 cum
1252 476 1389 516 nova
1415 453 1690 532 Dei‘plebe
1714 463 1946 519 hiemem
1973 465 2204 521 feliciter
2233 453 2275 508 Λ
2307 478 2406 518 suo
2443 462 2580 518 lidus
2615 463 2896 528 existeret,
2931 460 3102 516 l‘uvdus
3134 477 3376 533 rumpere
3414 465 3585 532 noluit;
3607 486 3678 543 ego
3693 493 3768 548 δη.

610 553 860 621 exigens,
908 552 1102 607 deinde
1143 554 1397 623 pergendi
1447 553 1676 608 Romam
1720 556 1825 609 iter
1870 557 2108 626 repetiit,
2147 568 2201 612 et

610 642 840 700 Galliam
871 643 1194 713 perveniens
1219 652 1350 698 nota
1380 644 1480 699 sibi
1515 646 1656 714 regis
1689 644 1972 716 Dagoberti
2001 648 2200 701 muenia

607 733 772 790 subit.
821 733 990 799 Quem
1024 733 1139 802 ipse
1180 750 1272 789 rex
1299 734 1475 790 visum
1521 750 1647 790 mox
1690 737 2022 806 recognovit,
2053 752 2202 792 eum-

608 837 714 892 que
759 821 925 876 multa
959 837 1084 894 eum
1136 823 1326 884 laetitia
1353 824 1590 893 hospitio
1629 827 1882 894 susmpit,
1915 838 1968 880 et
1999 827 2202 882 vocatis

609 915 917 969 hominibus
953 915 1090 981 suis,
1139 915 1243 970 hac
1285 931 1379 971 eos
1413 931 1545 972 voce
1573 917 1912 988 alloquitur:
1956 936 1974 970 ι
2015 918 2198 974 Virum

608 1007 752 1062 hunc
775 1022 934 1076 quem
959 1023 1086 1062 ecce
1108 1023 1290 1063 coram
1317 1009 1550 1078 habetis,
1575 1027 1899 1081 magnopere
1924 1011 2197 1067 dilectioni

605 1109 801 1155 vestrae
846 1101 1186 1166 commendo,
1222 1117 1419 1172 rogans
1461 1111 1518 1156 ut
1549 1103 1623 1157 illi
1663 1105 1714 1158 in
1753 1119 2075 1175 quocunque
2109 1121 2202 1160 ne-

605 1192 753 1262 gotio
787 1192 953 1246 vestri
997 1207 1132 1260 opus
1175 1193 1427 1248 habuerit
1470 1195 1754 1259 assistatis,
1786 1197 2050 1267 siquidem
2089 1213 2198 1262 me,

606 1283 750 1337 sicut
791 1283 1015 1337 credere
1055 1283 1137 1338 fas
1165 1293 1268 1350 est,
1313 1285 1525 1339 sincera
1567 1295 1749 1341 mente
1784 1289 2000 1342 amatis.
2034 1288 2201 1354 llnjus

607 1371 808 1426 etenim
840 1372 1112 1442 probitate
1141 1374 1500 1429 et°industria
1542 1376 1693 1430 vobis
1733 1377 1994 1444 redditus,
2029 1379 2202 1432 vobis-

607 1477 738 1531 que,
782 1470 841 1516 ut
886 1462 1373 1530 itnprzesentiarum
1417 1466 1635 1530 videtis,
1675 1468 1819 1538 regia
1858 1485 1976 1522 sum
2025 1468 2199 1540 digni-

615 1563 725 1608 tate
755 1554 1025 1623 pra-latus.
1061 1553 1193 1610 Nam
1235 1557 1462 1622 dudum,
1494 1558 1639 1613 velut
1678 1560 1776 1630 ipsi
1813 1562 2196 1626 recordamini,

608 1658 731 1696 cum
760 1643 1106 1712 p0pularihus
1137 1645 1348 1700 insidiis
1387 1648 1500 1702 fere
1539 1649 1781 1718 perditus
1821 1665 2016 1718 essem,
2049 1653 2199 1706 exsul

605 1750 818 1804 quaque
861 1735 1195 1792 liherationis
1230 1753 1362 1792 mea:
1392 1740 1564 1807 gratia
1609 1741 1973 1804 oherrassem,
2009 1743 2197 1813 pelago

2307 557 2378 611 tia
2407 555 2608 612 Christi
2685 553 2858 608 ﬁdelis
2907 555 3062 608 [idem
3121 569 3279 624 quam
3317 571 3440 610 vero
3482 559 3574 612 Deo
3604 570 3766 631 promisi,

2305 647 2519 702 violabo
2547 646 2707 700 ullius
2737 645 2938 700 terreni
2970 646 3238 699 commodi
3268 647 3464 701 causa?
3493 649 3633 714 Absit,
3657 655 3765 712 alant

2306 736 2416 791 imo
2453 737 2505 790 in
2538 751 2633 791 sua
2668 735 2729 806 [Ι.
2765 734 2908 807 mea]
2953 734 3057 789 fide
3087 744 3138 790 te
3173 735 3423 804 suscipio,
3448 747 3494 791 et
3526 744 3662 806 quoad
3688 748 3769 799 velle

2303 829 2398 883 tibi
2451 828 2634 891 fuerit,
2671 837 2729 881 ut
2766 841 2980 883 mecum
3032 842 3254 881 maneas
3297 827 3527 882 obsecro.
3561 830 3602 883 ld
3633 849 3768 902 «pioque

2304 932 2631 988 magnopere
2677 917 2927 971 desidero
2966 931 2996 970 a
3045 924 3342 986 te'petere,
3375 929 3608 985 quatenus
3634 927 3666 975 si
3693 927 3767 991 quid

2304 1011 2356 1065 in
2394 1011 2528 1065 meis
2571 1007 2919 1064 aITectuosius
2964 1024 3136 1074 amas,
3177 1009 3432 1078 accipias,
3469 1012 3629 1076 utaris,
3661 1017 3766 1082 pagg.

2302 1102 2452 1157 deas.
2494 1121 2514 1155 ι
2551 1100 2663 1156 liae
2695 1101 2796 1154 viri
2839 1101 3082 1156 bonitate
3142 1099 3301 1154 simul
3339 1110 3391 1155 et
3423 1100 3693 1172 benignitate
3721 1110 3769 1161 vir

2305 1193 2397 1247 Dei
2429 1193 2714 1262 magniﬁce
2756 1191 3078 1255 delectatus,
3106 1190 3236 1260 quid
3267 1189 3446 1259 potius
3473 1192 3625 1244 animo
3647 1210 3767 1264 propo-

2302 1285 2493 1348 Suerit,
2537 1284 2653 1338 viro
2689 1284 2902 1353 aperuit
2933 1301 2947 1336 :
2977 1284 3164 1353 sicque
3210 1281 3577 1353 multiplicatus
3605 1290 3716 1342 rebus
3734 1306 3768 1344 ac

2301 1377 2482 1439 sociis,
2513 1377 2784 1446 gratiosus
2810 1375 2878 1429 ab
2907 1389 2972 1431 co
2999 1375 3276 1429 discessit.

2371 1468 2460 1522 36.
2503 1467 2730 1522 Romam
2775 1481 2906 1520 vero
2949 1481 3122 1536 usque
3170 1465 3519 1536 perveniens,
3552 1465 3662 1522 illico
3689 1467 3768 1524 lana

2295 1559 2409 1630 jam
2439 1561 2654 1630 cognita
2685 1559 2994 1613 sanctitatis
3022 1558 3138 1628 ejus
3167 1571 3384 1626 quaque
3406 1556 3678 1626 percrebuit,
3695 1563 3768 1612 etu’

2301 1649 2725 1721 quamplurimos
2739 1649 2937 1703 civium
2956 1647 3192 1702 venienti
3211 1647 3266 1700 in
3291 1647 3497 1701 obviam
3514 1648 3768 1717 egit.Admt,

2303 1751 2357 1796 et
2397 1755 2592 1810 magno
2615 1739 2754 1810 vulgi
2782 1739 2967 1792 favore
3006 1745 3293 1806 susceptus
3314 1737 3366 1789 in
3390 1735 3549 1790 aulam
3569 1738 3769 1793 beatiPetri

603 1840 819 1895 quoque
849 1827 1088 1896 jactatus
1123 1829 1188 1881 ad
1233 1829 1458 1899 ignavos
1485 1830 1753 1887 llihernos
1783 1832 2021 1902 perlatus
2058 1834 2194 1889 fuis-
2231 1807 2274 1866 Β
2305 1840 2626 1886 veneranter
2674 1832 2938 1886 adductus
2987 1840 3091 1886 est.
3143 1828 3521 1884 Pontiﬁcatum
3567 1831 3771 1899 apostoli:

602 1932 747 1982 sem;
789 1917 916 1972 hinc
957 1932 1042 1970 me
1081 1919 1207 1974 inde
1244 1921 1536 1975 adductum
1582 1937 1775 1993 magna
1820 1925 2197 1982 benevolentia

601 2026 788 2066 secum
819 2012 1131 2081 aliquandiu
1167 2014 1358 2079 tenuit,
1389 2016 1458 2070 ab
1491 2016 1639 2070 omni
1671 2017 1910 2087 periculo
1939 2019 2197 2088 protexit,

602 2113 767 2172 atque
798 2105 978 2158 nativo
1007 2104 1122 2160 solo
1149 2105 1472 2161 incolumem
1507 2123 1569 2162 ac
1599 2117 1772 2163 tutum
1804 2111 2014 2164 restitui
2042 2127 2200 2180 posse

603 2196 846 2251 donavit.
877 2197 1220 2268 Quapropter
1261 2213 1358 2268 per
1399 2214 1574 2254 meam
1617 2211 1672 2256 et
1713 2211 1949 2258 vestram
1981 2219 2076 2259 vos
2103 2207 2200 2260 oh-

603 2296 776 2343 testor
816 2288 1047 2343 salutem
1069 2298 1148 2355 ut,
1185 2291 1361 2360 siqua
1407 2292 1458 2344 in
1502 2291 1656 2348 vobis
1695 2302 1776 2348 est
1807 2293 1960 2359 ﬁdes,
1990 2304 2196 2350 tantum

603 2393 883 2434 servemus
923 2379 1181 2446 amicum,
1213 2389 1270 2438 et
1302 2382 1472 2437 vicem
1509 2383 1762 2438 exhibita:
1794 2385 1924 2439 mihi
1955 2384 2200 2441 dilectio-

607 2472 692 2526 nis
730 2487 795 2524 ac
839 2471 1227 2527 benevolentize
1266 2474 1628 2530 communiter
1659 2475 1878 2546 gratiosi
1908 2492 2198 2546 procurra-

605 2576 726 2615 mus
757 2560 821 2632 [ι’.
855 2545 1230 2633 procuremus]
1262 2562 1310 2616 ei
1359 2545 1677 2632 rependere.
1710 2585 1729 2616 ο
1769 2564 1851 2620 Ad
1899 2545 2016 2620 haec
2053 2567 2196 2622 dicta

605 2652 807 2722 quique
838 2651 1103 2715 lmtantur,
1132 2667 1394 2722 suamque
1423 2653 1658 2708 laetitiam
1687 2657 1990 2712 vehementi
2025 2658 2200 2713 accla-

603 2743 842 2799 matione
875 2751 1157 2798 testantur.
1191 2743 1376 2812 Neque
1406 2746 1551 2799 enim
1585 2746 1702 2801 leve
1724 2747 2071 2818 judicahatur
2112 2751 2195 2804 in-

605 2843 690 2887 ter
728 2834 844 2888 illos
890 2848 1214 2904 quemquam
1257 2836 1626 2905 subjectorum
1660 2838 1742 2891 vel
1786 2840 1983 2892 mutire
2009 2849 2196 2894 contra

600 2936 927 2996 praceptum
955 2936 1049 2980 aut
1081 2927 1413 2982 voluntatem
1452 2917 1716 3000 principis
1742 2932 1846 2985 sui.
1879 2931 2014 2986 Hinc
2043 2934 2199 2988 sedes

599 3027 655 3072 ct
681 3019 906 3087 prccdia,
944 3018 1241 3088 dignitates
1283 3029 1338 3074 et
1380 3022 1530 3075 varia
1577 3022 1718 3076 dona
1768 3032 1958 3078 sancto
1996 3039 2026 3078 a
2076 3039 2199 3096 rege

597 3107 922 3174 olIeruntur,
954 3119 1118 3178 atque
1146 3122 1204 3164 ut
1236 3111 1321 3165 sui
1370 3111 1520 3181 regni
1565 3113 1878 3183 dignaretur
1910 3126 2084 3170 terras
2113 3116 2194 3170 in-
2222 3152 2267 3214 Ο

599 3200 781 3256 colere
831 3216 898 3255 ac
943 3201 1229 3258 incolendo
1267 3201 1378 3272 jttri
1423 3205 1645 3274 proprio
1685 3206 1980 3277 vindicare,
2013 3207 2196 3263 multis

602 3293 857 3362 precibus
883 3301 1163 3347 exoratur.

673 3385 765 3441 55.
807 3385 1041 3442 Sanctus
1085 3395 1288 3453 autem,
1350 3388 1433 3443 sui
1478 3390 1736 3460 prapositi
1765 3406 1992 3462 memor,
2039 3397 2201 3468 regiae

601 3479 866 3536 voluntati
895 3495 1001 3534 non
1034 3481 1198 3536 cessit
1230 3499 1243 3535 :
1270 3482 1364 3536 sed
1397 3482 1718 3552 quibusdam
1765 3489 2088 3544 necessariis
2117 3506 2203 3546 re-

604 3574 709 3627 bus
737 3573 1067 3644 assumptis,
1121 3573 1252 3643 quin
1313 3575 1478 3630 etiam
1546 3576 1751 3630 sociato
1805 3577 1910 3632 sibi
1963 3580 2198 3648 quodam

603 3666 833 3734 prasule
886 3667 1124 3722 Deodato
1185 3667 1438 3733 nomine,
1494 3684 1524 3722 a
1576 3669 1726 3723 curia
1774 3669 2018 3725 recessit.
2074 3672 2200 3727 Inde

601 3756 912 3827 Campania:
953 3758 1145 3814 ducem
1184 3759 1444 3815 vocabulo
1483 3759 1806 3816 Bertherum
1845 3763 2000 3831 adiit,
2029 3772 2086 3817 et
2133 3765 2202 3818 ab

601 3871 668 3910 eo
707 3856 966 3911 nobiliter
1006 3867 1292 3928 susceptus
1332 3867 1434 3913 est.
1481 3858 1582 3926 Qui
1627 3869 1748 3929 post
1788 3860 2030 3914 exhibita
2061 3877 2202 3916 verre

601 3948 888 4002 charitatis
919 3958 1082 4019 atque
1111 3949 1465 4004 humanitatis
1491 3948 1684 4013 ollicia,
1711 3965 1830 4004 cum
1856 3949 2074 4004 homine
2107 3953 2199 4006 Dei

601 4039 845 4094 residens
874 4041 1038 4109 coepit
1067 4040 1114 4094 ei
1141 4055 1424 4107 enarrare,
1449 4041 1686 4112 qualiter
1718 4041 1925 4099 inimici
1961 4043 2199 4111 ejusdem

600 4131 874 4186 voluerint
911 4147 1036 4186 eum
1070 4133 1318 4202 perdere,
1351 4141 1405 4187 et
1450 4147 1509 4188 se
1555 4133 1621 4188 ad
1671 4133 2030 4190 intentionem
2084 4136 2203 4204 ejus

604 4222 800 4278 oblatis
848 4226 1164 4280 muneribus
1203 4225 1504 4281 inﬂectere.
1543 4243 1562 4277 ‹
1597 4225 1668 4280 At
1709 4241 1828 4296 ego,
1855 4227 2047 4298 inquit,
2095 4243 2200 4282 non

609 4313 898 4368 immemor
945 4315 1076 4383 quid
1123 4315 1400 4371 lidelitatis
1439 4325 1494 4371 et
1533 4319 1784 4372 amicitia:
1835 4319 2108 4384 quondam
2147 4317 2200 4372 in

607 4419 820 4475 pagano
847 4407 1081 4474 quodam
1113 4420 1238 4475 rege
1271 4409 1588 4475 rcpererim,
1619 4425 1740 4466 cum
1773 4411 1841 4466 de
1871 4413 2048 4482 patria
2079 4427 2202 4467 mea

2302 1924 2448 1978 sedis
2474 1924 2644 1978 beatae
2667 1922 2942 1978 memoria:
2962 1923 3176 1993 Agatho
3198 1931 3330 1977 tunc
3353 1922 3571 1991 regebat,
3593 1923 3772 1990 t'irjnslcs

2301 2026 2358 2072 et
2382 2016 2634 2086 simplex,
2667 2031 2731 2070 ac
2765 2015 2820 2069 in
2852 2014 3013 2069 rebus
3051 2013 3440 2068 ecclesiasticis
3468 2030 3560 2069 non
3588 2013 3770 2068 mediocr-

2303 2117 2384 2162 ter
2431 2107 2620 2162 solers.
2670 2105 2728 2160 In
2779 2106 2934 2176 cujus
2985 2120 3049 2160 ac.
3102 2104 3463 2174 plurimorum
3510 2103 3770 2174 episcoporum

2301 2197 2589 2267 prsesentia
2625 2211 2747 2250 cum
2789 2195 2932 2250 beati
2965 2194 3199 2248 Wilfridi
3236 2207 3408 2248 causa
3440 2201 3566 2248 esset
3588 2193 3771 2263 pricscnti-

2299 2291 2400 2344 btts
2451 2288 2862 2342 accusatoribus
2916 2285 3211 2352 ventilata,
3268 2286 3614 2340 universorum
3647 2284 3774 2352 iudica

2299 2381 2506 2450 absque
2527 2380 2757 2435 crimine
2779 2387 3065 2433 accusatus
3090 2377 3282 2444 fuisse,
3302 2387 3354 2431 et
3378 2376 3643 2446 episcopatu
3660 2375 3774 2445 digna:

2299 2486 2421 2526 esse
2457 2472 2843 2540 comprobatus
2885 2479 2988 2524 est.
3029 2468 3147 2537 Quo
3191 2468 3248 2522 in
3296 2477 3527 2538 tempore
3566 2483 3657 2519 cum
3693 2466 3773 2516 idem

2299 2579 2437 2634 papa
2491 2563 2677 2618 Romae
2726 2563 2988 2634 synodum
3032 2568 3398 2632 congregaret
3439 2568 3624 2614 centum
3663 2556 3773 2627 tigni

2299 2656 2540 2726 quinque
2587 2656 2964 2726 episcoporum
3007 2653 3276 2708 adversus
3326 2667 3443 2716 eos,
3483 2650 3563 2720 qui
3602 2664 3714 2702 unam
3744 2648 3773 2698 iu

2301 2749 2530 2805 Domino
2587 2748 2871 2804 Salvatore
2918 2745 3257 2801 voluntatem
3314 2752 3476 2813 atque
3519 2740 3774 2810 operationem

2301 2842 2772 2912 dogmatizabant,
2831 2839 3015 2895 vocari
3069 2837 3233 2907 jussit
3296 2837 3504 2892 beatum
3553 2831 3773 2893 Wilfridum.

2302 2944 2464 3002 atque
2489 2933 2632 2986 inter
2658 2933 2941 3002 episcopos
2960 2927 3338 2985 considentem
3362 2927 3531 2980 dicere
3555 2922 3672 2975 ﬁdem
3688 2933 3774 2970 sum

2301 3023 2462 3079 simul
2504 3033 2561 3078 et
2599 3022 2894 3093 provincia:
2920 3022 2988 3076 de
3012 3033 3116 3090 qua
3149 3026 3399 3073 venerat.
3441 3009 3778 3082 Cltlltquetallr-

2303 3119 2436 3175 licus
2467 3119 2572 3173 llde
2601 3134 2723 3174 cum
2754 3117 2868 3173 suis
2893 3115 3334 3179 essetinventus,
3366 3120 3419 3165 et
3441 3109 3530 3163 abs
3554 3121 3602 3160 re
3622 3103 3777 3197 sacerdr

2300 3214 2389 3269 tali
2439 3213 2702 3282 dignitate
2750 3211 3029 3280 privatus,
3079 3208 3286 3278 placuit
3341 3213 3399 3257 ut
3451 3200 3664 3256 Romana.-
3697 3191 3778 3246 salis

2299 3306 2516 3360 decreto
2567 3303 2620 3358 in
2655 3303 3027 3372 episcopatum
3062 3298 3465 3358 restitueretur,
3499 3301 3547 3346 et
3588 3290 3779 3378 inuent-

2301 3406 2542 3452 mentum
2591 3409 2702 3450 sure
2743 3394 3024 3449 catholicae
3066 3391 3187 3444 lidei
3231 3387 3470 3458 ejusdem
3500 3375 3659 3453 synodi
3682 3375 3780 3444 5⁸⁵⁸⁵

2300 3492 2403 3546 hoc
2452 3491 2714 3561 scriptum
2772 3488 3106 3541 insereretur
3151 3499 3164 3538 :
3215 3499 3237 3534 ‹
3275 3478 3546 3537 Wilfridus
3585 3465 3780 3566 (illico

2301 3558 2886 3650 amabilis-episcopus
2935 3575 3194 3630 Eboracae
3249 3569 3502 3631 civitatis,
3535 3558 3778 3635 apostolicam

2300 3674 2486 3729 sedem
2525 3675 2590 3728 de
2626 3687 2724 3727 sua
2769 3683 2932 3725 causa
2973 3666 3278 3737 appellans,
3311 3673 3366 3719 et
3396 3666 3460 3716 ab
3490 3661 3576 3714 hac
3605 3657 3777 3742 poleslélf

2301 3771 2367 3822 de
2411 3766 2576 3822 certis
2615 3764 2948 3832 incertisque
2993 3760 3160 3815 rebus
3196 3756 3498 3817 absolutus,
3523 3759 3570 3805 et
3603 3738 3782 3842 (nihil?

2301 3869 2518 3917 centum
2548 3857 2738 3930 viginti
2781 3857 3024 3928 quinque
3074 3849 3415 3922 coepiscopis
3442 3848 3490 3900 in
3522 3835 3782 3930 synodule

2302 3954 2415 4011 cari
2458 3969 2488 4007 a
2529 3929 2656 4007 sede
2695 3949 3048 4012 constitutus,
3081 3960 3180 4015 pro
3225 3941 3376 3997 omni
3421 3929 3781 4023 aquilonali—pf?”

2304 4042 2583 4097 Brittania:
2613 4051 2667 4094 et
2699 4037 2990 4103 Hibernia),
3017 4049 3136 4104 qua:
3163 4033 3233 4088 ab
3263 4030 3545 4096 Anglorum
3593 4034 3641 4075 ac
3663 4016 3782 4108 Βῆίξο·

2304 4150 2433 4190 num
2475 4148 2576 4187 nec
2619 4147 2726 4186 non
2776 4129 3086 4185 Scottorum
3132 4133 3188 4180 et
3235 4123 3506 4178 Pictorum
3535 4108 3780 4184 gentilium“

2305 4225 2575 4290 coluntur,
2609 4237 2791 4277 veram
2836 4228 2890 4275 et
2934 4216 3264 4274 catholicam
3299 4213 3456 4266 [idem
3485 4200 3779 4261 confessusnl.

2305 4327 2359 4374 et
2385 4333 2506 4372 cum
2533 4313 2927 4383 subscriptione
2954 4326 3052 4367 sua
3082 4305 3472 4365 corroboravit.
3502 4318 3519 4352 ι
3762 4373 3764 4376 ν

2379 4407 2470 4462 57.
2510 4405 2827 4476 Apostolieo
2871 4403 3037 4472 igitur
3069 4411 3126 4456 et
3161 4396 3410 4471 synodali
3456 4393 3639 4446 decreto
3661 4385 3696 4433 in
3719 4388 3781 4476 fit?

3633 4476 3689 4496 :_‘
3711 4465 3762 4496 μιν,

608 4497 797 4568 pulsus
842 4500 984 4568 apud
1034 4512 1156 4551 cum
1207 4500 1544 4568 exsularem;
1604 4504 1749 4559 nolui
1806 4476 1986 4560 minus
2033 4505 2210 4561 ﬁdelis
2243 4511 2284 4566 ι)
2311 4509 2592 4572 scopatum
2626 4499 2928 4562 restitutus,
2961 4493 3311 4564 acceptisque
3348 4489 3416 4544 ab
3450 4477 3690 4572 aposl0||_ca

606 4592 842 4648 inveniri
884 4591 1230 4648 Christianus
1277 4595 1372 4650 tibi
1426 4595 1770 4662 Christiano,
1821 4613 1984 4668 quam
2045 4596 2205 4652 homo

609 4699 851 4754 paganus
901 4683 1033 4738 tnihi
1075 4685 1282 4739 exstitit
1316 4686 1520 4751 homini
1558 4686 1888 4742 Christiano.
1927 4687 2202 4756 Siquidem

611 4791 704 4831 rex
730 4775 1010 4831 llunorutn
1036 4778 1251 4847 gentilis
1276 4794 1398 4833 cum
1426 4794 1590 4834 causa
1622 4781 1834 4834 tuendae
1860 4795 1992 4834 mea:
2016 4779 2205 4834 salutis

607 4884 696 4923 me
726 4866 918 4922 secum
952 4868 1238 4938 degentem
1284 4869 1564 4932 retineret,
1600 4869 1718 4922 iniit
1767 4883 1978 4922 mecum
2030 4867 2206 4923 fmlus

605 4961 661 5017 in
710 4963 930 5018 nomine
976 4962 1318 5017 dominorum
1366 4961 1431 5034 [Ῑ.
1465 4960 1716 5033 deorum]
1771 4976 2022 5026 suorum,
2062 4961 2206 5030 quod

608 5069 696 5110 me
727 5071 1004 5125 nunquam
1038 5055 1277 5110 inimicis
1310 5056 1444 5109 meis
1467 5053 1663 5125 quavis
1697 5053 1984 5108 occasione
2013 5053 2206 5123 prode-

609 5157 715 5202 ret.
771 5147 902 5202 Post
933 5148 1144 5218 aliquot
1202 5163 1333 5203 vero
1369 5147 1484 5202 dies
1518 5146 1724 5201 nuntiis
1770 5147 1837 5199 ad
1868 5161 1927 5200 se
1955 5159 2020 5198 ex
2055 5154 2208 5214 parte

608 5238 954 5294 inimicorum
995 5255 1238 5294 meorum
1287 5238 1650 5302 venientibus,
1680 5249 1733 5291 et
1783 5237 2058 5308 ingentem
2109 5251 2206 5307 pe—

607 5331 822 5386 cuniam
851 5347 946 5401 pro
973 5332 1192 5387 interitu
1225 5347 1344 5386 meo
1370 5331 1471 5386 sibi
1500 5328 1880 5401 pallicentibus
1905 5346 1918 5382 :
1995 5348 2013 5380 ι
2045 5328 2206 5393 Dum,

607 5421 807 5491 inquit,
847 5423 1015 5476 vitam
1065 5437 1242 5478 meam
1291 5421 1596 5483 succidant,
1635 5419 1683 5475 si
1739 5434 1838 5491 ego
1877 5433 1976 5488 pro
2014 5417 2207 5487 quovis

607 5515 763 5573 luero
807 5523 1024 5569 terreno
1070 5515 1225 5570 vobis
1271 5516 1492 5580 cedens,
1530 5514 1724 5568 initum
1773 5511 1950 5566 fmdus
1988 5525 2206 5580 quoquo

609 5605 772 5665 modo
800 5605 1116 5664 dissdvero.
1142 5607 1202 5663 Si
1227 5623 1354 5678 ergo
1383 5608 1546 5663 homo
1576 5604 1828 5670 infidelis,
1861 5613 1919 5660 ut
1948 5602 2086 5658 falso
2108 5603 2209 5658 deo

682 5743 759 5814 (Ἰ)
801 5743 1030 5825 Είνιέηι,
1061 5743 1388 5814 ευδεεῐῖριῖο
1442 5745 1584 5818 θρυὰ
1622 5743 1816 5825 “etiam
1861 5753 1916 5800 et
1962 5703 2310 5806 \VillclttlUItt.
2339 5743 2472 5800 Acta
2506 5707 2721 5800 concilii
2749 5746 2965 5797 exstant
2988 5735 3181 5810 partim
3206 5729 3342 5801 apud
3369 5719 3664 5784 Willehnum.

611 5814 710 5872 tim
744 5814 881 5885 apud
906 5815 1318 5886 Spellmnnum.

2309 4555 2528 4655 litteris,
2572 4591 2685 4662 regi
2726 4555 2944 4645 chrido
2985 4597 3038 4643 et
3077 4555 3781 4662 archiepiscopo—Thme

2313 4686 2394 4740 sui
2419 4693 2596 4738 status
2620 4659 3082 4750 redintegratione
3102 4677 3351 4739 directis,
3377 4681 3551 4727 servus
3571 4660 3642 4718 Dei
3665 4659 3781 4750 ιιξεξῡο

2313 4793 2592 4834 servorum
2632 4774 2725 4830 Dei
2758 4773 3114 4842 reliquiarum
3151 4781 3378 4824 munere
3411 4763 3605 4819 ditatus.
3630 4741 3782 4851 ἷξες

2314 4870 2476 4940 gliam
2509 4865 2756 4921 veniendi
2793 4863 3030 4935 repetiit,
3064 4871 3118 4916 et
3159 4859 3284 4930 quia
3330 4859 3540 4911 noverat
3573 4845 3780 4940 εετίηιξξξίξ

2317 4922 2420 5025 UQtti
2462 4956 2696 5012 ambulat
2742 4922 3065 5025 simpliciter,
3098 4922 3333 5007 ambulat
3373 4922 3780 5025 ron/identcrﬂ’rc’r.

2313 5069 2369 5119 Χ,
2396 5050 2471 5123 9).
2505 5049 2652 5120 regia
2681 5049 2764 5103 via
2790 5046 3158 5120 gradiehatur.
3187 5042 3328 5096 Ecce
3350 5047 3519 5093 autem
3543 5034 3662 5123 extra
3683 5020 3778 5123 alii?

2311 5112 2889 5213 putabaturlatronum
2912 5150 3128 5200 manus,
3151 5134 3216 5188 ad
3240 5121 3633 5186 interﬁciendum

2312 5196 2431 5288 viro
2462 5196 2676 5288 Domini
2709 5230 2853 5286 haud
2885 5237 3039 5299 grata
3068 5224 3413 5297 processione
3442 5213 3661 5299 occurrit:
3679 5196 3779 5299 Em.“

2312 5325 2512 5382 etenim
2571 5325 2662 5395 qui
2723 5323 2837 5396 regi
2889 5321 3196 5394 Dagoberto
3247 5313 3470 5372 insidias
3519 5289 3779 5408 telfnffﬂ:

2315 5433 2548 5488 eumque
2575 5417 2753 5488 gladio
2784 5416 2836 5471 in
2865 5415 3084 5485 inguine
3109 5423 3283 5466 merso
3310 5382 3774 5490 ιιεςεηνιιξιτειηι.’βπ-οἶαί*ἑ

2315 5513 2434 5566 viro
2462 5475 2980 5574 'Deiuoecurrentes,
3010 5503 3278 5573 animique
3320 5499 3539 5552 furorem
3573 5475 3778 5582 vultui‘fi'l

2319 5602 2604 5658 ferocitate
2633 5567 3160 5670 pandentespprzelia
3187 5567 3410 5647 vibratis
3435 5575 3654 5637 intentant
3675 5567 3763 5614 cum!

3704 5700 3778 5760 PAF
