3870 6304
88 404 189 437 ἀεὶ.)

1402 398 1556 452 V'l'l'A
1588 398 1644 453 S.
1687 399 2025 458 WlLFlllDl.

3256 424 3361 481 735

76 518 186 556 nos
239 504 434 559 hastis.
480 508 717 571 Quorum
762 523 900 563 unus
943 508 1034 578 qui
1070 513 1222 580 quasi
1262 512 1377 568 loco
1414 514 1673 583 principis
1708 522 1745 573 Α
1780 530 1883 583 que
1912 517 2050 571 fteda
2084 533 2403 588 garrnatate
2432 536 2485 581 et
2518 526 2747 583 feminea
2772 530 3094 599 loquacitate
3119 536 3359 593 derisum

74 596 231 649 inter
270 610 367 651 eos
412 598 741 665 habebatur,
789 615 1020 658 excusso
1050 606 1192 673 quod
1220 622 1381 661 manu
1426 617 1675 664 tenuerat

72 688 209 751 telo,
244 689 405 743 militi
434 690 635 745 Christi
679 692 822 747 foedo
848 709 944 749 ore
974 697 1380 752 conviciabatur
1409 718 1422 754 :
1461 719 1480 753 ‹
1518 701 1674 757 Dela-

71 790 184 839 tor,
222 780 504 850 inquiens,
534 786 722 850 patria:
756 784 1005 854 petulans
1035 796 1087 841 et
1124 790 1439 845 moribunde
1472 793 1669 858 viator,

70 882 125 923 tu
170 872 403 939 quidem
448 872 770 944 jampridem
810 877 1012 933 Gallica
1061 891 1271 949 sceptra
1322 885 1564 951 violasti,
1615 897 1668 942 tu

65 962 282 1016 Gallica
341 979 464 1017 rura
512 969 949 1037 pessumdedisti,
987 980 1038 1028 tu
1069 974 1327 1030 Gallicam
1364 977 1665 1032 libertatem

66 1070 119 1104 ιιι
155 1055 489 1109 servitutem
524 1060 797 1129 redegisti,
829 1078 950 1115 cum
987 1073 1271 1134 tyranuum
1302 1082 1330 1121 a
1364 1067 1519 1125 nobis
1560 1068 1665 1136 jam

63 1146 201 1199 olim
233 1148 549 1203 exsiliatmn
582 1158 668 1205 tua
704 1153 958 1210 instantia
982 1157 1031 1211 in
1058 1172 1282 1228 regnum
1312 1163 1663 1219 constituisti.

61 1240 130 1291 At
162 1239 346 1306 ipsius
367 1243 584 1312 quidem
612 1246 903 1301 crudelitas
922 1250 1224 1320 justissima
1251 1264 1424 1310 morte
1452 1258 1662 1326 punita,

64 1338 116 1383 te
145 1344 380 1400 quoque
415 1341 601 1401 utpote
635 1336 929 1392 maximum
978 1355 1087 1395 sua:
1130 1344 1322 1398 mortis
1359 1354 1659 1411 auctorem,

60 1431 137 1480 te,
172 1419 431 1489 inquam,
454 1423 644 1477 eadem
674 1434 847 1480 morte
872 1429 1199 1497 puniendum
1226 1446 1346 1487 esse
1371 1433 1659 1490 declamat.

58 1510 377 1568 Procnmbe
420 1514 606 1585 igitur,
635 1517 879 1587 pestifer,
922 1525 1238 1590 procumbe,
1272 1534 1327 1581 et
1370 1528 1531 1597 digna
1580 1530 1662 1583 ul-

56 1602 212 1655 tione
235 1603 748 1670 mulctatus,eidem
775 1625 935 1677 quatn
966 1621 1153 1668 contra
1181 1630 1279 1669 nos
1298 1616 1477 1672 fovisti
1498 1620 1657 1675 morti

52 1696 383 1751 succumbe.
406 1716 426 1751 ι
459 1697 524 1752 Et
560 1698 724 1753 Pater
744 1714 931 1756 contra
966 1723 979 1756 :
1016 1723 1034 1756 ι
1067 1704 1127 1760 Si
1152 1722 1256 1761 non
1282 1708 1425 1778 jure,
1462 1712 1653 1782 inquit,

49 1792 155 1843 feci
190 1808 320 1846 cum
349 1810 529 1864 regem
561 1811 727 1866 regno
757 1798 953 1867 injuste
974 1800 1282 1870 depulsum,
1305 1817 1566 1876 quantum
1600 1809 1649 1863 in

1777 606 1990 678 abjccit.
2018 608 2159 679 Ergo
2188 612 2413 681 Inclytus
2442 616 2624 689 heros,
2640 621 2803 676 sociis
2830 630 2883 676 ct
2909 622 3099 692 Opibus
3119 628 3265 682 ontni
3291 643 3361 684 ex

1775 707 1929 766 parte
1968 698 2229 767 privatus,
2263 707 2327 755 ad
2361 721 2504 770 suos,
2536 718 2692 777 prout
2724 712 2894 780 potuit
2921 754 2934 775 ,
2970 714 3110 767 inter
3145 716 3359 787 iniquo-

1775 804 1891 844 rum
1920 806 2112 846 manus
2141 806 2259 847 sese
2287 800 2571 862 convertit,
2602 812 2763 871 atque
2792 801 2844 855 in
2872 802 2957 857 his
2984 806 3163 860 verbis
3207 809 3352 862 hrcvi

1772 881 1839 934 ad
1866 894 1960 936 eos
1989 883 2288 938 orationem
2316 884 2461 940 fecit.
2503 906 2521 938 ι
2556 888 2670 942 Non
2712 906 2806 945 vos
2835 932 2849 954 ,
2900 894 3115 961 inquit,
3151 897 3350 951 domini

1771 970 1968 1026 fratres
1995 982 2049 1027 et
2072 973 2164 1028 lilii
2195 976 2325 1040 mei,
2356 992 2461 1031 non
2497 993 2593 1032 vos
2624 980 2737 1034 lucc
2792 997 2912 1051 qua:
2956 984 3111 1038 nobis
3156 985 3355 1056 ingeri-

1770 1072 1859 1118 tur
1905 1064 2101 1135 injuria
2132 1068 2332 1133 turbet,
2381 1085 2479 1126 nec
2524 1086 2551 1124 a
2589 1072 2835 1127 veritatis
2892 1076 3103 1131 tramite
3139 1095 3354 1148 quoquo

1766 1156 1929 1211 modo
1976 1158 2277 1226 proturbet.
2303 1159 2421 1215 Prm
2447 1163 2621 1218 oculis
2651 1180 2866 1235 semper
2895 1166 3086 1221 habete
3114 1186 3126 1221 :
3162 1168 3351 1224 Omnes

1763 1252 1853 1319 qui
1896 1250 2071 1304 volunt
2094 1253 2147 1304 in
2187 1250 2395 1307 Christo
2424 1256 2507 1322 pie
2532 1258 2695 1309 rirere
2728 1297 2743 1321 ,
2784 1260 3093 1311 necessario
3128 1261 3348 1313 tribula-

1764 1343 1965 1396 tionem
2010 1342 2119 1410 pati
2165 1353 2419 1410 oportere
2445 1344 2529 1416 (II
2566 1346 2701 1401 Tim.
2733 1363 2813 1411 ut,
2845 1348 2921 1417 ἓ).
2972 1350 3169 1403 Verum
3228 1351 3353 1406 licet

1762 1436 1910 1504 impii
1951 1437 2015 1490 ad
2052 1447 2262 1507 tempus
2305 1437 2407 1506 piis
2454 1439 2751 1507 prrevalere
2808 1439 3096 1494 videantur
3123 1482 3139 1507 ,
3171 1452 3348 1497 tamcn

1734 1541 1865 1580 non
1896 1526 1976 1581 sic
2022 1543 2241 1597 semper
2274 1530 2396 1581 erit.
2427 1528 2543 1581 Erit
2568 1528 2711 1581 enim
2746 1536 2957 1598 tempus
2988 1545 3109 1583 cum
3145 1541 3199 1585 et
3234 1533 3349 1601 pio-

1758 1630 1877 1669 rum
1931 1615 2210 1670 tribulatio
2251 1616 2473 1685 perenni
2528 1616 2711 1671 lmtitia
2764 1619 3244 1685 remunerabitur,
3296 1633 3349 1675 et

1758 1704 2045 1774 impiorum
2070 1706 2300 1774 superba
2326 1706 2490 1760 elatio
2522 1708 2743 1775 perenni
2802 1708 3022 1763 tristitia
3070 1710 3343 1778 punietur.

1756 1792 1860 1847 Sed
1892 1811 1957 1849 ne
1997 1794 2275 1849 tribulatio
2306 1812 2400 1850 vos
2417 1780 2479 1849 ‘iu
2504 1797 2894 1866 impatientiam
2919 1807 3063 1867 agat,
3101 1801 3346 1853 animad-

48 1898 141 1937 me
188 1882 317 1952 fuit,
350 1885 707 1943 luereditarizn
750 1891 996 1962 dignitati
1046 1897 1282 1965 praefeci,
1322 1909 1375 1954 ει
1429 1882 1530 1956 hoe
1579 1902 1649 1957 ῖια
1687 1887 1726 1945 Β
1758 1886 1950 1940 vertite
1970 1900 2202 1954 quonam
2236 1888 2393 1940 modo
2417 1902 2548 1941 cana
2574 1897 2786 1957 patrutn
2815 1886 2985 1941 series
3009 1888 3206 1944 multas
3228 1905 3346 1958 per—

47 1988 222 2041 pcnes
244 1990 308 2030 se
328 1976 751 2045 essejustissimi
768 1979 968 2048 jndicis
989 1986 1217 2053 :equitas
1247 1987 1427 2055 habet,
1456 1990 1645 2055 fateor,

47 2078 248 2131 poenas
270 2065 433 2134 justaa
463 2068 680 2126 ultionis
706 2077 1109 2145 promptissime
1138 2079 1388 2149 pendam.
1422 2082 1573 2149 Quod
1601 2084 1645 2136 si

45 2172 405 2227 nequaquam
448 2162 549 2219 hoc
596 2165 650 2220 in
704 2166 849 2225 facto
895 2173 1225 2241 contrarius,
1255 2175 1347 2229 sed
1379 2190 1500 2229 cum
1525 2174 1645 2241 jure

48 2246 179 2312 feci,
201 2250 345 2305 velut
375 2248 489 2322 ipsa
514 2272 635 2312 mox
662 2258 969 2317 innocentia
1002 2266 1197 2320 mentis
1229 2267 1357 2320 mihi
1389 2276 1640 2333 testatur,

54 2355 117 2393 eo
151 2340 436 2411 libentius,
465 2347 509 2402 si
555 2349 716 2407 vultis
745 2354 1008 2419 accidere,
1039 2358 1206 2411 morti
1238 2358 1502 2425 desidero,
1535 2376 1641 2429 quo

53 2448 135 2487 me
160 2449 263 2503 pro
281 2435 493 2505 justitia
529 2443 766 2499 occisum
800 2448 1042 2521 martyrii
1072 2448 1241 2518 gloria
1271 2452 1637 2505 coronandum

52 2521 163 2577 fore
193 2527 505 2584 considero.
544 2550 561 2583 ι
594 2531 800 2599 Quibus
843 2537 1021 2605 dictis,
1051 2539 1140 2593 ubi
1176 2541 1426 2594 viderunt
1464 2543 1637 2598 virum

54 2621 195 2666 tanta
234 2619 438 2674 mentis
480 2625 782 2678 constantia
818 2626 941 2699 niti,
972 2628 1139 2682 nimio
1174 2638 1379 2684 terrore
1408 2633 1636 2699 perculsi

51 2715 196 2755 arma
250 2706 564 2773 projiciuut,
622 2720 781 2767 terra:
828 2716 1213 2783 procumbunt,
1260 2716 1360 2772 viri
1412 2721 1634 2790 vestigia

47 2791 243 2845 osculis
268 2803 478 2861 petunt,
505 2799 719 2855 veniam
748 2816 1015 2872 quaerunt.
1042 2806 1156 2874 Qua
1181 2809 1248 2862 ad
1275 2824 1429 2863 suum
1454 2822 1632 2866 votum

50 2888 265 2939 inventa
312 2887 431 2957 ejus
480 2892 856 2951 benedictione
906 2899 1093 2965 (litati,
1143 2903 1240 2957 via:
1290 2908 1630 2976 prosperitati

45 2977 357 3043 pontificem
399 2997 522 3037 cum
575 2986 687 3041 suis
735 2989 989 3047 omnilms
1035 2993 1293 3062 reddunt;
1341 2996 1440 3066 ipsi
1487 3010 1633 3054 certe

41 3067 233 3122 itinere
264 3083 514 3144 pergunt.

104 3159 193 3213 38.
236 3160 563 3221 Pervenicns
588 3168 673 3222 vir
710 3169 802 3225 Dei
863 3170 1216 3239 Brittaniam,
1251 3178 1364 3248 regi
1420 3178 1629 3235 litteras

40 3264 166 3317 quas
194 3251 263 3305 ab
294 3257 588 3323 apostolica
622 3263 749 3316 sede
773 3278 1057 3333 acceperat
1087 3266 1300 3333 detulit,
1333 3280 1383 3324 et
1409 3286 1625 3328 earum-

37 3341 151 3396 dem
194 3342 500 3409 litterarum
554 3355 880 3411 auctoritate
926 3358 1206 3426 subnixus,
1263 3361 1313 3415 in
1357 3375 1622 3419 conventu

35 3433 291 3488 nobilium
322 3452 476 3492 suam
524 3455 742 3497 causam
792 3446 911 3500 viva
951 3463 1083 3505 voce
1126 3451 1405 3523 defendit,
1460 3472 1642 3526 seque.

33 3522 161 3578 falso
190 3537 507 3584 accusatum
551 3548 613 3587 ac
644 3534 835 3605 injuria
882 3540 1234 3611 degradatum
1285 3522 1452 3602 libera
1500 3522 1625 3619 pro-

31 3619 320 3673 tcstatione
348 3623 603 3678 ostendit.
635 3625 748 3681 Rex
774 3639 952 3684 autem
982 3644 1187 3701 quanto
1237 3636 1386 3692 illum
1430 3641 1620 3709 majori

26 3710 269 3767 veritatis
295 3714 503 3771 ratione
529 3718 785 3775 vallatum
831 3726 1070 3793 agnovit,
1113 3736 1264 3781 tanto
1312 3745 1372 3785 se
1423 3733 1618 3789 minori

21 3804 275 3860 veritatis
316 3807 522 3864 ratione
559 3810 835 3867 suffultam
862 3815 1125 3885 indoluit,
1159 3837 1477 3893 moremque
1525 3841 1615 3879 nc-

16 3898 413 3963 quissimorum
441 3902 701 3970 imitatus,
737 3907 923 3963 maluit
962 3911 1013 3965 in
1042 3928 1137 3967 sua
1174 3917 1465 3985 pertinacia
1490 3933 1617 3973 con-

13 3996 83 4042 tra
119 3992 451 4059 a’quilalcm
502 3998 817 4065 perdurare,
868 4016 1030 4071 quam
1081 4000 1352 4077 (equitatis
1408 4011 1616 4065 ratione

8 4096 166 4134 utam
218 4083 576 4150 pertinaciam
634 4088 899 4158 mitigare.
952 4091 1103 4150 lianc
1150 4112 1275 4152 vero
1306 4099 1387 4153 sui
1434 4101 1616 4159 cordis

4 4171 326 4225 socordiam
352 4189 673 4245 magnopere
701 4180 1059 4239 conﬁrmabat
1089 4188 1432 4259 antiquorum
1464 4192 1613 4247 dela-

3 4270 188 4315 torum
221 4262 524 4321 inveterata
560 4268 848 4337 discordia,
879 4274 1003 4329 dum
1044 4278 1148 4347 ipsi
1179 4295 1318 4350 quos
1367 4283 1479 4351 ipsa
1499 4284 1610 4353 jam

2 4355 254 4424 repletos
285 4358 634 4425 possidebat,
670 4377 872 4418 venena
901 4382 1011 4421 sua:
1056 4370 1405 4442 malignitatis
1450 4376 1615 4446 regiis

4 4447 234 4501 auribus
271 4448 641 4506 infundebant.
677 4452 898 4525 Propria
938 4458 1120 4530 itaque
1152 4478 1240 4517 rex
1273 4464 1348 4518 ira
1381 4477 1612 4523 czccatus

10 4550 62 4593 et
88 4543 463 4597 scduccntium
495 4560 553 4599 se
575 4545 885 4604 adulatione
910 4568 938 4603 a
969 4566 1094 4607 vero
1118 4556 1425 4624 distractus,
1467 4560 1609 4616 litte-

14 4646 97 4684 ras
139 4632 423 4701 apostolici
454 4649 606 4704 papze
667 4638 870 4691 tumido
907 4640 1046 4696 fastu
1088 4646 1371 4715 despexit,
1419 4650 1603 4719 despi-

14 4724 199 4778 ciendo
230 4724 417 4791 irrisit,
464 4726 739 4781 irridendo
762 4746 789 4781 a
819 4745 876 4783 se
909 4736 1090 4802 procul
1115 4737 1330 4805 altjecit,
1361 4742 1492 4795 acin
1520 4742 1600 4796 fa-

14 4813 207 4868 mulum
266 4815 358 4870 Dei
419 4817 735 4887 nequissimi
796 4820 1055 4877 delatoris
1112 4828 1315 4883 crimen
1389 4830 1595 4901 injecit.

15 4900 180 4956 Tanta
238 4906 380 4974 regis
417 4907 783 4978 indignatione
814 4913 1052 4967 nonnulli
1083 4916 1341 4982 clientes,
1396 4900 1503 4977 imo
1543 4931 1598 4976 et

14 4995 204 5065 quique
247 4998 459 5053 nobiles
500 5003 698 5071 oppido
762 5008 989 5076 permeti
1024 5050 1039 5074 ,
1112 5012 1364 5065 unanima
1407 5028 1595 5069 omnes

17 5097 190 5140 contra
221 5087 439 5144 beatum
488 5099 890 5163 conSpiratione
945 5100 1248 5170 insurgunt,
1300 5120 1365 5159 ac
1411 5107 1595 5160 tuultis

16 5189 124 5231 cum
158 5182 500 5238 contumeliis
542 5185 819 5255 alliciunt;
861 5200 915 5245 et
962 5208 1068 5260 quo
1119 5194 1278 5263 regite
1327 5196 1592 5266 majestati

17 5282 69 5321 se
99 5273 159 5324 ad
190 5274 404 5343 plenum
436 5276 623 5333 fideles
680 5282 913 5337 existere
964 5296 1307 5353 monstrent,
1340 5289 1589 5360 indigna-

22 5360 131 5417 tioni
171 5362 285 5433 ejus
319 5365 474 5435 plene
499 5368 814 5426 satisfacere
841 5376 1082 5444 cupiunt,
1109 5386 1162 5432 et
1190 5377 1284 5432 Dei
1314 5380 1586 5436 hominem

23 5467 46 5501 ξι
75 5458 198 5527 regis
234 5470 514 5529 :onspectu
543 5462 786 5518 avulsum
806 5468 1041 5522 carceris
1065 5470 1172 5522 imo
1192 5470 1584 5528 detrudendum

26 5546 280 5615 arripiunt.
336 5550 744 5625 Ermemhurgis
804 5566 985 5611 autem
1035 5559 1296 5614 bonorum
1341 5564 1583 5618 omnium

26 5639 349 5704 Persecutrix,
374 5652 426 5694 et
446 5642 604 5713 hujus
635 5647 946 5703 schismatis
973 5650 1318 5708 indomabilis
1342 5656 1581 5723 auctrix,

24 5734 112 5783 6ese
145 5730 196 5784 in
227 5730 527 5801 direptione
551 5733 691 5788 illius
716 5739 947 5794 mediam
975 5740 1259 5808 immersit,
1293 5743 1569 5801 capsulam

19 5815 337 5897 'Cliquiarum
375 5822 438 5879 de
473 5826 637 5901 ipsius
665 5828 801 5885 collo
824 5831 1126 5903 procaciter
1156 5832 1397 5905 abstulit,
1428 5852 1570 5893 cum-

1754 1993 1911 2047 pessa
1940 1977 2330 2043 tribulatioues,
2364 1995 2458 2047 per
2502 1980 2818 2048 patientiam
2852 1980 3071 2043 meruit,
3108 1981 3219 2035 Deo
3256 1981 3346 2049 ju-

1753 2078 1947 2133 vante,
2007 2067 2224 2122 vincere
2277 2069 2598 2138 multiplices
2640 2071 2838 2125 hostes.
2873 2070 2983 2127 Nec
3031 2073 3082 2127 id
3147 2082 3344 2128 vestra:

1750 2160 1913 2214 menti
1957 2160 2226 2216 ullatenus
2274 2160 2394 2215 volo
2443 2161 2633 2215 abesse
2661 2202 2675 2225 ,
2723 2163 2993 2216 neminem
3041 2158 3337 2218 secundum

1745 2252 1985 2322 Apostoli
2035 2253 2236 2308 dictum
2262 2266 2421 2321 posse
2450 2252 2722 2317 coronari,
2753 2253 2853 2306 nisi
2875 2254 2964 2321 qui
2999 2264 3191 2309 contra
3220 2255 3339 2308 dia-

1746 2343 1924 2397 bolum
1970 2344 2237 2397 studuerit
2270 2343 2510 2411 legitime
2567 2343 2845 2398 decertare
2870 2344 2954 2412 (ΙΙ
2986 2343 3121 2399 Tim.
3174 2361 3233 2412 η,
3260 2346 3337 2414 5),

1746 2434 1804 2488 Et
1824 2443 1974 2490 certe
1990 2432 2148 2501 hujus
2174 2434 2430 2503 temporis
2457 2432 2749 2487 certamina
2767 2434 3222 2503 parvipendenda,
3240 2452 3339 2489 nec

1744 2528 1971 2582 multum
2000 2528 2208 2581 diutina
2241 2544 2253 2579 :
2286 2542 2380 2595 per
2406 2525 2494 2579 illa
2528 2534 2706 2579 tamen
2756 2535 2958 2579 aeterna
3011 2525 3242 2580 felicitas
3284 2542 3338 2589 eg

1741 2621 1866 2675 felix
1908 2622 2187 2676 aeternitas
2231 2621 2381 2691 regni
2410 2620 2502 2674 Dei
2538 2616 2905 2687 comparatur.
2944 2618 3119 2687 Quam
3164 2620 3337 2673 felici-

1740 2721 1925 2777 tatem,
1955 2728 2160 2782 quaeso,
2212 2711 2428 2776 fratres,
2491 2720 2689 2776 amate,
2719 2726 2837 2764 eam
2874 2712 3215 2776 desiderate;
3267 2712 3333 2764 ad

1738 2817 1854 2856 eam
1890 2804 2090 2857 tendite
2140 2812 2304 2872 atque
2342 2803 2407 2855 ad
2458 2816 2577 2855 eam
2630 2801 2915 2869 pervenire
2966 2802 3079 2855 tota
3132 2802 3331 2855 mentis

1741 2893 2036 2946 intentione
2062 2893 2310 2963 satagite.
2337 2890 2490 2957 Quod
2518 2891 2560 2944 si
2605 2887 2846 2944 feceritis
2868 2930 2882 2953 ,
2918 2888 3160 2959 profecto
3191 2889 3323 2942 nihil

1734 2984 1837 3037 erit
1859 2998 2027 3053 quare
2054 2984 2346 3037 istinsvitae
2375 2982 2599 3035 adversa
2630 2980 2961 3035 formidetis.
2982 3000 3001 3033 ι
3036 2980 3133 3035 Vix
3164 2983 3329 3035 verba

1734 3072 2118 3143 compleverat,
2148 3089 2268 3126 cum
2306 3087 2434 3127 ecce
2476 3072 2527 3126 in
2576 3085 2805 3140 quorum
2852 3071 3105 3126 manibus
3157 3073 3326 3125 strin-

1734 3163 1960 3231 gebatur
1982 3204 1997 3229 ,
2038 3164 2230 3217 acriori
2260 3162 2442 3217 furore
2469 3178 2534 3216 ex
2557 3162 2687 3231 ipsis
2708 3163 2889 3217 verbis
2920 3164 3158 3229 accensi,
3196 3179 3324 3217 eum

1729 3251 1781 3308 in
1814 3255 2096 3309 tenebroso
2140 3268 2359 3308 carcere
2386 3254 2625 3308 vinctum
2673 3253 3037 3307 detruserunt.

1797 3347 1888 3402 59.
1930 3345 1975 3402 Ο
2004 3346 2309 3401 constantia
2343 3346 2473 3400 viri!
2517 3345 2596 3400 sic
2642 3343 2788 3399 enim
2833 3345 2908 3398 tui
2957 3344 3154 3407 cordis,
3194 3360 3325 3398 san-

1727 3438 1967 3494 ctissime
2013 3437 2195 3501 Pater,
2224 3436 2560 3493 hilaritatem
2594 3438 2649 3492 in
2682 3446 2827 3492 tanta
2863 3446 2951 3492 tua
2993 3438 3323 3495 adversitate

1725 3536 2007 3593 eoutueor,
2036 3527 2115 3582 sic
2146 3527 2432 3583 considero
2475 3527 2701 3585 hilarem
2744 3536 2797 3582 te
2818 3542 2938 3583 esse
2963 3527 3161 3591 solere,
3186 3544 3313 3585 cum

1725 3621 1906 3675 omnia
1948 3634 2207 3691 prospera
2255 3620 2350 3675 tibi
2387 3620 2713 3675 videbantur
2740 3620 3004 3675 arridere.
3057 3620 3260 3675 Tamen
3296 3661 3313 3686 ,

1733 3728 1804 3767 ne
1837 3714 2055 3782 pietatis
2090 3712 2302 3768 viscera
2346 3711 2398 3766 in
2431 3712 2538 3767 tuis
2579 3713 2706 3768 [iliis
2755 3713 3098 3783 aliquatenus
3135 3713 3316 3782 perdi-

1726 3805 1868 3860 disse
1909 3805 2174 3859 vidcreris
2200 3848 2213 3867 ,
2270 3820 2456 3859 corum
2502 3806 2683 3875 potius
2708 3821 2870 3874 quam
2914 3805 3020 3861 tuis
3050 3806 3306 3859 aerumnis

1722 3898 1846 3968 pias
1875 3898 2151 3969 lacrymas
2176 3899 2528 3969 impcndebas
2560 3913 2575 3953 :
2606 3910 2660 3954 et
2696 3915 2817 3954 cum
2849 3908 2901 3955 te
2952 3914 3140 3953 carcer
3174 3908 3311 3953 tene-

1719 3988 1912 4042 brosus
1940 3988 2261 4054 involverat,
2290 3990 2461 4060 magis
2491 3990 2712 4047 dolebas
2755 3989 2823 4043 ab
2868 4003 3056 4043 eorum
3085 3988 3309 4042 auribus

1718 4081 1840 4133 vita:
1885 4080 2049 4133 verba
2073 4082 2333 4148 separari,
2390 4097 2551 4150 quam
2600 4089 2651 4135 te
2701 4079 2989 4150 praesentia
3032 4092 3307 4146 corporea

1718 4170 1852 4223 lucis
1881 4168 2125 4238 spoliari.
2158 4169 2359 4223 lnterni
2392 4169 2828 4224 etenimlumlnis
2850 4166 3308 4237 fulgorenitebaso

1714 4274 1822 4330 quo
1877 4261 2178 4314 careeralcs
2222 4260 2475 4314 tenebras
2529 4276 2626 4329 pro
2683 4258 2852 4313 nihilo
2918 4258 3305 4313 contendebas.

1714 4344 1895 4419 Quare
1949 4366 2073 4406 cum
2121 4352 2314 4405 divinze
2361 4351 2494 4408 lucis
2542 4352 2883 4422 splendorem
2944 4350 3089 4406 Deus
3146 4350 3199 4405 in
3258 4361 3310 4405 te

1714 4444 1895 4513 vigere
1926 4454 2304 4513 conspexerat,
2337 4445 2585 4500 lnunanis
2620 4444 2858 4499 tenebris
2882 4452 2935 4497 te
2962 4457 3305 4513 nequaquam

1715 4534 1805 4589 ditt
1838 4533 2011 4604 premi
2046 4534 2327 4604 permisit;
2368 4534 2462 4589 sed
2490 4534 2693 4590 eisdem
2721 4532 2919 4601 fugatis
2948 4534 3156 4588 radium
3193 4548 3305 4587 sua:

1714 4628 1847 4682 lucis
1893 4626 2073 4681 domui
2109 4642 2270 4695 quam
2297 4626 2638 4681 iuhabitabas
2669 4625 2912 4679 immisit.
2957 4625 3037 4680 Ac
3081 4624 3299 4691 quidem

1711 4718 1923 4772 merito.
1954 4716 2088 4772 Nam
2113 4717 2238 4786 quia
2285 4716 2508 4787 pervigil
2550 4726 2765 4770 {cternte
2796 4714 2901 4768 luci
2944 4725 3051 4768 tam
3104 4714 3156 4766 in
3208 4730 3302 4766 uo-

1706 4810 1810 4864 ctis
1850 4809 2119 4877 quamin
2171 4808 2410 4861 carceris
2448 4808 2672 4862 horrore
2723 4804 3037 4868 assistebas,
3083 4804 3299 4874 dignum

1705 4901 1860 4956 duxit
1899 4903 1981 4956 sui
2020 4900 2243 4957 luminis
2266 4899 2584 4954 eiinsiooem
2631 4898 2867 4968 signare,
2909 4895 3163 4966 operibus
3197 4896 3327 4951 tuis'

1704 5000 1761 5047 et
1812 4992 2026 5063 caligini
2061 4994 2405 5046 tenebrarum
2460 4989 2594 5044 nihil
2630 5004 2750 5044 esse
2772 5002 3085 5043 commune.
3145 4986 3297 5044 lianc

1692 5083 1924 5139 luminis
1980 5082 2298 5139 eﬂusionem
2348 5082 2634 5137 custodum
2688 5080 2867 5150 vigilia
2920 5088 3296 5149 pr0testatur,

1703 5190 1823 5242 qua:
1852 5174 1997 5230 circa
2029 5174 2219 5229 media:
2248 5174 2422 5228 noctis
2453 5174 2640 5227 horam
2676 5186 2955 5226 carcerem
2995 5174 3133 5227 mire
3186 5172 3293 5227 ful-

1701 5275 1915 5337 gentem
1947 5282 2051 5320 uon
2094 5267 2296 5335 absque
2320 5266 2468 5336 gravi
2509 5264 2704 5319 timore
2730 5279 2848 5319 sese
2882 5264 3083 5320 vidisse
3126 5274 3294 5321 testa-

1702 5366 1810 5410 tur.
1842 5355 1949 5411 Sed
1995 5356 2435 5410 hoctestimonio
2477 5364 2529 5410 te
2576 5370 2681 5409 non
2717 5356 2933 5425 eguisse
2984 5357 3290 5426 perpendit,

1700 5450 1791 5518 qui
1831 5448 2132 5503 sanctitatis
2167 5457 2269 5502 ture
2293 5447 2482 5501 merita
2505 5447 2662 5502 oculo
2685 5446 2827 5502 ﬁdeli
2850 5450 3109 5504 attendit.
3137 5448 3286 5505 Beati

1694 5539 1838 5594 Petri
1878 5538 2107 5608 apostoli
2155 5553 2430 5592 carcerem
2464 5552 2587 5591 cum
2620 5546 2710 5593 tuo
2740 5538 2919 5606 potius
2960 5540 3246 5596 considero
3269 5581 3284 5598 .

1690 5640 1848 5699 teque
1874 5630 1975 5686 sibi
2022 5636 2241 5698 accepta
2270 5627 2928 5701 liberatione‘cvangelica
2978 5631 3029 5685 in
3067 5631 3284 5687 luminis

1682 5726 1994 5782 ostensione
2013 5724 2318 5793 comparari
2336 5725 2684 5779 vehementer
2706 5724 2937 5780 cxsulto.
2961 5724 3280 5795 Quanquam

1682 5828 1805 5891 post
1837 5816 1949 5875 lucc
1986 5824 2041 5875 ct
2072 5815 2443 5889 att'bangclica
2469 5812 2743 5871 Michaelis
2788 5808 3209 5871 visitatioue’sis
3247 5829 3276 5868 ι
