3870 6304
518 360 639 421 .755

1490 366 1793 422 EADMlilii
1842 365 2408 425 CANTUANENS!S
2447 363 2753 425 MONACHI

3722 370 3803 426 7‘56

528 476 721 532 mortis
748 473 986 543 periculo
1032 474 1315 542 liberatus,
1344 485 1403 531 ut
1432 478 1642 535 cunctis
1663 479 1951 547 clarescat,
1979 484 2123 555 quod
2151 466 2197 524 Α
2231 483 2308 538 ris
2332 484 2687 554 expugnare?
2716 481 2844 553 quid
2877 482 3037 539 toties
3078 491 3133 540 et
3165 482 3325 540 toties
3370 481 3444 538 ad
3476 478 3805 540 vinciebantur

530 563 702 634 gloria
742 565 891 636 regni
929 564 1023 620 Dei
1065 566 1383 646 sitnul'cum
1412 568 1531 639 ipso
1560 570 1808 640 apostolo
1838 572 1915 628 sis
1971 588 2128 630 coro-

529 665 710 712 natus.

599 747 689 800 40.
732 747 874 802 Inter
905 749 1185 805 hatcnxor
1216 750 1462 820 pt‘atfecti
1492 752 1704 818 Oll'ridi,
1758 756 1847 826 qui
1905 757 2124 813 beatum

532 835 839 891 Wilfridum
872 838 922 891 in
964 840 1215 893 custodia
1244 840 1513 909 habebat,
1546 845 1812 899 acet-rimo
1867 844 2125 916 languore

527 928 844 999 corripitur,
874 929 1208 999 iamiamque
1240 933 1306 987 ad
1337 934 1467 989 vita:
1507 945 1752 991 extrema
1780 937 2119 1008 perducitur.

527 1015 680 1072 Jacet
738 1019 1004 1087 siquidem
1044 1029 1158 1077 toto
1187 1038 1415 1091 corpore
1459 1025 1773 1092 debilitata,
1822 1027 2122 1098 solutisque

529 1110 884 1180 compagibus
906 1113 1052 1167 ornni
1080 1115 1448 1171 membrorum
1477 1116 1651 1173 ollicio
1678 1119 1931 1175 destituta
1958 1138 1971 1176 :
2003 1136 2122 1191 per-

529 1201 643 1255 dito
668 1202 887 1272 insuper
907 1218 1091 1270 sensu,
1121 1208 1412 1263 contractis
1438 1218 1678 1264 emortua
1706 1213 1888 1266 nervis
1909 1213 2117 1268 viscera

531 1290 835 1347 fluitabant.
864 1293 995 1359 Quae
1030 1312 1115 1352 res
1141 1298 1259 1353 viro
1287 1316 1383 1354 suo
1411 1302 1590 1372 magni
1622 1303 1822 1358 doloris
1851 1314 1906 1358 et
1928 1306 2117 1359 anxie-

534 1384 661 1439 tatis
692 1386 939 1442 stimulos
979 1404 1185 1459 magna;
1212 1390 1537 1448 defeetionis
1560 1402 1614 1447 et
1644 1395 1889 1450 horroris
1926 1412 2118 1452 causas

536 1478 835 1546 ingerebat.
866 1478 981 1546 Quo
1009 1482 1305 1538 infortunio
1357 1496 1532 1542 motus
1584 1488 1758 1541 virum
1796 1490 1888 1543 Dei
1941 1489 2121 1561 lacry-

537 1571 705 1625 mosis
727 1574 1007 1640 questibus
1032 1576 1182 1640 adiit;
1214 1577 1423 1632 vincula
1448 1579 1643 1648 quibus
1663 1581 1988 1652 gravabatur
2016 1582 2113 1637 ab-

533 1660 737 1727 solvit;
770 1663 837 1717 ad
874 1665 1091 1733 pietatis
1123 1666 1373 1723 affectum
1405 1669 1682 1725 inclinavit
1714 1712 1728 1737 ,
1778 1682 1833 1726 et
1861 1673 2113 1728 eductum

534 1754 808 1821 ergastulo
836 1770 950 1810 suae
977 1756 1189 1829 coniugi
1221 1760 1488 1816 medicum
1515 1762 1704 1818 salutis
1735 1762 1977 1819 adduxit.
2004 1764 2115 1819 Ad—

532 1842 632 1898 fuit
658 1845 741 1899 vir
773 1846 863 1901 Dei
911 1858 964 1903 et
1007 1866 1130 1905 mox
1156 1853 1364 1917 turbas,
1394 1869 1514 1924 quae
1553 1855 1620 1910 ad
1664 1853 1824 1911 funus
1872 1856 2111 1913 mulieris

532 1949 813 2003 venerant,
847 1940 1010 2010 jussit
1034 1946 1296 2000 amoveri.
1336 1947 1472 2003 llinc
1518 1949 1767 2019 precibus
1808 1951 1875 2005 ad
1928 1950 2115 2005 Domi-

535 2044 662 2083 num
700 2034 993 2098 praemissis
1018 2050 1215 2105 aquam
1248 2038 1547 2105 benedixit,
1575 2051 1629 2095 et
1658 2042 1993 2098 benedictam
2022 2059 2117 2098 su-
2162 2104 2163 2109 η

535 2137 632 2191 per
675 2123 907 2193 iacentis
955 2141 1150 2199 corpus
1188 2132 1438 2199 aspersit.
1491 2133 1736 2190 Mirabile
1770 2137 1914 2192 dictu
1951 2137 1965 2191 ε
2011 2152 2120 2193 non

536 2212 691 2280 prius
723 2230 861 2284 aqua
888 2218 1211 2276 iulirmantis
1237 2226 1474 2278 membra
1520 2227 1737 2296 tetigit,
1784 2244 1945 2298 quam
1975 2230 2123 2284 omni

534 2320 793 2375 languore
823 2309 1063 2379 depulso,
1080 2314 1289 2368 mulieri
1314 2315 1548 2384 perfecta
1573 2318 1777 2373 sanitas
1807 2319 1984 2374 rediit.
2008 2319 2125 2386 Quo

538 2394 773 2451 faetorab
786 2401 1038 2456 omnibus
1054 2403 1143 2472 qui
1171 2404 1395 2459 aderant
1410 2416 1590 2475 grates
1608 2406 1715 2463 Deo
1737 2423 1972 2464 consona
1997 2424 2127 2466 voce

537 2484 856 2553 redduntur,
896 2507 960 2546 ac
984 2494 1175 2547 merita
1206 2493 1346 2549 beati
1373 2495 1549 2551 Patris
1581 2512 1686 2551 non
1728 2513 1948 2553 carcere
1972 2540 1989 2565 ,
2031 2501 2127 2555 sed

535 2585 683 2640 omni
716 2584 919 2638 honore
947 2583 1264 2654 dignissima
1295 2587 1680 2656 praedicantur.
1708 2588 1783 2644 Ne
1803 2598 1981 2644 autem
2005 2606 2128 2660 gra-

536 2676 609 2730 tia
657 2675 915 2731 evadendi
954 2675 1190 2731 carceris
1243 2678 1413 2747 magis
1457 2694 1618 2749 quam
1671 2680 1889 2749 pietatis
1941 2696 2129 2738 amore

532 2767 728 2822 ductus
756 2766 859 2821 hoc
886 2766 1104 2821 virtutis
1131 2767 1341 2839 signum
1385 2770 1455 2823 ab
1506 2769 1689 2840 aliquo
1719 2770 1914 2828 fecisse
1966 2783 2126 2844 puta-

533 2867 706 2924 retur,
736 2864 887 2913 extra
918 2872 1203 2914 remanere
1234 2858 1423 2920 noluit.
1467 2862 1560 2915 sed
1584 2862 1883 2919 divinitatis
1928 2864 2130 2921 lumine

531 2950 797 3006 fruiturus
830 2952 1155 3019 quantocius
1179 2954 1471 3009 carceralis
1498 2956 1759 3011 custodite
1803 2967 1954 3028 septa
1986 2959 2130 3013 revi-

529 3045 620 3098 sit.
665 3042 873 3111 Coniux
918 3058 1050 3098 vero
1094 3044 1337 3113 praefecti
1379 3063 1500 3117 quae
1537 3048 1715 3103 fuerat
1758 3051 1989 3106 sanitate
2035 3051 2129 3107 do-

2140 1813 2187 1875 Β

2230 573 2442 629 vincula
2471 584 2687 640 mutas,
2724 582 2781 629 et
2826 591 2855 628 a
2908 582 2959 629 te
3008 573 3220 629 vincula
3265 574 3468 644 quibus
3514 588 3590 628 ex
3636 576 3810 629 merito

2231 672 2336 720 tute
2362 665 2646 735 pravitatis
2673 678 2735 720 es
2778 664 2957 719 vincta
2991 703 3009 731 ,
3051 681 3159 721 non
3192 665 3378 735 potius
3413 664 3643 719 nautas?
3683 664 3815 718 Collo

2220 754 2353 824 justi
2392 756 2505 811 lora
2537 766 2625 811 tua
2674 756 2884 827 imponi
2933 769 3212 821 verentur,
3262 757 3413 825 quod
3469 757 3656 826 ipsum
3707 756 3811 825 iugo

2226 847 2430 902 Christi
2457 847 2754 918 subjectum
2775 862 2896 903 esse
2916 847 3075 920 digna
3097 848 3453 903 veneratione
3477 857 3804 902 contuentnr.

2224 938 2447 995 Maniczn
2484 948 2589 996 ιυω
2650 941 2907 996 manibus
2951 940 3069 1008 eius
3102 942 3268 996 inseri
3314 949 3623 1003 metuunt,
3652 956 3734 1009 qut
3766 943 3807 993 ἰ

2224 1032 2468 1088 fovendis
2510 1033 2836 1103 pauperibus
2891 1047 2986 1089 eas
3050 1030 3218 1087 fuisse
3260 1041 3497 1086 exertas
3524 1033 3805 1085 attendunt.

2224 1124 2540 1180 Trementes
2569 1134 2774 1180 catena:
2795 1124 2960 1194 pedes
2988 1139 3191 1178 nexare
3217 1123 3521 1187 devitant,
3552 1133 3807 1191 propterea

2222 1215 2363 1283 quod
2392 1214 2605 1269 illoS'ad
2650 1228 2836 1285 pacem
2880 1214 3281 1284 praedicandum
3310 1212 3551 1268 veloces
3570 1213 3809 1267 exstitisse

2221 1305 2589 1361 considerant.
2619 1306 2820 1362 Omnes
2849 1322 2981 1376 ergo
3030 1306 3174 1361 vires
3204 1315 3330 1360 tuas
3369 1305 3593 1359 frustra
3624 1305 3805 1372 disput-

2195 1400 2323 1466 ~dis,
2352 1414 2477 1454 cum
2517 1399 2686 1462 illum,
2721 1413 2881 1468 quem
2913 1414 3263 1469 nequaquam
3305 1397 3704 1467 permitteris,
3727 1408 3806 1449 toto

2218 1504 2385 1560 quere
2411 1491 2716 1546 contendis.
2752 1489 2952 1545 Beatus
2983 1500 3164 1545 autem
3194 1488 3530 1554 Wilfridus,
3560 1488 3684 1541 licet
3710 1503 3800 1541 car-

2217 1580 2488 1636 ceralibus
2516 1581 2755 1636 tenebris
2804 1581 3099 1644 involutus,
3125 1594 3382 1650 quosque
3416 1588 3611 1633 tamen
3645 1578 3806 1631 adves-

2219 1673 2447 1726 tantium
2469 1671 2676 1727 lumine
2696 1673 2847 1727 verbi
2874 1672 2989 1737 Dci,
3016 1681 3175 1742 prout
3199 1672 3249 1726 ei
3272 1670 3467 1734 licuit,
3494 1668 3803 1729 illuminavit.

2216 1764 2450 1829 edocuit,
2477 1778 2539 1818 ac
2561 1763 2885 1834 baptismate
2909 1764 2979 1819 ab
3021 1762 3168 1818 omni
3193 1761 3513 1819 criminum
3538 1759 3659 1814 labe
3684 1775 3804 1813 ω

2215 1857 2382 1914 davit.

2288 1951 2381 2006 42.
2410 1950 2535 2006 llmc
2583 1950 2801 2006 interim
2842 1964 2963 2015 rex,
2992 1948 3121 2004 dum
3165 1946 3281 2003 suis
3309 1946 3627 2002 comitatus
3654 1948 3713 1998 ad
3734 1960 3806 1999 cx-

2224 2043 2510 2114 pletionetu
2540 2059 2653 2097 sua:
2691 2042 2983 2112 voluptatis
3006 2057 3067 2097 se
3090 2055 3313 2112 quaque
3345 2039 3657 2093 deduceret
3680 2047 3807 2106 atque

2226 2135 2279 2190 in
2305 2151 2497 2207 magna
2522 2135 2798 2190 hilaritate
2819 2133 2970 2189 frena
2996 2133 3192 2188 laetitia:
3214 2132 3465 2195 laxaret,
3492 2145 3625 2187 ecce
3652 2146 3807 2199 repea-

2228 2226 2342 2282 tino
2374 2227 2663 2281 turbantur
2704 2227 2899 2298 gaudia
2928 2240 3078 2281 casu.
3112 2224 3251 2278 Dum
3277 2224 3502 2279 etenim
3529 2224 3675 2293 regia
3700 2239 3804 2276 cea-

2222 2318 2319 2389 iux
2345 2329 2559 2374 tumens
2596 2318 2762 2372 nimio
2787 2317 2926 2371 fastu
2952 2315 3249 2385 impietatis
3279 2314 3467 2383 raptis
3497 2314 3664 2368 audet
3689 2313 3810 2365 abuti

2231 2411 2500 2481 reliquiis,
2544 2410 2687 2465 illico
2713 2410 2907 2465 vindex
2941 2408 3021 2463 ira
3059 2407 3224 2464 subit.
3276 2406 3577 2477 Siquidem
3623 2406 3809 2459 easdem

2230 2502 2485 2571 reliquias
2508 2501 2837 2565 ferens,cum
2858 2499 3000 2554 sicut
3022 2498 3209 2569 perdix
3232 2497 3404 2552 alacri
3435 2507 3625 2550 mente
3641 2494 3809 2549 lasciva

2230 2595 2498 2663 garriret,
2530 2592 2759 2661 contigit
2787 2600 2848 2645 ut
2903 2605 3027 2645 mox
3071 2588 3276 2659 repleta
3323 2586 3640 2651 daemonio,
3679 2586 3809 2641 sicuti

2232 2683 2537 2754 vulpeCnla,
2565 2684 2776 2753 perdita
2808 2690 2989 2736 mente
3017 2680 3203 2735 insana
3235 2680 3502 2751 ganniret
3526 2697 3541 2731 :
3566 2693 3809 2748 ques-que

2231 2789 2326 2829 sua
2358 2774 2510 2843 prius
2552 2772 2845 2843 petulantia
2877 2770 3066 2825 volens
3085 2769 3280 2834 coluit,
3311 2769 3466 2824 hunc
3493 2769 3809 2839 posz

2232 2866 2286 2920 in
2308 2865 2390 2919 sui
2414 2865 2661 2934 corporis
2699 2862 3009 2917 habitacnlo
3037 2861 3227 2916 nolens
3261 2851 3421 2915 fovit.
3457 2859 3593 2915 "130
3623 2874 3813 2929 propter

2231 2956 2533 3025 quibusque
2556 2955 2607 3007 in
2634 2964 2908 3023 stuporem
2939 2952 3168 3006 arrectis
3197 2950 3439 3010 accessit
3464 2960 3648 3004 mater
3675 2952 3810 3019 regis,

2233 3046 2501 3101 furentem
2531 3044 2846 3113 increpabat
2892 3040 3198 3110 huiusmodi
3249 3040 3439 3095 verbis
3468 3059 3483 3093 :
3513 3059 3533 3092 ι
3564 3040 3810 3107 Anneiu-

517 3146 677 3199 nata,
709 3145 835 3207 post
870 3151 1074 3206 paucos
1112 3136 1252 3204 dies,
1299 3149 1483 3208 spreto
1507 3141 1723 3206 saeculo,
1767 3144 1822 3197 in
1847 3143 2125 3199 servitium
2154 3169 2199 3231 ε
2235 3147 2381 3203 teut,
2408 3136 2617 3207 inquit,
2649 3150 2827 3199 soror,
2867 3149 3009 3188 anne
3054 3140 3243 3203 patent
3284 3131 3493 3186 veteris
3544 3130 3809 3185 commissi

530 3229 734 3283 Christi
764 3243 920 3281 sacro
952 3236 1036 3283 est
1066 3228 1335 3286 velamine
1364 3231 1665 3302 designata.

602 3322 693 3375 41.
731 3320 1028 3375 Praefectus
1051 3328 1236 3376 autem
1262 3337 1328 3377 ex
1359 3338 1425 3379 eo
1458 3335 1700 3395 tempore
1749 3340 1967 3382 servum
2018 3330 2125 3384 Do-

532 3414 664 3468 mini
696 3414 750 3467 in
782 3428 975 3482 magna
1009 3416 1360 3471 veneratione
1384 3417 1609 3484 habens,
1643 3420 1751 3489 regi
1791 3435 1887 3489 per
1911 3423 2128 3479 nuntios

534 3504 680 3559 adito
710 3503 844 3558 dixit
878 3521 891 3557 :
921 3521 939 3555 ι
977 3504 1081 3560 Per
1104 3506 1333 3561 salutem
1381 3516 1437 3563 et
1475 3521 1698 3575 regnum
1730 3518 1881 3564 tuum
1927 3520 1981 3567 te
2034 3514 2128 3566 ad-

529 3595 654 3664 juro
679 3639 691 3663 ,
724 3602 995 3664 quatenus
1019 3597 1357 3652 sacerdotem
1410 3598 1618 3653 Domini
1649 3598 1955 3656 Wilfridum
1986 3618 2017 3657 a
2041 3619 2128 3659 me

534 3688 736 3743 diutius
765 3688 995 3742 detineri
1038 3703 1145 3742 non
1177 3688 1388 3755 facias;
1420 3692 1545 3761 quia
1571 3692 1746 3748 fateor
1776 3695 1969 3749 melius
1995 3696 2126 3750 mihi

531 3793 652 3834 esse
697 3779 833 3834 mori
886 3795 1011 3845 qam
1076 3781 1130 3835 in
1172 3796 1238 3835 eo
1289 3781 1494 3850 aliquid
1543 3783 1861 3852 iniuriarum
1905 3785 2131 3841 ulterius

532 3887 811 3927 exercere.
856 3871 1007 3939 Quod
1040 3872 1086 3927 si
1116 3874 1215 3929 hac
1240 3873 1580 3943 adiuratione
1624 3876 1881 3945 despecta
1936 3876 1989 3930 in
2040 3887 2130 3931 tua

532 3965 800 4020 sententia
836 3964 1131 4034 persistere
1172 3967 1362 4028 mavis,
1415 3982 1504 4020 me
1550 3965 1708 4021 simul
1737 3981 1859 4020 curn
1903 3981 1969 4020 eo
2020 3975 2132 4021 tor-

534 4063 715 4110 menta
750 4065 804 4110 et
828 4064 1058 4109 mortem
1086 4053 1256 4124 magis
1278 4055 1462 4111 subire
1486 4054 1623 4111 velle
1655 4069 1941 4126 cognosce,
1966 4072 2127 4127 quam

532 4162 657 4202 eum
689 4147 744 4201 in
771 4147 1056 4201 tormentis
1086 4146 1309 4202 habere.
1346 4167 1365 4201 ι
1400 4147 1480 4202 Ad
1504 4148 1618 4202 tunc
1648 4163 1747 4203 rex
1779 4148 2131 4203 vehementer

534 4238 707 4294 iratus
729 4237 891 4306 iussit
933 4248 1181 4292 sanctum
1226 4238 1347 4293 duci
1399 4239 1451 4294 in
1506 4240 1694 4294 urbem
1745 4255 1899 4294 suam
1929 4238 2133 4311 Thym-

534 4329 634 4384 ber
664 4330 743 4401 (5)
773 4329 835 4382 ad
876 4327 1187 4398 praefectum
1234 4329 1455 4383 nomine
1485 4329 1702 4400 Tydlin,
1752 4338 1939 4400 utpote
1988 4329 2131 4384 fero-

535 4422 738 4476 ciorem
767 4461 783 4486 ,
837 4420 1158 4491 praecipiens
1208 4421 1283 4474 illi
1324 4430 1386 4475 ιιι
1420 4423 1771 4492 cmupedibus
1806 4432 1863 4476 et
1902 4421 2131 4478 vinculis

2232 3229 2439 3302 piacli?
2471 3227 2782 3283 Wilfridum
2809 3227 2914 3280 tuis
2942 3224 3094 3280 falsis
3127 3222 3617 3277 criminationibus
3654 3236 3686 3273 ι
3712 3222 3811 3274 sciit

2230 3323 2314 3378 sui
2340 3322 2684 3393 episcopatus
2715 3318 2990 3390 pepulisri,
3027 3326 3082 3371 et
3106 3330 3248 3370 nunc
3284 3315 3403 3369 vice
3435 3322 3651 3367 mutata
3676 3314 3726 3365 in
3746 3326 3812 3365 sc-

2231 3416 2351 3470 dem
2378 3415 2451 3468 tui
2477 3413 2711 3484 pectoris
2735 3413 3035 3466 daemonem
3065 3407 3315 3478 recepisti
3349 3424 3362 3460 :
3390 3415 3452 3461 ut
3481 3421 3585 3476 per
3617 3406 3715 3459 hoc
3742 3405 3813 3456 in-

2231 3507 2442 3578 telligas
2496 3506 2625 3577 quid
2654 3503 2865 3575 peccati
2905 3502 2995 3556 illo
3031 3501 3083 3556 in
3115 3499 3258 3554 facto
3293 3496 3653 3554 commisisti.
3694 3494 3811 3547 νῆις

2230 3601 2371 3657 frido
2395 3610 2707 3656 sanctorum
2732 3597 2991 3666 reliquias
3015 3594 3082 3649 de
3112 3593 3250 3648 collo
3272 3608 3378 3646 non
3414 3600 3618 3645 sancte
3649 3589 3796 3643 tulisti

2231 3708 2286 3752 et
2305 3710 2430 3750 ecce
2457 3704 2515 3749 ut
2545 3694 2742 3748 collum
2772 3701 2920 3745 tuum
2956 3704 3054 3743 suo
3072 3685 3315 3743 dominio
3338 3684 3556 3738 damon
3580 3682 3810 3737 subdere:

2229 3786 2499 3843 meruisti.
2545 3783 2779 3840 Wilfridi
2823 3779 3173 3836 sanctissima
3217 3775 3381 3830 verba
3422 3784 3481 3829 et
3505 3774 3657 3829 beati
3688 3771 3809 3826 Petri

2231 3876 2556 3931 auctoritate
2607 3873 2827 3930 suffulta
2875 3869 3202 3940 despexisti;
3234 3876 3290 3921 et
3318 3867 3389 3921 ob
3431 3866 3540 3921 hoc
3595 3865 3809 3918 meae

2231 3984 2327 4025 cor
2346 3977 2496 4022 tuum
2523 3967 2833 4038 possidente
2856 3963 3143 4019 verborum
3164 3970 3380 4015 tuorum
3404 3959 3497 4029 ius
3522 3956 3807 4027 perdidisti.

2232 4058 2515 4113 Wilfridus
2543 4056 2844 4112 divinitatis
2870 4054 3076 4109 lumine
3109 4051 3304 4121 plenus
3336 4048 3653 4104 carcerales
3678 4056 3807 4100 tene-

2232 4151 2358 4206 bras
2380 4164 2477 4221 per
2507 4157 2559 4203 te
2589 4148 2642 4202 in
2677 4148 2756 4202 eis
2795 4145 3004 4215 positus
3043 4157 3149 4197 non
3178 4150 3429 4205 veretur;
3480 4148 3540 4193 et
3568 4149 3689 4193 tuus
3714 4136 3808 4190 ani-

2233 4258 2351 4298 mus
2381 4239 2711 4297 dmmoniaco
2753 4238 2935 4292 furore.
2972 4235 3210 4305 repletus
3260 4248 3361 4301 per
3403 4233 3507 4286 boc
3546 4232 3659 4301 iam
3689 4242 3807 4283 nunc

2233 4337 2550 4410 dignissima
2580 4334 2785 4390 ultione
2832 4340 3132 4400 torquetur.
3188 4348 3206 4380 ι
3251 4327 3368 4382 Rex
3402 4327 3602 4381 aderat
3638 4323 3807 4394 omnia

2234 4429 2611 4493 conturbatus,
2652 4434 2706 4482 et
2750 4424 2952 4496 ingenti
2991 4421 3193 4477 furoris
3218 4420 3342 4491 igne
3373 4431 3804 4474 succensusveo-

537 4513 755 4573 fortiter
793 4511 1078 4569 astrictum
1110 4513 1330 4568 arctiori
1358 4515 1618 4569 custodia:
1644 4514 1999 4585 manciparet.
2026 4514 2128 4581 Qui
2165 4551 2208 4606 Β
2237 4534 2351 4580 tum
2398 4522 2623 4578 naribus
2669 4519 2825 4590 quasi
2878 4518 3085 4571 funium
3127 4514 3437 4569 emittebat.
3469 4511 3642 4579 Quem
3669 4510 3805 4563 etiam

528 4604 760 4678 iussioni
805 4607 1079 4662 contraire
1117 4622 1221 4660 non
1250 4607 1479 4671 audens,
1516 4608 1691 4662 virum
1723 4608 1970 4677 suscipit,
2005 4624 2130 4664 cus-

538 4698 697 4754 todite
725 4700 908 4764 tradit,
939 4699 1155 4753 vincula
1180 4698 1325 4753 facit.
1365 4698 1559 4755 Verum
1590 4715 1712 4754 eum
1744 4701 1796 4756 itt
1829 4700 1930 4756 hoc
1962 4711 2020 4756 ut
2065 4701 2131 4756 li-

532 4802 755 4864 garetur
787 4793 1160 4847 ministrorum
1188 4807 1380 4848 manus
1401 4791 1745 4847 elaborarent
1774 4835 1789 4860 ,
1846 4803 1938 4848 aut
1975 4803 2132 4864 rupta

532 4886 603 4942 ab
651 4883 823 4954 ipsius
848 4897 1080 4953 corpore
1110 4884 1302 4938 eadem
1345 4882 1561 4938 vincula
1604 4883 1945 4938 dissiliebaut
1977 4927 1991 4950 ,
2041 4893 2136 4938 aut

531 4985 680 5031 certe
734 4975 995 5047 colligare
1050 4990 1154 5030 non
1214 4975 1446 5031 valentia
1485 4975 1674 5031 diffusa
1710 4977 2018 5042 cadebant;
2076 4986 2133 5031 et

522 5068 678 5128 miro
710 5069 1086 5124 moderamine
1111 5067 1314 5124 Christi
1355 5083 1421 5123 eo
1461 5068 1637 5123 minor
1681 5068 1734 5123 in
1761 5082 1883 5123 eum
1929 5068 2129 5133 ligandi

530 5170 775 5231 potestas
802 5165 1123 5225 exstiterat,
1156 5175 1263 5231 quo
1293 5160 1359 5215 ad
1388 5159 1660 5231 ligandum
1686 5160 1901 5215 hostilis
1948 5159 2134 5215 feritas

535 5250 829 5308 immanius
862 5252 1142 5307 saeviebat.
1186 5250 1338 5307 Unde
1369 5251 1441 5304 illi
1466 5251 1690 5307 nimium
1723 5250 2008 5314 admirati,
2038 5249 2134 5305 sed

535 5341 686 5413 regio
708 5352 915 5397 terrore
949 5358 1157 5413 suaque
1197 5342 1449 5398 vecordia
1485 5343 1537 5397 in
1584 5341 1900 5397 barbaricos
1954 5350 2134 5397 motus

532 5433 812 5502 exagitati,
848 5433 955 5489 alia
982 5444 1036 5488 et
1065 5435 1171 5489 alia
1210 5436 1421 5490 vincula
1476 5443 1671 5505 parant
1698 5474 1712 5497 ,
1763 5444 1959 5488 conatu
1995 5449 2093 5487 suo
2116 5473 2131 5498 ,

531 5542 691 5583 casso
721 5525 905 5582 labore
933 5527 1173 5583 funditus
1223 5529 1603 5584 consumendi.
1656 5527 1773 5592 Eia,
1807 5527 1901 5581 tibi
1927 5526 2131 5594 ligandi

530 5625 803 5691 potestate
832 5619 1049 5675 sublata
1087 5619 1221 5691 quid
1251 5620 1384 5676 furis
1410 5661 1426 5688 ,
1472 5634 1668 5676 manus
1711 5619 1943 5673 insana?
1995 5619 2123 5688 quid

530 5722 818 5785 tantopere
849 5712 1041 5770 niteris
1079 5726 1417 5784 oppugnare,
1460 5728 1619 5784 quem
1649 5726 1923 5784 nunquam
1976 5720 2127 5785 pote«

605 5828 683 5899 (3)
726 5827 1033 5886 Willelntus
1066 5825 1339 5884 satellitem
1369 5827 1592 5884 Tnntbcr
1634 5841 1805 5885 vet-at.

2239 4624 2416 4670 mater
2441 4628 2537 4669 sua
2563 4612 2655 4667 tali
2688 4625 2819 4665 voce
2848 4615 2928 4662 est
2954 4606 3183 4661 allocuta
3213 4622 3227 4658 :
3267 4622 3286 4655 ι
3316 4602 3439 4658 Jam
3471 4601 3705 4663 tandem,
3730 4598 3803 4655 ﬁli.

2230 4709 2341 4779 iam
2374 4706 2588 4761 tandem
2620 4716 2828 4757 memor
2850 4708 2967 4754 esto
2994 4697 3091 4751 tui.
3121 4695 3267 4751 Ultio
3289 4693 3474 4749 divina
3494 4702 3801 4779 tuanrquam

2239 4776 2400 4849 nimis
2432 4793 2612 4863 diligis
2638 4788 2919 4858 coniugem
2939 4826 2954 4853 ,
2988 4794 3045 4839 ut
3076 4784 3282 4847 cernis,
3309 4780 3532 4851 afﬂigit,
3555 4789 3610 4833 et
3636 4776 3799 4833 fatear.

2237 4886 2397 4941 crede
2439 4884 2597 4951 mihi,
2624 4881 2752 4952 quia
2783 4878 2924 4933 bene
2954 4874 3257 4946 promeruit
3295 4871 3390 4926 tali
3417 4869 3679 4940 supplicio
3708 4866 3803 4918 tati-

2237 4978 2378 5050 gari,
2408 4991 2475 5032 eo
2496 4975 2641 5047 quod
2685 4972 2955 5029 diabolica
2996 4965 3368 5039 indignatione
3394 4978 3680 5022 succensa,
3710 4972 3800 5012 ser-

2237 5090 2362 5128 vum
2390 5070 2600 5127 Domini
2629 5067 2946 5125 Wilfridum
2988 5079 3093 5120 non
3128 5061 3309 5116 timuit
3339 5059 3497 5115 miris
3528 5054 3801 5114 afﬂictioni-

2242 5165 2343 5221 bus
2371 5160 3022 5230 insectari.-Quapropter
3051 5156 3193 5210 hanc
3230 5152 3531 5207 vindictam
3570 5150 3670 5205 sibi
3698 5150 3805 5203 im»-

2234 5269 2412 5329 gatam
2439 5273 2506 5313 ne
2528 5254 2760 5318 dubites,
2793 5253 3045 5315 obsecro,
3077 5256 3301 5319 propter
3330 5255 3383 5301 te
3409 5259 3535 5299 esse
3562 5242 3802 5298 collatam.

2235 5354 2391 5421 Quod
2436 5352 2480 5407 si
2526 5352 2630 5407 hac
2660 5347 2859 5417 corrigi
2889 5352 3088 5415 sponte
3133 5338 3715 5410 contempseris,eave
3759 5346 3807 5385 se

2238 5457 2329 5502 tua
2368 5444 2585 5516 propria
2630 5439 2936 5511 eorrigaris
2978 5436 3202 5493 invitus.
3245 5433 3392 5503 Ergo
3428 5432 3583 5487 solve
3608 5432 3805 5483 virum:

2234 5553 2474 5599 carcere,
2508 5550 2669 5606 quem
2702 5531 2904 5587 nullius
2954 5529 3036 5584 sui
3085 5525 3333 5583 criminis
3375 5538 3545 5579 causa
3590 5522 3805 5576 novimus

2234 5627 2505 5685 detineri:
2539 5641 2592 5682 Ci
2643 5624 2687 5680 si
2737 5637 2859 5677 eum
2891 5620 2945 5675 in
2988 5633 3157 5690 regno
3186 5624 3280 5671 tuo
3316 5628 3545 5669 manere
3570 5610 3797 5667 noluere.

2232 5726 2361 5798 iube
2386 5723 2532 5780 illum
2559 5730 2726 5793 regno
2749 5715 3030 5781 decedere,
3064 5727 3131 5768 ne
3154 5710 3200 5767 si
3223 5708 3429 5766 diutius
3451 5707 3608 5762 fuerit
3628 5712 3793 5757 team.
