3870 6304
30 359 141 417 ’ἶ57

1330 344 1488 403 VITA
1534 346 1596 402 S.
1622 343 1966 403 WILFRIDI.

3210 346 3341 403 758

30 481 163 522 tunc
187 481 313 521 eum
352 464 527 536 primo
567 462 843 519 dimittere
874 461 1044 527 velis,
1072 476 1196 517 cum
1228 461 1395 516 lueris
1428 458 1619 528 majori
1653 448 1694 504 Α
1730 476 1852 518 esse
1901 474 2008 515 non
2066 459 2302 528 pateris?
2359 462 2496 518 Ecce
2552 478 2674 518 cum
2726 462 2881 518 illum.
2917 478 2945 517 a
2997 461 3323 523 Christianis

30 574 194 630 pcena
230 558 541 612 mulctatus.
585 575 604 609 ι
645 556 768 611 Istis
805 570 895 610 rex
928 556 1039 625 ipse
1071 556 1408 619 admonitus,
1436 554 1626 608 annuit

29 664 88 705 ut
119 662 402 705 carcerem
429 649 511 702 vir
542 656 761 703 sanctus
790 649 982 702 exiret.
1017 647 1241 702 Factum
1272 655 1376 712 est,
1406 654 1461 702 et
1489 663 1519 702 e
1550 657 1629 702 te-

30 742 220 796 nebris
248 741 336 794 lux
363 738 559 793 mundo
580 738 864 808 processit.
891 737 1093 792 Maleas
1116 746 1296 793 autem
1320 753 1510 793 servus
1537 738 1629 792 Dei

28 835 239 887 bonum
293 847 390 903 pro
444 830 585 885 malo
635 846 798 900 quam
836 844 935 899 pro
976 829 1118 884 malo
1151 830 1349 883 malum
1383 830 1628 898 reddere,

30 925 214 980 oravit
249 924 562 988 Dominum,
586 930 642 977 et
680 922 922 992 reginam
952 921 1238 979 confestim
1277 922 1520 977 daemone
1542 921 1630 977 fu-

29 1021 155 1083 gato
186 1009 409 1065 sanitati
434 1011 694 1065 restituit.

100 1101 194 1155 45.
230 1101 365 1156 liinc
399 1102 629 1173 patriam
656 1113 991 1175 cognataque
1018 1118 1142 1158 rura
1160 1100 1378 1165 deserit,
1407 1109 1461 1156 et
1479 1100 1630 1157 velut

33 1195 246 1249 advena
280 1203 453 1248 terras
479 1195 747 1250 australes
791 1198 1087 1267 petiturus,
1142 1208 1208 1248 eo
1248 1193 1498 1247 veniendi
1530 1194 1634 1247 iter

34 1288 258 1341 invadit.
296 1286 362 1341 Et
390 1302 511 1341 cum
546 1287 803 1342 Veritatis
842 1289 1108 1359 praeconia
1135 1286 1274 1340 nulla
1308 1296 1507 1356 queant
1536 1286 1636 1340 fal-

34 1379 165 1432 lacia
217 1377 444 1443 violari,
478 1376 681 1432 famulo
726 1378 818 1433 Dei
866 1380 1040 1449 primo
1097 1381 1355 1449 quaerenti
1410 1394 1631 1448 regnum

36 1469 148 1531 Dei,
176 1468 315 1522 nihil
342 1484 528 1522 eorum
557 1484 676 1538 quae
704 1468 1140 1524 vitmnccessitas
1160 1468 1633 1539 exigebat,decsse

33 1560 265 1613 valebat.
348 1559 500 1615 Unde
567 1560 795 1631 contigit
841 1572 897 1614 ut
948 1562 1090 1616 hunc
1152 1570 1367 1615 euntem
1414 1561 1630 1629 quidam

33 1652 397 1725 Byrtvvaldus,
429 1652 575 1723 regia
602 1653 767 1723 stirpe
802 1653 1134 1723 progenitus,
1166 1667 1361 1724 magno
1388 1668 1508 1707 cum
1538 1654 1635 1707 ho-

34 1762 163 1801 nore
204 1745 404 1801 obvius
447 1747 761 1816 exciperet,
796 1756 848 1801 et
878 1746 1270 1817 aliquantisper
1312 1762 1494 1801 secum
1537 1749 1632 1802 dc-

1729 554 1982 625 depellis,
2015 551 2079 606 ad
2112 566 2350 624 paganos
2392 555 2687 610 liberaliter
2716 556 2843 622 ibit,
2870 555 3026 621 velis,
3052 555 3192 612 nolis
3219 575 3233 611 :
3265 568 3323 613 et

1732 651 1823 722 qui
1851 651 2011 706 times
2033 666 2101 706 ne
2130 651 2486 723 quorumdam
2513 649 2946 705 Christianorum
2985 658 3191 705 mentes
3217 651 3324 705 tuis

1734 742 2146 813 deceptionibus
2201 759 2301 815 per
2344 742 2514 813 ipsius
2578 744 3045 797 conversationem
3106 756 3325 811 quoquo

1733 835 1893 890 modo
1923 844 2275 900 evacuentur,
2319 834 2477 904 longe
2498 848 2657 903 quam
2690 840 2848 902 putas
2875 848 2972 903 per
3002 833 3098 889 ista
3130 832 3322 896 eflicis,

1732 937 1792 982 ut
1824 929 2029 998 integra
2074 926 2354 998 provincia
2408 925 2621 997 penitus
2665 933 2755 979 tua
2805 925 3172 981 dominatione
3214 925 3326 996 pri-

1733 1024 1908 1071 vctur.
2516 1058 2521 1063 ,

1803 1107 1893 1162 45.
1952 1107 2196 1177 Namque
2257 1106 2473 1161 divertit
2523 1113 2646 1176 post
2699 1106 2813 1159 haec
2864 1105 2930 1159 ad
2989 1104 3323 1175 provinciam

1734 1198 2051 1253 australium
2077 1197 2377 1260 Saxonum,
2410 1210 2530 1265 quae
2556 1196 2731 1249 adlmc
2757 1194 2849 1250 illo
2886 1204 3125 1264 tempore
3160 1210 3324 1264 paga~

1734 1290 1819 1346 nis
1846 1290 2021 1345 adhuc
2046 1289 2279 1344 cultibus
2323 1288 2609 1341 insndabat
2646 1304 2658 1340 :
2705 1287 2887 1357 ibique
2932 1288 3155 1341 verbum
3203 1287 3361 1341 fideia

1737 1381 2061 1453 prauiicabat
2076 1422 2088 1443 ,
2112 1389 2165 1433 et
2190 1379 2534 1433 credentibus
2557 1378 2827 1432 lavacrum
2844 1376 3035 1432 salutis
3057 1378 3330 1432 ministra-

1736 1476 1849 1529 bat.
1873 1474 2001 1529 Erat
2033 1482 2212 1530 autem
2243 1489 2335 1531 rex
2374 1471 2550 1542 gentis
2594 1471 2755 1534 illius,
2788 1471 3047 1525 Edilwalh
3092 1471 3327 1537 nomine,

1738 1581 1842 1622 non
1867 1565 2034 1620 multo
2069 1573 2195 1621 ante
2233 1564 2537 1634 baptizatus
2571 1561 2625 1615 in
2661 1562 2935 1630 provincia
2970 1560 3327 1625 Merciorum,

1736 1667 1789 1714 et
1832 1658 2016 1727 regina
2076 1657 2295 1712 nomine
2347 1655 2491 1709 Eabe
2535 1653 2811 1722 baptizata
2862 1654 2914 1706 in
2965 1667 3083 1717 sua,
3116 1653 3217 1708 hoc
3246 1666 3331 1706 ρει

1739 1748 2014 1819 provincia
2042 1746 2406 1802 Huicciorum.
2444 1745 2628 1815 itaque
2659 1743 2849 1798 beatus
2864 1741 3169 1809 Walfritlus,
3200 1757 3330 1797 con-
3400 1778 3405 1783 η

34 1843 181 1889 tento
215 1848 449 1904 qumque
477 1815 610 1903 opus
639 1835 873 1889 habebat
911 1834 1141 1905 benigne
1176 1815 1532 1904 impenderet.
1565 1837 1633 1890 At
1670 1815 1709 1869 Β
1736 1815 1997 1906 cedente,
2026 1841 2134 1893 imo
2181 1838 2408 1893 multmn
2452 1837 2717 1907 gaudente
2762 1847 2918 1903 rege,
2954 1834 3159 1902 primos
3202 1846 3327 1902 pro-

34 1926 231 1980 invidia
268 1926 535 1979 diabolica
562 1927 650 1979 diu
696 1926 925 1995 impendi
969 1927 1109 1979 ferre
1137 1942 1241 1980 non
1268 1926 1463 1996 potuit.
1493 1925 1631 1979 Prm-

32 2017 231 2069 dictnm
267 2016 469 2069 etenim
503 2014 677 2069 virum
712 2031 916 2069 veneno
952 2031 1061 2070 suae
1087 2016 1460 2087 perversitatis
1494 2016 1631 2070 infe-

31 2111 120 2173 cit,
155 2122 382 2177 quoque
412 2107 635 2163 militem
670 2108 871 2162 Christi
895 2124 991 2162 sua
1013 2108 1375 2162 munificentia
1410 2119 1629 2162 exutum

32 2218 57 2253 a
100 2216 159 2255 se
210 2201 439 2270 suisque
487 2201 735 2255 omnibus
770 2201 1074 2257 eliminaret
1104 2200 1299 2257 effecit.
1334 2200 1460 2255 Erat
1484 2218 1631 2255 nam-

31 2311 73 2362 q'
100 2309 132 2348 e
162 2292 344 2348 frater
372 2291 668 2347 Edclfredi
711 2293 849 2362 regis
882 2292 1200 2346 Merciorum
1221 2334 1234 2357 ,
1262 2292 1352 2362 qui
1391 2308 1631 2347 sororem

32 2388 167 2456 regis
200 2387 288 2458 (ι)
320 2386 518 2441 chridi
580 2386 813 2441 habebat
840 2387 890 2439 in
922 2386 1251 2456 conjugium.
1287 2384 1506 2440 Timcns
1538 2386 1633 2455 igi-

32 2488 113 2532 tur
133 2494 206 2533 ne
237 2477 427 2531 fratris
455 2476 694 2531 animum
732 2475 1045 2542 offenderet,
1074 2475 1119 2530 si
1152 2490 1273 2529 eum
1298 2475 1387 2545 qui
1410 2474 1630 2528 fratrem

30 2570 282 2643 conjugis
307 2584 416 2625 sua:
456 2571 721 2625 infensum
765 2570 1017 2631 habebat,
1061 2584 1243 2623 secum
1276 2577 1499 2633 teneret,
1527 2582 1631 2621 non

32 2666 237 2718 veritus
292 2663 644 2733 injustitiam,
686 2660 995 2717 Wilfridum
1038 2660 1265 2731 abjecit,
1303 2674 1408 2715 non
1452 2668 1629 2713 tamen

32 2758 242 2827 absque
297 2754 644 2819 contumelia,
680 2762 739 2808 ut
785 2768 880 2824 per
918 2754 1022 2808 hoc
1070 2753 1304 2808 sciamus
1355 2766 1476 2806 cum
1526 2764 1629 2803 non

34 2849 337 2902 immunem
366 2845 536 2901 fuisse
558 2845 609 2900 in
642 2846 744 2901 hoc
768 2845 908 2900 facto
941 2861 970 2900 a
1005 2854 1185 2899 mente
1210 2844 1463 2914 maligna.
1497 2841 1630 2895 Nam

31 2940 175 3008 prius
208 2948 323 2992 tam
354 2953 382 2991 a
416 2952 475 2992 se
496 2952 656 3007 quam
689 2937 757 2991 ab
780 2934 1072 2992 IEdelredo
1098 2949 1223 3005 rege
1247 2938 1463 3004 suisque
1494 2950 1630 2987 uxo-

30 3032 196 3094 ribus,
257 3043 428 3083 necne
478 3028 771 3083 voluntatis
814 3042 1000 3082 eorum
1034 3026 1335 3081 fautoribus
1371 3024 1631 3095 multipli-

31 3123 161 3174 citer
190 3119 469 3187 amictus,
498 3119 812 3189 injuriatns,
856 3118 1039 3173 multis
1075 3133 1289 3188 quoque
1335 3117 1633 3173 terroribus

30 3214 91 3267 ad
131 3213 488 3267 violationem
527 3211 646 3267 ﬁdei
683 3228 793 3267 sua:
834 3221 996 3283 atque
1042 3214 1108 3269 ad
1162 3212 1633 3282 exprobrationem

36 3305 326 3359 catholica:
354 3314 407 3358 et
437 3304 746 3374 apostolica:
780 3303 1085 3360 traditionis
1129 3319 1229 3375 pro
1265 3321 1369 3375 qua
1404 3305 1636 3360 maxime

34 3396 407 3466 impetebatnr
442 3395 721 3458 incitatus,
752 3393 1042 3465 impulsus,
1071 3410 1170 3451 nec
1196 3405 1531 3468 prostratus,
1569 3397 1636 3452 ad

34 3490 289 3542 ultimum
321 3502 446 3541 cum
473 3487 735 3543 dedecore
765 3488 949 3557 pulsus
975 3497 1077 3542 est.

97 3580 189 3634 44.
220 3580 392 3635 Omni
447 3595 575 3651 ergo
624 3580 860 3634 humano
909 3580 1201 3635 frustratus
1245 3582 1475 3649 auxilio,
1532 3598 1639 3651 quo

33 3674 306 3735 tenderet,
333 3685 443 3741 quo
476 3685 535 3725 se
558 3679 787 3725 verteret
826 3671 893 3725 ad
922 3670 1299 3741 hospitandum
1328 3672 1635 3742 ignorabat:

33 3764 128 3818 hoc
159 3764 349 3819 solum
376 3763 584 3817 fiduciae
605 3777 716 3834 prce
744 3778 802 3818 se
823 3777 1039 3833 gerens,
1067 3764 1209 3834 quod
1234 3779 1262 3817 a
1293 3764 1404 3819 Deo
1432 3780 1640 3833 nequa-

34 3872 193 3926 quam
228 3856 416 3912 deseri
454 3866 655 3924 posset.
709 3855 823 3923 Qua
872 3857 1066 3911 fiducia
1112 3857 1394 3927 magnifice
1439 3857 1636 3921 fretus,

34 3946 303 4016 quidquid
334 3945 382 3998 ei
422 3946 878 4002 iucommodilatis
899 3948 1208 4015 accidebat,
1232 3963 1439 4003 summa
1462 3950 1642 4004 cordis

34 4037 334 4091 alacritate
365 4035 714 4106 perferebat:
746 4053 961 4107 quoque
1003 4040 1173 4109 magis
1225 4038 1642 4094 adversitatibus

36 4129 372 4196 feriebatur,
400 4144 464 4184 eo
490 4129 720 4199 amplius
744 4130 796 4184 in
825 4146 987 4200 Opera
1021 4132 1110 4186 Dei
1139 4141 1253 4187 toto
1291 4131 1470 4188 studio
1503 4131 1642 4186 fcre-

34 4221 213 4275 batur.
248 4220 417 4275 Venit
440 4221 652 4276 tandem
697 4221 763 4275 ad
812 4221 1016 4275 curiam
1052 4222 1194 4293 regis
1218 4222 1517 4290 cujusdam,
1549 4222 1641 4291 qui

35 4311 369 4366 Kentwinlts
416 4311 491 4380 (5)
537 4310 833 4366 vocabatur
864 4328 878 4365 :
909 4313 997 4366 ubi
1028 4313 1158 4366 satis
1187 4312 1421 4367 humane
1460 4327 1644 4366 susce-

34 4415 156 4473 ptus
198 4413 257 4459 et
308 4402 469 4469 bene,
501 4417 685 4457 verum
736 4402 885 4457 brevi
921 4401 1139 4456 habitus
1168 4413 1269 4457 ρει.
1296 4400 1429 4456 Nam
1457 4417 1644 4471 quem-

34 4498 342 4553 admodum
368 4495 520 4561 alias,
549 4496 626 4553 sic
651 4505 703 4552 et
726 4497 798 4551 ibi
826 4497 1083 4551 (immunis
1109 4496 1360 4551 instinctu
1386 4494 1643 4549 femineas

36 4605 234 4659 passus
284 4596 375 4643 est
420 4589 552 4645 iras.
598 4589 876 4658 Siquidem
932 4589 1076 4660 regia
1129 4604 1266 4643 uxor
1314 4603 1468 4642 soror
1522 4597 1640 4642 erat

38 4683 493 4753 Ermemburgis,
536 4682 799 4737 malorum
850 4681 962 4736 fere
1001 4682 1240 4737 omnium
1287 4696 1406 4751 qua:
1452 4689 1639 4735 contra

37 4775 216 4827 virum
253 4774 353 4827 Dei
379 4772 573 4827 tiebant
597 4772 870 4827 auctricis.
895 4772 1198 4843 Hcecigitur
1225 4788 1253 4825 a
1272 4789 1367 4826 sua
1394 4788 1562 4827 uxore
1581 4772 1641 4845 [1.

37 4864 258 4938 sorore]
278 4865 336 4917 in
366 4864 561 4918 mentis
575 4864 904 4934 malignitate
927 4877 1032 4916 non
1065 4863 1256 4924 minor,
1284 4864 1646 4931 heatumprte-

36 4955 429 5028 sulemjmultis
441 4957 914 5011 contrarietatibus
928 4954 1180 5010 afﬂictum
1199 4972 1227 5009 a
1258 4956 1371 5010 suis
1392 4955 1646 5010 omnibus

35 5050 278 5120 expulit.
316 5047 452 5115 Quid
490 5048 685 5102 diaboli
728 5047 876 5102 furor
900 5048 1173 5113 immanis,
1208 5048 1336 5117 quid
1368 5056 1646 5118 tantopere

38 5142 317 5193 adversus
338 5136 595 5192 famulum
622 5138 832 5193 Domini
857 5139 1126 5194 saeviendo
1151 5140 1402 5210 vagaris?
1433 5141 1562 5211 quid
1596 5140 1643 5195 ei

36 5229 279 5300 laqueos
317 5236 416 5282 tua:
461 5226 666 5283 fraudis
714 5229 995 5285 innectere
1041 5239 1254 5297 lentas,
1293 5239 1347 5285 et
1392 5234 1647 5285 tentando

40 5321 196 5376 illum
254 5321 533 5375 variarum
586 5320 979 5376 calumniarum
1046 5332 1364 5392 tempestate
1421 5323 1649 5394 fatigas?

36 5414 169 5482 quid
205 5427 338 5467 eum
362 5411 431 5465 ab
472 5411 689 5466 humani
720 5412 899 5468 cordis
940 5413 1292 5468 aedificatione
1321 5412 1537 5469 flectere
1568 5415 1647 5468 ni-

42 5506 204 5567 teris,
230 5513 289 5557 et
320 5504 390 5557 ob
422 5504 521 5557 hoc
555 5502 982 5559 Christianorum
1015 5506 1258 5560 societati
1302 5506 1645 5577 conjunctum

114 5638 199 5707 (ι)
228 5635 517 5712 Osdridam
541 5637 768 5712 scilicet,
808 5655 928 5708 quae
972 5640 1027 5694 in
1051 5640 1293 5695 solatium
1325 5641 1511 5698 Elwim‘
1531 5643 1648 5712 fra-

43 5710 142 5760 tris
167 5710 336 5760 occisi
368 5707 645 5763 Ethelrcdo
681 5707 925 5777 nupserat
955 5751 968 5773 ,
1010 5727 1187 5777 pacem
1229 5713 1363 5768 inter
1399 5707 1644 5768 maritum

43 5792 91 5831 ﬂ
122 5781 354 5847 fratrem
380 5793 711 5847 componens,
739 5793 803 5834 es
838 5779 1131 5835 Willehno.

1735 1933 1924 1987 vincia:
1949 1934 2113 1987 duces
2154 1947 2217 1987 ac
2251 1931 2451 1987 milites
2492 1942 2648 1984 sacro
2674 1927 2822 1981 fonte
2854 1925 3103 1979 abluebat
3130 1942 3145 1990 ;
3178 1940 3330 1994 pres-

1733 2025 1908 2096 hyteri
1942 2039 2070 2078 vero
2104 2024 2209 2090 sui,
2240 2031 2490 2077 cmleram
2522 2020 2751 2090 plebem.
2784 2019 3027 2072 Antehac
3047 2017 3189 2071 enim
3218 2024 3326 2071 tota

1734 2109 1821 2168 illa
1865 2114 2141 2184 provincia
2192 2112 2359 2167 divini
2405 2110 2637 2165 nominis
2683 2118 2738 2163 et
2791 2108 2913 2163 fidei
2949 2116 3067 2161 erat
3108 2108 3327 2178 ignara,

1734 2219 1929 2278 prmter
1959 2221 2138 2275 regem
2169 2215 2330 2275 atque
2360 2204 2622 2274 reginam.
2653 2202 2785 2256 Erat
2818 2210 2996 2256 tamen
3040 2201 3110 2256 ibi
3143 2216 3333 2254 mona-

1733 2300 1870 2355 chus
1900 2298 2118 2366 quidam
2142 2298 2208 2353 de
2235 2298 2453 2352 natione
2476 2296 2814 2360 Scottorum,
2841 2295 3057 2350 nomine
3087 2294 3329 2359 Diculus,

1734 2393 1943 2447 habens
1977 2392 2366 2445 monasterium
2397 2388 2765 2460 permodicum
2796 2389 2847 2442 in
2877 2388 2993 2442 loco
3046 2387 3136 2457 qui
3170 2402 3330 2442 voca-

1737 2496 1825 2538 tur
1861 2484 2167 2539 Bosanham
2189 2524 2204 2548 ,
2241 2483 2393 2538 silvis
2431 2482 2680 2552 marique
2726 2479 3159 2546 circumdatum;
3191 2488 3244 2536 et
3275 2481 3328 2535 in

1733 2592 1797 2631 eo
1826 2578 2021 2631 fratres
2043 2576 2285 2647 quinque
2313 2573 2393 2629 vel
2424 2587 2518 2628 sex
2551 2572 2603 2626 in
2640 2572 2828 2627 humili
2863 2586 2927 2626 ac
2953 2585 3190 2641 paupere
3220 2571 3329 2624 vita

1736 2669 1963 2723 Domino
2000 2667 2346 2722 famulantes.
2391 2664 2498 2720 Sed
2548 2663 2723 2718 nullus
2774 2662 3185 2733 provincialium
3245 2661 3329 2715 vel

1735 2776 1921 2817 eorum
1966 2761 2133 2815 vitam
2170 2757 2436 2823 aemulari,
2477 2755 2563 2812 vel
2619 2754 3055 2825 praedicationem
3104 2751 3331 2807 curabat

1734 2851 2034 2905 attendere.
2074 2848 2467 2920 Evangelizans
2499 2854 2678 2900 autem
2711 2843 2855 2911 genti
2892 2842 3195 2912 episcopus,
3222 2855 3328 2893 non

1733 2943 1906 2999 solum
1942 2958 2062 2998 eam
2096 2943 2164 2997 ab
2203 2953 2444 2996 :erumna
2496 2945 2770 3010 perpetuae
2811 2933 3202 2998 damnationis,
3231 2948 3329 2987 ve-

1736 3057 1852 3095 rum
1888 3048 1941 3095 et
1979 3055 2007 3093 a
2038 3038 2187 3093 clade
2218 3035 2437 3093 infanda
2468 3031 2778 3104 temporalis
2816 3030 3064 3086 interitus
3107 3029 3325 3098 eripuit.

1740 3130 2019 3201 Siquidem
2049 3130 2218 3184 tribus
2241 3127 2395 3182 annis
2424 3134 2550 3180 ante
2573 3125 2862 3179 adventum
2892 3119 3006 3190 ejus
3036 3120 3088 3174 in
3111 3118 3330 3190 provinv

1692 3210 1709 3230 ¹
1739 3225 1819 3280 cia
1853 3223 1995 3279 nulla
2021 3222 2126 3277 illis
2152 3222 2204 3276 in
2238 3220 2369 3275 locis
2402 3218 2580 3289 pluvia
2622 3216 2912 3274 ceciderat.
2966 3213 3329 3282 Quamobrem

1741 3316 1909 3371 fames
1939 3312 2288 3370 acerbissima
2321 3310 2530 3382 plebem
2565 3309 2867 3375 invaserat,
2912 3323 2976 3363 ac
3004 3306 3165 3376 impia
3198 3319 3330 3360 nece

1741 3414 2125 3479 prostraverat.
2160 3403 2402 3474 Denique
2424 3403 2626 3469 ferunt,
2649 3404 2773 3472 quia
2806 3416 2946 3471 saepe
2973 3398 3328 3469 quadraginta

1739 3500 1899 3556 simul
1920 3508 2013 3554 aut
2040 3497 2432 3569 quinquaginta
2471 3496 2719 3550 homines
2741 3495 2916 3550 inedia
2945 3493 3233 3555 macerati,
3264 3490 3331 3544 ad

1741 3589 2095 3662 prmcipitium
2120 3587 2334 3657 aliquod
2357 3586 2471 3641 sive
2485 3600 2639 3639 mare
2661 3582 3047 3655 procedebant,
3063 3591 3116 3635 et
3129 3579 3333 3649 junctis

1742 3682 1939 3736 misere
1987 3679 2238 3733 manibus
2297 3678 2501 3748 pariter
2531 3690 2719 3730 omnes
2750 3682 2843 3728 aut
2883 3672 3038 3726 ruina
3079 3670 3329 3741 perituri,

1745 3782 1836 3828 aut
1864 3772 2116 3827 fluctibus
2139 3769 2464 3827 obsorbendi
2486 3767 2825 3823 decidebant.
2859 3766 3056 3821 Verum
3096 3766 3212 3835 ipso
3246 3764 3332 3817 die

1742 3878 1850 3934 quo
1877 3862 2203 3932 baptismum
2236 3859 2359 3914 fidei
2396 3874 2526 3929 gens
2553 3858 2808 3927 suscepit,
2838 3857 2903 3910 ad
2928 3869 3118 3926 preces
3144 3853 3331 3908 eximii

1743 3953 1940 4017 Patris,
1969 3951 2147 4022 pluvia
2176 3966 2365 4005 serena
2411 3949 2505 4003 sed
2553 3948 2769 4018 copiosa
2820 3946 3118 4001 descendit.
3150 3942 3324 3997 Reno-

1746 4046 1853 4100 ruit
1883 4053 2028 4099 terra
2055 4060 2069 4109 ;
2119 4043 2271 4097 rediit
2306 4039 2668 4095 viridantibus
2699 4037 2844 4091 arvis
2883 4052 3056 4091 annus
3084 4036 3238 4090 laetus
3268 4051 3332 4088 ac

1745 4136 2013 4208 frugifer:
2046 4134 2232 4189 siccue
2279 4131 2483 4201 ahjccta
2525 4129 2929 4199 superstitione,
2980 4127 3201 4196 antiqua
3238 4141 3332 4181 ex-

1745 4226 1951 4282 sufflata
1976 4223 2301 4287 idoloratria,
2327 4238 2417 4275 cor
2440 4221 2679 4275 omnium
2714 4230 2760 4273 et
2787 4234 2907 4273 caro
2942 4218 3331 4271 exsultaverunt

1745 4321 1799 4373 in
1838 4317 2005 4373 Deum
2042 4316 2208 4369 rivum
2236 4312 2406 4383 (Psal.
2441 4325 2668 4373 uuln,
2699 4309 2779 4375 '5),
2812 4308 3169 4380 intelligentes
3207 4322 3331 4362 eum

1746 4413 1835 4482 qui
1860 4425 2018 4465 verus
2044 4418 2128 4463 cst
2173 4406 2336 4470 Deus,
2381 4414 2434 4458 et
2473 4402 2822 4458 interioribus
2861 4409 2917 4457 et
2969 4400 3333 4456 exterioribus

1678 4521 1720 4578 ι)
1747 4519 1806 4559 se
1836 4503 1990 4557 bonis
2025 4499 2213 4571 gratiae
2235 4494 2476 4553 caelestis
2502 4495 2727 4549 ditasse.

1816 4595 1906 4650 46.
1948 4594 2195 4647 Antistes
2226 4607 2461 4663 quoque,
2490 4607 2610 4647 cum
2640 4590 2691 4642 in
2718 4587 3051 4659 provinciam
3087 4592 3322 4641 venisset

1749 4701 2066 4758 tantamque
2109 4687 2268 4742 famis
2305 4702 2525 4758 pmnam
2576 4685 2647 4741 ibi
2704 4684 2947 4747 vidisset,
3001 4680 3182 4735 docuit
3236 4691 3330 4732 eos

1747 4783 2005 4853 piscando
2056 4780 2255 4835 victum
2308 4794 2571 4849 quaerere.
2624 4774 2756 4829 Nam
2810 4788 2958 4829 mare
3003 4780 3058 4825 et
3108 4769 3327 4822 flumina

1747 4892 1937 4930 eorum
1987 4873 2223 4943 piscibus
2276 4870 2643 4932 abundabant,
2702 4865 2798 4921 sed
2853 4861 3097 4937 piscandi
3139 4861 3327 4932 peritia

1747 4966 1891 5037 genti
1939 4965 2105 5029 nulla,
2157 4963 2260 5018 nisi
2302 4962 2369 5017 ad
2409 4961 2674 5034 anguillas
2708 4968 2917 5014 tantum
2957 4959 3148 5011 inerat.
3181 4953 3330 5009 Reti-

1748 5057 1848 5111 bus
1892 5056 2056 5125 igitur
2102 5053 2491 5126 anguillaribus
2523 5053 2881 5123 undequaque
2910 5046 3153 5105 collectis
3182 5056 3236 5101 et
3263 5044 3331 5099 ab

1750 5147 2059 5201 hominibus
2118 5145 2379 5201 antistitis
2430 5145 2481 5199 in
2540 5159 2688 5198 mare
2736 5143 2941 5206 missis,
2997 5138 3205 5193 meritis
3247 5136 3327 5190 sui

1748 5235 1926 5290 Patris
1953 5236 2135 5289 divina
2182 5245 2308 5289 sunt
2352 5235 2603 5307 largitate
2635 5232 2826 5303 adjuti,
2857 5238 3225 5301 ceperuntquc
3257 5227 3330 5281 di-

1750 5328 1894 5381 versi
1953 5328 2170 5395 generis
2222 5327 2400 5397 pisces
2456 5335 2749 5382 trccentos.
2803 5324 3009 5391 Quibus
3068 5319 3329 5375 trifariam

1747 5418 1939 5474 divisis
1989 5430 2209 5474 centum
2258 5422 2309 5475 in
2370 5437 2505 5491 opus
2547 5436 2847 5492 pauperum
2907 5417 3327 5487 dispenderunt,

1750 5522 1966 5567 centum
1991 5511 2071 5567 eis
2107 5529 2136 5567 a
2170 5514 2368 5584 quibus
2414 5514 2549 5568 retia
2596 5520 2925 5583 acceperant
2962 5510 3327 5571 contulerunt,

1819 5650 1896 5725 (ξι)
1924 5650 2078 5725 Hune
2124 5652 2303 5708 locum
2341 5654 2599 5710 intactum
2625 5652 2971 5725 praetermisit
3000 5647 3327 5710 Willelmus,

1750 5736 1779 5776 a
1812 5721 2113 5794 Fridegodo
2134 5725 2459 5795 expositum.
2625 5721 2639 5725 ’
2811 5756 2819 5765 ~
