3870 6304
629 301 734 356 759

1590 283 1894 344 EADMERI
1929 277 2484 338 CANTUAMBNSlS
2532 275 2839 334 NONACM
3684 281 3748 339 τω

627 393 846 473 centum
891 413 945 467 in
997 425 1124 466 suos
1181 422 1315 463 usus
1367 405 1728 460 retinuerunt.
1785 402 1903 467 Quo
1949 396 2211 454 beneficio
2242 399 2285 454 Δ
2312 391 2520 454 debuit,
2536 392 2873 460 eodcspeclo
2898 431 2916 453 .
2948 387 3018 444 ab
3041 385 3496 442 03846011109435“!
3526 391 3647 454 “tofi.
3673 409 3756 460 quat

627 505 853 560 multum
867 504 1094 556 antistes
1109 515 1206 555 cor
1217 497 1457 552 omnium
1478 496 1532 548 iu
1556 495 1636 548 sui
1662 492 1928 548 convertit
1942 490 2208 544 amorem'.

629 605 688 650 et
719 608 784 648 eo
812 593 1138 662 praedicante
1175 587 1478 643 fiducialius
1504 584 1746 639 cmlcstia
1779 596 1996 652 sperare
2033 594 2210 648 cmpe-

629 695 775 750 rttnt,
806 685 960 753 cujus
987 682 1290 736 ministerio
1313 679 1595 733 terrestria
1623 677 1762 729 bona
1789 681 2072 744 ceperunt.

669 776 790 838 J7.
845 773 964 840 Quo
1011 782 1254 841 tempore
1301 784 1394 822 rex
1450 765 1714 820 Elidwalh
1771 762 1992 818 donavit
2047 773 2208 814 servo

632 867 854 924 Domini
886 875 1084 918 terram
1119 862 1391 930 octoginta
1432 866 1639 927 septem
1679 855 2030 917 familiarum,
2052 867 2214 907 voca-

629 957 756 1012 bulo
807 956 1035 1020 Selesei,
1082 955 1224 1024 quod
1270 953 1460 1005 Latine
1489 950 1687 1004 dicitur
1714 947 1892 1002 Insula
1916 945 2068 1000 vituli
2098 959 2212 998 ma-

635 1050 764 1111 rini,
791 1050 880 1102 ubi
906 1063 1031 1101 suos
1061 1045 1310 1099 homines
1341 1041 1430 1110 qui
1471 1040 1688 1094 exsules
1727 1038 2085 1108 vagabantur,
2119 1051 2208 1089 re-

642 1141 824 1209 cipere
866 1147 1071 1209 posset.
1117 1138 1266 1190 llunc
1310 1149 1438 1203 ergo
1482 1133 1659 1186 locum
1708 1145 1831 1185 cum
1889 1128 2188 1197 accepisset

633 1231 922 1302 episc0pus
967 1229 1272 1290 “'ilfridus,
1321 1225 1562 1280 fundavit
1591 1223 1660 1277 ibi
1702 1222 2111 1285 monasterium,
2149 1235 2212 1274 ac

643 1323 873 1392 regulari
910 1323 1021 1375 vita
1071 1320 1322 1381 instituit,
1369 1317 1604 1371 maxime
1655 1323 1833 1368 tamen
1876 1329 1941 1365 ex
1982 1313 2047 1367 iis
2077 1328 2212 1381 quos

631 1427 814 1480 secum
869 1413 1168 1466 adduxerat
1248 1409 1533 1463 fratribus.
1603 1406 1756 1472 Quod
1825 1405 2209 1459 monasterium

637 1520 811 1574 usque
866 1505 1022 1559 hodie
1077 1516 1421 1557 successores
1481 1499 1598 1568 ejus
1653 1509 1838 1552 tenere
1891 1506 2206 1552 noscuntur.

629 1597 881 1646 Attamen
939 1593 1094 1646 sedes
1134 1591 1408 1645 cathedra
1450 1587 1773 1657 episeopalis
1818 1588 1871 1642 in
1913 1586 2207 1641 Cieestram

630 1691 1046 1749 postcagmutata
1081 1691 1183 1736 est.
1227 1680 1459 1750 lnclytus
1491 1689 1675 1733 autem
1727 1679 1888 1735 Pater
1917 1678 2205 1732 Wilfi'idns

2317 484 2469 552 prius
2507 481 2700 538 eodem
2739 479 2840 534 sibi
2875 477 3214 533 familiariter
3240 493 3452 552 accepto
3475 487 3630 538 meruit
3651 483 3756 544 huc;

2317 584 2398 628 ter
2435 587 2549 628 sua
2578 571 2768 626 ditioni
2801 569 3088 637 subjicere.
3117 569 3230 638 Ipsa
3263 581 3434 626 autem
3459 574 3570 628 hora
3599 581 3754 646 quaipse

2315 682 2406 721 rex
2435 665 2586 736 gravi
2628 663 2769 718 bello
2813 664 2868 716 in
2910 657 3185 716 Pictorum
3215 664 3478 733 provincia
3499 669 3752 736 premebatur,

2316 773 2513 813 servus
2557 754 2945 826 omnipotentis
2986 754 3079 810 Dei
3125 752 3404 810 Wilfridus
3441 757 3488 810 in
3530 757 3633 812 Sutb
3654 761 3752 814 Sain-

2317 847 2405 902 nia
2468 847 2639 902 sacris
2695 846 2986 902 missarum
3041 844 3480 900 celebrationibus
3528 847 3752 903 intendunt.

2315 942 2560 1012 Cumque
2588 941 2736 995 dicto
2760 939 2985 995 Sursum
3014 939 3196 1003 corda,
3220 938 3599 1009 responderetur
3621 961 3631 993 :
3653 941 3753 994 Hal:-

2318 1047 2436 1086 mus
2462 1032 2530 1085 ad
2558 1031 2867 1094 Dominum,
2919 1039 3103 1100 raptus
3133 1029 3188 1082 in
3217 1029 3410 1083 mentis
3437 1045 3662 1086 excessum
3679 1034 3754 1088 vidit

2313 1124 2503 1178 eodem
2526 1130 2802 1177 momento
2834 1137 2928 1191 per
2963 1121 3210 1191 spiritum
3247 1121 3342 1176 Dei
3390 1121 3623 1176 chridum
3643 1128 3749 1192 capite

2314 1229 2510 1268 CiBSUIII
2557 1215 2714 1268 morti
2749 1214 3127 1284 procumbere.
3157 1211 3270 1278 Qua
3310 1213 3505 1267 visione
3528 1218 3754 1283 perterritus

2316 1304 2506 1373 majori
2547 1316 2627 1359 est
2672 1320 2770 1374 per
2817 1305 3087 1358 modicum
3133 1313 3341 1358 terrore
3384 1303 3637 1372 perculsus.
3665 1305 3752 1368 Nam,

2312 1410 2434 1448 cum
2476 1395 2756 1463 sequentia
2805 1395 2982 1448 missae
3019 1403 3454 1464 prosequeretur,
3496 1403 3542 1448 et
3571 1394 3611 1447 iu
3638 1397 3753 1464 preli-

2315 1485 2458 1539 tione
2482 1483 2587 1538 I’er
2612 1483 2884 1538 Christum
2926 1483 3210 1538 Dominum
3252 1495 3480 1538 nostrum
3511 1485 3753 1540 diceretnrali

2313 1574 2455 1644 ipso,
2498 1577 2732 1646 aspexit,
2774 1585 2830 1628 et
2857 1589 2981 1630 ecce
3010 1576 3113 1630 duo
3137 1575 3354 1644 maligni
3393 1574 3586 1642 spiritus
3615 1577 3752 1628 animam

2310 1665 2456 1734 regis
2504 1676 2631 1718 ante
2679 1664 2850 1732 ipsius
2905 1663 3092 1719 oculos
3133 1664 3503 1718 miserabiliter
3543 1664 3751 1724 attulerunt.

629 1777 736 1829 illis
773 1777 823 1829 in
856 1776 1099 1846 partibus
1139 1790 1311 1829 annos
1355 1774 1610 1844 quinque,
1667 1775 1768 1828 boc
1816 1780 1898 1828 est
1940 1786 2109 1840 usque
2139 1785 2186 1823 at

2311 1753 2498 1822 sicque
2539 1754 2814 1808 horrendo
2856 1755 3056 1824 gemitu
3101 1756 3462 1826 suspirantem
3486 1771 3631 1809 secum
3653 1758 3693 1808 ad
3708 1759 3754 1808 ia-

630 1878 857 1924 mortem
889 1868 1109 1933 Eefridi,
1145 1867 1280 1922 inira
1318 1868 1608 1922 sanctitate
1657 1875 1712 1921 et
1749 1865 2034 1936 prudentia
2075 1880 2208 1933 prae-

633 1961 799 2022 ditus,
829 1959 1062 2014 oﬂieitnn
1095 1960 1440 2029 epise0patus
1459 1957 1713 2012 omnibus
1744 1956 1900 2009 valde
1930 1954 2127 2009 charns
2154 1963 2208 2008 et

629 2049 958 2105 honorabilis
1009 2049 1465 2104 administrabat:
1499 2048 1565 2102 ad
1616 2063 1778 2118 quem
1829 2047 1902 2101 illi
1950 2062 2046 2102 rex
2080 2061 2205 2100 cum

635 2139 856 2208 prwfata
913 2140 1251 2208 possessione
1307 2154 1497 2194 omnes
1542 2154 1662 2207 qua:
1717 2138 1914 2192 ibidem
1974 2146 2206 2207 reperta:

627 2242 751 2284 sunt
796 2229 1078 2286 facultates
1119 2247 1240 2286 cum
1286 2231 1432 2299 agris
1481 2241 1537 2285 et
1587 2228 1900 2284 hominibus
1963 2230 2201 2284 donavit.

631 2320 832 2375 Omnes
867 2322 968 2375 [ide
1008 2321 1209 2376 Christi
1254 2321 1488 2375 imbutos
1522 2319 1662 2373 unda
1695 2318 2000 2388 baptismali
2029 2319 2198 2374 lavit:

633 2409 780 2464 inter
801 2428 935 2480 quos
960 2426 1145 2466 servos
1174 2411 1456 2480 utriusque
1489 2425 1654 2465 sexus
1690 2424 1914 2466 numero
1944 2410 2204 2466 ducentos

631 2501 1033 2574 quinquaginta
1069 2503 1380 2572 baptizavit,
1417 2518 1552 2572 quos
1591 2511 1650 2556 ut
1687 2501 2004 2572 baptizando
2031 2517 2062 2556 a
2090 2518 2203 2558 ser-

629 2596 795 2649 vitute
840 2595 1104 2652 diabolica
1149 2596 1418 2661 liberavit,
1469 2595 1548 2650 sic
1592 2595 1759 2651 etiam
1821 2594 2056 2649 libertati
2105 2595 2202 2651 do~

627 2687 806 2740 nando
829 2687 1076 2744 humana
1095 2687 1226 2758 jugo
1254 2689 1530 2742 servitutis
1559 2685 1811 2741 absolvit.

695 2779 782 2832 48.
827 2779 953 2834 Post
981 2781 1114 2843 haec,
1141 2795 1264 2833 cum
1292 2779 1579 2841 Cedwalla,
1620 2780 1710 2850 qui
1745 2780 1814 2833 ab
1849 2779 2043 2835 exsilio
2080 2793 2195 2834 me—

626 2868 745 2923 ritis
769 2878 824 2923 et
852 2870 1343 2924 lnterveutiouibus
1384 2871 1526 2924 beati
1563 2869 1797 2924 Wilfridi
1829 2869 2008 2932 fuerat
2044 2885 2200 2925 revo-

623 2969 796 3024 catus,
824 2976 987 3029 regno
1016 2962 1218 3030 potitus
1255 2971 1399 3016 esset
1435 2961 1807 3026 Cevissoruin,
1849 2961 2069 3018 Veetam
2111 2961 2197 3016 in-

621 3051 793 3105 sulam
825 3051 964 3104 bello
1009 3067 1222 3122 capere,
1248 3069 1311 3106 ac
1371 3052 1609 3121 expulsis
1658 3051 1918 3120 indigenis
1953 3052 2198 3107 homines

621 3155 730 3194 sua:
755 3141 1045 3210 provincia:
1070 3142 1346 3212 cogitabat
1391 3141 1566 3196 cidem
1617 3141 1809 3196 insula:
1843 3140 2192 3197 substituere.

620 3221 820 3285 Fu’erat
850 3241 1027 3286 autem
1054 3234 1240 3286 eadem
1286 3232 1456 3287 insula
1489 3243 1712 3287 eatenus
1749 3231 2062 3288 idololatria:
2101 3234 2194 3289 de-

620 3319 754 3374 dita.
794 3320 890 3376 Ubi
925 3337 1050 3378 vero
1095 3323 1162 3377 ad
1206 3332 1477 3378 certamen
1521 3333 1739 3378 ventum
1795 3333 1896 3392 est,
1951 3333 2075 3380 voto
2129 3340 2189 3381 se

622 3421 955 3466 memoratus
987 3413 1260 3484 princeps,
1313 3413 1562 3484 quamvis
1607 3413 1843 3467 nondum
1887 3415 1938 3468 in
1971 3415 2190 3471 Christo

619 3512 989 3580 regeneratus,
1039 3505 1312 3570 astrinxit,
1365 3505 1618 3574 quoniam
1664 3505 1707 3559 si
1752 3505 1927 3561 victor
1963 3508 2189 3564 insulam

616 3591 869 3660 cepisset,
924 3603 1175 3663 quartam
1233 3594 1352 3664 ejus
1403 3605 1611 3665 partem
1670 3596 1830 3652 simul
1879 3607 1933 3652 et
1995 3601 2191 3667 przedre

613 3680 832 3737 Christo
894 3683 1120 3739 Domino
1186 3685 1363 3740 daret.
1408 3685 1558 3752 Quod
1617 3687 1731 3756 ipse
1778 3687 2005 3742 victoria
2061 3705 2189 3743 usus

616 3771 795 3825 taliter
823 3773 1005 3842 solvit,
1052 3784 1110 3827 ιιι
1153 3774 1290 3831 hanc
1319 3775 1476 3830 beato
1517 3774 1764 3830 Wilfrido
1794 3779 2050 3830 utendam
2086 3793 2188 3848 pro

615 3862 837 3916 Domino
865 3863 1104 3919 offerret.
1132 3865 1193 3920 Et
1223 3864 1474 3935 quoniam
1522 3882 1775 3921 mensura
1818 3868 2060 3937 ejusdem
2113 3871 2188 3922 in-

610 3955 760 4018 sulte,
784 3955 936 4024 juxta
973 3959 1386 4013 :estimationem
1407 3959 1728 4032 Anglorum,
1750 3958 2080 4015 familiarum
2103 3972 2186 4016 est

612 4049 756 4104 mille
794 4051 1170 4116 ducentarum,
1205 4051 1325 4106 data
1349 4059 1432 4107 est
1455 4052 1680 4107 antistiti
1724 4055 1993 4122 possessio
2027 4062 2185 4110 terra:

610 4140 937 4196 familiarum
986 4153 1374 4202 trecentarum.
1407 4145 1476 4198 At
1512 4147 1626 4216 ipse
1663 4154 1870 4215 partem
1901 4161 2062 4216 quam
2090 4163 2184 4203 ac—

609 4233 772 4302 cepit,
801 4235 1201 4290 commendavit
1222 4237 1435 4291 cuidam
1462 4237 1528 4292 de
1554 4229 1765 4294 clericis
1793 4239 1926 4303 suis,
1969 4239 2056 4296 cui
2089 4255 2182 4294 no-

611 4337 732 4377 men
785 4323 1111 4400 Dcrnuinus,
1174 4325 1266 4395 qui
1301 4336 1418 4381 erat
1461 4327 1599 4383 filius
1638 4329 1844 4384 sororis
1869 4329 2006 4398 ejus,
2047 4330 2182 4385 dans

2319 1843 2459 1898 ferni
2497 1843 2732 1899 claustra
2783 1844 3038 1900 tulerunt.
3083 1845 3230 1900 Illico
3273 1847 3466 1901 Accam
3505 1846 3753 1916 presbyterum

2314 1951 2469 1990 suum
2519 1935 2756 2002 vocavit,
2805 1945 2857 1990 et
2883 1937 2931 1991 ei
2959 1947 3152 1992 cuncta
3188 1953 3311 2007 qua:
3341 1937 3536 1991 viderat
3567 1942 3752 1991 enarravit.

2309 2028 2386 2081 Ad
2413 2043 2532 2098 qua:
2551 2027 2842 2098 presbyter
2867 2029 3174 2083 vehementi
3224 2039 3443 2098 stupore
3479 2029 3688 2093 attonitus,
3707 2033 3753 2083 ni

2310 2116 2451 2174 illius
2523 2116 2705 2171 verbis
2778 2119 3019 2173 auditum
3089 2120 3365 2189 patienter
3414 2120 3605 2173 credere
3639 2125 3752 2189 potuit

2305 2207 2490 2264 Justus
2537 2221 2716 2266 autem
2766 2210 2908 2265 diem
2948 2219 3002 2266 et
3047 2211 3236 2266 horam
3288 2212 3449 2283 regite
3486 2211 3754 2267 iulerfectiouis

2308 2301 2534 2369 notavit,
2583 2313 2641 2358 et
2688 2313 2808 2357 eam
2852 2303 3021 2374 ipsam
3063 2302 3231 2359 fuisse
3275 2312 3399 2376 post
3431 2304 3604 2374 aliquot
3624 2305 3752 2359 dicite

2307 2403 2475 2464 gestae
2502 2395 2780 2450 attestatio
2808 2395 3204 2464 comprobavit.

2375 2485 2465 2540 50.
2507 2486 2675 2542 Fama
2722 2489 2890 2559 igitur
2933 2490 3364 2560 circumquaque
3388 2491 3518 2563 regis
3542 2493 3753 2546 obitumtle

2303 2579 2608 2644 nuntiante,
2660 2580 2828 2635 veloci
2887 2581 3056 2636 relatu
3092 2584 3159 2636 ad
3194 2600 3358 2638 aures
3387 2584 3616 2640 Theodori
3640 2597 3752 2638 uaro-

2302 2669 2553 2739 politana:
2575 2673 2717 2727 sedis
2743 2673 3003 2729 antistitis
3029 2678 3301 2744 pervenit.
3333 2677 3430 2742 Qui
3453 2678 3656 2733 delictum
3673 2680 3752 2746 φοι

2297 2761 2410 2830 jam
2437 2765 2565 2819 olim
2597 2766 2648 2821 in
2679 2768 2938 2823 famulum
2967 2768 3061 2826 Dei
3089 2773 3459 2840 commiserat,
3485 2772 3753 2830 consentiendi

2304 2855 2555 2911 videlicet
2595 2872 2718 2912 eum
2769 2861 2929 2916 tantis
2979 2863 3497 2931 perturbationibus,
3537 2876 3584 2918 ut
3621 2863 3751 2934 prafali

2301 2961 2507 3010 sumus,
2543 2945 2741 3017 injuste
2771 2949 2973 3021 afﬂigi;
3022 2953 3146 3020 hoc,
3193 2956 3438 3027 inquam,
3476 2955 3674 3010 delictum
3701 2954 3751 3004 ιιι-

2301 3039 2413 3095 mili
2457 3041 2830 3098 satisfactione
2879 3046 3156 3117 corrigere
3202 3049 3414 3104 volens.
3461 3049 3584 3103 misit
3619 3055 3752 3116 prope!

2297 3146 2444 3198 eum,
2476 3135 2617 3190 etad
2640 3150 2700 3190 se
2721 3135 3019 3193 honorifice
3049 3141 3376 3209 perductum
3402 3141 3560 3196 taliter
3589 3148 3652 3194 est
3680 3137 3754 3190 λιιι

2298 3235 2501 3280 cutus:
2567 3227 2748 3293 «Fili,
2803 3229 2913 3286 imo
2965 3231 3230 3287 virtutum
3283 3235 3484 3290 meritis
3524 3232 3753 3289 sanctiss‘iaa

2296 3312 2478 3379 Pater,
2513 3332 2612 3388 ego
2637 3320 2726 3388 qui
2751 3321 2817 3374 ad
2844 3321 2946 3376 hoc
2977 3337 3087 3391 pra:
3111 3327 3328 3381 cmteris
3357 3327 3633 3382 constitutus
3648 3337 3753 3380 erata.

2296 3415 2354 3459 ut
2377 3408 2522 3461 omni
2574 3407 2852 3477 illjllSliiitI!
2889 3428 3009 3482 qua:
3045 3415 3235 3484 in_hoc
3261 3433 3428 3487 regno
3448 3429 3752 3486 eiucrgerepns-

2294 3507 2398 3564 set,
2441 3499 2762 3568 obviarem;
2808 3507 3026 3575 propria
3070 3506 3368 3578 fragilitate
3395 3503 3752 3575 subactus,piuri-

2293 3591 2396 3646 mis
2441 3591 2536 3645 tibi
2580 3603 2769 3648 contra
2811 3583 2902 3664 jus
2942 3597 3384 3666 adversantibus,
3424 3600 3587 3662 fauor,
3612 3596 3753 3650 multum

2292 3683 2566 3752 peccando
2589 3687 2862 3742 consensi.
2893 3687 2999 3742 Sed
3037 3689 3172 3744 mihi
3221 3692 3436 3762 culpam
3478 3689 3631 3746 fatenti
3654 3688 3750 3741 cta-

2294 3774 2424 3828 timo
2447 3775 2610 3831 corde
2645 3777 3019 3848 ptenilentiam
3059 3781 3243 3850 agenti
3287 3782 3428 3852 pius,
3466 3776 3751 3851 qutesonan!

2291 3863 2515 3937 largitor
2561 3869 2774 3923 assiste.
2828 3868 3027 3925 Ultima
3066 3885 3198 3942 ergo
3229 3889 3382 3935 meae,
3420 3865 3750 3928 sicuttuccm’l.

2289 3973 2432 4012 nunc
2458 3958 2660 4015 instant
2687 3969 2931 4032 tempora
2963 3965 3117 4032 vit-.e;
3159 3980 3228 4021 ac
3261 3981 3360 4036 per
3387 3968 3484 4020 hoc
3500 3962 3614 4032 quod
3634 3960 3749 4026 ὀφτε·

2289 4064 2382 4104 cor
2401 4065 2599 4114 annue.
2628 4060 2706 4117 el,
2744 4053 3058 4124 suppliciter
3090 4073 3120 4112 a
3151 4072 3238 4112 me
3263 4057 3544 4128 postulatus
3569 4045 3749 4106 interch

2285 4155 2384 4210 pro
2432 4155 2536 4194 me.
2569 4157 2588 4192 ι
2646 4138 2890 4198 Territus
2930 4146 3016 4201 his
3050 4147 3234 4202 verbis
3267 4147 3394 4202 Jesu
3423 4143 3594 4201 Christi
3615 4133 3746 4195 Domini

2285 4247 2494 4301 servus,
2524 4237 2802 4309 respondit
2833 4253 2846 4290 :
2883 4254 2902 4288 ι
2928 4236 2996 4292 Et
3034 4231 3254 4308 quidem
3300 4238 3479 4294 multis
3506 4249 3575 4290 me
3603 4226 3746 4285 tribula-

2288 4323 2520 4384 tionibus
2545 4338 2595 4385 te
2616 4329 2987 4385 consentiente
3013 4328 3296 4395 amictum,
3328 4339 3503 4401 pastor
3521 4317 3744 4380 venerande.

611 4410 685 4465 illi
717 4413 1089 4483 presbyterum
1137 4416 1352 4471 nomine
1396 4416 1667 4484 Hildilam,
1709 4421 1953 4491 utrisque
1983 4422 2172 4490 prmei-
2207 4433 2254 4492 ι)
2285 4433 2393 4472 non
2417 4421 2620 4476 nescio.
2644 4420 2802 4476 Absit
2827 4432 3031 4487 tamen,
3068 4421 3210 4478 absit
3241 4431 3303 4476 ut
3329 4423 3427 4476 hoc
3452 4428 3498 4474 te
3517 4413 3661 4488 quavis
3679 4421 3740 4460 ιω

608 4501 784 4570 piens,
832 4511 1101 4572 quatenus
1146 4505 1200 4558 in
1239 4497 1352 4575 ipsa
1389 4507 1561 4562 insola
1593 4509 2003 4581 quibuseuuque
2034 4511 2177 4565 vale-

608 4599 748 4659 rent,
800 4593 1022 4646 verbnm
1076 4610 1140 4648 ac
1181 4593 1455 4650 lavacrum
1487 4597 1607 4652 vitae
1641 4599 2031 4655 ministrarent.
2075 4599 2176 4667 Qui

605 4682 905 4737 ministerio
931 4683 1334 4753 praedicationis
1361 4698 1660 4758 assumpto,
1686 4691 1895 4745 meritis
1921 4700 1975 4744 et
2003 4689 2175 4746 inter-

602 4771 937 4826 cessionibus
961 4772 1101 4827 beati
1129 4773 1305 4830 l’atris
1327 4791 1531 4846 suaque
1555 4777 2173 4844 instantia,Christiante

603 4861 722 4916 fidei
747 4863 875 4934 jugo
905 4863 1184 4933 prmfatain
1217 4867 1448 4921 insulam
1476 4869 1846 4938 subiecerunt.

670 4953 760 5008 49.
801 4957 956 5009 Anno
981 4956 1246 5011 incarnati
1281 4958 1438 5014 Verbi
1472 4961 1570 5014 Dei
1592 4954 1994 5016 sexcentesimo
2023 4973 2176 5018 octo-

598 5047 802 5115 gesimo
822 5051 1031 5117 quinto,
1051 5065 1173 5105 cum
1198 5049 1447 5107 chridus
1468 5069 1560 5108 rex
1578 5052 2173 5118 Nordamhumbrorum

601 5144 801 5190 temere
830 5139 1128 5193 exercitiim
1160 5139 1227 5192 ad
1266 5145 1584 5198 vastandam
1627 5145 1903 5202 Pictorum
1949 5151 2171 5220 provin-

575 5227 736 5281 ‘ciam
800 5230 1084 5295 duxisset,
1136 5232 1381 5291 hostibus
1443 5235 1624 5307 fugam
1674 5237 2075 5305 simulantibus,
2118 5239 2170 5296 in

597 5324 871 5390 angustias
931 5327 1330 5386 inaccessorum
1400 5332 1662 5383 montium
1713 5341 1798 5386 est
1853 5333 2165 5403 perductus,

596 5420 759 5480 atque
781 5430 900 5469 cum
925 5421 1156 5474 maxima
1187 5422 1267 5475 sui
1291 5411 1766 5494 exerci’tnseopia,
1791 5439 1953 5493 quam
1984 5422 2167 5482 secum

595 5504 912 5573 abduxerat,
960 5513 1279 5567 exstinctus.
1331 5513 1399 5566 Et
1431 5513 1649 5583 quidem
1699 5515 1870 5585 juste,
1913 5519 2009 5588 qui
2041 5536 2165 5575 eum

595 5595 766 5652 virum
804 5598 929 5652 vita:
973 5599 1121 5654 nullo
1163 5609 1323 5670 pacto
1369 5601 1422 5654 in
1466 5601 1760 5657 amicitiam
1795 5620 1955 5660 suam
1987 5606 2068 5660 vel
2110 5608 2160 5662 in

588 5691 705 5759 jura
747 5694 1030 5762 potestatis
1076 5708 1185 5746 suzc
1222 5694 1470 5761 dignatus
1493 5702 1577 5748 est
1613 5696 1925 5764 admittere,
1966 5699 2160 5755 merito

2280 4508 2392 4564 litia
2431 4510 2706 4567 inductum
2745 4513 2910 4568 fuisse
2948 4514 3279 4570 crediderim
3313 4514 3326 4568 !
3383 4513 3579 4572 Verum,
3619 4513 3660 4558 ιιι
3689 4514 3744 4552 ³⁸⁸

2281 4608 2453 4667 tumo,
2481 4619 2542 4658 ea
2570 4605 2752 4674 potius
2801 4606 3104 4661 intentione
3140 4605 3193 4661 id
3235 4606 3434 4670 fecisti,
3474 4601 3579 4674 quia
3605 4595 3743 4650 reicias

2281 4707 2366 4746 me
2409 4708 2504 4762 per
2541 4695 2686 4766 ipsas
2733 4696 3110 4753 tribulationes
3143 4698 3198 4754 in
3232 4697 3487 4768 patientia
3541 4685 3740 4748 exerceri;

2278 4794 2544 4854 quatenus
2594 4790 2956 4844 anxietatibus
3014 4800 3200 4858 actus,
3254 4806 3351 4862 per
3410 4790 3504 4843 iter
3545 4777 3733 4854 patienti:

2277 4889 2488 4944 possem
2533 4878 2876 4947 perfectionis
2922 4879 3140 4935 culmen
3191 4883 3468 4952 attingere.
3505 4876 3741 4943 ρυεριοιιια

2279 4965 2450 5020 ιιιυΙιο
2507 4968 2678 5038 magis
2709 4969 2800 5024 tibi
2848 4985 2944 5040 pro
2992 4981 3084 5026 tua
3134 4972 3273 5027 bona
3328 4969 3593 5025 intentione
3627 4966 3739 5030 εηιτε

2279 5072 2446 5126 agere
2500 5061 2694 5126 debeo,
2739 5077 2900 5132 quam
2934 5072 2988 5117 tu
3022 5064 3161 5133 apud
3195 5080 3278 5120 me
3308 5064 3428 5118 inde
3455 5059 3627 5115 veniam
3649 5060 3738 5119 qn:-

2276 5163 2397 5202 rere
2423 5167 2436 5202 :
2464 5153 2762 5219 praesertim
2795 5169 2916 5207 cum
2948 5170 3222 5224 nunquam
3266 5155 3418 5209 venia
3463 5151 3549 5204 rite
3581 5149 3737 5214 petatur.

2275 5240 2378 5294 nisi
2425 5241 2568 5296 unde
2621 5241 2802 5312 aliqua
2850 5245 3078 5301 oﬂ‘cnsio
3130 5257 3402 5302 contracta
3445 5258 3549 5300 esse
3571 5242 3735 5308 putaluro

2274 5326 2380 5386 Sed
2402 5334 2660 5402 quoniam
2697 5346 2746 5388 te
2776 5336 3199 5408 circumquaque
3235 5325 3489 5394 oculatum
3511 5334 3644 5386 instar
3668 5332 3736 5373 (ω’

2272 5424 2422 5480 lestis
2463 5427 2714 5482 animalis
2736 5443 2859 5483 esse
2887 5445 2994 5484 non
3019 5434 3224 5498 nescio,
3265 5427 3611 5504 perspicaciter
3631 5425 3733 5481 ιιιικ

2270 5515 2549 5573 subtiliter
2602 5535 2722 5588 qua:
2776 5529 2902 5575 sunt
2951 5523 3180 5578 videnda
3230 5533 3278 5578 te
3315 5521 3620 5576 considerare
3657 5519 3732 5574 Pe"

2269 5608 2474 5679 Deﬂdo.
2525 5607 2601 5662 Ea
2645 5619 2866 5681 propter
2891 5611 2934 5665 si
2965 5594 3123 5682 putas
3171 5622 3247 5680 te,
3277 5612 3432 5666 Pater
3454 5598 3730 5662 dilectissime.

2273 5698 2476 5770 aliquid
2519 5701 2728 5772 peccati
2768 5704 3108 5762 contraxisse
3151 5705 3204 5759 in
3248 5705 3312 5759 iis
3358 5718 3470 5772 quat
3513 5697 3730 5751 contra!ne
