3870 6304
28 339 137 396 ’131Δ

1311 335 1472 392 VITA
1499 335 1560 392 δέ
1593 332 1940 392 ψιιριιιοι.

3188 291 3320 396 tta"

32 453 160 510 ﬁeri
188 448 560 516 consensisti,
589 457 852 519 quantum
877 461 996 504 mea
1023 456 1200 504 mente
1237 447 1411 504 libens
1447 447 1620 502 indul-
1647 447 1694 501 Α
1722 446 1866 501 lenta
1897 447 2170 503 damnatio
2197 447 2344 517 ejus!
2386 459 2442 506 et
2480 466 2644 523 quam
2685 449 2910 507 difficile
2939 451 3008 506 ad
3035 451 3313 510 subterfu-

31 558 162 616 geo,
189 541 549 611 etindnlgens
594 539 760 595 etiam
805 556 969 609 super
1005 549 1056 595 te
1084 539 1624 609 miscricordiamju-

32 633 179 686 dicis
229 631 417 686 venire
461 629 690 700 supplici
738 629 1025 686 devotione
1064 629 1317 698 deposco.
1350 649 1369 681 ι
1406 631 1483 684 Ex
1522 632 1624 686 hoc

34 724 356 778 firmissima
397 722 846 792 sanctissimaque
889 724 1029 777 inter
1073 723 1220 792 ipsos
1270 725 1623 780 venerabiles

32 817 191 870 viros
243 829 378 885 pace
432 813 688 880 fundata,
752 814 1010 884 pastorali
1057 815 1382 871 auctoritate
1439 825 1626 870 mutuo

34 905 414 961 sesesChristo
455 905 838 973 conciliavere,
887 915 942 961 et
978 906 1167 963 laetitia
1215 908 1486 978 spirituali
1531 909 1623 980 ju-

36 997 372 1062 cundantes,
398 1011 518 1066 quae
547 997 643 1052 Dei
666 1005 790 1053 sunt
812 997 1070 1053 unanima
1094 999 1400 1055 assertione
1428 1007 1633 1055 tracta-

38 1105 191 1145 V876.

112 1182 206 1237 5L
240 1182 514 1238 Praeterea
538 1181 857 1238 Theodorus
885 1183 1032 1238 misit
1055 1183 1262 1238 litteras
1287 1182 1512 1247 Alfrido,
1537 1184 1628 1253 qui

39 1272 92 1325 in
120 1280 291 1342 gente
331 1271 905 1327 Nordanbumbrorum
930 1271 1185 1328 defuncto
1206 1273 1424 1327 chrido
1447 1272 1630 1344 funge-

39 1355 249 1417 batur:
285 1363 340 1418 in
364 1363 559 1432 quibus
601 1363 703 1418 sibi
756 1365 1025 1419 rhetorica
1057 1363 1308 1420 facundia
1353 1366 1527 1420 suasit
1576 1373 1632 1421 et

39 1453 338 1521 persuasit,
371 1462 637 1524 quatenus
667 1455 826 1510 beato
856 1455 1106 1510 Wilfrido
1138 1472 1210 1517 ex
1235 1456 1398 1511 corde
1425 1456 1633 1513 amicus

40 1548 222 1610 ﬁeret,
253 1561 488 1616 eumque
512 1547 565 1602 in
606 1548 734 1603 sede
764 1547 1023 1604 Ecclesia:
1049 1563 1184 1613 suae,
1211 1548 1278 1603 de
1303 1563 1407 1618 qua
1438 1549 1635 1618 injuste

37 1639 325 1710 depositus
359 1639 557 1705 fuerat,
603 1639 903 1696 honorifice
941 1641 1228 1709 reciperet.
1279 1640 1496 1696 Ailredo
1555 1641 1631 1711 (δ)

39 1733 208 1786 etiam
241 1733 359 1800 regi
395 1730 740 1798 Merciorum,
771 1747 940 1788 necne
973 1733 1294 1803 quibusdam
1326 1733 1446 1788 aliis
1473 1747 1633 1803 super

1730 542 1983 612 giendum
2013 557 2079 596 ex
2123 547 2510 601 consuetudine
2555 548 2850 602 admissum
2875 546 2965 616 jus
2991 535 3301 617 possessio-

1729 634 1984 704 nis'ejus!
2021 634 2158 691 Dum
2190 637 2334 691 enim
2361 638 2480 694 viro
2507 638 2724 694 virtutis
2744 639 2872 708 quid
2915 639 3036 694 novi
3083 639 3136 694 in
3162 641 3315 709 pacis

1729 729 2139 788 subversionem
2180 728 2442 799 objiceret
2482 746 2589 784 non
2641 716 2930 793 inveniret,
2967 728 3313 799 antiquarum

1730 819 2125 876 dissensionum
2149 835 2499 892 pcrsuasores
2523 821 2576 875 in
2602 819 2858 891 pristinos
2887 829 3065 874 motus
3091 829 3312 885 exertat,

1730 919 1786 964 et
1824 911 2078 969 celeriter
2107 928 2205 983 per
2233 927 2328 967 eos
2363 927 2570 982 regem,
2623 927 2754 982 pace
2783 912 3054 975 discussa,
3091 912 3142 966 in
3177 912 3313 966 iram

1732 1013 1924 1057 contra
1964 1003 2276 1072 pontificem
2327 1011 2527 1056 armat.
2583 1001 2737 1065 Nam,
2783 1003 2965 1056 verbis
3014 1001 3314 1056 delatorum:

1731 1109 2014 1162 accensus,
2062 1096 2114 1151 in
2146 1097 2326 1150 varias
2353 1104 2408 1149 et
2443 1093 2768 1164 multiplices
2796 1092 3169 1163 possessiones
3197 1091 3316 1162 ejus

1733 1192 1896 1260 coepit
1937 1192 2116 1247 subita
2161 1191 2453 1260 cupiditate
2497 1199 2746 1255 aestuare,
2779 1198 2833 1243 et
2871 1188 3094 1257 easjuri
3130 1189 3310 1244 eccle-

1732 1279 1959 1346 siarum,
1991 1279 2190 1350 quibus
2215 1280 2355 1334 datae
2393 1275 2627 1342 fuerant,
2664 1294 2768 1331 non
2789 1276 2912 1345 jure
2953 1277 3187 1331 auferre.
3213 1275 3313 1332 Cui

1733 1374 1987 1443 quoniam
2032 1371 2314 1426 Wilfridus
2340 1369 2630 1440 episcopali
2673 1369 2997 1424 auctoritate
3037 1361 3312 1422 contraire

1735 1479 1840 1519 non
1876 1463 2072 1525 timuit,
2099 1464 2246 1533 gravi
2274 1459 2464 1517 contra
2495 1475 2554 1514 se
2586 1454 2766 1529 regem
2803 1459 3080 1513 iracundia
3109 1456 3320 1511 inﬂam-

1736 1557 1919 1610 mavit.
1956 1556 2110 1612 Unde
2157 1556 2358 1609 factum
2385 1563 2469 1608 est
2515 1551 2594 1607 ut~
2620 1568 2713 1606 rex
2745 1552 2892 1606 illum
2924 1552 3175 1605 onmibus
3204 1543 3320 1606 Suis

1735 1647 2021 1717 spoliatum
2063 1663 2092 1700 a
2128 1661 2294 1717 regno
2323 1660 2422 1700 suo
2449 1645 2649 1714 pellere
2689 1639 3034 1713 proponeret.
3062 1645 3142 1698 Ad
3174 1643 3318 1713 quod

1737 1739 2103 1808 peragendum
2141 1749 2200 1792 ut
2233 1739 2698 1808 archiepiscopum
2729 1736 3171 1792 Cantuariensem
3197 1753 3320 1806 pro-

39 1824 234 1879 eodem
270 1825 488 1895 negotio
512 1825 803 1885 mandavit,
834 1824 1032 1894 quibus
1059 1840 1123 1880 ea
1179 1826 1238 1882 de
1271 1840 1330 1880 re
1373 1828 1631 1882 mandare
1664 1797 1703 1855 Β
1735 1829 1892 1898 positi
1938 1831 2020 1884 sui
2071 1839 2447 1884 exsecutorem
2493 1828 2738 1894 haberet,
2779 1831 3027 1899 opposuit
3063 1830 3137 1884 illi
3177 1829 3320 1900 quod

40 1933 152 1970 non
183 1917 546 1986 incongruum
580 1916 866 1987 judicavit.
908 1915 1010 1984 Qui
1040 1931 1230 1972 omnes
1258 1933 1366 1972 una
1398 1933 1521 1973 cum
1549 1933 1634 1974 rc-

39 2008 203 2076 gibus
266 2009 536 2063 mandatis
581 2009 694 2080 pari
743 2009 1098 2065 consensione
1143 2008 1414 2074 faventes,
1462 2010 1629 2065 multa

37 2102 230 2158 cordis
253 2102 533 2157 alacritate
567 2101 958 2158 nobilissimum
992 2103 1200 2158 Domini
1224 2103 1481 2158 famulum
1507 2118 1630 2161 sese

37 2194 94 2248 in
122 2194 342 2263 propria
373 2201 687 2263 recepturos
716 2195 1120 2249 remandavere.
1163 2193 1302 2262 Quin
1343 2195 1504 2249 etiam
1536 2211 1627 2251 rex

36 2282 288 2338 Alfridus
319 2284 527 2339 nuntiis
570 2298 602 2339 a
643 2284 811 2339 latere
849 2299 959 2361 suo
986 2285 1228 2350 directis,
1259 2285 1438 2340 debito
1469 2301 1630 2341 vene-

37 2376 280 2431 rationis
319 2377 576 2432 obseouio
615 2377 788 2432 virum
831 2391 1088 2432 revocare
1136 2378 1408 2447 praecepit.
1441 2378 1626 2449 Reguli

32 2481 174 2538 ergo
215 2456 562 2534 invitatione,
616 2483 719 2525 nec
773 2481 878 2523 non
929 2469 1224 2538 pontificali
1269 2470 1629 2539 praeceptione

34 2558 347 2614 conventus
370 2559 436 2613 ad
463 2575 615 2614 suam
658 2560 942 2616 ecclesiam
985 2561 1164 2616 rediit.
1213 2560 1257 2617 0
1305 2577 1466 2631 quam
1498 2561 1625 2617 felix

33 2650 136 2704 ille
181 2649 300 2705 dies
343 2651 594 2705 omnibus
633 2666 733 2721 per
785 2651 839 2705 id
892 2651 1131 2706 locorum
1160 2655 1629 2709 commanentibus

30 2743 660 2812 exstitit,quantamque
692 2743 890 2798 mentis
919 2743 1160 2798 laetitiam
1188 2745 1400 2800 cunctis
1439 2746 1492 2800 in
1523 2746 1629 2800 cir-

33 2835 249 2890 cuitum
274 2833 484 2903 populis
507 2834 876 2889 habitantibus
900 2835 1102 2901 attulit,
1127 2835 1220 2904 qui
1243 2835 1458 2890 beatum
1486 2835 1624 2890 Wilo

32 2925 244 2980 fridum
295 2927 364 2980 ab
393 2925 584 2980 exsilio
614 2934 924 2981 revocatum
955 2927 1161 2997 primus
1189 2927 1374 2983 videre
1409 2945 1627 2998 prome-

33 3019 145 3072 ruit
179 3018 194 3070 !
230 3017 362 3083 Quis
385 3016 542 3085 hujus
571 3017 766 3071 laetitiae
797 3015 1026 3070 formant
1060 3017 1215 3086 plene
1259 3017 1474 3088 capiat?
1506 3018 1627 3086 quis

27 3125 156 3164 eam
183 3107 445 3163 cordibus
470 3107 700 3162 aliorum
733 3123 831 3177 per
858 3109 939 3164 sui
965 3108 1077 3163 oris
1097 3107 1328 3164 cilicium
1355 3110 1625 3164 infundat?

28 3199 244 3254 Crebra
278 3200 666 3255 monachorum
708 3200 960 3256 examina
991 3201 1204 3256 obviam
1248 3201 1394 3257 Patri
1435 3217 1627 3272 proce-

27 3291 190 3357 dunt,
207 3292 528 3362 clericorum
555 3292 770 3363 agmina
793 3308 915 3348 cum
941 3295 1106 3350 totius
1129 3294 1430 3364 frequentia
1452 3295 1626 3366 plebis

26 3397 132 3438 suo
159 3384 373 3453 pastori
403 3385 656 3440 certatim
688 3403 980 3444 occursare
1008 3389 1362 3453 contendunt,
1405 3397 1459 3445 et
1511 3406 1626 3443 om-

29 3490 127 3530 nes
168 3475 318 3532 elata
362 3493 494 3534 voce
542 3479 830 3536 Dominum
870 3481 1250 3537 benedicentcs
1291 3496 1422 3548 eum,
1456 3481 1626 3537 susci-

25 3569 213 3636 piunt,
243 3584 311 3623 ac
337 3571 387 3624 iu
421 3572 708 3627 ecclesiam
737 3573 960 3627 ducunt.
992 3571 1048 3625 In
1065 3587 1172 3640 qua
1200 3571 1288 3625 ille
1320 3572 1620 3638 roboratus,

22 3671 75 3711 et
114 3675 146 3711 a
205 3675 317 3729 qua
367 3670 489 3730 post
538 3663 808 3717 modicum
863 3661 1156 3718 eliminatis
1216 3678 1337 3733 quae
1397 3677 1622 3717 censura

22 3753 314 3820 aequitatis
358 3752 558 3808 auferri
602 3754 801 3811 debere
827 3755 1171 3821 monstravit,
1214 3754 1474 3824 quidquid
1519 3765 1626 3810 ter-

27 3859 222 3898 rarum
255 3853 351 3899 aut
373 3845 643 3900 redituum
662 3845 771 3914 juri
806 3846 1052 3902 ecclesiae
1080 3845 1446 3916 competebat,
1471 3845 1622 3902 brevi

24 3936 412 4003 recuperavit;
466 3937 818 3993 nihilominus
868 3951 1083 4008 quoque
1133 3937 1432 3993 divinitatis
1459 3937 1622 3993 verba

22 4025 376 4079 subditorum
400 4028 656 4084 cordibus
678 4029 920 4098 quotidie
947 4044 1044 4098 per
1076 4029 1222 4083 illum
1248 4030 1620 4095 infunduntur,

19 4126 75 4169 et
102 4118 168 4169 in
194 4117 270 4170 eis
294 4117 410 4183 fons
444 4135 595 4187 aqua:
623 4119 859 4174 salientis
889 4121 943 4174 in
973 4121 1130 4175 vitam
1158 4130 1410 4176 wternam
1439 4122 1618 4190 (Joan.

20 4221 92 4269 tv,
127 4207 154 4258 1
174 4202 230 4277 4)
273 4208 533 4262 exoritur.
561 4209 760 4264 Christi
792 4210 926 4265 ﬁdes
953 4225 1076 4265 cum
1106 4225 1370 4265 nouorum
1396 4226 1621 4281 operum

21 4296 399 4351 redhibitione
438 4298 738 4365 recalescit,
768 4315 905 4370 opus
941 4309 1119 4354 autem
1154 4300 1395 4370 perfidiae
1424 4311 1478 4355 et
1509 4317 1624 4355 ma-

17 4388 299 4459 lignitatis
332 4389 530 4460 ubique
566 4392 825 4462 frigescit.
859 4392 1224 4460 Quamobrem
1266 4408 1369 4463 pax
1410 4393 1619 4448 sincera

1732 1929 1934 1977 statuta
1967 1923 2280 1993 pontificum
2312 1922 2480 1989 ipsius
2511 1922 2658 1976 sedis
2683 1937 2788 1976 non
2810 1930 3072 1988 servaret,
3104 1931 3159 1975 et
3179 1937 3318 1992 prac-

1731 2011 1888 2079 cipue
1918 2012 2244 2068 venerabilis
2283 2011 2576 2075 Theodori,
2615 2011 2706 2080 qui
2749 2013 3060 2081 nuperrime
3088 2013 3197 2066 vita
3229 2013 3321 2066 de-

1731 2111 1994 2158 cesserat.
2044 2103 2111 2158 Et
2155 2103 2411 2174 quoniam
2450 2101 2603 2156 nefas
2639 2111 2756 2156 erat
2802 2102 2950 2156 illum
3007 2102 3318 2172 episcopum

1729 2194 1938 2264 Anglici
1967 2194 2119 2266 regni
2158 2193 2211 2248 in
2237 2194 2561 2248 auctoritate
2586 2194 2798 2258 haberi,
2826 2193 2916 2263 qui
2947 2193 3166 2249 statutis
3187 2196 3322 2248 Cau-

1733 2286 2023 2342 tuarieusis
2064 2287 2299 2356 episcopi
2348 2285 2432 2340 vel
2491 2285 2683 2341 leviter
2734 2287 3010 2341 contraire
3058 2287 3318 2348 auderet,

1732 2377 2042 2433 Wilfridom
2070 2393 2189 2434 sese
2221 2379 2322 2432 bac
2352 2377 2416 2432 de
2448 2377 2721 2432 calumnia
2749 2394 2856 2432 non
2899 2376 3120 2433 omnino
3148 2393 3320 2432 excu-

1729 2485 1853 2526 sare
1877 2470 2145 2526 valentem
2177 2470 2229 2524 in
2260 2484 2429 2540 regno
2461 2483 2559 2523 suo
2587 2468 2899 2538 episcopum
2931 2483 3050 2522 esse
3081 2468 3316 2522 nolebat.

1731 2561 2007 2631 Siquidem
2054 2560 2344 2616 Wilfridus
2398 2574 2463 2614 ea
2539 2567 2739 2615 statuta
2817 2559 3083 2615 Theodori
3145 2552 3318 2614 susci-

1729 2653 1926 2723 piebat,
1949 2653 2136 2723 eisque
2172 2652 2410 2707 debitam
2443 2651 2807 2706 obedientiam
2844 2651 3158 2716 exhibebat,
3198 2665 3320 2720 quae

1729 2760 1758 2797 a
1803 2743 2101 2800 canonibus
2133 2742 2382 2797 instituta
2413 2750 2469 2796 et
2493 2742 2684 2811 primis
2723 2753 2888 2812 atque
2916 2743 3203 2814 postremis
3229 2758 3320 2797 ar-

1729 2833 2168 2904 chiepiscopatus
2199 2832 2533 2901 temporibus
2571 2833 2653 2888 sui
2702 2833 2753 2886 in
2808 2848 2940 2902 pace
2989 2833 3315 2888 constituit:
3360 2832 3362 2834 ’

1729 2927 1914 2979 verum
1940 2939 2001 2978 ea
2025 2939 2146 2994 quae
2167 2923 2500 2993 temporibus
2523 2923 2822 2992 interrupta
2847 2923 3015 2994 pacis,
3043 2933 3100 2977 ut
3125 2923 3317 2990 fertur,

1728 3031 1826 3086 pro
1876 3016 2050 3079 libitu,
2105 3030 2211 3070 non
2265 3029 2364 3085 pro
2415 3015 2626 3070 ratione
2671 3023 2953 3078 statuerat,
2984 3016 3130 3069 nullo
3161 3023 3320 3084 pacto

1727 3111 2020 3180 suscipere,
2061 3123 2160 3164 nec
2185 3109 2265 3164 eis
2294 3123 2572 3164 assensum
2612 3110 2857 3180 praebere
2895 3109 3128 3166 volebat.
3171 3109 3319 3176 Qua-

1729 3212 1951 3274 propter
1981 3203 2136 3271 quasi
2186 3203 2565 3259 iuobedientiae
2615 3213 2672 3260 et
2708 3205 3065 3260 contumaciae
3105 3203 3321 3260 macula

1727 3295 1918 3351 contra
1944 3298 2127 3351 sedem
2149 3295 2316 3350 totius
2342 3294 2617 3350 Brittaniae
2660 3303 2891 3350 matrem
2919 3296 2971 3348 in
2998 3307 3061 3349 eo
3085 3303 3318 3364 reperta,

1725 3385 1952 3454 pristina
1978 3393 2060 3440 est
2088 3384 2416 3440 auctoritate
2443 3385 2710 3456 privatus,
2733 3395 2786 3440 et
2814 3385 2951 3456 apud
2980 3385 3315 3439 Birtvaldum

1725 3478 2230 3548 arebiepise0pum,
2295 3477 2385 3546 qui
2439 3477 2724 3532 Theodoro
2783 3483 3163 3540 successerat,
3219 3490 3321 3545 pro

1729 3574 1948 3643 negotio
1985 3581 2292 3628 accusatus.
2350 3571 2609 3642 Abjectus
2661 3586 2791 3642 ergo
2844 3571 2910 3625 ad
2940 3569 3152 3624 fidelem
3189 3569 3324 3623 ami-

1725 3679 1848 3717 cum
1910 3680 2066 3718 suum
2117 3678 2301 3734 regem
2369 3662 2691 3718 Merciorum
2746 3660 3317 3716 nomine'Ailfredum

1725 3758 1951 3811 secessit
1983 3771 1997 3809 :
2039 3769 2070 3810 a
2103 3772 2209 3826 quo
2240 3755 2473 3826 gloriose
2509 3765 2817 3826 susceptus,
2850 3756 2949 3808 sub
2983 3754 3322 3824 proiectione

1727 3847 1819 3902 Dei
1852 3857 1905 3904 et
1937 3847 2080 3902 illius
2113 3848 2396 3916 aliquanto
2429 3858 2670 3917 tempore
2700 3856 3054 3901 conversatus
3082 3855 3184 3901 est.

1795 3939 1885 3994 5'5.
1925 3940 2068 3994 Inter
2097 3939 2213 3994 lure
2257 3947 2442 4009 rogatu
2485 3939 2627 4008 regis
2659 3937 2849 3991 Alfridl
2885 3935 3191 3992 Birtvaldus
3229 3949 3317 3989 ar-

1723 4032 2104 4101 chiepiscopus
2139 4031 2393 4099 praecepit
2427 4029 2680 4099 generale
2708 4028 2998 4082 concilium
3029 4028 3316 4100 episcopo-

1725 4137 1841 4178 rum
1891 4122 2056 4176 titius
2096 4120 2374 4175 Brittaniae
2401 4121 2720 4190 congregari
2745 4119 2816 4174 ein
2841 4133 3034 4188 campo
3061 4119 3149 4189 qui
3184 4119 3318 4174 dici-

1679 4235 1681 4238 ‘
1724 4224 1812 4269 tur
1841 4212 2158 4268 Eastrefcld.
2203 4211 2300 4268 Cui
2335 4211 2565 4267 concilio
2598 4223 2657 4266 ut
2679 4211 2963 4266 Wilfritlus
2994 4227 3146 4265 suam
3178 4226 3316 4281 prae-
3364 4247 3365 4250 η

1723 4310 1953 4363 sentiam
1985 4308 2267 4362 exhiberet
2293 4307 2608 4360 mandatum
2638 4316 2749 4369 est,
2779 4305 3049 4376 simulque
3077 4305 3314 4377 promis-

1730 4415 1850 4456 sum
1902 4413 2119 4456 omnem
2176 4414 2234 4454 se
2286 4397 2554 4467 justitiam
2619 4399 2687 4454 de
2732 4397 2928 4468 injuria
2993 4415 3154 4470 quam
3211 4399 3313 4454 sibi

15 4480 303 4544 cordium,
328 4481 618 4550 tranquilla
655 4483 928 4552 opulentia
974 4500 1178 4550 rerum,
1209 4485 1462 4540 alacritas
1503 4501 1615 4539 ma-
1647 4494 1698 4554 Ῑ)
1725 4491 2052 4560 querebatur
2094 4489 2296 4546 illatam
2325 4499 2689 4560 recepturum,
2745 4491 2788 4545 si
2825 4500 3002 4545 tamen
3055 4490 3308 4560 injuriam

16 4587 121 4644 gna
155 4573 214 4626 in
250 4571 344 4627 Dei
373 4574 924 4644 servitium,jucunda
953 4579 1258 4644 delectatio,
1283 4577 1620 4634 delectabilis

11 4666 340 4735 jncunditas
378 4669 642 4737 processit
675 4671 726 4724 in
780 4663 1066 4726 Dominum
1095 4689 1108 4726 :
1136 4687 1256 4741 quae
1281 4672 1465 4727 omnia
1507 4687 1619 4726 ma-

19 4774 184 4827 gnam
237 4767 430 4812 contra
479 4758 657 4829 ipsum
707 4761 962 4816 invidiam
1009 4762 1209 4818 diaboli
1255 4765 1616 4820 concitavcre.

20 4848 232 4903 Verum
281 4850 436 4905 miles
482 4851 684 4907 Christi
715 4852 826 4920 jam
855 4854 992 4908 bene
1023 4854 1318 4910 instructus
1344 4865 1616 4910 armatura

18 4942 174 4997 verbi
213 4940 336 5007 Dei,
359 4943 579 5014 jamque
606 4943 835 5014 plurima
860 4954 1114 5017 expertus
1143 4956 1477 5002 tentamenta
1502 4947 1616 5002 dia-

17 5036 152 5100 boli,
192 5050 305 5103 quo
348 5035 400 5090 in
455 5035 598 5091 bello
648 5037 954 5103 excitatior,
1017 5054 1081 5094 eo
1135 5041 1200 5094 ad
1254 5036 1614 5105 dejiciendum

16 5127 300 5184 difﬁcilior
329 5138 447 5183 erat
481 5147 493 5182 :
525 5145 844 5200 moremque
875 5131 1152 5185 fortissimi
1187 5131 1464 5187 bellatoris
1491 5133 1615 5187 imi-

19 5230 198 5287 tatus,
230 5236 336 5274 non
372 5222 543 5276 modo
582 5237 641 5276 se
694 5224 786 5277 sed
828 5232 883 5278 et
923 5238 1050 5278 suos
1090 5224 1487 5280 commilitones
1515 5226 1618 5281 bo-

16 5322 162 5366 stem
200 5313 460 5367 caedendo
501 5315 691 5369 dextra
741 5315 980 5386 laevaque
1028 5317 1363 5385 protegebat.
1419 5316 1616 5387 Sicque

16 5406 248 5459 diabolo
297 5406 746 5476 impenetrabilis,
797 5423 894 5479 per
941 5410 1368 5480 quinquennium
1431 5411 1484 5466 iu
1537 5415 1620 5470 sui

16 5507 204 5553 status
233 5499 493 5566 dignitate
521 5504 839 5571 permansit.

89 5592 192 5649 52.
221 5594 351 5660 Sed,
378 5611 412 5652 ο
443 5596 926 5654 i'uexterminabilis
957 5598 1152 5655 invidia
1185 5598 1413 5654 diaboli!
1450 5614 1482 5654 ο
1509 5599 1620 5653 vio-

1722 4583 1826 4638 sibi
1878 4582 2078 4638 factam
2134 4591 2281 4638 certa
2330 4582 2540 4638 ratione
2590 4582 2877 4638 ostendere
2923 4593 3123 4653 posset.
3173 4581 3314 4649 Quid

1724 4676 1926 4747 plura?
1963 4676 2130 4730 venit
2161 4675 2228 4731 ad
2279 4675 2567 4746 synodum,
2600 4675 2694 4730 sed
2726 4688 3066 4744 nequaquam
3113 4674 3318 4728 invenit

1721 4769 1809 4838 jus
1846 4767 1946 4822 sibi
2001 4766 2350 4838 promissum.
2376 4752 2612 4833 Quidam
2640 4765 2783 4819 enim
2830 4763 3094 4835 episcopi,
3155 4765 3318 4835 regiae

1725 4857 1988 4915 voluntati
2023 4857 2288 4921 faventes,
2323 4871 2444 4910 mox
2473 4855 2526 4910 in
2554 4855 2783 4910 concilio
2826 4857 3002 4909 virum
3040 4854 3135 4909 Dei
3165 4853 3317 4909 falsis

1725 4949 2014 5009 calumniis
2048 4949 2360 5019 exagitare,
2399 4957 2454 5002 et
2499 4947 2695 5016 quibus
2735 4955 2987 5016 poterant
3019 4947 3318 5001 contrarie-

1729 5042 1932 5097 tatibus
1971 5040 2292 5109 perturbare
2320 5049 2624 5108 cmperuut.
2657 5038 2900 5108 Cumque
2928 5054 2988 5094 ea
3023 5053 3142 5107 quae
3169 5037 3318 5109 obje-

1722 5142 1951 5194 cerant,
2005 5133 2152 5188 nulla
2206 5133 2436 5188 veritate
2485 5131 2712 5185 subnixa
2761 5131 2991 5200 probare
3043 5130 3313 5196 valerent;

1723 5229 1936 5282 tandem
1968 5209 2081 5282 suis
2103 5207 2502 5298 objectiouibus
2525 5223 2576 5277 id
2607 5221 2873 5290 adjecere,
2903 5223 3051 5277 illum
3080 5223 3316 5278 decretis

1723 5319 2129 5376 Cautuariensis
2151 5315 2542 5385 archiepiscopi
2560 5313 2829 5370 Theodori
2857 5315 2986 5370 mini
2995 5313 3078 5371 uie
3099 5331 3162 5386 pa
3173 5331 3314 5370 rere.

1735 5413 1943 5480 Quibus
1997 5409 2084 5465 ille
2125 5429 2136 5465 :
2175 5429 2194 5463 ‹
2242 5407 2508 5473 Decretis,
2561 5405 2758 5476 inquit,
2807 5407 3096 5462 venerandi
3141 5405 3319 5462 Patris

1731 5502 2027 5568 Theodori,
2062 5518 2184 5572 quae
2213 5502 2264 5556 in
2297 5515 2430 5570 pace
2459 5509 2514 5554 et
2549 5499 2808 5555 canonica
2837 5500 3164 5554 auctoritate
3192 5515 3318 5569 pro-

1730 5595 2030 5668 mulgavit,
2084 5591 2418 5649 conscientia
2471 5599 2608 5647 teste
2646 5591 2837 5647 devota
2889 5601 3068 5648 mente
3121 5591 3314 5656 subdi,

91 5750 180 5822 (.6)
219 5749 334 5808 [las
367 5752 577 5812 litteras
607 5755 772 5812 refert
805 5755 1114 5814 Willelmus
1178 5773 1285 5813 non
1313 5765 1494 5814 tamen
1523 5772 1620 5815 eas
1663 5775 1799 5831 quas
1829 5757 2146 5817 Theodorus
2179 5759 2247 5814 ad
2269 5757 2534 5815 Alfridum
2559 5756 2782 5814 direxit.
