3870 6304
487 325 593 382 763

1492 326 1575 384 ΕΑ
1588 327 1797 383 DMEill
1836 326 2382 385 CANTIIARIENSlS
2416 326 2721 385 MONACIII

3645 326 3738 384 Nl

486 441 673 510 eisque
697 439 777 511 (ut
807 438 1009 508 justum
1045 439 1149 503 est)
1176 454 1272 509 per
1300 424 1885 510 omttia'obtemperare
1915 440 2054 499 volo.
2089 448 2131 501 ,\
2164 438 2440 504 dicebant)
2487 440 2542 493 in
2576 436 2669 494 Dei
2701 438 2925 495 servitio
2978 438 3150 494 solum
3196 440 3539 495 conversari.
3588 453 3737 511 quam

484 540 543 585 et
568 530 859 586 secundum
898 544 960 584 ea
991 528 1223 599 judicari
1260 544 1356 598 pro
1388 530 1596 584 ratione
1628 529 1934 584 nullatenus
1961 531 2058 583 ab-

485 636 615 676 nuo.
664 623 914 675 Attamen
940 660 953 682 ,
995 636 1206 690 precor,
1256 622 1389 675 mihi
1426 622 1619 677 dicatis
1666 622 1924 692 quidnam
1966 624 2057 686 sit,

485 712 630 782 quod
664 710 776 779 jam
808 726 903 779 per
937 711 1195 780 plurimos
1226 728 1399 769 annos
1430 714 1623 768 litteris
1660 715 1727 768 ab
1766 714 2057 783 apostolica

484 804 611 858 sede
644 803 861 857 directis
890 804 1258 860 iuobedieutes
1288 806 1547 869 existitis,
1577 815 1633 861 et
1664 816 1941 875 tantopere
1975 821 2058 861 me

486 895 776 956 accusatis,
824 896 967 963 quod
1007 910 1101 950 eas
1130 896 1499 953 institutiones
1530 898 1799 953 Theodori
1834 914 1939 953 non
1979 915 2059 953 re-

482 985 646 1055 cipio,
673 1000 811 1055 quas
852 986 964 1055 ipse
989 1002 1097 1041 non
1142 990 1465 1043 auctoritate
1501 990 1785 1055 canonica,
1816 990 1910 1043 sed
1942 991 2052 1044 dis-

481 1075 661 1129 cordia
716 1076 957 1131 dictante
998 1078 1323 1147 composuit,
1372 1088 1432 1134 ut
1474 1094 1567 1134 vos
1596 1080 1691 1150 ipsi
1723 1082 1925 1149 Optime
1963 1066 2060 1134 uo-

479 1168 598 1221 stis.
630 1186 650 1220 ι

551 1256 638 1312 54.
676 1259 757 1313 Ad
800 1276 920 1330 quze
957 1277 1077 1317 cum
1122 1260 1283 1317 verba
1312 1262 1525 1332 penitus
1558 1262 1767 1317 ratione
1813 1261 2056 1317 carentia

484 1348 708 1403 turbato
736 1365 1016 1405 murmure
1036 1351 1428 1419 jacularentur,
1462 1352 1680 1420 juvenis
1704 1353 1923 1422 quidam
1965 1369 2060 1407 cu-

481 1438 651 1506 rialis,
684 1441 800 1495 viro
826 1442 1034 1498 Domini
1071 1444 1207 1499 bene
1228 1444 1536 1509 familiaris,
1592 1444 2056 1500 circumstantium

481 1529 811 1587 multitudini
859 1548 979 1589 sese
1010 1535 1296 1599 immersit,
1338 1550 1404 1589 ac
1432 1536 1501 1589 ad
1541 1535 1689 1589 illum
1737 1536 2059 1605 perveniens

478 1620 527 1674 ei
563 1621 729 1676 totius
779 1624 1157 1679 tumultuantis
1200 1626 1412 1680 concilii
1452 1641 1673 1681 causam
1715 1627 1948 1695 aperuit,
2000 1636 2059 1680 ut

475 1710 577 1765 sibi
620 1714 931 1781 provideret
983 1716 1203 1771 suasit:
1238 1715 1518 1773 confestim
1552 1733 1648 1787 per
1694 1718 1839 1773 viam
1892 1734 2055 1788 quam

2162 525 2502 582 insudantem
2556 528 2854 583 ministerio
2907 528 3425 599 pontiﬁralijurgiis
3469 530 3735 587 hominum

2162 618 2403 687 quotidie
2447 617 2684 689 fatigari.
2743 620 2927 675 Sensit
2969 621 3254 691 prudentia
3282 623 3387 676 viri
3439 622 3737 694 hujusmo’di

2161 710 2449 765 consilium
2490 710 2635 780 quali
2689 710 2759 767 de
2800 710 2949 766 fonte
3000 713 3239 767 manavit
3281 730 3296 767 :
3336 724 3395 768 et
3448 714 3740 770 admiratus

2164 801 2405 857 fraudem
2460 803 2695 869 illorum,
2754 803 2844 859 tali
2898 819 3087 861 omnes
3135 806 3386 860 oratione
3431 806 3736 861 confutari.

2167 912 2184 943 ι
2225 891 2430 956 Virtus,
2454 894 2549 957 ait,
2591 895 2702 949 veri
2726 895 2937 951 consilii
2964 911 3083 965 qua:
3114 896 3523 952 numeraturin
3554 908 3738 965 septem

2162 982 2318 1037 donis
2344 982 2578 1052 Spiritus
2608 986 2803 1049 sancti,
2848 986 2980 1040 nihil
3005 985 3057 1039 in
3087 1001 3147 1040 se
3187 986 3541 1055 dttpticitatis
3560 988 3742 1040 admit-

2166 1077 2228 1128 tit
2253 1093 2265 1127 :
2290 1090 2353 1129 ac
2386 1076 2466 1129 sic
2493 1091 2598 1145 quo
2625 1076 2943 1146 simpliciori
2993 1076 3141 1131 fonte
3172 1078 3450 1147 procedit,
3484 1093 3556 1131 eo
3583 1078 3738 1132 Item

2163 1167 2215 1221 in
2245 1168 2427 1221 animo
2457 1166 2644 1222 famuli
2675 1169 2769 1223 Dei
2816 1183 2926 1238 quo
2954 1168 3299 1238 suscipiatur,
3341 1168 3587 1223 liberius
3612 1170 3739 1223 inve-

2160 1258 2258 1311 nit.
2281 1256 2529 1312 Vestrum
2554 1268 2732 1314 autem
2756 1260 3217 1329 consilium,qnod
3242 1259 3613 1329 simplicitate
3634 1259 3738 1328 Spi-

2161 1351 2297 1404 ritus
2344 1351 2516 1406 sancti
2546 1366 2734 1407 carere
2762 1352 2942 1422 quivis
2972 1352 3273 1422 intelligere
3304 1362 3522 1421 potest,
3556 1360 3737 1405 tantoa

2161 1455 2247 1494 me
2293 1440 2503 1509 longius
2554 1440 2773 1509 abjicio,
2804 1452 3007 1512 quanto
3029 1458 3093 1497 ex
3119 1444 3184 1496 iis
3214 1456 3335 1511 qnte
3368 1442 3427 1495 in
3460 1457 3557 1497 me
3585 1441 3739 1511 primo

2161 1533 2509 1601 congessistis
2555 1533 2698 1586 unde
2739 1533 2997 1602 procedat
3042 1534 3218 1602 aptius
3248 1532 3430 1586 video.
3474 1531 3739 1587 καταθῶ

2162 1638 2354 1692 nempe
2380 1639 2500 1693 quae
2530 1633 2718 1679 contra
2748 1641 2833 1679 me
2862 1625 3131 1680 malitiose
3181 1625 3608 1693 composuistis,
3649 1637 3741 1679 non

2162 1722 2453 1782 potuerunt
2479 1728 2543 1768 ex
2570 1728 2630 1769 se
2658 1728 2947 1784 procreare
2971 1716 3168 1769 donum
3202 1713 3447 1784 Spiritus
3480 1714 3741 1770 veritatis.

480 1814 703 1858 venerat
747 1806 995 1861 clanculo
1032 1808 1240 1862 curiam
1286 1808 1463 1862 rediit.
1497 1808 1857 1867 Przemonitus
1892 1809 2056 1880 igitur
2090 1788 2128 1845 Β
2160 1805 2340 1871 Quare
2384 1806 2679 1861 secundum
2734 1807 3021 1863 consilium
3046 1822 3233 1863 verum
3265 1809 3477 1877 preprii
3520 1824 3739 1862 censura

473 1903 528 1947 et
550 1898 902 1963 pra’munilus
931 1899 1189 1954 relatione
1216 1899 1389 1956 ﬁdelis
1412 1901 1595 1966 amici,
1620 1909 1769 1956 tanto
1802 1913 2057 1957 eouslan-
2152 1896 2342 1965 judicii
2373 1912 2457 1951 me
2509 1901 2678 1968 gradu
2721 1899 3041 1955 sacerdotali
3074 1915 3176 1954 non
3205 1900 3487 1967 dejiciatn,
3518 1900 3644 1969 quia
3673 1900 3738 1952 fa-

475 1983 582 2038 tius
618 1986 892 2053 tuquitatis
925 1988 1025 2043 sibi
1074 1988 1442 2045 defensionem
1489 1990 1734 2055 adscivit,
1772 2003 1975 2061 quanto
2002 2000 2057 2047 et

477 2074 620 2143 ipsos
648 2074 855 2143 iudices
906 2095 1033 2136 suos
1078 2082 1313 2137 scienter
1350 2092 1540 2137 contra
1580 2082 1846 2153 justitiam
1896 2100 2058 2155 agere

470 2167 652 2222 scivit.
700 2169 824 2225 Stat
878 2172 1043 2240 igitur
1091 2174 1233 2229 inter
1269 2174 1557 2229 verborum
1597 2174 1776 2241 jacula
1811 2192 2052 2241 securus,

472 2264 727 2331 quoniam
761 2281 874 2322 suae
902 2267 1124 2322 libertas
1172 2268 1522 2323 conscientiae
1558 2269 1731 2325 fuerat
1774 2271 1822 2324 ei
1865 2272 2053 2325 dextra

476 2354 711 2425 laevaque
740 2357 1165 2427 impenetrabilis
1193 2375 1397 2435 murus.
1427 2359 1578 2426 Quod
1605 2361 1692 2416 ubi
1721 2372 2052 2431 compertum

475 2445 732 2511 habuere,
766 2463 924 2517 quem
966 2449 1150 2504 verbis
1193 2466 1453 2519 superare
1484 2451 1798 2520 nequibant,
1842 2452 1965 2521 injet
1987 2454 2055 2507 tis

474 2537 635 2593 minis
666 2540 731 2592 ad
763 2554 919 2594 suum
952 2540 1087 2595 velle
1129 2542 1452 2611 detorquere
1484 2543 1817 2610 quaerebant.
1850 2542 2056 2610 Quibus

473 2642 595 2682 cum
628 2646 881 2700 responsa
930 2637 1061 2687 dare
1103 2634 1169 2687 ad
1204 2634 1415 2687 illorum
1448 2642 1570 2687 vota
1601 2634 1823 2689 minime
1846 2634 2007 2689 vellet
2036 2652 2051 2689 :

477 2736 497 2772 ι
536 2719 701 2787 Scito,
733 2722 1002 2792 inquiunt,
1034 2725 1176 2794 quod
1210 2725 1356 2793 justa
1398 2727 1763 2782 damnationis
1785 2727 2051 2782 sententia

472 2812 737 2878 puuieris,
773 2813 875 2868 nisi
908 2814 1021 2873 cito,
1057 2830 1119 2869 ea
1147 2831 1267 2885 quin
1296 2817 1390 2872 tibi
1431 2827 1556 2873 sunt
1582 2816 1789 2886 objecta
1815 2817 1941 2872 dato
1970 2834 2056 2872 re-

471 2913 669 2970 sponso
699 2904 981 2960 deleveris.
1022 2924 1041 2957 ι
1074 2906 1143 2960 At
1176 2906 1264 2961 ille
1296 2924 1308 2961 :
1340 2926 1359 2960 ι
1397 2906 1478 2962 Ad
1513 2907 1683 2976 majus
1726 2909 1869 2980 quod
1919 2909 2050 2964 mihi

469 3004 500 3043 a
537 2992 687 3047 vobis
715 2992 987 3063 objectum
1014 3010 1136 3052 esse
1167 2996 1431 3067 intelligo,
1467 3000 1678 3056 scilicet
1702 3016 1787 3056 me
1819 3001 2054 3057 decretis

470 3082 689 3153 gloriosi
728 3087 1136 3144 Cantuariensis
1181 3090 1438 3146 Ecclesia:
1481 3094 1727 3162 pucsulis
1771 3095 1914 3151 nolle
1956 3111 2053 3166 pa-
2080 3130 2124 3192 ε

473 3189 616 3244 rere,
662 3179 774 3249 jam
810 3182 1093 3251 respondi;
1128 3189 1183 3236 et
1214 3181 1315 3237 hoc
1337 3182 1534 3252 ipsum,
1566 3186 1612 3241 si
1646 3185 1829 3253 vultis,
1855 3187 2048 3242 iterum

472 3268 776 3337 iterumque
826 3270 1146 3340 respondeo,
1187 3276 1329 3342 quod
1375 3272 1493 3340 ejus
1526 3277 1802 3333 canonicis
1838 3278 2053 3333 institu-

472 3359 715 3416 tionibus
750 3376 847 3430 per
870 3363 1050 3417 omnia
1085 3363 1273 3431 subjici
1308 3365 1446 3421 volo.
1485 3386 1504 3418 ι
1551 3368 1681 3435 Quae
1711 3369 1872 3424 verba
1906 3369 2051 3423 [rau-

472 3448 685 3504 dulenta
723 3467 850 3507 mox
884 3452 1177 3509 calliditate
1226 3471 1292 3510 ex
1339 3470 1435 3513 ore
1490 3457 1606 3528 ejus
1640 3467 1953 3529 rapuerunt,
1997 3466 2051 3513 et

477 3538 583 3595 hoc
634 3539 750 3611 ejus
803 3541 1062 3598 dixerunt
1115 3549 1436 3602 canonicum
1488 3548 1794 3604 institutum
1845 3565 1969 3605 esse
1992 3558 2053 3604 ut

471 3630 688 3700 superbi
720 3642 773 3688 et
804 3634 1176 3693 iuobedientes
1220 3639 1609 3709 deprimantur,
1662 3642 1893 3698 humiles
1922 3659 2052 3699 vero

471 3729 531 3775 et
553 3722 866 3779 obcdientes
892 3726 1240 3784 extollantur.
1275 3748 1292 3780 ι
1333 3730 1409 3783 Tu
1437 3738 1615 3786 autem
1659 3741 1713 3786 et
1737 3742 1926 3787 contra
1956 3734 2053 3789 do-

473 3810 648 3866 minos
696 3822 815 3870 tuos
864 3815 916 3869 in
952 3818 1268 3887 superbiam
1314 3835 1373 3874 es
1399 3819 1593 3887 elatus,
1619 3830 1674 3876 et
1703 3823 2053 3878 nihilominus

471 3910 881 3982 archiepiscopo
945 3921 1038 3967 tuo
1094 3912 1409 3971 inobedirns
1455 3917 1853 3986 comprobatus.
1907 3919 2053 3984 Qua-

473 4010 694 4070 propter
722 4016 877 4071 :equa
906 4001 1114 4056 ratione
1144 4000 1443 4069 judicatum
1471 4012 1527 4058 et
1555 4013 1818 4060 statutum
1862 4017 1946 4061 est
1993 4017 2052 4061 ut

469 4090 721 4146 omnibus
768 4092 873 4147 tuis
928 4093 1223 4163 spoliatus,
1269 4094 1521 4151 elationis
1567 4104 1623 4151 et
1677 4096 2052 4153 inobedieutite

471 4196 661 4251 pomus
688 4184 956 4239 exsolvas.
1000 4203 1018 4236 ι
1058 4185 1176 4251 Quo
1204 4187 1389 4240 audito
1426 4187 1623 4241 horror
1665 4196 1720 4241 et
1761 4188 1905 4257 ipsos
1958 4189 2054 4243 ini-

474 4274 647 4329 micos
698 4274 816 4344 ejus
861 4275 1085 4343 invasit,
1131 4277 1372 4333 dicentes
1402 4277 1627 4347 impimn
1681 4293 1833 4344 esse,
1873 4280 2049 4334 virum

472 4380 909 4433 quaquaversum
958 4367 1263 4422 nationibus
1315 4369 1686 4425 honorabilem
1730 4371 1811 4426 sic
1848 4371 2051 4441 absque

474 4454 582 4508 ullu
610 4465 761 4511 certo
796 4458 1025 4514 crimine
1072 4460 1324 4515 omnibus
1353 4462 1466 4516 suis
1504 4462 1741 4531 spoliari.
1776 4463 1925 4519 Unde
1957 4480 2047 4517 rex
2085 4481 2130 4540 ί)

472 4553 528 4598 et
565 4546 1025 4618 archiepiscopus,
1050 4563 1080 4602 a
1111 4550 1381 4603 nonnullis
1412 4550 1754 4621 interpellati,
1786 4561 2055 4608 monaste-

476 4637 614 4691 rium
646 4638 789 4709 quod
828 4639 941 4711 ipse
972 4643 1163 4696 beatus
1204 4642 1567 4699 Wilfridusin
1608 4644 1809 4715 llilipis
1844 4645 1927 4713 (ut
1965 4661 2054 4699 su-

471 4732 660 4798 perius
707 4731 963 4804 diximus)
994 4742 1389 4797 construxerat,
1421 4735 1470 4791 ei
1498 4751 1619 4791 cum
1650 4737 1902 4792 omnibus
1934 4752 2054 4806 quae

470 4824 538 4876 ad
567 4822 695 4878 illud
730 4826 1073 4894 pertinebant
1131 4842 1470 4893 concessere,
1508 4844 1568 4882 ea
1595 4828 1903 4883 conditione
1925 4844 2052 4899 pro-

473 4915 670 4982 posita,
709 4926 768 4969 ut
815 4917 927 4971 illic.
972 4918 1187 4987 quietus
1226 4919 1458 4984 sederet,
1489 4930 1541 4975 et
1588 4920 1792 4989 absque
1835 4919 2053 4974 licentia

472 5007 613 5073 regis
635 5019 782 5077 septa
804 5009 1117 5063 monasterii
1146 5025 1251 5064 non
1273 5010 1468 5075 exiret,
1497 5025 1603 5066 nec
1630 5026 1815 5066 curam
1846 5010 2055 5080 episco-

460 5097 609 5165 palis
630 5096 790 5153 oil‘tcii
819 5099 1044 5155 ulterius
1072 5100 1496 5157 administraret.

544 5187 633 5241 55.
680 5188 789 5243 llac
832 5191 994 5262 igitur
1040 5191 1230 5247 mutati
1279 5190 1468 5261 judicii
1527 5192 1814 5247 clementia
1869 5207 2051 5247 coram

472 5278 725 5332 omnibus
753 5289 1008 5336 accurato
1031 5294 1286 5336 sermone
1328 5282 1570 5351 exposita
1611 5281 1675 5336 ad
1708 5282 1808 5338 hoc
1839 5280 2051 5336 labora-

476 5379 588 5425 tum
615 5380 719 5435 est,
764 5382 819 5426 et
846 5372 1098 5428 Wilfrido
1150 5374 1305 5445 quasi
1355 5374 1485 5430 utile
1520 5375 1803 5430 consilium
1847 5375 2054 5437 datum,

472 5471 737 5532 quatenus
765 5464 990 5534 ipsemet
1016 5485 1111 5540 pro
1138 5468 1220 5537 pia
1250 5467 1652 5535 subscriptione
1684 5480 1742 5521 se
1769 5466 2054 5535 degradari

473 5558 543 5612 ab
595 5556 771 5614 oiIicio
821 5560 1112 5631 episcopali
1164 5561 1407 5631 eligeret.
1439 5572 1545 5627 quo
1600 5556 1735 5612 liber
1769 5554 2053 5609 atumultu

473 5650 810 5707 siccularium
868 5652 1309 5718 contemplationi
1354 5650 1478 5703 vitae
1510 5646 1746 5704 cmlestis
1778 5644 2057 5700 intendere

473 5754 653 5812 posset
684 5763 695 5797 :
721 5746 1018 5814 praesertim
1051 5757 1171 5798 cum
1211 5742 1259 5798 ei
1292 5741 1498 5795 felicius
1526 5748 1669 5796 esset
1698 5736 1949 5810 privatim
1973 5733 2057 5805 (ut

2162 1996 2277 2045 tcor
2323 1989 2486 2057 quod,
2539 1990 2661 2045 licet
2714 1990 2985 2060 indiguus,
3024 2007 3183 2061 opera
3210 2001 3394 2046 tamen
3428 1992 3739 2062 pontiﬁcat-

2159 2094 2264 2133 nou
2320 2082 2667 2137 mediocriter
2726 2083 2885 2152 digna
2918 2080 3132 2150 adjutus
3158 2083 3370 2137 Domini
3406 2085 3588 2153 gratia
3624 2083 3738 2137 ieci.

2158 2170 2296 2225 llinc
2321 2182 2428 2237 est,
2472 2174 2616 2243 quod
2640 2188 2769 2228 ecce
2791 2189 2888 2243 per
2914 2189 3085 2229 annos
3121 2176 3486 2245 quadr.-ginta
3520 2176 3739 2231 inlune-

2160 2269 2291 2313 rata:
2322 2261 2445 2318 fidei
2483 2264 2767 2318 veritatem
2795 2263 2991 2333 quibus
3019 2266 3167 2333 potui
3194 2265 3515 2334 praedicari,
3541 2277 3593 2320 et
3619 2282 3740 2321 cou-

2159 2350 2487 2407 tradicentes
2519 2353 2715 2407 invicta
2755 2353 2965 2407 ratione
3010 2353 3205 2420 devici,
3232 2356 3483 2410 devictos
3504 2356 3575 2408 ab
3596 2358 3737 2410 omni

2158 2445 2440 2499 veritatem
2481 2445 2721 2500 docendo
2748 2459 2935 2500 errore
2976 2448 3211 2509 correxi,
3237 2456 3522 2502 correctos
3542 2448 3742 2502 lumine

2159 2533 2307 2587 verbi
2352 2533 2443 2588 Dei
2474 2532 2817 2603 perlustravi,
2860 2550 2924 2589 ac
2955 2536 3213 2591 membris
3247 2536 3511 2591 Ecclesia:
3540 2536 3739 2592 Christi

2157 2624 2424 2695 copulavi.
2484 2624 2607 2681 Haec
2661 2636 2837 2683 tamen
2889 2641 2992 2682 non
3023 2644 3145 2698 ego,
3171 2630 3265 2683 sed
3309 2632 3455 2684 Deus
3506 2630 3627 2700 ipse
3654 2646 3740 2699 per

2161 2729 2265 2768 me.
2297 2713 2477 2768 Ritum
2508 2716 2727 2784 insuper
2766 2717 3147 2774 ecclesiastica:
3176 2719 3581 2775 Observationis
3610 2721 3741 2775 utut-

2160 2803 2226 2858 tis
2259 2818 2357 2873 per
2379 2804 2625 2876 Angliam
2657 2806 2790 2862 locis
2811 2807 3025 2862 Scotica
3050 2808 3338 2865 traditione
3358 2809 3737 2878 depravatum.

2159 2893 2452 2962 apostolica
2492 2895 2658 2949 fultus
2688 2897 3035 2963 auctoritate,
3064 2899 3295 2953 correxi.
3323 2898 3581 2954 Hreccine
3610 2902 3742 2954 alia-

2158 2999 2262 3055 que
2307 2987 2578 3056 perplura,
2609 3003 2838 3059 quorutn
2892 2990 2944 3043 in
2973 2991 3221 3059 praesenti
3257 2993 3533 3047 reminisci
3572 2992 3737 3062 piget,

2159 3078 2261 3133 hoc
2310 3091 2643 3145 meruerunt,
2675 3091 2733 3134 ut
2762 3083 2915 3151 quasi
2962 3081 3139 3152 legum
3174 3083 3413 3152 proditor
3438 3086 3739 3155 patriaque

2159 3168 2367 3224 delator
2418 3186 2682 3240 nusquam
2741 3179 2887 3226 tutus
2940 3186 3060 3228 esse
3101 3173 3741 3247 permittariPrazceptis

2155 3262 2344 3317 saltem
2374 3261 2682 3334 apostolica:
2725 3263 2892 3327 sedis,
2938 3279 3059 3334 qua:
3087 3280 3173 3319 me
3193 3266 3307 3331 jam
3333 3264 3494 3320 simili
3540 3267 3742 3335 injuria

2155 3364 2468 3409 accusatum
2507 3364 2673 3424 atque
2723 3354 3035 3409 damnatum
3064 3371 3413 3420 excusavere,
3439 3368 3492 3412 et
3516 3359 3741 3414 absolu-

2157 3455 2269 3500 tum
2293 3460 2413 3501 esse
2435 3446 2787 3512 constituere,
2812 3447 3220 3517 obtemperetis,
3255 3447 3299 3503 si
3330 3462 3428 3503 nec
3450 3465 3553 3519 pro
3592 3466 3743 3506 amo.

2154 3552 2235 3603 re,
2274 3552 2372 3592 nec
2402 3553 2498 3608 pro
2529 3538 2725 3593 timore
2748 3539 2840 3593 Dei
2864 3540 3107 3610 quietum
3132 3555 3251 3595 esse
3273 3543 3599 3611 permittere
3628 3544 3739 3599 rul-

2154 3627 2243 3683 tis.
2270 3626 2400 3693 Sed,
2430 3637 2489 3683 ut
2514 3637 2663 3699 puto,
2694 3630 2781 3684 illa
2825 3640 3095 3700 praecepta
3125 3642 3219 3686 aut
3268 3632 3419 3687 obliti
3448 3635 3613 3697 estis.
3648 3647 3738 3690 aut

2153 3730 2300 3775 certe
2356 3720 2490 3776 scita
2523 3731 2616 3774 aut
2652 3722 2863 3791 cognita
2891 3737 2988 3792 pro
3020 3722 3187 3777 nihilo
3235 3724 3452 3779 ducitis.
3483 3726 3736 3795 Quapro-

2152 3820 2275 3879 pter
2318 3809 2443 3864 liCet
2470 3810 2622 3865 senio
2650 3812 2756 3866 sim
2803 3812 3101 3876 confectus,
3131 3826 3188 3868 re
3211 3821 3387 3869 tamen
3421 3830 3551 3869 vera
3577 3832 3739 3872 nove-

2154 3898 2275 3953 ritis
2326 3913 2411 3954 me
2443 3898 2627 3955 Roma:
2651 3916 2834 3956 coram
2888 3902 3181 3972 apostolica
3226 3904 3355 3959 sede
3381 3907 3735 3973 probaturum

2152 4008 2276 4048 esse
2331 3992 2651 4062 calumnias,
2703 4011 2837 4064 quas
2867 3997 2999 4050 mihi
3042 4010 3139 4065 pro
3172 3996 3315 4065 regis
3366 3997 3735 4065 indignatione

2156 4086 2454 4156 imponitis,
2496 4101 2653 4142 veras
2681 4104 2786 4142 non
2809 4103 2960 4155 esse;
2995 4102 3096 4144 nec
3125 4088 3304 4143 minus
3325 4104 3456 4143 vere
3484 4106 3574 4143 me
3604 4105 3734 4160 prb

2154 4179 2459 4234 dicaturum
2491 4194 2610 4235 esse
2648 4181 2857 4245 sciatis,
2881 4180 3027 4250 quali
3055 4181 3235 4236 studio
3271 4182 3614 4237 sacerdotale
3641 4184 3731 4236 ini-

2156 4271 2435 4328 nisterium
2463 4272 2685 4343 geratis,
2721 4273 2811 4342 qui
2843 4274 3015 4344 magis
3039 4273 3200 4329 vultis
3231 4271 3510 4342 injustitia:
3562 4276 3727 4329 horni-

2155 4376 2283 4416 num
2331 4361 2530 4428 favere,
2562 4378 2725 4433 quam
2765 4364 3029 4434 justitiam
3061 4363 3151 4419 Dei
3194 4374 3398 4420 tenere.
3424 4365 3582 4433 Quod
3607 4369 3727 4422 satis

2154 4452 2637 4521 est;manifestum,
2659 4454 2785 4508 dum
2824 4469 2930 4519 me,
2954 4464 3143 4509 contra
3180 4470 3397 4524 aequum
3427 4465 3485 4510 et
3515 4470 3725 4519 verum.

2163 4554 2313 4598 tanto
2368 4545 2545 4600 studio
2596 4545 2944 4614 impugnatis,
2974 4560 3137 4614 quem
3183 4546 3401 4601 veritati
3425 4555 3483 4602 et
3517 4546 3726 4617 justiti:

2157 4636 2376 4690 studere
2432 4644 2617 4704 aperta
2660 4635 2869 4689 ratione
2892 4634 3127 4700 vide1is;
3158 4644 3213 4689 et
3243 4634 3471 4704 insuper
3498 4637 3626 4690 nihil
3646 4637 3725 4690 atl-

2156 4727 2300 4782 versi
2333 4744 2429 4794 pro
2460 4728 2543 4796 iis,
2578 4728 2772 4799 quibus
2793 4741 2879 4781 me
2907 4729 3196 4796 acwsatis,
3240 4730 3580 4787 conscientia
3605 4740 3724 4785 tests

2159 4820 2408 4875 meritum
2436 4820 2502 4874 ad
2530 4821 2634 4877 hoc
2665 4819 2887 4875 tentatis
2913 4821 3227 4889 perducere,
3258 4831 3321 4875 ut
3350 4832 3547 4878 contra
3570 4822 3655 4891 jus
3676 4823 3721 4874 in

2160 4906 2423 4977 meipsum
2474 4906 2798 4961 sententiam
2837 4906 3201 4961 damnationis
3238 4906 3476 4961 edicam.
3508 4906 3613 4961 Sed
3636 4908 3721 4960 bac

2157 4999 2209 5052 in
2235 5014 2293 5052 re
2317 4998 2577 5054 noveritis
2621 4998 2763 5071 quod
2813 4994 2965 5051 vobis
2993 5012 3337 5067 nequaquam
3370 5000 3720 5054 consentiam.

2158 5091 2251 5145 sed
2294 5090 2617 5146 ﬁducialiter
2652 5087 2864 5162 appello
2890 5088 3073 5145 sedem
3116 5090 3494 5161 apostol'cam.
3544 5089 3718 5144 Yet-um

2158 5192 2336 5237 autem
2368 5185 2614 5255 quisquis
2642 5202 2850 5242 mecum
2882 5199 3041 5257 agere
3076 5182 3206 5248 vult,
3240 5196 3268 5234 a
3300 5196 3387 5235 me
3414 5183 3574 5237 hodie
3601 5181 3718 5235 invi—

2159 5285 2303 5333 tatus
2359 5291 2569 5331 mecum
2620 5278 2747 5333 illuc
2791 5281 2858 5335 ad
2904 5278 3169 5348 judicium
3219 5283 3433 5345 pergat.
3471 5294 3490 5327 ι
3529 5273 3718 5328 Talibus

2156 5368 2336 5423 verbis
2365 5383 2457 5423 rex
2490 5368 2543 5422 in
2572 5368 2901 5423 iracundiam
2934 5370 3283 5423 vehementer
3310 5380 3597 5421 accensus.
3622 5363 3717 5417 vio-

2159 5460 2320 5513 lentia
2380 5458 2461 5512 sui
2512 5460 2783 5513 exercitus
2830 5473 2952 5512 eum
2980 5457 3305 5527 opprimere,
3329 5464 3383 5509 et
3407 5455 3475 5509 ad
3504 5456 3716 5509 subeun-

2157 5552 2281 5603 dum
2310 5550 2570 5619 judicium
2595 5565 2750 5603 suum
2781 5564 2975 5620 cogere
3012 5534 3321 5617 cogitabat,
3365 5547 3412 5601 si
3471 5543 3715 5612 archich-

2154 5642 2302 5708 scopi
2342 5655 2664 5694 consensum
2693 5640 2744 5694 in
2769 5640 2871 5694 hoc
2898 5644 3163 5709 potuisset
3193 5638 3415 5691 habere.

2225 5731 2311 5786 56.
2356 5730 2483 5786 Post
2506 5730 2620 5793 haec
2638 5732 2898 5787 concione
2915 5728 3091 5787 soluta
3112 5730 3197 5785 vir
3221 5728 3433 5785 Domini
3462 5728 3528 5781 ad
3549 5735 3710 5797 mea
