3870 6304
85 330 178 414 7r;

1388 325 1536 380 \‘l'l‘A
1580 325 1638 378 Β.
1681 325 2002 383 ιγιωτῐὶιῡι

3233 333 3339 394 766

80 443 340 500 Ailredum
370 440 546 507 rediit,
571 449 626 494 ct
655 442 820 494 totius
851 439 1045 510 negotii
1079 455 1350 493 suannam
1385 441 1486 493 sibi
1522 456 1646 509 ape-
1684 426 1726 479 Α
1763 444 2024 512 repulsus.
2063 445 2208 502 L'nde
2242 448 2402 502 etiam
2449 449 2578 503 tanti
2612 449 2749 520 apud
2783 467 2902 505 eum
2931 451 3146 507 habitus
3169 465 3249 510 est
3276 467 3337 512 ιιι

79 540 193 592 ruit.
226 535 326 603 Qui
354 542 512 589 tanta:
543 531 746 588 fraudis
805 532 1144 601 malignitate
1175 531 1527 597 stupefactus,
1565 532 1644 585 itt-

74 629 259 697 juriam
282 626 331 681 ei
371 625 564 680 illatam
590 625 936 680 vehementer
968 623 1215 678 indoluit.
1249 622 1488 676 Alfridns
1519 623 1641 692 quia

77 720 377 775 Wilfridum
421 720 487 783 ad
539 735 695 774 suum
731 718 866 771 velle
914 726 1148 771 tractare
1192 731 1296 769 non
1355 717 1548 785 potuit,
1581 731 1646 770 uc

78 813 318 876 tamenin
352 812 449 867 hac
477 797 628 882 parte
679 813 809 868 nihil
837 827 994 882 posse
1022 821 1329 882 putaretur,
1381 812 1646 881 disposuit

74 886 298 975 ea'qua!
355 907 468 982 ipse
519 906 692 978 servis
743 905 946 960 Christi
983 905 1047 958 ad
1107 903 1306 957 victum
1359 910 1645 972 paraverat

73 999 280 1070 omnino
326 998 652 1060 convellere,
707 998 996 1069 dissipare,
1053 997 1378 1060 distrahere,
1429 1004 1483 1048 et
1519 1010 1642 1049 eum

76 1079 234 1162 ipsum
290 1089 466 1150 locum
520 1090 868 1168 habitationis
894 1105 1082 1145 eorum
1109 1088 1322 1157 penitus
1369 1086 1643 1142 desertum

71 1171 289 1241 efficere.
351 1183 418 1238 Αι
466 1167 664 1239 ctenim
722 1183 1007 1252 dispositio
1049 1181 1249 1252 iudicis
1286 1183 1376 1254 qtti
1408 1183 1644 1238 humano

70 1277 222 1339 furori
264 1277 462 1336 cedere
500 1279 694 1342 nescit,
743 1279 919 1351 locum
980 1277 1307 1332 famulorum
1333 1292 1556 1332 suorum
1587 1276 1639 1330 iu

73 1372 303 1428 manibus
360 1383 706 1441 peccatorum
747 1385 1086 1442 nequaquam
1131 1369 1209 1424 ire
1241 1368 1507 1438 permisit.
1545 1370 1642 1422 lele-

70 1465 216 1534 nique
271 1462 439 1518 Pater
492 1463 771 1518 Wilfrilus
825 1463 1142 1533 priusquam
1195 1461 1357 1514 eundi
1408 1458 1638 1513 Romam

73 1559 162 1614 iter
201 1557 492 1626 arriperet,
550 1556 617 1610 ad
669 1556 846 1610 locum
907 1555 1076 1618 venit,
1131 1553 1328 1609 fratres
1377 1566 1430 1610 ut
1463 1572 1520 1610 se
1547 1569 1642 1624 per

70 1649 230 1704 omnia
279 1649 392 1719 Deo
421 1649 863 1714 commendarent
890 1648 1190 1712 admonuit,
1225 1657 1279 1703 et
1307 1665 1375 1703 ne
1405 1650 1638 1706 hominis

70 1742 186 1795 iram
211 1741 470 1811 timerent
500 1754 826 1810 magnopere
861 1738 1048 1809 jussit,
1082 1739 1286 1806 dicens,
1321 1742 1390 1795 nil
1421 1743 1636 1812 penitus

69 1833 134 1888 eis
155 1847 302 1904 posse
335 1848 564 1903 nocere,
613 1833 656 1885 si
685 1831 850 1885 Deum
882 1841 1248 1902 protectorem
1300 1846 1640 1890 mererentur

70 1924 279 1981 habere:
340 1923 612 1991 haberent
660 1932 863 1985 autem,
917 1926 962 1976 si
1009 1938 1130 1976 eum
1180 1937 1304 1976 vero
1333 1925 1636 1993 diligerent,

68 2017 206 2084 eique
228 2030 451 2087 semper
501 2015 716 2072 sincero
749 2015 912 2070 corde
945 2013 1233 2068 servirent.
1274 2015 1342 2068 At
1372 2016 1444 2068 illi
1477 2015 1637 2069 verba

70 2112 138 2164 sui
159 2108 327 2164 Patris
371 2109 688 2175 obediendo
731 2115 1108 2176 susceperunt,
1141 2117 1194 2159 et
1225 2106 1276 2160 in
1319 2107 1426 2162 Deo
1452 2119 1638 2162 contra

67 2217 232 2257 omnes
252 2202 606 2266 adversarios
628 2201 794 2259 Deum
821 2209 1182 2270 protectorem
1208 2199 1407 2254 habere
1431 2214 1630 2255 merue-

73 2300 198 2348 runt.
304 2330 306 2332 τ
449 2341 454 2344 ,
592 2335 596 2340 ,

133 2384 212 2438 57.
248 2383 379 2438 Cum
429 2395 615 2438 autem
647 2386 836 2437 beatus
886 2379 1170 2453 Wilfridus
1206 2380 1434 2434 Romam
1457 2379 1638 2433 venis-

77 2489 164 2541 set,
211 2478 497 2548 magniticc
547 2485 655 2530 tam
685 2492 714 2529 a
747 2474 956 2549 Joanne
994 2473 1301 2544 apostolica:
1351 2473 1496 2527 sedis
1543 2487 1639 2525 an-

80 2571 249 2636 tistite,
304 2587 474 2640 quam
507 2579 562 2626 et
611 2567 863 2639 apopulo
901 2569 1148 2623 ttomano
1195 2576 1482 2634 susceptus
1531 2576 1634 2620 est.

82 2663 327 2726 Adventus
364 2672 553 2717 autem
602 2661 685 2722 sui
741 2675 905 2715 causa
950 2674 1072 2714 cum
1127 2673 1310 2736 coram
1343 2655 1638 2725 apostolico

85 2754 341 2824 multisque
395 2754 671 2825 episcopis
703 2753 952 2810 ventilari
983 2753 1228 2815 deberet,
1283 2750 1638 2822 praesentibus

82 2849 465 2916 accusatoribus
517 2848 630 2916 suis
687 2848 862 2903 locum
887 2862 1007 2904 sese
1036 2843 1357 2902 defendendi
1405 2845 1635 2916 accepit.

81 2938 237 3007 itaque
279 2925 539 3003 surrexit,
573 2953 793 2993 causam
841 2953 990 2992 suam
1031 2950 1212 2992 coram
1262 2933 1512 2990 omnibus
1559 2934 1634 3008 (Ἰ)

82 3031 220 3095 dixit;
271 3033 412 3101 quod
451 3032 608 3094 dixit,
634 3032 712 3086 sic
757 3047 816 3085 se
859 3031 1060 3087 habere
1089 3030 1242 3084 firma
1273 3029 1520 3094 veritatis
1551 3044 1630 3082 ra-

1757 533 1931 599 ipsum
1965 535 2015 588 in
2061 536 2292 591 concilio
2343 536 2484 608 quod
2535 551 2891 612 congregarat
2937 543 3334 612 episcoporum,

1754 634 1939 692 utpote
1970 628 2142 681 virum
2175 629 2502 698 incorrupta:
2555 631 2676 685 fidei
2714 643 2767 684 et
2793 633 2956 687 animi
2985 636 3158 704 probi,
3209 637 3337 691 resi-

1751 713 1882 769 dere
1920 718 2266 787 prtecipcret.
2319 720 2525 786 Quibus
2572 723 2791 786 auditis,
2844 738 3032 778 omnes
3070 739 3172 778 una
3206 741 3330 787 cum

1719 875 1724 880 ‘
1753 805 1869 873 ipso
1898 825 2109 863 sunnno
2157 811 2407 878 pontifice
2443 813 2649 878 dixere,
2705 815 2876 869 virum
2910 825 3072 869 tantm
3099 819 3335 872 auctori-

1754 899 1898 961 tatis,
1947 901 2037 969 qui
2086 917 2183 980 per
2231 903 2587 974 quadraginta
2619 920 2784 976 pr0pe
2817 922 2988 961 annos
3013 909 3330 978 episcOpatu

1753 986 1966 1044 functus
1999 979 2137 1054 erat,
2182 979 2522 1063 iteqttaquatn
2568 994 2814 1050 damnari
2843 999 3074 1065 debere;
3111 1002 3205 1054 sed
3232 989 3331 1053 ab-

1751 1079 1988 1135 Solutum
2023 1083 2088 1136 ad
2115 1085 2372 1153 patriam,
2424 1075 2933 1156 utpoteinnnunem
2962 1090 3029 1144 ab
3050 1091 3196 1145 otnni
3221 1092 3332 1145 cnl-

1751 1185 1842 1238 pa,
1869 1189 1989 1226 cmn
2035 1175 2238 1229 honore
2269 1176 2466 1230 redire.
2504 1176 2779 1247 Scriptum
2816 1189 2897 1233 est
2925 1181 3088 1250 igitur
3116 1183 3328 1254 regibus

1748 1266 2044 1335 Anglorum
2068 1266 2310 1322 [Eilredo
2349 1278 2401 1320 ct
2431 1268 2660 1334 Alfrido,
2690 1283 2747 1323 ut
2776 1271 2818 1324 si
2849 1273 3193 1327 anathemate
3220 1274 3330 1342 ple-

1749 1357 1820 1412 cti
1855 1357 2078 1423 nollent,
2106 1358 2252 1413 illutn
2283 1361 2363 1413 sui
2394 1361 2735 1432 episc0patus
2782 1363 2908 1418 sede
2933 1354 3097 1434 recipi
3125 1368 3331 1437 absque
3399 1428 3407 1434 ,

1749 1451 2136 1504 retractatione
2165 1450 2428 1517 facerent,
2484 1469 2550 1507 eo
2572 1455 2714 1522 quod
2740 1455 2912 1524 ipsum
2943 1453 3136 1524 injuria
3161 1458 3326 1527 depo-

1746 1543 1911 1597 situm
1937 1560 2057 1599 esse
2085 1559 2273 1598 omnes
2303 1554 2478 1600 ratum
2509 1546 2794 1602 haberent.

1818 1637 1908 1691 58.
1951 1636 2073 1692 Post
2109 1638 2222 1692 hate
2252 1638 2484 1692 famulus
2529 1638 2738 1694 Domini
2775 1639 2984 1711 magnis
3017 1651 3325 1696 sanctorum

1753 1729 1997 1798 reliquiis
2042 1729 2422 1800 locupletatus,
2472 1739 2527 1784 et
2569 1728 2734 1784 multa
2779 1733 3069 1786 multorum
3105 1749 3328 1787 venera-

1749 1821 1894 1874 tione
1936 1813 2254 1891 perfunctus
2285 1833 2340 1878 et
2389 1822 2742 1889 exhilaratus,
2785 1824 3016 1895 patriam
3050 1829 3324 1881 remeandi

1746 1912 1886 1966 viam
1914 1913 2145 1981 repetiit.
2185 1913 2430 1984 Cumque
2457 1913 2507 1967 itt
2538 1923 2721 1982 partes
2744 1893 3038 1970 Galliarum
3075 1915 3328 1971 devenis-

1744 1996 1846 2068 set,
1911 2005 2086 2058 subita
2143 2006 2457 2078 infirmitate
2501 2007 2812 2078 corripitur.
2849 2005 2962 2076 Qua
3018 2021 3318 2073 crescente,

1747 2105 1898 2150 tanto
1931 2085 2116 2151 dolore
2156 2107 2385 2152 vexatur
2435 2107 2495 2152 ut
2527 2089 2668 2169 eqito
2708 2095 3069 2174 minime-vehi
3101 2101 3322 2166 valeret,

1743 2189 1836 2242 sed
1876 2190 2247 2244 ministrorum
2314 2181 2567 2246 manibus
2607 2193 2658 2245 in
2707 2189 2934 2262 grabato
2991 2203 3320 2264 portaretur.

1743 2280 1939 2349 Sicque
1969 2281 2177 2334 delatus
2207 2282 2256 2334 in
2292 2282 2523 2346 Mcldnu:
2545 2284 2821 2337 civitatem
2850 2282 3056 2350 Galliae,
3090 2295 3324 2355 quatuor

1743 2373 1931 2426 diebus
1971 2386 2037 2426 ac
2087 2373 2341 2428 noctibus
2389 2363 2584 2428 similis
2621 2386 2838 2428 mortuo
2877 2374 3113 2442 jacebat,
3157 2376 3323 2431 halitu

1743 2462 2080 2519 solummodo
2131 2465 2380 2536 pertenui
2417 2467 2538 2520 vita:
2594 2482 2652 2521 se
2703 2451 2942 2522 funditus
2990 2453 3323 2524 Subtractum

1743 2574 1846 2623 non
1872 2575 1995 2614 esse
2047 2545 2444 2642 demonstrans.
2495 2561 2629 2616 Cum
2653 2578 2783 2617 vero
2815 2564 2884 2618 ita
2939 2548 3074 2619 sine
3111 2567 3232 2622 cibo
3271 2578 3327 2622 et

1723 2665 1891 2724 potu,
1932 2657 2050 2710 sine
2104 2671 2235 2716 voce
2283 2667 2338 2710 et
2386 2657 2570 2712 auditu
2601 2657 2894 2736 quatriduo
2930 2668 3324 2729 perseveraret,

1740 2747 1931 2816 quinta
1957 2739 2175 2821 demum
2207 2747 2293 2803 die
2316 2762 2436 2825 cum
2458 2746 2790 2818 jamjamquc
2826 2750 3119 2812 moriturus
3152 2767 3177 2804 a
3212 2750 3326 2815 suis

1741 2843 2106 2914 plangeretur,
2131 2855 2359 2914 sanctus
2382 2843 2606 2898 Michael
2652 2844 3010 2914 archangelns
3033 2860 3062 2897 a
3098 2845 3327 2911 Domino

1743 2937 1991 2999 mittitur,
2040 2951 2134 3007 per
2187 2952 2346 3006 quem
2376 2936 2597 3002 sanitati
2659 2937 2922 3007 pristinia:
2986 2916 3320 3007 restituatur.

1740 3027 1842 3086 Cui
1884 3028 2045 3084 Pater
2091 3028 2394 3094 intendens,
2430 3043 2494 3082 ac
2545 3027 2692 3088 velut
2733 3028 2936 3096 optime
2977 3029 3198 3098 cognito
3227 3044 3322 3097 pro

84 3121 204 3207 tione
255 3123 522 3192 probavit.
568 3122 718 3182 Unde
773 3121 1079 3177 communis
1127 3119 1317 3188 judicii
1370 3119 1634 3176 sententia
1669 3123 1710 3183 C
1746 3137 1902 3191 posse
1926 3137 2026 3176 suo
2073 3121 2251 3184 vultus
2279 3120 2915 3191 alacritateadgaudeas.
2951 3119 3319 3197 tacitus-jace-

81 3214 164 3268 viri
186 3214 269 3269 Dei
301 3215 610 3270 innocentia
639 3214 1041 3285 cmnprobatur,
1070 3226 1232 3284 atque
1263 3223 1632 3282 accusantium

82 3301 204 3360 false
252 3306 554 3366 calumnia}
590 3306 967 3376 reprobantur.
1027 3304 1201 3374 Super
1249 3304 1366 3360 hare
1420 3319 1638 3376 quoque

83 3399 388 3455 venerandus
427 3413 566 3468 papa
610 3397 848 3464 Joannes
877 3412 904 3451 a
934 3398 1147 3453 cunctis
1179 3404 1458 3459 exoratur,
1496 3411 1628 3464 qua-

84 3499 216 3545 tenus
257 3491 556 3563 apostolica
599 3493 898 3558 sanctione,
946 3490 1225 3562 etjustitia
1267 3488 1398 3557 justi
1455 3489 1636 3546 debito

82 3578 254 3639 honore
276 3584 613 3650 sublevetur,
666 3594 716 3642 et
755 3583 1007 3653 iniustitia
1035 3585 1082 3639 ei
1113 3581 1478 3637 resistentium
1504 3597 1633 3637 con-

81 3688 190 3741 grua
249 3677 596 3732 damnatione
650 3687 947 3746 prematur.
997 3677 1143 3732 Juvit
1183 3689 1364 3733 autem
1413 3691 1633 3730 causam

83 3764 198 3821 illius
222 3768 373 3825 lectio
399 3771 598 3842 synodi
632 3770 953 3826 venerabilis
995 3787 1144 3841 papa:
1169 3769 1485 3842 Agathonis,
1515 3785 1635 3839 quae

79 3861 314 3924 quondam
368 3865 428 3918 in
459 3863 540 3917 sui
588 3863 872 3931 prtesentia
903 3862 1063 3934 (sicut
1094 3864 1351 3933 diximus)
1377 3873 1497 3918 acta
1525 3872 1632 3925 est,

80 3963 178 4004 cum
212 3954 258 4006 in
280 3955 513 4010 consilio
546 3957 919 4024 episcoporum
968 3954 1081 4025 ipse
1110 3955 1320 4010 medius
1345 3955 1630 4011 resideret.

83 4035 191 4094 Nam
217 4058 352 4111 cum,
389 4062 453 4099 re
477 4047 750 4115 exigente,
791 4044 1028 4116 synodus
1065 4046 1254 4101 eadem
1279 4043 1432 4112 jussu
1483 4059 1633 4114 papae

81 4127 341 4201 legeretur,
382 4146 436 4190 et
465 4153 653 4190 coram
699 4137 965 4191 nobilibus
1011 4137 1289 4207 plebisque
1328 4137 1631 4206 frequentia

82 4222 240 4281 diebus
259 4229 461 4299 aliquot
485 4231 826 4292 recitaretur,
855 4240 1072 4284 ventum
1095 4239 1177 4285 est
1197 4230 1260 4282 ad
1284 4246 1404 4284 cum
1431 4231 1630 4292 locum,

81 4315 430 4387 nbilseriptttm
460 4331 582 4375 erat
613 4341 625 4375 :
677 4341 694 4368 ι
731 4319 1032 4387 Wilfridus,
1073 4323 1181 4376 Deo
1213 4321 1479 4385 amabilis,
1521 4321 1627 4392 cpi-

80 4418 244 4474 scopus
274 4411 530 4468 Eboracae
581 4413 816 4468 civitatis
848 4415 1197 4482 apostolicam
1227 4413 1410 4467 sedem
1442 4414 1508 4466 de
1532 4427 1626 4466 sua

1743 3216 1854 3280 hat,
1887 3212 2144 3284 quidnam
2174 3213 2275 3267 sibi
2307 3211 2487 3266 dicere
2529 3210 2686 3265 vellet
2717 3211 2988 3280 operiens.
3033 3210 3195 3272 Stans
3221 3213 3323 3266 it.-

1741 3322 1848 3374 que
1870 3305 2181 3374 angelorum
2214 3304 2464 3373 princeps
2502 3295 2807 3373 huiusmodi
2844 3303 3002 3356 verba
3041 3285 3325 3356 virolocu-
3406 3371 3407 3374 η

1743 3407 1828 3450 tus
1854 3395 2148 3451 asscritur:
2191 3412 2208 3443 ι
2247 3392 2515 3460 Wilfride,
2556 3393 2794 3474 concivis
2835 3392 3172 3467 digtﬁssimc,
3201 3409 3323 3446 sur-

1741 3503 1825 3558 ge,
1857 3487 1986 3557 quid
2031 3485 2223 3556 jaccs?
2255 3500 2378 3540 nam
2428 3485 2551 3552 licet
2589 3485 2730 3538 inter
2755 3485 2902 3538 cives
2932 3485 3193 3538 cmlorutn
3219 3500 3322 3538 nu-

1741 3581 1993 3643 mereris,
2049 3588 2228 3633 tamen
2278 3586 2496 3646 propter
2525 3571 2798 3640 orationi-3
2835 3575 3062 3628 iiliurttnt
3110 3584 3320 3628 tuorum

1740 3674 1844 3738 hoc,
1887 3683 2126 3744 tempore
2168 3683 2270 3735 non
2301 3668 2568 3736 morieris,
2621 3667 2887 3737 praecipue
2914 3681 3008 3735 per
3044 3666 3234 3740 merita
3268 3675 3324 3720 et

1741 3767 1947 3822 interce
1978 3764 2158 3818 siones
2185 3761 2358 3822 beata:
2393 3759 2576 3822 Mariae
2608 3759 2888 3831 genitricis
2913 3759 3022 3836 Dei
3047 3768 3100 3814 et
3130 3773 3323 3828 perpe-

1742 3868 1845 3912 tua:
1887 3855 2140 3924 Virginis.
2197 3852 2384 3908 Oravit
2430 3839 2574 3917 enim
2621 3865 2718 3919 pro
2752 3859 2824 3914 te,
2868 3860 3150 3926 propterea
3177 3851 3320 3918 qnol

1739 3951 1984 4020 quaedam
2032 3961 2194 4016 opera
2249 3945 2349 4000 sibi
2403 3943 2702 4018 placuerint
2746 3940 2886 3994 facta
2947 3955 3046 4010 per
3099 3950 3171 4016 te.
3204 3941 3323 4020 Scit

1739 4017 1931 4110 nempe
1985 4039 2112 4110 quid
2157 4036 2337 4106 operis
2387 4023 2548 4090 Petro
2603 4033 2812 4096 feceris,
2871 4023 3107 4110 quidque
3153 4017 3322 4104 ipsius

1739 4135 1889 4190 fratri
1913 4133 2139 4187 Andreae
2159 4127 2546 4185 construxeris.
2571 4111 2910 4194 Quapropter
2940 4113 3084 4195 nunc
3104 4124 3318 4191 quidem

1739 4245 1767 4282 a
1817 4234 1989 4281 morte
2031 4220 2394 4282 revocaberis,
2427 4234 2492 4278 ac
2527 4218 2646 4271 vita:
2678 4215 2956 4287 salutique
2982 4215 3319 4279 restitueris,

1739 4319 1832 4374 sed
1877 4322 2274 4386 paratusesto,
2305 4311 2432 4381 quia
2480 4317 2599 4378 post
2641 4307 3057 4386 quadriennium
3108 4307 3322 4362 rediens

1742 4409 1969 4464 visitabo
2030 4416 2100 4461 te.
2155 4403 2393 4464 Patriam
2451 4415 2580 4466 vero
2624 4383 2974 4468 perveniens,
3025 4396 3318 4473 mammam

81 4508 215 4551 causa
252 4505 546 4572 appellans,
583 4525 600 4556 ι
667 4517 716 4559 et
747 4514 944 4558 ezetera
972 4520 1092 4574 qua:
1131 4521 1291 4575 supra
1327 4505 1626 4574 posuimus.
1663 4488 1707 4542 Ῑ)
1736 4501 2136 4574 possessionum
2170 4509 2404 4559 tuarum,
2438 4509 2557 4574 qua:
2589 4491 2682 4561 tibi
2723 4499 2848 4559 sunt
2880 4487 3322 4556 ablat;e..por:io-

80 4585 207 4650 Quod
234 4595 317 4647 tibi
371 4596 592 4662 lectum,
627 4607 817 4668 stupor
849 4599 1206 4672 apprehendit
1238 4598 1538 4659 audientes,
1577 4605 1633 4650 ct

81 4679 244 4738 silente
271 4686 467 4744 lectore
495 4705 778 4763 coeperunt
808 4695 1128 4748 alterutrum
1183 4690 1485 4760 requirere,
1510 4689 1632 4758 quis

82 4768 153 4824 ille
183 4773 454 4834 Wilfridus
489 4787 772 4854 episcopus
801 4789 965 4840 esset.
1001 4783 1136 4837 Tum
1167 4781 1474 4837 Bonifacius
1499 4795 1632 4850 apo-

81 4864 226 4920 stolici
255 4886 399 4939 papas
441 4876 802 4942 consiliarius,
833 4881 887 4931 et
916 4875 1005 4929 alii
1062 4873 1366 4945 perplures,
1392 4871 1482 4942 qui
1505 4885 1628 4924 eum

83 4959 379 5024 lemPOI‘ibns
430 4966 730 5037 Agathonis
783 4982 934 5038 papae
982 4967 1052 5021 ibi
1086 4966 1352 5029 viderant,
1377 4960 1632 5016 dicebant

82 5042 227 5110 ipsum
275 5068 390 5109 esse
415 5060 750 5130 episcopum,
790 5063 882 5132 qui
911 5069 1205 5115 accusatus
1236 5074 1265 5110 a
1297 5056 1431 5118 suis,
1463 5064 1628 5124 atque

83 5151 105 5186 ³
126 5143 236 5198 εοίῑθ
255 5152 545 5224 apostolica
565 5153 890 5224 iudicandus
911 5169 1082 5222 nuper
1109 5151 1336 5205 Romani
1367 5146 1583 5202 advenit
1614 5163 1625 5198 :

81 5233 155 5296 (lui
177 5235 497 5308 jamdudum,
528 5245 799 5314 inquiunt,
831 5261 985 5314 teque
1013 5251 1298 5297 accusatus
1331 5241 1434 5293 huc
1462 5239 1625 5290 adve-

83 5320 231 5389 niens,
254 5347 384 5387 mox
403 5339 583 5391 audita
610 5338 1014 5408 dijntlieataque
1040 5350 1202 5389 causa
1239 5343 1293 5387 et
1320 5341 1629 5386 controver-

79 5411 143 5466 sia
169 5423 431 5504 utriusque
460 5435 650 5500 partis,
677 5445 706 5483 a
733 5430 904 5484 beata:
928 5429 1202 5482 memoria:
1226 5439 1361 5494 papa
1391 5419 1627 5490 Ag=|lhO-

81 5513 138 5556 ne
172 5514 415 5576 probatus
467 5530 550 5574 est
586 5529 784 5574 contra
832 5518 914 5573 fas
967 5531 1087 5573 esse
1115 5531 1144 5570 a
1173 5530 1272 5570 suo
1315 5512 1624 5582 episcopatu

145 5649 209 5720 i7)
250 5644 530 5733 Epistulam
575 5664 692 5733 ejus
725 5657 930 5733 Joanni
962 5670 1114 5727 papae
1145 5655 1197 5708 in
1225 5649 1306 5705 sui
1342 5644 1626 5733 purgatio:-

87 5727 186 5788 pean
222 5721 446 5785 oblatam
499 5721 662 5788 refe-rt
719 5721 1068 5786 Willelmits':
1102 5739 1201 5779 nec
1253 5736 1361 5775 non
1411 5721 1623 5786 litteras

77 5780 264 5850 Joannis
289 5780 446 5869 pupil
487 5780 1086 5875 εἷ’ξνέιιίὲιὶίίἣίὶηίιιί
1117 5795 1350 5849 directas
1392 5780 1618 5845 dominis

447 5901 558 5962 Ρη
575 5916 695 5960 nor.
749 5893 972 5956 CLIX.

1736 4611 1855 4648 nent
1882 4592 2127 4661 recipies,
2158 4599 2320 4658 atque
2355 4587 2406 4641 in
2436 4599 2564 4655 pace
2603 4580 2892 4652 tranquilla
2927 4579 3092 4632 vitam
3119 4577 3311 4631 termi-

1735 4685 1908 4741 nabis.
1945 4702 1962 4734 ι
1998 4680 2204 4749 Quibus
2235 4679 2410 4742 dictis,
2453 4675 2590 4746 visio
2633 4671 2814 4742 angeli
2859 4667 3216 4744 colloqucntis
3254 4665 3324 4720 ab

1732 4776 1848 4844 ejus
1873 4782 2164 4844 conspectu
2190 4773 2371 4840 elapsa
2412 4755 2512 4822 cst.
2555 4767 2626 4820 At
2669 4765 2756 4819 ille
2808 4762 3057 4832 protinus
3084 4775 3148 4813 ac
3175 4759 3218 4812 si
3251 4755 3320 4810 de

1732 4869 1879 4939 gravi
1933 4881 2121 4920 somno
2165 4860 2576 4933 expergefactus
2601 4856 2856 4920 surrexit,
2888 4853 3046 4917 sedit,
3076 4850 3316 4918 apertis-
3352 4909 3356 4912 ,

1733 4974 1838 5027 que
1875 4957 2045 5018 oculis
2093 4956 2240 5008 circa
2290 4968 2346 5007 se
2373 4951 2568 5005 choros
2597 4947 2937 5018 psallentium
2976 4942 3324 5010 ﬂentiumque

1733 5050 1961 5104 fratrum
2005 5046 2236 5117 aspexit,
2285 5059 2350 5097 ac
2407 5042 2676 5110 modicum
2733 5036 3035 5106 suspirans,
3098 5033 3321 5086 ubinam

1731 5153 1876 5201 esset
1897 5143 2042 5198 Acca
2080 5141 2366 5211 presbyter
2393 5132 2766 5203 interrogavit.
2804 5131 2907 5198 Qui
2950 5128 3135 5183 statim
3168 5141 3323 5180 voca-

1733 5247 1818 5292 tus
1842 5234 2084 5294 intravit,
2113 5240 2168 5287 et
2197 5231 2382 5310 videns
2411 5244 2532 5282 eum
2557 5225 2748 5281 melius
2771 5225 3056 5278 habentem
3082 5236 3145 5275 ac
3175 5219 3322 5290 loqui

1731 5327 2018 5389 valentem,
2058 5323 2210 5384 ﬂexis
2232 5321 2457 5391 genibus
2500 5333 2624 5372 cmn
2669 5316 2922 5370 omnibus
2956 5312 3044 5382 qui
3085 5314 3319 5366 aderant

1733 5421 1991 5474 fratribus
2020 5417 2129 5472 Deo
2157 5416 2361 5485 gratias
2391 5412 2520 5483 egit.
2548 5410 2613 5465 Et
2660 5425 2782 5464 cum
2816 5423 3004 5476 parum
3045 5405 3324 5461 consedis-

1731 5520 1871 5575 sent,
1904 5525 1968 5566 ac
2007 5509 2072 5562 de
2096 5504 2343 5576 supernis
2385 5495 2602 5572 iudiciis
2630 5499 2822 5570 trepidi
2861 5498 3036 5568 aliqua
3064 5494 3321 5550 confabu-

1729 5639 2150 5696 eminentissimis
2187 5634 2470 5690 Etlielredo
2505 5633 2652 5702 "regi
2677 5630 3012 5700 Merrioruut,
3043 5637 3088 5681 et
3112 5619 3319 5694 Alfrido

1731 5713 1836 5784 regi
1874 5712 2152 5766 Deirorum
2176 5717 2224 5760 et
2248 5704 2638 5765 Berniciorum.

2763 5857 2842 5918 ΞΒ
