3870 6304
409 355 524 425 τςιῖ¹

1393 353 1477 408 EA
1490 355 1574 406 l).\l
1587 351 1697 405 ιλιι
1737 352 1818 406 CA
1831 345 2088 402 NI‘UARI
2101 347 2297 404 ENSIS
2340 345 2642 402 MUNACIII

3584 343 3684 400 ’με
3731 317 3736 322 ’

409 453 507 526 lari
557 468 868 541 cmpissent,
909 467 1068 536 jussit
1109 469 1344 540 pontifex
1389 481 1615 526 ea'teros
1665 471 1732 525 ad
1789 471 1976 526 horam
2012 452 2054 508 Α
2090 470 2290 524 minere
2314 467 2584 539 cognovit,
2628 473 2777 521 tanto
2807 464 3092 521 sollicitius
3117 465 3380 530 instabat,
3412 475 3471 517 ut
3508 466 3677 520 talen-

407 561 846 633 egrcdi.~Deliinc
888 560 953 613 ad
1000 560 1196 614 Accam
1243 563 1619 634 presby‘crum
1666 576 1979 624 conversus,

407 667 634 721 qumque
661 651 862 704 viderat
892 650 1082 704 ordire
1113 651 1316 716 retulit,
1344 653 1619 706 tremenda
1653 652 1801 706 illum
1832 651 1984 721 adju-

407 735 617 797 rafioue
660 744 1058 810 (onSIringens,
1101 758 1167 795 ne
1197 747 1323 795 dum
1358 743 1482 797 huic
1507 743 1628 797 vita:
1651 753 1980 814 superesset,

403 832 656 901 cuiquam
684 832 884 886 homini
915 831 1172 886 visionem
1201 832 1370 901 ipsam
1398 833 1656 887 ediceret.

475 917 564 981 59.
609 923 894 980 Couvaluit
943 924 1104 994 igitur
1144 924 1429 994 episcopus
1491 925 1703 980 cunctis
1745 925 1982 993 gauden-

404 1018 570 1082 tibus,
599 1026 884 1087 ereptoque
920 1016 1114 1070 itinere
1153 1016 1472 1070 Brittaniam
1516 1018 1682 1071 venit.
1731 1017 1983 1086 Epistolis

403 1117 585 1163 autem
628 1123 764 1176 quas
794 1122 824 1162 a
859 1106 1121 1160 Romana:
1153 1105 1295 1160 sedis
1330 1108 1572 1162 antistite
1617 1119 1899 1177 acceperat
1925 1109 1979 1162 in

402 1220 670 1266 conventu
701 1211 961 1265 nobilium
991 1210 1168 1276 lcetis,
1200 1209 1510 1264 Birtualdus
1541 1204 1980 1272 archiepiscopus

401 1315 459 1358 et
489 1303 761 1360 .Eilredus
801 1303 1073 1372 quondam
1114 1318 1228 1368 rex,
1262 1312 1389 1355 tunc
1428 1308 1606 1352 autem
1658 1295 1846 1360 abbas,
1899 1292 1980 1347 eis

401 1393 759 1449 libentissime
793 1391 1062 1446 faverunt.
1112 1392 1213 1460 Qui
1255 1390 1503 1446 videlicet
1530 1386 1803 1442 Aiilredus
1839 1382 1982 1437 acci-

403 1497 515 1540 tum
545 1487 612 1539 ad
638 1499 697 1539 se
725 1485 1080 1544 Coenrezhnn.
1106 1501 1264 1555 quem
1308 1493 1430 1554 post
1457 1498 1515 1537 se
1543 1496 1721 1551 regem
1754 1478 1978 1541 fecerat,
2022 1547 2024 1550 ν

401 1579 650 1632 hortatus
689 1584 772 1630 est
818 1585 877 1629 ut
925 1592 1139 1630 servum
1182 1575 1390 1629 Domini
1441 1590 1505 1628 ex
1540 1572 1722 1626 animo
1768 1583 2012 1637 semper-

401 1669 630 1728 coieret.
655 1667 899 1736 eligeret,
946 1665 1150 1720 foveret
1194 1675 1247 1719 ct
1283 1674 1474 1720 contra
1512 1677 1700 1716 omnes
1731 1661 1979 1714 adversa-

399 1750 832 1814 rio‘siindefessus
854 1752 901 1812 ei
931 1765 1296 1828 propugnator
1322 1755 1600 1810 existeret.
1633 1752 1743 1804 Rex
1768 1748 1974 1802 annuit.

398 1838 637 1907 Alfi-ldus
689 1866 818 1906 vero
852 1854 943 1906 rex
991 1837 1587 1913 Nordanhnmhrortnn,
1624 1844 1766 1900 sicut
1805 1841 1974 1912 regni,

375 1945 562 2001 "sic'et
589 1944 970 2015 indignationis
993 1943 1244 2000 fraterna:
1273 1940 1482 1996 malens
1515 1952 1798 1994 successor
1837 1949 1978 1998 esse,

398 2049 560 2105 quam
603 2035 834 2105 jussioni
877 2036 1183 2106 apostolicze
1225 2026 1469 2104 deposito
1515 2046 1744 2086 ranenre
1785 2028 1981 2083 mentis

369 2131 680 2182 --‘assensunt
711 2127 974 2196 przebere,
1025 2123 1342 2196 ambagibus
1389 2120 1710 2192 quihusdam
1748 2115 1979 2184 objectis

398 2219 674 2273 nitebatur
692 2216 1002 2281 ostendere,
1041 2216 1144 2270 sibi
1179 2214 1394 2286 penitus
1435 2220 1540 2267 neu
1567 2223 1684 2266 esse
1727 2207 1980 2280 possibile

398 2310 540 2379 quod
571 2309 985 2379 przecipiebatur
1015 2307 1251 2377 eXplere.
1290 2307 1488 2360 Verum
1519 2303 1761 2358 oumium
1802 2314 1979 2357 secre-

398 2399 730 2454 ta‘cordium
769 2408 1021 2453 scrutaus
1074 2396 1338 2467 sap'eutia
1383 2395 1476 2448 Dei
1519 2391 1814 2462 nequitiam
1866 2387 1979 2458 ejus

398 2490 653 2555 attendit,
699 2487 982 2543 attendens
1011 2487 1364 2549 examinavit,
1395 2485 1714 2539 examinans
1757 2474 1979 2536 damna-

396 2581 498 2646 vit,
527 2594 590 2634 ac
609 2592 805 2648 corpus
832 2577 974 2632 illius
1001 2577 1112 2631 acri
1132 2576 1332 2631 doloris
1353 2573 1660 2628 invectione
1687 2572 1768 2627 sic
1791 2570 1980 2626 debili-

398 2671 556 2734 tavit,
596 2679 654 2724 ut
683 2669 930 2739 protinus
971 2668 1108 2724 lecto
1154 2668 1507 2730 reciperetur,
1549 2674 1605 2719 et
1653 2664 1796 2718 οτιιηί
1841 2667 1978 2734 pene

395 2763 764 2817 membrorum
811 2758 984 2815 cilicio
1010 2759 1413 2814 destitueretur.
1465 2755 1710 2824 Quicum
1748 2770 1806 2810 se
1839 2755 1976 2808 mori

396 2861 766 2924 cognosceret,
813 2851 1072 2906 adhibitis
1129 2850 1360 2905 testibus
1417 2847 1682 2919 promisit,
1741 2844 1880 2914 quod
1930 2843 1976 2898 si

395 2946 540 3000 Deus
589 2944 753 2996 vitam
796 2941 904 2996 sibi
951 2936 1292 3004 concederet,
1352 2947 1420 2994 et'
1454 2936 1621 3007 jussis
1669 2933 1978 3005 apostolicis

393 3038 557 3093 veliet
577 3036 820 3100 obedire,
852 3045 906 3089 et
936 3031 1189 3088 Wilfrido
1238 3031 1384 3086 omni
1415 3039 1656 3098 tempore
1686 3029 1977 3082 inclinatus

2085 570 2196 616 tttm
2236 561 2338 617 sibi
2382 559 2646 618 creditum
2694 559 2920 614 Domino
2947 572 3046 612 suo
3071 555 3261 613 fenore
3315 555 3681 627 multiplicata

2085 665 2296 724 reporta
2308 665 2408 709 ret.

2154 747 2241 801 60.
2281 747 2346 800 Et
2389 743 2500 812 jam
2537 753 2746 814 tempus
2791 743 3032 815 angelica
3061 741 3401 798 revelatian
3441 743 3675 811 promis-

2083 853 2201 891 sum
2263 837 2466 889 instare
2517 834 2823 904 prtescusit,
2886 851 3007 888 eum
3056 849 3186 888 cccc
3229 833 3382 903 gravi
3435 835 3681 902 corporis

2086 927 2347 996 languore
2389 926 2681 990 invaditur,
2709 934 2762 979 et
2793 923 3050 996 fatigatus
3079 925 3218 979 lecto
3253 925 3547 993 recipitur.
3585 925 3680 980 Ve-

2085 1019 2320 1071 neranda
2365 1016 2592 1071 fratrum
2652 1017 2892 1088 agmina,
2929 1033 3026 1071 nec
3062 1032 3168 1070 non
3227 1026 3283 1070 et
3329 1015 3514 1085 plebis
3561 1031 3678 1070 eum

2083 1109 2195 1162 suis
2253 1110 2572 1179 priumtibus
2619 1125 2746 1178 pars
2794 1110 3027 1164 maxima
3089 1110 3143 1164 in
3194 1125 3362 1164 unum
3433 1109 3680 1172 eminuit,

2087 1198 2284 1252 lectum
2319 1198 2553 1266 jacentis
2596 1196 2851 1253 flebiliter
2891 1198 3081 1260 ambit,
3114 1197 3280 1267 fitque
3312 1213 3491 1267 pavor
3520 1214 3678 1270 gran-

2084 1289 2184 1348 dis.
2216 1301 2283 1342 ne
2319 1288 2458 1342 lorte
2499 1288 2720 1343 recedat
2767 1289 2835 1344 ab
2867 1288 2997 1342 illis.
3035 1288 3103 1342 At
3149 1288 3238 1343 illc
3284 1304 3344 1343 se
3377 1287 3451 1341 de
3501 1288 3683 1344 labore

2083 1384 2150 1436 ad
2188 1383 2454 1453 requiem,
2482 1383 2550 1435 de
2573 1381 2791 1436 miseria
2822 1381 2887 1437 ad
2914 1382 3331 1442 beatitudinem.
3363 1382 3435 1435 de
3460 1381 3681 1436 tristitia

2085 1475 2150 1527 ad
2183 1487 2479 1543 parcnnem
2512 1473 2755 1528 laetitiam
2789 1474 3027 1543 migrare
3081 1473 3457 1542 perpenlens,
3510 1473 3680 1526 tristia

2084 1565 2242 1618 Corda
2269 1565 2742 1619 circumstantium
2777 1565 2973 1634 quibus
3011 1573 3220 1634 poterat
3271 1565 3460 1618 verbis
3491 1579 3681 1618 conso-

2083 1657 2317 1722 labatur,
2347 1656 2534 1711 dieens
2559 1671 2652 1711 eos
2673 1655 2856 1725 lugere
2879 1671 2976 1726 pro
3007 1669 3067 1710 se
3099 1654 3244 1710 nullo
3270 1656 3438 1710 modo
3461 1655 3677 1720 debere,

2084 1764 2242 1818 quem
2277 1763 2384 1800 non
2428 1746 2680 1810 ludibria,
2736 1747 2829 1801 sed
2865 1761 3076 1800 smnme
3097 1745 3338 1813 jucunda
3369 1755 3506 1815 post
3542 1762 3678 1799 mor-

2088 1853 2192 1896 tem
2217 1842 2366 1895 adire
2397 1839 2758 1894 certissiunmt
2802 1849 3022 1909 possent
3071 1839 3293 1892 trahere.
3327 1837 3512 1908 ipsam
3549 1851 3673 1893 vero

2081 1937 2274 1988 seriem
2330 1934 2618 2007 verborum
2681 1945 2802 2000 qua:
2864 1930 2916 1984 in
2979 1934 3165 1983 eorum
3222 1929 3671 1992 consolationem,

2081 2026 2239 2082 simul
2294 2036 2348 2080 et
2399 2027 2450 2079 in
2515 2032 2720 2078 sancta:
2765 2021 2886 2075 vita:
2947 2022 3288 2091 propositum
3344 2022 3672 2076 servandum

2081 2115 2422 2173 exhortando
2474 2113 2685 2167 locutus
2707 2121 2810 2178 est,
2841 2111 2962 2180 quis
2997 2110 3271 2182 explicet?
3301 2108 3443 2162 Nam
3477 2119 3674 2178 quanto

2081 2209 2262 2276 magis
2353 2203 2881 2259 inconunutabilitati
2949 2217 3090 2256 vera:
3167 2199 3564 2256 consoiationis
3623 2207 3672 2254 et
3734 2221 3736 2224 ν

2079 2313 2296 2355 (Ριιιιτιιιιε
2350 2301 2473 2353 vitm
2527 2296 3019 2368 appropinquabat,
3074 2304 3222 2348 tanto
3293 2293 3514 2363 plenius
3563 2291 3671 2360 ejus

2081 2394 2418 2448 dulcedinem
2452 2392 2756 2452 hauriebat,
2785 2398 2839 2442 et
2880 2389 3127 2442 haustam
3153 2401 3512 2456 quorumque
3541 2385 3678 2440 assi-

2079 2490 2334 2546 stentium
2366 2488 2587 2542 auribus
2615 2485 2930 2540 infundebat
2956 2497 2972 2536 :
3016 2491 3071 2537 et
3101 2491 3160 2536 ιιι
3197 2479 3316 2549 ejus
3337 2496 3503 2535 sacra
3541 2480 3680 2535 infn-

2079 2580 2249 2635 sEouis
2279 2579 2533 2632 virtutem
2562 2573 2904 2630 audientium
2949 2573 3113 2626 corda
3143 2571 3527 2639 conciperent,
3558 2579 3676 2640 qua?

2080 2671 2258 2724 verbis
2281 2647 2540 2730 ‘dfCehat,
2575 2665 2809 2721 mirabili
2835 2665 3114 2736 SignOrtun
3165 2661 3410 2717 elﬁeacia
3442 2662 3500 2715 in
3531 2662 3674 2730 ipso-

2081 2779 2200 2818 rum
2249 2761 2422 2816 o'culis
2458 2762 2536 2815 sic
2593 2771 2714 2814 esse
2749 2757 3158 2826 comproba‘bat.
3203 2754 3336 2822 Qua:
3389 2756 3674 2824 signorum

2079 2853 2316 2908 cllicaeia
2360 2859 2427 2906 eo
2485 2851 2654 2921 magis
2694 2851 2870 2902 virum
2931 2847 3318 2911 comitabatur,
3379 2863 3495 2916 quo
3550 2848 3672 2900 vim

2081 2946 2114 3001 h
2150 2944 2241 3013 jus
2273 2943 2585 2998 transitoria
2612 2941 2904 3012 fragilitate
2921 2941 3208 3003 decedens,
3242 2955 3478 2995 summa:
3521 2939 3675 2994 Veri-

2082 3036 2178 3090 tati
2235 3035 2562 3088 atternalitcr
2616 3030 3000 3102 copulabatur.
3049 3031 3203 3086 Unde
3263 3031 3443 3085 fateor
3494 3031 3678 3085 dicere

395 3129 658 3185 existere.
694 3127 800 3184 Sed
834 3127 946 3195 ipse
974 3124 1190 3195 quidem
1238 3123 1354 3176 sine
1398 3119 1784 3175 retractatione
1810 3135 1839 3171 a
1870 3119 1975 3170 vita
2006 3159 2048 3216 Ο
2085 3141 2262 3180 meum
2299 3141 2402 3178 non
2442 3139 2583 3190 esse,
2639 3133 2770 3192 quot
2823 3122 3021 3177 inm-mi
3073 3137 3170 3191 ρει·
3205 3137 3330 3176 eum
3401 3121 3679 3175 inﬁrmum

395 3221 642 3286 recessit,
665 3228 726 3274 et
752 3215 1004 3271 JEdulfus
1030 3215 1246 3284 quidam
1276 3214 1323 3267 ei
1363 3213 1415 3266 in
1449 3227 1671 3283 regnum
1695 3210 1976 3276 successit,

396 3311 852 3382 przezlecessorem
883 3320 1039 3362 suum
1081 3305 1401 3360 crudelitate
1450 3313 1504 3357 ct
1534 3302 1715 3357 cordis
1740 3303 1981 3357 obstina-

404 3401 551 3454 ti'one
603 3398 939 3468 przecedcus.
996 3395 1131 3450 Nam
1176 3407 1398 3451 sanctus
1445 3393 1730 3448 Wilfridus
1765 3393 1831 3446 ad
1863 3392 1979 3460 ejus

355 3503 361 3514 ί
398 3491 607 3546 curiam
637 3492 701 3544 de
730 3489 879 3559 ltipis
905 3489 1128 3544 veniens
1152 3503 1249 3559 per
1280 3487 1499 3542 nuntios
1527 3501 1592 3539 an
1622 3485 1738 3554 paci
1761 3485 1979 3554 acquie-

398 3590 575 3637 sceret
609 3580 908 3650 inquisivit.
944 3579 1150 3647 Quibus
1190 3578 1304 3648 ipse
1339 3591 1436 3647 pro
1469 3575 1693 3643 antiqua
1722 3583 1778 3629 et
1820 3575 1978 3627 insita

367 3673 502 3728 'sibi
529 3673 770 3743 nequitia
811 3673 944 3725 dure
978 3671 1340 3742 respondens:
1375 3686 1393 3720 ι
1418 3667 1522 3722 Per
1548 3681 1747 3731 meam,
1783 3667 1978 3736 inquit,

387 3763 626 3818 salutem
649 3763 793 3834 juro,
821 3762 945 3832 quia
999 3761 1099 3815 nisi
1127 3759 1269 3814 infra
1293 3758 1466 3828 spatia
1497 3771 1594 3812 sex
1624 3757 1831 3812 dierum
1861 3771 1981 3810 meo

397 3868 566 3929 regn'o
591 3855 922 3920 decesserit,
979 3866 1331 3924 quoscunque
1365 3851 1432 3906 de
1460 3851 1572 3904 suis
1601 3849 1844 3904 invenire
1881 3863 1974 3918 po-

367 3956 372 3960 '
398 3949 679 4018 toro,'vita
697 3946 940 4018 privabo.
970 3966 988 3997 ι
1016 3944 1142 3998 ηςιεο
1166 3951 1406 4014 propter,
1437 3940 1576 3995 facta
1607 3937 1982 4008 conjuratione

398 4049 586 4097 contra
625 4055 770 4105 eum,
828 4049 994 4108 regno
1040 4035 1183 4106 quod
1221 4032 1430 4089 duobus
1479 4031 1757 4086 mensibus
1805 4030 1981 4083 ternuit

397 4130 653 4200 depulsus
677 4139 780 4184 est.
809 4128 938 4183 Post
959 4143 1118 4197 quem
1150 4133 1412 4197 regnante
1438 4122 1650 4180 Osredo
1677 4122 1786 4178 [ili‘o
1813 4121 1980 4176 Alfi-i-

400 4222 477 4288 di,
502 4237 625 4274 eum
659 4221 896 4291 synodus
918 4229 1063 4274 esset
1080 4219 1436 4289 coactajuxta
1461 4217 1680 4271 ﬂuvium
1709 4216 1828 4280 Nid,
1859 4224 1982 4285 post

400 4313 736 4382 aliquantum
793 4312 1076 4382 utriusque
1135 4312 1309 4381 partis
1365 4308 1699 4376 conﬂictum,
1765 4309 1979 4364 tandem

401 4404 618 4458 cunctis
665 4401 975 4457 faventibus
1003 4401 1194 4457 beatus
1215 4400 1500 4458 Wilfridus
1550 4402 1602 4454 in
1643 4401 1827 4454 sedem
1870 4416 1982 4455 suae

2083 3221 2192 3273 sint
2246 3218 2312 3272 ab
2359 3217 2505 3271 ozmti
2562 3216 2876 3272 infirmitate
2914 3214 3114 3276 sanati,
3167 3224 3299 3283 quot
3345 3213 3666 3267 themouiaci

2083 3311 2315 3375 liberati,
2347 3319 2479 3380 quot
2513 3309 2793 3379 paralytici
2843 3307 3081 3372 solidati,
3134 3316 3270 3377 quot
3298 3308 3432 3361 ext-ei
3467 3306 3671 3360 ιιιιιωξδ

2083 3403 2216 3466 nati,
2249 3409 2379 3470 quot
2402 3400 2549 3455 surdi
2583 3401 2830 3469 mutique
2855 3399 3054 3465 curati,
3077 3407 3210 3468 quot
3240 3397 3364 3452 aliis
3388 3397 3681 3452 calamita-

2084 3495 2227 3549 tibus
2273 3492 2480 3556 aﬂlicti,
2509 3484 2767 3560 onerante
2810 3493 2937 3557 Deo,
2975 3507 3073 3562 per
3097 3506 3220 3546 eum
3270 3491 3557 3562 magnifice
3595 3507 3682 3545 re»

2081 3584 2271 3639 creati.
2327 3582 2421 3636 His
2473 3581 2706 3650 aliisque
2767 3583 2833 3636 de
2881 3583 3062 3637 causis
3101 3581 3339 3636 maxima
3397 3582 3678 3635 hominum

2084 3675 2368 3731 multitudo
2397 3675 2463 3729 de
2489 3674 2780 3744 longinquo
2805 3675 3154 3744 properabat,
3181 3673 3344 3742 eique
3377 3689 3436 3728 se
3465 3689 3526 3728 ac
3544 3689 3681 3729 suos

2083 3767 2362 3836 proximos
2417 3765 2506 3835 pio
2573 3765 2756 3818 studio
2809 3765 3267 3819 eonnnendabat:
3346 3779 3488 3833 quos
3559 3767 3683 3834 ipse

2083 3866 2273 3911 sancto
2323 3855 2519 3909 mentis
2548 3853 2742 3908 aﬂ'eelu
2769 3856 2876 3908 Deo
2925 3854 3318 3909 commendans
3353 3855 3684 3910 hortabatur

2086 3948 2176 4002 Dei
2206 3948 2456 4001 mandata
2489 3947 2710 4000 sincera
2754 3945 3022 4000 charitate
3061 3945 3340 4014 amplecti,
3364 3947 3552 4016 eisque
3583 3963 3686 4016 per

2082 4039 2261 4092 onmia
2287 4037 2526 4091 debitam
2569 4036 2937 4091 obedientiam
2988 4053 3114 4093 cum
3167 4040 3479 4092 reverentia
3528 4041 3684 4092 exhi-

2059 4159 2061 4166 ·
2084 4129 2231 4181 bere.

2156 4219 2242 4272 6|.
2280 4219 2518 4272 Instabat
2548 4218 2713 4288 igitur
2741 4227 2954 4288 tempus
2999 4227 3054 4271 et
3105 4219 3257 4282 hora,
3291 4235 3419 4288 qua!
3445 4235 3474 4271 a
3520 4219 3672 4270 nulla

2082 4309 2399 4366 mortalium
2476 4318 2654 4378 potest
2728 4309 3038 4378 pratteriri,
3107 4317 3331 4376 totaque
3391 4308 3682 4362 inﬁrmitas

2083 4416 2204 4470 qua:
2234 4400 2420 4454 fanmli
2450 4400 2540 4453 Dei
2575 4415 2773 4467 corpus
2818 4399 3120 4469 premebat,
3146 4398 3342 4454 vitala
3372 4401 3539 4452 subit.
3580 4401 3680 4469 Λευ

399 4492 648 4550 ecclesia:
698 4501 946 4562 receptus
989 4499 1075 4548 est
1103 4490 1200 4563 (8).
1249 4491 1416 4562 Cujus
1449 4490 1702 4546 familiari
1742 4491 1980 4546 amicitia
2009 4501 2059 4561 ι)
2087 4495 2232 4549 mina
2266 4492 2466 4547 diversi
2491 4491 2701 4545 ordinis
2731 4490 2933 4556 astant,
2975 4499 3032 4545 et
3056 4500 3176 4544 vota
3213 4489 3396 4543 laudis
3441 4491 3554 4544 Deo
3580 4506 3679 4560 pro

398 4602 494 4642 rex
528 4583 764 4643 Ofredus
806 4598 1002 4656 magno
1053 4582 1247 4638 all'ectu
1293 4584 1599 4653 copulatus,
1651 4600 1749 4655 per
1793 4601 1984 4641 omnes

397 4677 613 4748 imperii
657 4678 740 4734 sui
800 4685 972 4732 terras
997 4676 1278 4747 prarcepit,
1314 4685 1580 4745 quatenus
1614 4691 1771 4731 nemo
1823 4677 1897 4731 illi
1928 4677 1982 4731 in

396 4767 639 4842 quolibet
659 4770 874 4842 negotio
896 4769 1212 4832 contrairet,
1241 4768 1334 4822 sed
1367 4767 1509 4822 sicut
1536 4766 1740 4822 famulo
1769 4768 1860 4822 Dei
1886 4783 1984 4838 per

396 4866 578 4919 oumia
605 4872 795 4917 Omnes
824 4859 1308 4926 ot:edir+-nt.’Quod
1342 4856 1543 4913 factum
1567 4867 1670 4914 est.
1702 4856 1982 4928 Siquidem

397 4964 630 5024 quatuor
660 4954 816 5008 annis
864 4953 1062 5022 quibus
1094 4955 1208 5021 ipse
1249 4951 1416 5006 Pater
1465 4951 1788 5022 supervixit,
1826 4967 1986 5006 nemo

400 5049 489 5116 qui
531 5042 1064 5102 sibi'eontradiceret
1089 5043 1209 5110 fuit,
1236 5059 1341 5101 non
1372 5045 1656 5115 quisquam
1710 5061 1804 5099 sua
1841 5045 1982 5100 dicta

401 5151 678 5209 spernere,
711 5151 816 5193 non
845 5139 1064 5192 sinistre
1086 5137 1176 5192 vel
1231 5136 1421 5191 leviter
1445 5137 1682 5192 audebat
1713 5139 1983 5206 interpre-

404 5231 528 5284 tari.
555 5228 743 5284 Omnis
772 5229 916 5284 enim
972 5229 1179 5284 invidia
1211 5243 1645 5300 quaquaversum
1693 5240 1804 5284 tum
1834 5245 1987 5284 amov-

401 5340 486 5388 re,
518 5334 630 5376 tum
671 5323 861 5376 timore
909 5323 1127 5391 jaccbat
1171 5335 1452 5393 oppressa.
1498 5323 1617 5392 Ipse
1648 5322 1811 5378 l‘a‘ter
1840 5325 1984 5393 quod

403 5418 486 5472 sui
519 5416 801 5471 ministerii
832 5433 960 5470 cura
1012 5418 1246 5486 petebat,
1293 5418 1721 5486 circumquaque
1753 5415 1985 5470 ﬁdeliter

403 5523 728 5577 exsequens,
778 5515 982 5576 quanto
1023 5525 1053 5558 ιι
1077 5507 1195 5577 agis
1221 5507 1361 5561 diem
1395 5522 1506 5562 sua:
1557 5506 1855 5561 vocationis
1887 5507 1988 5561 ima

476 5637 553 5708 (8)
597 5637 880 5693 Adnitcnto
922 5637 1254 5708 potissimum
1299 5638 1494 5692 Ellleda
1554 5651 1614 5691 so
1644 5649 1739 5691 Ore
1768 5636 1984 5702 Alfridi,

403 5707 676 5766 abbatissa
705 5707 1171 5766 Streaneshalensi
1203 5719 1321 5776 post
1349 5707 1559 5762 llildam
1588 5724 1600 5760 :
1633 5709 1982 5775 conspirante

399 5781 566 5838 'etiatn
635 5783 750 5836 viro
819 5779 1011 5834 illustri
1077 5776 1352 5842 Dcrfri.!o,
1412 5779 1551 5846 apud
1616 5776 1980 5843 Willelmum,

2086 4585 2229 4641 illius
2264 4587 2446 4639 obitus
2491 4583 2900 4652 exspectatione
2943 4582 3261 4653 persolvunt
3289 4597 3306 4634 :
3339 4598 3405 4636 ac
3437 4584 3570 4638 licet
3607 4584 3677 4637 ob

2087 4679 2482 4734 desolationem
2533 4677 2617 4729 sui
2663 4692 3006 4746 nequaquam
3049 4676 3234 4745 lugere
3283 4692 3394 4728 non
3431 4684 3668 4744 possent,

2086 4787 2184 4841 Spe
2216 4780 2396 4824 tamen
2440 4770 2676 4824 maxima
2724 4768 3096 4830 consolantur,
3127 4767 3254 4835 quia
3298 4783 3361 4821 se
3407 4766 3672 4836 spirituali

2085 4863 2201 4932 ejus
2241 4863 2530 4934 prmseutia
2581 4876 2854 4931 nunquam
2903 4859 3280 4915 destituendos
3334 4857 3458 4912 fore
3508 4857 3676 4910 cordi-

2086 4958 2373 5024 dunthse
2399 4971 2528 5010 vero
2553 4955 2717 5009 Pater
2747 4952 3219 5009 circumstantium
3245 4951 3486 5004 filiorum
3515 4953 3671 5004 ninria

2087 5049 2357 5104 charitate
2389 5047 2625 5101 tenuiter
2672 5046 2968 5116 respirans,
3009 5043 3283 5099 defessum
3319 5054 3485 5111 caput
3513 5042 3676 5113 pauli-

2064 5157 2066 5160 '
2097 5158 2223 5214 sper
2246 5142 2444 5206 ert-xit,
2490 5150 2653 5210 atque
2689 5141 2742 5194 in
2775 5141 2861 5195 his
2901 5138 3084 5194 verbis
3115 5152 3208 5192 eos
3239 5138 3445 5208 alloqui
3471 5136 3628 5204 cmpit
3655 5153 3670 5185 2

2096 5254 2114 5286 ι
2145 5235 2334 5291 Gratia
2387 5234 2552 5289 divini
2591 5233 2792 5286 amoris
2823 5241 2880 5285 ιιι
2905 5231 2959 5285 in
2994 5231 3145 5287 voltis
3177 5228 3394 5300 jugiter
3439 5239 3666 5283 maneat.

2087 5328 2305 5382 fratres
2328 5326 2653 5388 dulcissimi,
2689 5333 2797 5379 tota
2830 5325 3035 5378 virtute
3061 5336 3284 5391 cperam
3328 5321 3480 5375 date.
3505 5320 3670 5384 Quam

2088 5419 2321 5491 gratiam
2366 5428 2424 5472 ut
2477 5417 2713 5472 feliciter
2760 5416 3075 5469 mereamini
3123 5417 3515 5485 perpetualiter
3539 5412 3670 5464 obti~

2088 5527 2238 5575 nere,
2284 5509 2511 5565 fraterni
2544 5509 2750 5564 amoris
2780 5507 2954 5562 oﬂicia
2987 5509 3231 5562 studiose
3259 5508 3493 5562 invicem
3518 5515 3670 5557 exer-

2086 5648 2327 5719 Priucipe
2390 5648 2627 5702 secundo
2681 5659 2710 5700 a
2781 5659 2942 5714 rese.
2998 5660 3063 5699 εκ
3127 5643 3427 5699 Μουθδῑίθο
3484 5638 3669 5708 Angli-

2079 5734 2241 5773 ωηο.
