3870 6304
75 338 185 396 789

1400 334 1557 389 νιτΑ
1599 334 1654 388 S.
1681 331 2020 389 WlLFltlDl.

3243 334 3345 389 750

74 468 204 509 cere
223 449 460 507 studete.
506 446 589 502 Nil
632 446 775 519 quod
810 462 903 501 vos
946 447 1013 502 ab
1062 447 1366 502 istiusmodi
1418 447 1656 501 otlieiosa
1692 433 1733 488 Α
1767 444 2068 508 irradiavit,
2102 440 2427 517 omnemque
2467 446 2641 504 noctis
2670 455 2722 502 et
2756 448 3104 503 tenebrarum
3152 447 3347 503 horres

72 545 349 600 cbaritate
403 543 632 597 seducat
690 540 1031 605 attendatis,
1075 556 1143 595 ne
1200 541 1269 595 ab
1317 555 1381 595 ea
1436 556 1557 610 qua:
1609 542 1659 595 in

72 638 297 692 Christo
322 644 407 690 est
434 633 752 689 sinceritate
787 631 1016 686 eadatis.
1063 630 1281 703 Maligni
1323 632 1661 687 insidiatoris

70 744 211 797 quos
244 725 494 781 ﬁdelibus
524 724 696 779 tendit
737 722 959 793 laqueos
1010 718 1208 785 nostis,
1236 723 1533 792 qmcrentis
1570 739 1660 777 co-

73 835 193 872 rum
246 818 461 871 animas
510 815 842 885 deceptoriis
902 823 1125 882 captare
1185 813 1473 884 ﬁgmentis.
1531 816 1661 881 Quae

71 913 355 981 ﬁgmenta.
393 910 536 963 sicut
562 924 592 961 a
621 923 707 963 me
752 923 895 976 Stepe
940 907 1189 970 audistis,
1220 907 1364 959 omni
1400 906 1659 961 sollicitu-

68 1006 195 1056 dine
236 1012 445 1061 cavete.
499 1011 553 1057 et
584 1010 746 1069 prout
795 1016 881 1053 me
934 998 1115 1054 facere
1163 998 1395 1061 vidistis,
1428 1014 1457 1050 a
1508 997 1659 1049 vobis

68 1093 264 1163 procul
310 1091 550 1159 abjicite.
586 1090 711 1146 llaec
759 1089 941 1153 facile,
976 1100 1029 1144 et
1078 1089 1220 1145 Deus
1250 1090 1400 1160 pacis
1430 1088 1535 1143 erit
1571 1102 1659 1138 γυ.

66 1188 305 1241 hiscum.
350 1183 417 1238 Et
470 1197 635 1247 nunc,
680 1180 879 1236 fratres
934 1183 1038 1237 mei
1086 1180 1453 1245 dilectissimi,
1492 1179 1659 1233 nolite

68 1291 258 1330 moras
288 1273 488 1328 inferre
520 1274 799 1344 migranti.
833 1271 940 1327 Vos
969 1275 1241 1344 equidem,
1266 1286 1364 1327 vos
1383 1270 1496 1341 jam
1527 1272 1655 1326 olim

66 1383 150 1422 me
180 1367 256 1421 ad
285 1367 448 1420 vitam
480 1375 698 1419 etmtem
727 1365 1053 1432 revocastis;
1106 1365 1200 1420 sed
1240 1365 1399 1420 modo
1424 1364 1653 1433 pareite,

63 1471 274 1526 qttmso.
306 1453 465 1510 Juvat
492 1455 637 1509 enim
664 1470 749 1510 me
771 1456 1017 1526 deposito
1047 1456 1233 1510 carnis
1253 1468 1421 1509 onere
1441 1454 1652 1525 Agnnm

66 1550 157 1604 Dei
194 1550 376 1618 sequi.
408 1547 560 1604 Ultra
587 1546 742 1603 vobis
783 1548 835 1601 in
878 1546 985 1603 hac
1020 1562 1186 1603 carne
1219 1562 1323 1601 non
1355 1546 1652 1619 apparebo,

63 1642 239 1693 (lance
268 1639 522 1694 Christus
567 1638 857 1693 resuscitet
902 1652 988 1692 me
1018 1638 1298 1692 vobiscum
1330 1637 1381 1691 in
1415 1638 1523 1693 fine
1552 1652 1656 1691 ste-

62 1731 167 1784 culi
219 1730 400 1801 lmjus.
427 1728 471 1783 0
516 1730 727 1785 viscera
768 1745 907 1792 mea,
958 1728 1155 1785 valete.
1184 1725 1420 1801 Urgeor,
1469 1745 1503 1784 ο
1532 1728 1645 1799 jam

63 1820 357 1889 delungar,
387 1829 463 1883 et,
505 1834 538 1873 ο
576 1819 794 1883 fratres,
820 1818 1034 1890 vigilate
1072 1834 1137 1873 ne
1161 1835 1256 1874 vos
1280 1834 1504 1874 sonnms
1528 1834 1648 1889 per-

62 1922 245 1982 petua:
296 1912 489 1967 mortis
538 1912 798 1966 involvat.
825 1933 842 1964 ι
899 1912 1023 1967 ΙΙτεο
1066 1912 1165 1977 ait,
1196 1922 1252 1967 ct
1291 1914 1441 1968 dura:
1480 1914 1650 1984 quieti

62 2007 309 2062 membra
342 2008 657 2077 prostravit.
692 2006 981 2061 Fratribus
1022 2017 1200 2063 autem
1235 2008 1547 2079 psalterium
1582 2023 1647 2062 ex

70 2098 265 2151 ordine
283 2096 715 2161 decantant.bus,
734 2107 789 2151 et
810 2095 920 2164 jam
947 2113 1115 2165 usque
1139 2098 1201 2151 ad
1227 2113 1437 2151 versum
1458 2096 1648 2164 psalmi

59 2191 346 2244 centesimi
403 2190 546 2244 tertii
611 2190 1052 2260 pervenientibus
1102 2209 1113 2242 :
1170 2190 1363 2242 Emitte
1407 2190 1649 2258 spiritum

58 2290 209 2333 tuum
243 2290 291 2334 et
334 2280 651 2334 creabantur
676 2277 849 2350 (Psal.
901 2295 1019 2345 CIII,
1050 2280 1161 2350 50),
1203 2280 1451 2350 spiritum
1490 2293 1647 2333 suum

59 2370 109 2422 in
136 2385 336 2424 manus
361 2370 639 2426 Creatoris
684 2367 915 2424 feliciter
951 2370 1154 2436 emisit,
1196 2380 1249 2425 et
1280 2370 1359 2424 sic
1390 2369 1524 2440 Agui
1555 2369 1646 2424 Dei

57 2462 371 2517 convivium
406 2472 672 2533 perpetuo
702 2462 1032 2516 reereandus
1067 2464 1253 2516 adivit.
1285 2460 1526 2517 Transiit
1553 2478 1649 2515 au-

60 2565 162 2609 tem
195 2554 276 2626 (9)
320 2570 465 2610 anno
516 2553 911 2609 lncarnationis
950 2554 1243 2608 Doutiuicae
1268 2554 1391 2617 709,
1425 2554 1517 2623 qui
1564 2563 1647 2607 est

56 2661 238 2699 annus
272 2646 399 2700 vitae
435 2644 552 2714 ejus
596 2646 686 2708 75,
719 2645 1061 2714 episcopatus
1092 2659 1219 2699 vero
1266 2645 1356 2699 45.
1390 2644 1647 2715 Sepultus

57 2748 191 2787 sane
240 2744 326 2789 est
370 2736 424 2789 in
474 2735 808 2789 monasterio
853 2749 973 2796 suo.
1003 2735 1146 2804 quod
1198 2734 1423 2802 ipsemet
1468 2734 1521 2788 in
1554 2733 1645 2787 lti-

55 2841 184 2892 pum
240 2842 269 2878 a
324 2826 691 2881 fundamentis
738 2826 990 2888 instituit,
1028 2842 1092 2881 ac
1146 2825 1255 2879 Deo
1290 2826 1342 2879 in
1382 2826 1641 2879 honorem

56 2914 385 2970 beatifetri
429 2918 795 2985 apostolorum
833 2917 1094 2991 principis
1144 2917 1504 2972 consecravit.
1544 2914 1640 2973 Ubi

56 3017 110 3060 ut
147 3022 213 3062 se
259 3021 600 3078 nequaquam
644 3009 808 3065 vitam
840 3009 1161 3081 perdidisse,
1211 3010 1303 3064 sed
1352 3009 1404 3062 in
1448 3008 1641 3063 melius

56 3110 303 3155 mutasse
334 3102 654 3157 mortalibus
685 3102 894 3173 probet,
929 3117 1048 3172 qum
1080 3102 1131 3156 in
1167 3102 1269 3156 hac
1301 3101 1406 3156 vita
1434 3102 1639 3171 positus

54 3191 287 3256 fecerat,
328 3192 455 3247 huic
509 3194 632 3247 vita:
676 3196 988 3251 subtractus
1038 3194 1320 3261 tniracula,
1378 3209 1499 3249 cum
1554 3210 1640 3248 res

51 3284 245 3354 exigit,
278 3282 459 3340 facere
489 3301 594 3341 non
622 3295 817 3343 cessat.

120 3376 219 3429 62.
264 3376 453 3431 Vestes
479 3376 640 3439 illius.
674 3388 831 3450 prout
857 3388 983 3434 ante
1015 3388 1242 3433 mortem
1275 3378 1636 3448 disposuerat,

52 3468 363 3521 distributa:
402 3477 550 3523 sunt.
606 3468 761 3525 Unde
811 3468 1099 3524 interulam
1154 3466 1271 3536 ejus
1306 3469 1637 3523 sanctissimi

50 3560 304 3630 corporis
349 3558 547 3615 sudore
592 3562 897 3616 madentem
928 3561 1141 3616 cuidam
1179 3561 1441 3631 religiosa:
1470 3561 1640 3614 abba-

53 3660 204 3713 tissa:
259 3658 507 3713 minister
558 3657 903 3713 deferendam
952 3658 1180 3727 accepit.
1229 3658 1400 3724 Quam
1445 3657 1641 3711 mulier

50 3751 301 3819 qumdattt
346 3750 579 3822 paralysi
609 3750 893 3812 dissoluta,
952 3758 1011 3804 ut
1054 3760 1273 3820 tangere
1316 3758 1635 3813 mereretur,

48 3842 252 3895 obnixe
316 3843 547 3910 rogavit.
605 3840 710 3897 Sed
732 3840 849 3897 haec
915 3842 1131 3910 quidem
1203 3842 1372 3910 ipsam
1431 3850 1636 3893 vestem

52 3944 282 4005 tangere
336 3949 441 3989 non
500 3935 719 3999 meruit,
787 3949 975 3988 verum
1030 3949 1249 4003 aquam,
1305 3931 1393 3986 ubi
1445 3931 1635 3986 eadem

49 4030 224 4083 vestis
282 4029 510 4082 intineta
568 4028 688 4093 fuit,
740 4028 794 4082 in
867 4037 1049 4097 potum
1105 4026 1327 4097 accepit.
1390 4024 1639 4093 illicoque

47 4131 242 4175 Sanata
275 4130 377 4175 est.
425 4121 550 4175 Post
598 4121 713 4175 lucc
752 4121 970 4191 quidem
1007 4119 1207 4174 inimici
1253 4119 1488 4173 hominis
1518 4115 1634 4179 Dei,

48 4211 285 4278 propria:
337 4209 642 4279 iniquitatis
681 4210 802 4280 igne
847 4209 1115 4273 succensi,
1161 4208 1379 4261 doumm
1427 4207 1478 4260 in
1530 4220 1635 4275 qua

48 4299 167 4364 ipse
198 4299 322 4353 huic
354 4300 477 4353 vita:
509 4301 723 4354 tuodmn
766 4299 991 4364 fecerat,
1040 4299 1240 4369 injecto
1269 4298 1378 4367 igni
1409 4312 1635 4352 succen-

46 4391 181 4444 dere
212 4392 395 4444 conati
435 4400 581 4445 stmt.
619 4390 685 4446 At
732 4390 905 4447 virtus
937 4389 1175 4445 defuncti
1212 4390 1479 4444 viventem
1528 4397 1636 4443 ter-

1766 552 1882 591 rem
1906 552 2002 591 sua
2038 540 2326 607 praasentia
2359 537 2645 610 eﬂ‘ugavit.
2678 540 2835 608 Quod
2869 540 3114 597 videntes
3149 545 3351 615 magni-

1765 627 1865 682 ﬁce
1893 636 2018 682 sunt
2061 629 2370 697 exhilarati,
2401 630 2565 685 ﬁxum
2592 632 2775 687 animo
2804 648 2915 703 prae
2956 647 3016 689 se
3056 633 3345 699 habentes,
3382 656 3385 659 λ

1765 732 1870 771 non
1906 717 2133 772 tnultum
2161 719 2226 772 de
2251 720 2520 788 corporali
2554 721 2730 775 Patris
2751 722 2995 777 absentia
3024 737 3145 779 esse
3164 724 3346 779 dolen-

1764 811 1912 866 dum.
1942 826 2065 865 cum
2098 812 2163 865 de
2183 812 2449 880 spirituali
2492 812 2610 880 ejus
2642 816 2928 883 praesentia
2952 832 3114 886 quam
3156 828 3343 887 aperta

1765 902 1899 957 lucis
1962 906 2272 959 ostensione
2336 904 2437 959 sibi
2512 908 2701 962 adesse
2762 909 3104 975 didicerant,
3174 911 3345 967 multo

1765 995 2001 1049 maxime
2048 997 2252 1052 scirent
2300 1016 2422 1055 esse
2474 1002 2835 1071 gaudendum.
2889 1003 2967 1058 Ex
3014 1004 3114 1058 hoc
3162 1005 3344 1073 itaque

1762 1085 2055 1139 vehemens
2083 1088 2325 1142 omnium
2366 1090 2509 1144 circa
2540 1089 2914 1146 beatissimum
2959 1092 3176 1148 Patrem
3208 1093 3342 1145 Wil-

1763 1172 1961 1226 fridum
1993 1176 2274 1230 veneratio
2316 1180 2511 1242 crevit,
2550 1180 2601 1234 id
2634 1195 2853 1250 quinque
2881 1192 3092 1236 certum
3120 1183 3343 1236 omnino

1764 1273 2030 1329 tenentes,
2055 1266 2197 1334 quod
2234 1268 2374 1323 sicut
2427 1271 2540 1341 ipse
2595 1273 2973 1329 sanctissimus
3011 1274 3251 1345 pontifex
3286 1277 3342 1329 in

1761 1354 1863 1411 hac
1911 1357 2224 1412 transitoria
2275 1360 2381 1413 vita
2435 1363 2807 1434 temporaliter
2861 1364 3062 1435 degens
3093 1366 3345 1421 omnibus
3390 1372 3391 1375 “

1758 1458 1878 1503 erat
1911 1451 2056 1505 mitis
2083 1463 2137 1507 et
2189 1453 2450 1517 affabilis,
2500 1456 2579 1509 sic
2620 1464 2675 1509 et
2702 1471 2844 1511 nunc
2885 1456 2940 1511 in
2988 1456 3078 1511 illa
3116 1459 3343 1528 perenni

1760 1544 1865 1597 vita
1910 1560 2033 1599 eum
2079 1548 2297 1602 Christo
2328 1547 2657 1602 mternaliter
2704 1549 2910 1616 vivens,
2940 1550 3194 1605 onmibus
3218 1550 3342 1607 dilio

1756 1635 2007 1704 gentibus
2035 1652 2097 1692 se
2121 1630 2241 1709 pius
2271 1639 2344 1694 sit
2374 1648 2429 1694 et
2454 1639 2767 1696 exorabilis.

1827 1726 1919 1781 64.
1962 1728 2275 1799 Magnitudo
2326 1730 2509 1799 itaque
2558 1730 2837 1801 signorum
2862 1747 2982 1803 qum
3024 1734 3090 1788 ad
3138 1749 3338 1805 corpus

1754 1818 1873 1889 ejus
1919 1822 2179 1878 Dominus
2226 1823 2291 1877 dc
2336 1824 2423 1876 die
2465 1824 2516 1876 in
2551 1823 2693 1877 diem
2740 1824 3091 1894 operabatur,
3147 1830 3340 1881 merita
3408 1848 3411 1851 ·

1757 1908 1928 1979 ipsius
1983 1910 2139 1981 longe
2191 1911 2405 1981 lateque
2459 1912 2800 1976 declarabat,
2848 1925 2904 1969 et
2941 1915 3135 1986 insigni
3197 1918 3339 1971 fama
3408 1942 3411 1945 ι

1755 2013 2030 2069 permotos
2071 2002 2136 2054 ad
2185 2002 2502 2055 memoriam
2562 2003 2708 2058 illius
2758 2005 3073 2060 innumeros
3115 2007 3340 2077 populos

1754 2093 2100 2162 aggregabat.
2146 2092 2491 2163 Quapropter
2528 2094 2676 2149 locus
2726 2096 2837 2165 ipse
2882 2095 3051 2150 multo
3098 2109 3342 2167 tempore

1752 2180 1950 2232 summi
1998 2181 2221 2237 honoris
2266 2192 2350 2235 est
2388 2183 2625 2247 habitus,
2678 2194 2733 2238 et
2762 2186 3063 2255 quibusque
3105 2185 3339 2241 inﬁrmi.

1754 2268 1953 2321 tatilms
1995 2270 2199 2337 pressis
2244 2270 2308 2323 ad
2364 2274 2785 2340 recuperandam
2847 2277 3136 2330 sanitatem
3182 2277 3339 2332 valde

1751 2360 2003 2416 salubris.
2046 2362 2306 2419 Dominus
2354 2381 2573 2437 quoque
2619 2368 2844 2423 hostiles
2892 2369 3143 2423 incursus
3186 2372 3334 2422 ottini

1749 2469 1813 2507 ex
1847 2464 1997 2524 parte
2058 2457 2386 2523 sedaverat,
2434 2460 2560 2529 quia
2620 2460 2961 2516 devotionem
3020 2460 3198 2531 pepuli
3254 2464 3337 2517 sui

1749 2562 1911 2617 quam
1937 2550 2003 2603 ad
2034 2553 2437 2607 venerationem
2478 2553 2664 2609 famuli
2696 2556 2778 2609 sui
2830 2556 3085 2618 habebat,
3114 2567 3333 2625 pertur-

1749 2640 1931 2694 batum
1981 2641 2045 2695 iri
2093 2642 2329 2697 nolebat.
2378 2644 2480 2700 Ubi
2517 2662 2647 2701 vero
2704 2661 2802 2715 pro
2845 2648 3166 2702 assiduitate
3202 2662 3335 2702 con—

1747 2728 1965 2785 fluentis
2005 2733 2175 2787 turbae
2196 2735 2415 2803 quidam
2447 2736 2606 2791 vicini
2642 2739 2801 2791 taadio
2842 2737 3005 2802 allici,
3031 2755 3095 2793 ac
3130 2740 3333 2794 idcirco

1747 2837 1776 2875 a
1810 2821 1911 2876 loci
1948 2823 2259 2879 visitatioue
2285 2825 2543 2895 paulatim
2568 2829 2823 2884 cohibere
2854 2840 3154 2899 cmperunt.
3196 2846 3331 2884 con-

1749 2914 1863 2983 tigit
1900 2925 1957 2969 ut
2003 2917 2243 2985 ipsorum
2291 2918 2539 2988 exemplo
2567 2920 2657 2989 alii
2708 2936 2737 2973 a
2780 2920 3010 2974 fervoris
3039 2921 3121 2975 sui
3168 2922 3335 2975 (levo-

1749 3008 1897 3060 tione
1942 3007 2260 3075 deﬁcerent,
2311 3026 2411 3064 nec
2468 3011 2643 3066 locum
2688 3012 2860 3082 ipsmn
2909 3016 3139 3084 amplius
3182 3033 3334 3071 ntere

1747 3098 1904 3151 solito
1928 3099 2231 3154 visitarent.
2269 3101 2468 3170 Sicque
2502 3101 2704 3156 factum
2727 3112 2809 3158 est
2841 3112 2901 3158 ut
2936 3106 3026 3175 qui
3068 3107 3229 3176 primi
3260 3109 3329 3162 ad

1746 3192 1984 3246 studium
2019 3193 2122 3263 pite
2148 3194 2379 3250 actionis
2416 3196 2554 3250 alios
2584 3198 2765 3251 studio
2794 3213 2893 3252 suo
2934 3203 3323 3267 accenderant,
3394 3222 3403 3237 ι

1743 3287 2085 3354 postmodum
2115 3304 2210 3342 sua
2249 3290 2454 3343 desidia
2487 3306 2515 3344 a
2545 3290 2765 3359 pietatis
2794 3308 2959 3363 opere
2987 3296 3329 3366 quampluri-

1743 3394 1860 3433 mos
1886 3379 2170 3435 discedere
2194 3390 2474 3452 cogerent.

1813 3470 1899 3527 65.
1944 3472 2071 3527 llzec
2099 3473 2243 3529 inter
2289 3476 2488 3530 accidit
2518 3486 2572 3530 ut
2614 3477 2828 3532 hostilis
2870 3478 3120 3533 incursus
3152 3479 3325 3549 ipsam
3392 3504 3395 3507 ν

1743 3562 2078 3632 provinciam
2131 3575 2448 3633 occuparet,
2502 3581 2777 3636 occupans
2830 3569 2959 3622 inibi
3014 3569 3178 3622 multa
3228 3570 3327 3624 ho-

1743 3651 1947 3704 miumn
2000 3651 2165 3705 millia
2214 3664 2455 3721 necaret,
2505 3671 2567 3710 ne
2599 3659 2779 3711 oumia
2825 3657 2940 3711 loca
2993 3662 3327 3713 monasterio
3374 3668 3375 3671 ‘

1739 3739 1884 3794 beati
1917 3738 2152 3794 Will‘ridi
2181 3741 2625 3809 circtnnjacentia
2678 3747 2744 3799 ad
2789 3746 2962 3800 instar
3007 3746 3320 3803 Solitudinis
3386 3751 3390 3755 ’

1740 3830 2067 3885 devastaret.
2107 3832 2497 3889 Monasterium
2544 3836 2717 3905 ipsum
2766 3852 3049 3906 pervasum
3083 3848 3137 3892 et
3170 3841 3326 3893 diru-
3386 3860 3394 3871 ί

1741 3929 1877 3989 tmn,
1907 3923 2053 3993 quod
2097 3925 2247 3994 prius
2271 3928 2557 3981 exstiterat
2612 3930 2826 3999 hymnis
2855 3939 2909 3982 et
2954 3930 3181 3985 canticis
3208 3931 3326 4002 glo-

1740 4015 1969 4083 riosum,
2008 4019 2168 4071 modo
2192 4028 2311 4072 erat
2342 4019 2577 4075 ferarum
2611 4031 2668 4075 et
2712 4023 3049 4076 inimicorum
3074 4024 3325 4080 sordibus

1740 4104 2182 4172 ignominiosum.
2208 4108 2418 4177 Corpus
2450 4109 2655 4163 interea
2692 4111 2861 4179 ipsius
2888 4112 3146 4167 antistitis
3168 4112 3326 4168 Cbri-
3384 4146 3388 4151 -

1746 4196 1815 4249 sti
1854 4196 2004 4249 omni
2034 4197 2241 4253 honore
2268 4199 2559 4268 privatum,
2598 4199 2741 4255 inter
2770 4200 2911 4270 ipsas
2933 4202 3121 4257 sordes
3148 4204 3325 4272 primo

1744 4286 2037 4356 sepultura:
2064 4301 2177 4342 sine
2205 4289 2323 4342 loco
2352 4290 2552 4345 matisit
2594 4290 2898 4346 immotum.
2932 4292 3038 4348 Sed
3073 4296 3324 4367 omnipo-

1743 4386 1862 4432 tens
1891 4378 2032 4433 Deus
2059 4381 2150 4449 qui
2184 4396 2278 4435 sua
2305 4381 2509 4452 pietate
2542 4392 2595 4438 et
2616 4383 2829 4452 justitia
2866 4386 3052 4455 nequit
3092 4388 3315 4457 privari,

46 4482 161 4534 ruit
192 4480 395 4550 ignem.
435 4482 653 4535 domum
686 4481 906 4536 illmsam
960 4480 1223 4541 servavit,
1264 4480 1447 4533 hostes
1480 4478 1631 4549 fuga-
1665 4498 1713 4555 ο
1740 4472 2101 4539 quorumdam
2142 4472 2283 4529 bene
2315 4475 2690 4546 religiosorum
2741 4488 2956 4533 mentes
2985 4479 3036 4532 in
3067 4480 3319 4534 conside-

44 4574 146 4631 vit.
176 4574 466 4644 taliterque
505 4573 653 4627 illum
703 4575 969 4629 veraciter
1007 4574 1190 4627 vivere
1222 4573 1629 4627 demonstravit.

118 4664 210 4718 63.
252 4664 290 4717 A
332 4665 420 4718 die
449 4679 577 4717 vero
611 4665 961 4735 depositionis
990 4664 1107 4735 ejus
1137 4662 1249 4731 jam
1295 4672 1637 4717 annotrans-

44 4771 234 4822 curso,
268 4757 523 4812 convenit
569 4757 931 4823 undecim-pte
958 4757 1193 4811 maxima
1227 4756 1405 4826 populi
1454 4754 1633 4809 multiv

45 4847 205 4911 tudo,
236 4858 424 4918 utpote
456 4849 557 4946 pize
584 4848 941 4917 depositionis
976 4848 1118 4901 illius
1162 4848 1439 4901 memoria:
1469 4862 1634 4901 exen-

42 4938 170 4991 hias
192 4938 557 4992 eelebratu'ra.
605 4940 739 4993 Cum
785 4954 916 5008 ergo
952 4940 1105 4993 turba
1152 4952 1375 5008 pernox.
1402 4952 1499 4991 sua
1538 4938 1636 4991 Do-

44 5029 201 5081 tuino
231 5039 347 5084 vota
380 5030 735 5099 persolveret.
770 5040 824 5086 et
866 5040 1106 5099 paternae
1130 5028 1523 5084 consolationis
1552 5029 1633 5083 af-

44 5118 251 5173 fectum
294 5122 795 5191 irrecuperabiliter
821 5135 944 5176 sese
988 5122 1039 5175 itt
1082 5121 1174 5177 illo
1205 5120 1507 5193 perdidisse
1533 5120 1631 5175 de-

40 5210 225 5277 ﬁeret,
277 5214 571 5284 aspiciunt,
626 5222 681 5268 et
725 5229 854 5269 ecce
906 5213 995 5267 lux
1039 5212 1255 5267 caelitus
1302 5213 1371 5267 ab
1409 5212 1631 5268 Oriente

39 5302 282 5357 demissa
320 5314 491 5359 tomm
536 5304 716 5360 locum
765 5303 951 5358 fatiiuli
1009 5302 1100 5359 Dei
1150 5303 1290 5357 miro
1344 5301 1631 5372 splendore

120 5477 195 5546 (9)
237 5479 525 5550 Defunctus
553 5490 629 5535 est
668 5482 724 5535 in
750 5482 1065 5535 monasterio
1103 5496 1202 5550 suo
1228 5479 1371 5550 quod
1406 5477 1627 5550 habebat

44 5550 104 5601 in
142 5548 404 5617 provincia
444 5548 709 5605 Undalum
736 5552 831 5605 sub
872 5551 1119 5622 regimine
1167 5548 1431 5622 Cu’dbaldi
1463 5548 1627 5601 ablut-

46 5621 138 5676 ιῦε.
188 5632 233 5674 et
273 5622 563 5676 ministerio
596 5622 822 5692 fratrum
857 5621 1094 5692 perlatus
1117 5622 1171 5673 in
1202 5621 1441 5692 primunt
1474 5634 1629 5671 suum

47 5693 439 5763 ιηοιιηειςνὶιιηιΔ
473 5688 612 5763 quod
666 5694 860 5746 dicitur
904 5688 1280 5763 in-llliipuin,
1328 5690 1631 5763 positusque

48 5758 108 5810 iu
156 5762 371 5817 ecclesia
410 5758 650 5817 Sfl’etri
669 5765 829 5832 juxta
860 5762 1048 5827 altare,
1078 5775 1142 5816 ex
1180 5758 1345 5815 Beda.
1380 5760 1503 5814 Dies
1540 5758 1631 5813 0b-

1742 4564 2005 4618 rationem
2039 4575 2205 4620 tanta:
2234 4569 2309 4620 rei
2336 4570 2564 4633 excitat,
2596 4578 2760 4639 atque
2785 4571 2851 4624 ad
2894 4572 3321 4626 demutationem

1742 4653 1883 4708 illius
1932 4654 2185 4712 affectum
2217 4658 2584 4730 effectumque
2634 4661 2924 4715 ministrat.
2975 4663 3216 4732 [legebat
3257 4681 3320 4717 ea

1741 4758 2060 4819 tempestate
2104 4751 2573 4807 Christianitatem
2617 4757 2669 4807 iu
2700 4754 2891 4824 Anglia
2941 4755 3023 4807 vir
3059 4755 3234 4807 bonus
3264 4764 3320 4809 et

1739 4850 1963 4895 sanctus
2009 4840 2124 4897 Odo
2170 4841 2583 4899 Cantuariensis
2640 4841 2895 4898 Ecclesia:
2949 4843 3320 4912 archiepisco-

1736 4946 1858 5001 pus,
1890 4941 2073 4998 utpote
2106 4934 2270 4988 totius
2317 4933 2610 4989 Britannia:
2645 4935 2884 5005 primas:
2914 4935 3005 5005 qui
3042 4950 3165 4989 eum
3198 4949 3294 4988 sua

1736 5024 2098 5080 sollicitudine
2148 5025 2600 5094 dispositionibus
2654 5027 2892 5081 omnium
2950 5026 3315 5081 Ecclesiarum

1735 5116 2073 5187 invigilabat.
2102 5116 2249 5185 ipsas
2294 5117 2586 5180 Ecclesias,
2620 5128 2778 5189 prout
2823 5120 2959 5173 ratio
2987 5118 3314 5188 postulabat,

1736 5209 1961 5264 visitare
2005 5208 2232 5265 solebat.
2262 5209 2379 5277 Qua
2428 5209 2792 5265 sollicitudine
2822 5220 2998 5275 actus,
3026 5226 3151 5266 cum
3179 5226 3315 5281 quo-

1732 5300 1855 5356 dam
1890 5309 2132 5370 tempore
2176 5299 2576 5355 Eboracensem
2625 5300 2959 5371 provinciam
3004 5300 3231 5370 adisset,
3260 5310 3307 5354 et

1734 5474 1842 5529 itus
1870 5488 1967 5528 vut
1994 5472 2112 5528 Kal.
2136 5474 2257 5529 Maii
2278 5491 2345 5529 ex
2371 5474 2556 5541 dictis,
2580 5485 2634 5528 et
2657 5490 2722 5529 ex
2750 5475 3073 5531 Kalendario
3100 5484 3314 5530 vetusto

1734 5544 1965 5599 Missalis
2013 5544 2428 5610 Gemeticensis,
2486 5562 2516 5599 a
2568 5546 2806 5603 lloberto
2862 5547 3152 5601 Londoniae
3202 5548 3316 5613 cpi-

1734 5630 1898 5683 scopo
1936 5616 2178 5670 concessi
2214 5627 2339 5671 ante
2373 5631 2544 5672 annos
2584 5632 2892 5674 sexcentos.
2925 5618 3123 5673 Bacula
3150 5617 3312 5670 abbas

1736 5688 1871 5738 inter
1896 5696 2112 5756 cit-teras
2148 5702 2336 5756 corpus
2360 5685 2601 5755 Wilfridi
2646 5691 2865 5744 sindone
2897 5689 3170 5743 involriue
3198 5686 3311 5739 fer-

1738 5766 1826 5810 tur
1857 5756 1909 5810 in
1937 5754 2573 5831 Monastico'Anglicauo.
