4002 6308
539 407 634 470 75!

1575 409 1880 466 EADMERI
1919 407 2049 464 CAN
2069 406 2468 463 l‘llARlliNSlﬁ
2505 405 2807 461 MONMZHI

3785 387 3800 404 Ι

3713 409 3810 464 73!

534 541 732 598 oa-pro
761 526 958 597 quibus
1001 534 1224 582 venerat
1270 533 1496 582 strenue
1541 509 1874 595 peregisset,
1915 525 1984 578 ad
2025 525 2115 580 lti-
2147 527 2194 582 Λ
2225 519 2484 590 diximus)
2518 497 2567 572 in
2596 519 2748 574 altari
2785 519 3120 585 recou'lidit;
3153 519 3205 573 iu
3237 521 3460 592 prologo
3487 521 3659 589 ipsius
3683 537 3806 592 ope-

531 633 660 688 pntn
725 617 918 688 pergil,
949 618 1352 672 monasterium
1421 617 1564 672 beati
1595 615 1894 686 ,Wilfridi.
1931 616 2116 684 cousi-

531 708 844 762 tleraturus.
889 707 1096 763 Aderat.
1122 747 1137 770 ,
1187 719 1242 762 et
1273 708 1494 766 horrida
1545 707 1842 763 solitudine
1877 707 1992 762 visa
2037 707 2118 762 la-

529 800 736 870 erymis
791 810 998 868 manat.
1047 801 1171 868 Quo
1221 801 1329 854 illis
1381 801 1432 856 in
1485 801 1726 870 partibus
1771 800 2112 866 demorante,
2183 851 2188 856 .

531 891 566 944 ii
626 906 863 960 quorum
899 891 1078 948 ’θοι-«ιιι
1130 892 1224 960 (ιιι
1271 891 1412 960 divi)
1475 893 1617 948 Deus
1663 891 1732 944 ad
1782 893 2112 946 demutatio-

528 996 654 1036 nem
706 982 946 1038 cmlestis
997 983 1244 1042 thesauri
1300 983 1579 1054 tetigerat,
1641 984 1740 1038 rati
1799 999 1858 1039 se
1914 999 2112 1054 appor-

527 1072 819 1128 tunitatem
851 1075 918 1128 ad
941 1075 1304 1143 expletionem
1343 1091 1454 1130 sua:
1476 1075 1770 1130 voluntatis
1803 1075 2110 1144 accepisse,

525 1167 805 1235 pra-missa
853 1167 1244 1238 supplicatione
1309 1169 1376 1222 ad
1431 1168 1756 1232 Dominum,
1815 1169 1958 1238 (ιιιοὰ
2013 1168 2104 1221 diu

527 1271 710 1312 meme
768 1267 1130 1315 tractaverant
1162 1301 1174 1321 ,
1255 1275 1450 1328 opere.
1483 1259 1708 1328 implere
1767 1258 2108 1326 satagebant.

526 1348 723 1419 Sicque
779 1353 982 1408 factum
1032 1363 1152 1407 est:
1183 1352 1338 1414 Natu,
1391 1363 1594 1406 statuto
1641 1353 1749 1416 die,
1799 1353 1864 1406 al
1933 1353 2112 1414 locum

523 1443 780 1508 veniunt;
833 1453 1038 1498 terram
1091 1445 1180 1498 ubi
1227 1459 1424 1512 corpus
1473 1443 1616 1498 beati
1659 1441 2102 1514 Wilfridisepul-

525 1538 638 1584 tum
695 1531 912 1600 iacebat
989 1536 1293 1604 aperiunt:
1367 1534 1550 1588 otunia
1607 1550 1729 1590 ossa
1795 1545 2112 1590 reverenter

521 1635 642 1671 cum
685 1621 904 1690 pulvere
947 1621 1124 1678 levant
1171 1633 1226 1682 et
1285 1639 1348 1678 ea
1403 1625 1692 1680 venerabili
1732 1625 1904 1680 Odoni
1959 1627 2106 1682 Can-

521 1711 784 1766 tuarieusi
818 1713 1230 1786 archiepiscopo
1265 1725 1631 1785 praesentiunt;
1683 1728 1950 1787 quatenus
1993 1719 2109 1788 ipse

519 1811 582 1852 ea
603 1799 958 1868 Cantuariam
987 1821 1172 1860 secum
1199 1807 1454 1872 deterret,
1478 1816 1530 1861 ct
1563 1807 1613 1862 in
1641 1808 1868 1868 ecclesia
1883 1809 2106 1874 Christi,

2223 613 2316 674 ris,
2349 612 2492 681 quod
2521 613 2586 666 de
2613 613 2721 666 vita
2753 621 2806 668 et
2839 613 3256 667 conversatione
3283 613 3398 682 ejus
3424 614 3665 684 scripsit,
3699 613 3804 670 lucc.

2219 721 2336 773 qtttc
2358 703 2446 758 dix
2472 703 2612 757 imus
2644 703 2790 756 brevi
2815 701 3082 778 sententia
3109 703 3487 775 promulgavit.

2290 795 2376 850 6‘5.
2415 794 2523 849 Nos
2549 811 2764 864 quoque
2795 795 2885 864 qui
2924 811 3048 849 OSsa
3083 795 3199 864 ipsa
3225 797 3291 849 de
3321 796 3549 864 pra'l‘ato
3577 797 3696 851 loco
3721 813 3802 850 ac-

2217 888 2484 954 et-piums,
2517 885 2660 940 nulla
2699 886 2764 940 de
2797 885 2880 940 his
2919 871 3195 942 dubietate
3241 885 3503 942 ﬂuctuare
3535 891 3798 957 permitti-

2218 995 2356 1032 nmr.
2375 978 2504 1032 Nam
2523 979 2572 1031 in
2600 979 2714 1047 ipso
2739 977 2854 1032 loco
2876 995 2998 1032 cum
3029 979 3136 1032 nml
3160 979 3380 1033 isanuis
3405 979 3608 1034 iliiiata
3634 997 3751 1033 setv
3783 1011 3806 1020 -

2223 1081 2430 1136 rentur,
2457 1082 2511 1125 et
2531 1071 2643 1138 jam
2679 1071 2748 1125 ah
2777 1071 2864 1124 illo
2889 1080 3129 1140 tempore
3156 1051 3262 1140 quo
3293 1071 3402 1125 illic.
3426 1073 3606 1142 primo
3629 1071 3793 1126 locata

2217 1173 2360 1228 sunt,
2385 1163 2735 1218 centonarius
2767 1178 3031 1214 annorum
3069 1163 3620 1216 munerasnommllis
3650 1165 3804 1217 annis

2215 1263 2581 1324 superaretur,
2621 1270 2778 1324 :equo
2803 1253 2894 1308 Dri
2945 1253 3332 1323 omnipotcn'ts
3363 1255 3687 1324 occultoque
3711 1255 3796 1324 ju-

2215 1347 2358 1400 dicio
2389 1347 2584 1400 civitas
2611 1345 3035 1400 Cantuariorum
3081 1343 3194 1401 fere
3239 1355 3348 1401 lota
3389 1347 3510 1416 igne
3543 1359 3798 1415 cremata,

2216 1447 2377 1506 atque
2407 1435 2635 1490 ecclesia
2663 1435 2868 1492 Christi
2887 1435 3029 1490 "inibi
3062 1436 3355 1490 constituta
3380 1438 3572 1490 eodem
3609 1448 3692 1490 est
3721 1439 3800 1490 in-

2214 1533 2407 1588 cendio
2449 1533 2798 1604 conﬂagrata.
2835 1533 3000 1600 Cujus
3049 1531 3493 1604 conﬂagrationis
3521 1549 3668 1587 anno
3699 1541 3802 1587 ter-

2215 1625 2564 1694 tiojucundm
2587 1623 2748 1678 simul
2779 1633 2832 1676 et
2863 1623 3113 1693 gloriosze
3136 1624 3412 1678 utemorim
3437 1621 3797 1690 Lanl'rancus

2211 1715 2562 1772 Callontcnsis
2587 1713 2818 1769 cmnobii
2846 1715 3032 1777 aldus,
3073 1713 3240 1784 ipsam
3267 1713 3572 1768 Ecclesiam
3611 1727 3798 1782 reget:-

2214 1807 2338 1862 dant
2385 1809 2644 1878 suscepit.
2687 1806 2814 1874 Qui,
2855 1817 3138 1878 postquam
3169 1815 3251 1860 est
3311 1806 3364 1860 in
3411 1807 3528 1876 ipso
3565 1807 3797 1874 patriar-

519 1891 604 1946 cui
632 1894 978 1961 przesidehat,
1000 1912 1099 1966 pro
1129 1907 1254 1954 voto
1297 1899 1637 1954 reconderet.
1665 1899 1992 1956 Monastcrio
2029 1912 2110 1954 et~
2147 1869 2187 1930 Β
2214 1901 2374 1955 chatu
2413 1900 2602 1966 prima:
2637 1899 2950 1970 metropolis
2987 1897 3282 1967 Anglorum
3313 1896 3572 1951 nobiliter
3601 1911 3796 1966 usque-

518 1983 662 2038 cnim
705 1986 820 2058 ipso
853 2002 962 2058 quo
979 1989 1195 2044 condita
1225 1987 1462 2054 fuerant,
1481 1991 1775 2046 secundum
1805 1993 1947 2061 quod
1963 2009 2104 2062 prte-

517 2071 720 2128 di‘ctmn
781 2086 886 2139 est,
941 2077 992 2134 in
1045 2079 1392 2135 solitudinem
1441 2081 1802 2136 miserandam
1863 2083 2104 2150 redacto,

515 2162 694 2218 nullus
727 2167 856 2222 inibi
901 2168 1050 2224 locus
1089 2171 1386 2236 resederat,
1427 2173 1482 2226 in
1511 2189 1620 2242 quo
1651 2173 1816 2228 locari
1865 2179 2106 2232 servari-

514 2267 620 2320 que
643 2261 755 2310 tuto
785 2256 1049 2318 valerent.
1081 2259 1346 2327 Quocirca
1363 2261 1612 2316 arbitrati
1645 2273 1794 2331 sunt,
1835 2281 2104 2336 nusquam

517 2347 688 2398 tutius
710 2357 804 2402 aut
819 2345 1022 2416 iustius
1047 2365 1110 2406 ea
1139 2361 1414 2406 servatura
1445 2352 1508 2407 iri
1559 2367 1720 2422 posse
1755 2356 2104 2422 aut_debere,

513 2451 678 2504 quam
723 2439 774 2492 in
803 2439 1036 2510 ecclesia
1070 2441 1476 2510 Cautuarieusi,
1524 2461 1586 2498 ea
1615 2443 1866 2504 videlicet
1913 2463 2099 2513 causa,

513 2523 658 2595 quod
683 2537 736 2582 et
767 2529 860 2584 il‘lo
889 2540 1130 2602 tempore
1167 2535 1360 2588 Cantia
1392 2549 1582 2605 ntagna
1613 2550 1747 2605 pace
1773 2538 2006 2608 rigebat,
2037 2550 2095 2596 et

513 2619 638 2686 quia
653 2619 766 2688 ipse
787 2619 976 2676 beatus
991 2623 1072 2678 vir
1086 2624 1215 2680 olim
1239 2625 1428 2680 fraude
1461 2627 1824 2696 quorumdam
1845 2631 2104 2700 supplano

513 2717 680 2776 tatus,
709 2716 1154 2772 cumcouversari
1187 2733 1292 2770 non
1315 2727 1500 2787 posset
1531 2717 1584 2772 in
1609 2718 1864 2776 Ecclesiae
1883 2721 2096 2778 Ebora~

512 2805 658 2858 censi
672 2805 1116 2870 eiciet-[Ecclesiae
1127 2809 1502 2864 Cautuariensi
1515 2825 1610 2880 per
1625 2813 1960 2870 sacerdotale
1980 2816 2100 2870 olli-

507 2893 1224 2969 ciumcuram.impenderet.
1243 2899 1456 2973 {ustum
1484 2903 1751 2973 siquidem
1783 2907 1893 2962 illis
1925 2909 2098 2964 visum

507 2985 612 3042 fuit
635 2996 692 3042 ut
719 2987 830 3046 iliic
857 3001 1101 3047 mortuus
1127 2993 1180 3048 in
1207 2963 1340 3064 pace
1363 2995 1694 3066 quiesceret,
1719 2999 1808 3054 ubi
1827 3001 2014 3056 vivens
2045 3001 2096 3056 in

505 3093 636 3146 pace
649 3081 874 3149 quievit.
897 3083 1222 3142 Paeterlnee
1247 3103 1461 3158 quoque
1473 3089 1698 3150 allectus
1713 3093 1852 3148 sacri
1873 3095 2098 3160 amoris,

504 3185 664 3240 quem
705 3175 774 3226 ad
803 3177 1168 3232 vulnerandum
1219 3179 1460 3236 (Nouem
1509 3183 1802 3250 habebant,
1853 3187 2088 3242 maxima

504 3277 670 3316 causa
717 3260 838 3318 fuit.
867 3265 1000 3320 Nam
1029 3283 1154 3324 cum
1181 3269 1330 3326 illum
1361 3273 1484 3326 talia
1513 3275 1652 3330 dona
1675 3277 1898 3348 diligere
1925 3295 2088 3336 nove-

503 3361 648 3422 rant,
693 3354 746 3409 in
773 3355 876 3410 hoc
906 3371 964 3411 se
991 3358 1112 3427 ejus
1140 3360 1418 3416 dilectioni
1455 3379 1660 3420 morem
1693 3383 1886 3438 gerere
1931 3383 2088 3424 vera-

504 3443 642 3510 citer
669 3447 1056 3519 intelligebaut.
1087 3452 1164 3507 Ne
1217 3465 1397 3512 tamen
1439 3459 1590 3514 locus
1611 3477 1772 3530 quem
1803 3463 1920 3533 ipse
1963 3465 2090 3518 bea-

507 3543 593 3588 tus
623 3535 904 3593 With-idus
935 3541 1060 3596 dum
1111 3545 1162 3598 in
1199 3561 1428 3615 corpore
1456 3549 1702 3620 degeret,
1733 3567 1842 3622 pra:
1875 3555 2088 3610 caeteris

504 3627 726 3690 amavit,
755 3629 884 3696 ipsis
939 3632 1182 3703 reliquiis
1225 3640 1440 3705 penitus
1488 3641 1816 3710 privaretur,
1843 3643 2090 3714 aliquan-

504 3717 612 3770 tula
643 3733 828 3776 earum
859 3737 987 3791 pars
1015 3735 1100 3780 est
1131 3727 1201 3781 ab
1226 3729 1305 3784 eis
1329 3745 1450 3784 cum
1481 3732 1705 3801 pulvere
1729 3745 1958 3800 retenta,
1998 3747 2085 3792 at-

500 3821 606 3877 que
637 3810 688 3864 in
719 3809 842 3866 loco
867 3817 1212 3874 eonvenienti
1249 3821 1505 3890 reposita.
1527 3879 1530 3882 ,
1551 3823 1724 3880 Porro
1760 3828 2088 3886 venerabilis

497 3896 614 3954 Odo
643 3909 794 3960 tanto
823 3921 1053 3963 tuuucre
1081 3907 1446 3980 locupletatus
1471 3911 1825 3970 Cantuariam
1864 3918 2022 3973 rediit
2067 3935 2080 3971 :

501 3992 594 4050 ubi
620 4009 813 4065 magna
840 3999 1006 4052 totius
1036 3999 1276 4058 civitatis
1305 4003 1670 4064 exsultatione
1697 4019 2002 4080 susceptus,
2029 4020 2086 4066 et

495 4083 550 4136 in
583 4086 761 4142 aulam
794 4085 894 4144 Dei
935 4105 1086 4146 sacra
1117 4107 1240 4148 cum
1271 4093 1426 4150 laude
1449 4099 1762 4165 perductus,
1799 4103 2086 4158 sanctissi-

497 4189 616 4232 mas
639 4178 784 4260 beati
817 4178 1052 4238 Will‘ridi
1079 4183 1335 4254 reliquias
1357 4203 1494 4256 quas
1515 4189 1836 4257 advexerat,
1863 4193 1915 4246 in
1965 4209 2082 4246 ma-

489 4262 596 4332 jori
623 4267 812 4335 altari,
841 4272 988 4339 quod
1027 4274 1080 4330 in
1137 4276 1396 4332 honorem
1429 4277 1558 4334 Jesu
1613 4279 1814 4340 Christi
1867 4283 2080 4340 Domini

493 4357 666 4418 nostri
731 4371 1004 4418 sacratum
1057 4375 1197 4430 erat,
1240 4367 1525 4426 collocavit
1573 4373 1710 4444 (10).
1741 4373 1858 4441 Qua
1905 4378 1972 4430 de
2025 4393 2083 4432 re

491 4451 820 4519 posteritati,
843 4469 912 4512 ne
957 4455 1062 4512 ulla
1090 4457 1338 4518 dubietas
1381 4477 1718 4532 nasceretur,
1753 4469 1868 4538 ipse
1919 4469 2082 4525 Pater

2209 2009 2426 2064 quaque
2467 1993 2778 2054 roboratus,
2824 1991 3084 2062 quidquid
3118 1991 3284 2060 ipsius
3321 1991 3574 2046 ecclesia:
3611 1993 3798 2046 vetusu

2207 2087 2388 2154 operis
2416 2086 2714 2146 resederat,
2750 2099 2884 2137 nova
2923 2083 3104 2137 omnia
3137 2089 3554 2137 conslructurus
3587 2083 3796 2137 evertit.

2207 2175 2342 2230 Cum
2387 2191 2517 2246 ergo
2548 2175 2865 2244 praedictum
2899 2173 3070 2226 altare
3101 2173 3534 2242 subverteretur,
3566 2175 3798 2244 rcliqnia:

2207 2265 2598 2322 heatinfridi
2635 2275 2860 2336 reperta:
2889 2281 2950 2319 ac
2977 2265 3164 2322 levata:
3195 2273 3342 2330 sunt,
3375 2277 3550 2336 atque
3585 2265 3638 2320 in
3671 2269 3794 2320 scri-
3843 2267 3846 2270 ’

2207 2361 2296 2434 nio
2321 2359 2614 2414 collocatzc.
2649 2357 2870 2422 Verum,
2913 2373 3034 2412 cmn
3079 2366 3200 2428 post
3229 2357 3436 2427 aliquot
3466 2373 3644 2410 annos
3693 2359 3792 2412 fta—

2209 2462 2350 2506 trum
2395 2451 2644 2506 voluntas
2675 2449 2728 2504 in
2759 2466 2825 2504 ea
2852 2449 3208 2516 consentiret,
3247 2459 3306 2504 ut
3341 2451 3516 2522 magis
3547 2451 3660 2506 tixo
3688 2449 3794 2504 loco

2205 2538 2606 2602 clauderentur,
2639 2535 2942 2606 sepulcrum
2975 2539 3056 2592 eis
3097 2538 3148 2590 in
3187 2535 3496 2606 aquilonari
3527 2547 3688 2606 parte
3719 2537 3794 2588 al-

2205 2631 2342 2686 taris
2385 2629 2590 2684 factum
2618 2637 2720 2692 est,
2750 2639 2798 2682 ct
2835 2627 2886 2681 in
2914 2643 2980 2684 eo
3007 2637 3132 2682 sunt
3165 2637 3360 2698 quarto
3395 2628 3522 2682 ldus
3553 2628 3794 2683 Octobtis

2207 2727 2517 2776 reverenter
2537 2717 2782 2775 inclusae.

2275 2815 2362 2870 67.
2403 2813 2510 2868 Nos
2535 2828 2772 2884 quoque,
2819 2813 2906 2868 his
2963 2813 3034 2866 ita
3085 2813 3149 2866 de
3200 2812 3320 2882 ipso
3382 2803 3550 2866 Patre
3581 2829 3790 2882 quoque

2207 2907 2368 2962 tundo
2397 2905 2642 2976 digestis,
2665 2905 2782 2976 jam
2813 2903 3028 2960 tandem
3071 2905 3340 2959 scribendi
3377 2907 3634 2960 ordinem
3677 2923 3788 2958 cou-

2201 2999 2505 3062 cludamus,
2537 3008 2591 3052 et
2631 2999 2740 3054 Deo
2787 3014 2850 3054 ac
2892 2999 3118 3054 Domino
3167 3009 3356 3052 nostro
3403 2997 3536 3052 Jcsu
3577 2999 3788 3052 Christo

2202 3089 2406 3160 gratias
2440 3091 2505 3144 de
2540 3089 2792 3144 omnibus
2852 3089 2964 3144 suis
3017 3088 3412 3160 persolvenles,
3441 3089 3610 3142 ﬁnem
3673 3085 3782 3143 huic

2201 3181 2460 3252 apusculo
2491 3183 2852 3251 imponamus.
2879 3179 3268 3238 Verumtamen
3309 3183 3360 3238 id
3406 3185 3457 3237 iu
3512 3183 3624 3238 line
3659 3183 3783 3252 adji-

2193 3275 2440 3328 ciendum
2491 3275 2820 3344 putavimus,
2855 3285 2908 3328 ttt
2939 3275 2983 3330 si
3024 3275 3148 3348 quis
3193 3276 3308 3331 lucc
3349 3273 3537 3348 legens
3581 3277 3666 3332 vel
3697 3261 3782 3330 au-

2191 3369 2366 3434 dicas,
2391 3369 2770 3440 indignitatem
2801 3379 2854 3424 ct
2877 3369 3078 3442 ingenii
3107 3367 3210 3424 mei
3245 3369 3556 3424 fatuitatem
3583 3381 3778 3424 remota

2187 3463 2387 3533 pietate
2415 3463 2780 3536 perpenderit,
2811 3472 2864 3518 et
2894 3478 2956 3518 ea
3000 3479 3060 3518 re
3087 3463 3154 3518 iis
3185 3478 3307 3532 quae
3333 3463 3401 3518 de
3435 3471 3592 3518 tanto
3629 3463 3778 3516 Patre

2189 3555 2332 3608 dicta
2347 3563 2476 3610 sunt
2499 3555 2658 3610 ﬁdem
2694 3555 2938 3624 ptwbere
2978 3554 3392 3626 contempserit,
3419 3555 3638 3608 noverit
3659 3555 3774 3624 quia

2188 3647 2394 3710 outnia,
2419 3662 2539 3718 qum
2579 3647 2646 3701 de
2671 3662 2737 3702 eo
2795 3659 3068 3718 utcunque
3112 3647 3526 3718 descripsimus,
3551 3651 3778 3700 auctori-

2189 3747 2298 3792 tate
2328 3737 2712 3792 veuerabiliutn
2743 3739 3004 3802 virormn,
3049 3735 3254 3793 Odonis
3293 3737 3556 3793 videlicet
3609 3739 3776 3792 archi-

2184 3829 2422 3899 episcopi
2471 3839 2526 3883 et
2571 3829 2728 3884 Beda:
2777 3827 3102 3902 presbyteri,
3155 3833 3413 3886 roborata
3465 3831 3772 3902 probamus,

2187 3919 2266 3980 nil
2304 3919 2358 3972 in
2390 3920 2468 3974 eis
2495 3935 2560 3974 ex
2601 3929 2783 3974 nostra
2829 3923 2980 3992 parte
3008 3931 3294 3991 ponentes,
3334 3921 3436 3976 nisi
3481 3923 3630 3992 quod
3659 3937 3770 3992 pro-

2185 4013 2319 4080 priis
2360 4012 2532 4068 oculis
2561 4013 2737 4070 intuiti
2771 4029 2978 4068 sumus.
3009 4013 3137 4068 lllud
3169 4021 3344 4070 tamen
3375 4015 3523 4084 quod
3553 4016 3666 4068 disi
3715 4017 3772 4068 de

2186 4105 2534 4160 damnatione
2565 4105 2708 4176 regis
2733 4105 2936 4174 Eglridi
2958 4105 3092 4178 (tl),
3119 4105 3295 4161 fateor
3325 4123 3600 4178 numquam
3637 4109 3728 4176 legi
3755 4125 3766 4158 :

2183 4197 2278 4252 sed
2315 4207 2390 4254 tot
2439 4197 2682 4268 talesque
2707 4199 2807 4252 viri
2837 4199 2910 4254 ita
2953 4215 3010 4255 se
3057 4201 3312 4256 habuisse
3343 4203 3694 4282 conﬁrmant.
3723 4211 3770 4252 ut

2183 4291 2264 4344 eis
2297 4291 2438 4346 nolle
2469 4292 2694 4346 credere
2729 4307 2938 4362 magna:
2979 4291 3328 4362 impudentize
3369 4308 3495 4346 esse
3527 4295 3768 4358 credide-

2187 4383 2310 4436 rim.
2341 4382 2422 4438 Sit
2453 4384 2636 4454 itaque
2669 4383 2784 4438 laus
2815 4393 2870 4440 et
2893 4385 3192 4456 gratiarum
3227 4387 3372 4440 actio
3405 4385 3763 4457 omnipotenti

2185 4475 2295 4530 Deo
2325 4473 2472 4528 Patri
2499 4483 2552 4528 et
2577 4473 2714 4528 Filio
2737 4485 2790 4530 et
2827 4475 3052 4546 Spiritui
3099 4487 3290 4534 sancto
3332 4494 3431 4534 uer
3459 4481 3646 4534 omnia
3675 4495 3766 4534 sc-

487 4541 580 4608 qul
623 4543 850 4602 easdem
907 4548 1166 4620 reliquias
1219 4558 1484 4624 suscepit,
1542 4559 1844 4624 transtulit,
1897 4575 1962 4616 ac
1995 4561 2078 4630 (ut
2105 4594 2156 4654 ο
2183 4566 2302 4622 cuia
2329 4565 2670 4622 smeulorum.
2705 4541 2902 4624 Amen.

557 4747 670 4820 (10)
695 4751 852 4834 .Lege
893 4753 996 4809 hac
1023 4755 1090 4834 de
1119 4771 1179 4814 re
1209 4759 1458 4834 anltneri
1478 4761 1872 4834 fragmentum
1919 4767 2064 4834 apud

483 4817 813 4892 Cervasiuni
847 4827 1170 4882 monachum
1209 4831 1264 4884 in
1297 4831 1446 4886 libro
1473 4833 1548 4888 De
1575 4817 1977 4890 ἕοιιιιιιιιιιίυιιιιΓ
2009 4817 2068 4892 et

487 4891 826 4960 reparatione
855 4895 1096 4954 ecclesia:
1129 4899 1574 4969 Dorobernensis,

2251 4769 2371 4844 (Η)
2407 4768 2676 4844 l§ttatneu
2706 4769 2859 4844 Beda
2879 4769 3220 4844 reuerentiam
3253 4785 3314 4844 uc
3345 4767 3650 4844 piissimum
3689 4778 3766 4844 re-

2180 4855 2292 4908 gem
2335 4837 2612 4920 Egit-idum
2648 4850 2800 4894 vocat
2849 4841 3004 4894 initio
3049 4841 3172 4896 libri
3209 4837 3372 4912 primi
3429 4839 3498 4894 de
3547 4837 3764 4892 historia

2179 4919 2490 4964 monasterii
2526 4919 2626 4964 sui.
