3870 6304
1477 361 1634 418 V-iTA
1675 362 1739 422 B.
1775 363 2138 435 BREGWINE
2333 405 2336 408 -
2375 372 2382 420 ῖ
3331 378 3465 446 754:.

965 503 978 509 -
997 501 1009 510 ο
1026 503 1318 514 “.b..-

831 503 904 510 -...
919 503 978 510 ..--
997 503 1009 510 -
1026 503 2024 538 ψ’..ψωφ--ἰωέΞπ-ο-

1967 513 2197 538 ιτς-τιτι

1055 599 1450 803 ’νΙΤΑ
1527 619 1710 802 B.
1769 607 2587 814 BREGWINI

139 446 960 546 gmw

2210 515 3436 553 mm

1267 912 1788 970 ARCIIIEPISCOPI
1825 915 2375 1067 cauruaittenﬁts
2451 966 2555 1028 ἦν,
2593 1003 2629 1024 ι,
2657 931 2711 1038 ῖς
2734 995 2761 1020 ,.
2851 993 2872 1024 ε
2910 940 2994 1028 ηζι

1586 1037 1827 1067 ›ι,.
2056 1025 2924 1067 ί

2247 1069 2390 1087 ..νυν-ο.
2403 1077 2454 1088 --τ

826 1074 1428 1193 AUCTORE
1471 1046 1781 1263 iii/at

1865 1037 2146 1197 ΕΡιό
2178 1037 2974 1204 Μ-δῂ-Αοῇὸπ

1276 1259 1610 1393 (Witp'ruon,
1639 1297 1826 1368 Anglia
1854 1315 2030 1365 sacra,
2063 1299 2126 1368 ll,
2163 1300 2310 1374 184.)

239 1625 536 1680 Exordium
570 1627 830 1696 propositi
861 1628 962 1682 mei
991 1637 1154 1698 atque
1181 1644 1526 1698 procursum,
1556 1645 1663 1697 quo
1691 1629 1756 1682 de
1785 1609 1829 1668 Α
1860 1644 1922 1681 ea
1953 1629 2201 1699 vigebat;
2232 1641 2414 1702 utpote
2443 1636 2802 1694 sanctissimis
2825 1653 2888 1694 ac
2915 1642 3306 1699 strenuissimis
3326 1661 3451 1704 suc-

165 1718 333 1772 bealo
379 1716 671 1787 Dregwi’no
707 1719 961 1789 pontifice
989 1719 1404 1775 Cantuariorum
1454 1722 1690 1776 scribere
1725 1737 1754 1775 a

163 1811 488 1880 quibusdam
540 1810 893 1866 familiaribus
925 1812 1059 1867 meis
1102 1825 1321 1884 rogatus
1361 1814 1598 1880 institui,
1630 1831 1756 1885 grao

164 1903 257 1956 tiae
280 1904 604 1958 commendo
630 1903 868 1974 Spiritus
894 1905 1090 1965 sancti,
1123 1921 1288 1960 orans
1310 1915 1366 1960 ut
1395 1922 1505 1961 suze
1533 1906 1756 1977 largita-

179 1995 250 2048 tis
271 1995 603 2050 abundantia
638 2012 758 2066 qua:
788 2007 916 2050 sunt
965 1996 1191 2052 dicenda
1241 1997 1461 2062 revelet,
1495 2008 1550 2053 et
1579 1999 1643 2052 ad
1690 2014 1755 2054 ea

163 2089 465 2154 promenda
488 2103 582 2141 cor
611 2102 787 2141 meum
818 2096 874 2142 et
901 2085 1138 2156 linguam
1179 2087 1333 2155 juxta
1362 2089 1617 2158 placitum
1646 2089 1755 2145 stuc

165 2179 466 2233 Voluntatis
504 2179 800 2233 clementer
828 2179 1052 2249 aperiat.
1090 2178 1216 2234 Fuit
1247 2192 1427 2235 autem
1470 2181 1582 2251 ipse
1623 2181 1755 2235 bea-

167 2277 254 2324 tus
283 2269 338 2323 in
375 2269 564 2323 matris
592 2281 745 2324 utero
780 2286 808 2321 a
837 2270 944 2324 Deo
983 2270 1209 2338 electus,
1242 2272 1488 2326 eamdem
1530 2271 1756 2328 electio-

167 2375 293 2413 netu
328 2368 456 2413 ante
482 2360 664 2413 outnia
699 2360 895 2415 smcula
929 2361 981 2414 in
1008 2361 1370 2431 dispositione
1401 2364 1758 2433 przedcstina-

168 2455 336 2509 tionis
367 2454 455 2509 Dei
489 2453 719 2509 feliciter
758 2467 970 2510 uacuis.
1015 2454 1278 2511 Parentes
1323 2457 1442 2527 ejus
1492 2475 1556 2512 ex
1597 2469 1756 2530 gente

117 2553 124 2556 ’
165 2546 470 2612 Saxonum,
509 2545 698 2611 nobili,
732 2554 788 2598 ut
813 2544 1003 2612 fertur,
1041 2547 1286 2618 prosapia
1323 2549 1456 2611 orti,
1506 2549 1608 2603 hoc
1639 2566 1754 2604 tue-

166 2641 400 2692 rue'ruut
447 2645 505 2689 ut
531 2636 694 2690 talem
726 2635 806 2690 eis
848 2635 1016 2690 filium
1043 2639 1272 2693 Creator
1296 2641 1537 2693 omnium
1571 2641 1752 2706 daret;

161 2744 329 2798 quem
362 2728 628 2798 probitate
655 2742 889 2790 morum,
926 2745 1085 2800 quem
1113 2724 1304 2801 peritia
1325 2732 1623 2802 disciplina:
1647 2747 1758 2786 eo).

161 2822 387 2876 lestium
426 2823 737 2894 degulatutn
776 2835 829 2880 et
860 2826 1130 2880 summum
1161 2825 1212 2878 in
1261 2823 1642 2880 ecclesiasticis
1673 2825 1754 2878 di-

1819 1717 1821 1720 ’
1861 1723 2170 1778 cessoribus
2222 1723 2358 1792 ejus,
2395 1742 2533 1795 quos
2581 1728 2751 1783 Roma
2809 1729 3086 1787 direxerat
3131 1736 3329 1805 quique
3371 1737 3450 1790 iiii

1863 1815 1914 1868 in
1942 1816 2366 1884 patriarchatum
2390 1819 2838 1877 Cantuariensem
2862 1839 3030 1895 usque
3057 1828 3123 1879 ad
3148 1829 3436 1896 prelatum

1865 1904 2239 1961 Birhtualdum
2291 1899 2687 1974 successerant,
2731 1929 2796 1969 ne
2845 1914 2896 1968 in
2947 1915 3127 1985 aliquo
3167 1919 3447 1976 vacillaret

1860 1999 2099 2067 vigilanti
2148 2000 2510 2057 sollicitudine
2581 2003 2976 2062 insistentibus.
3034 2007 3312 2079 Siquidem
3367 2014 3437 2067 ab

1862 2091 2108 2162 ingressu
2137 2091 2313 2148 Patris
2357 2095 2642 2166 Augustini
2675 2098 2726 2151 in
2777 2098 3027 2170 Angliam
3064 2116 3130 2156 eo
3159 2119 3327 2173 usque
3361 2104 3445 2159 in-

1861 2181 1976 2238 sula
2013 2184 2125 2253 ipsa
2159 2201 2265 2240 non
2299 2197 2507 2240 tantum
2538 2188 2713 2257 patuit
2740 2190 3098 2248 barbarorum
3132 2194 3448 2266 irruptioni,

1860 2285 2122 2346 quantum
2165 2292 2284 2332 eam
2330 2281 2671 2348 postmodum
2729 2283 2967 2352 patuisse
3017 2288 3346 2359 accepinuts,
3389 2298 3452 2348 et

1859 2370 2079 2440 quidem
2100 2369 2265 2439 juste.
2299 2369 2522 2428 Novitcr
2546 2373 2691 2428 enim
2729 2367 3040 2446 susceptum
3066 2377 3457 2454 βιιτίειίοιιὶιρς

1863 2461 1930 2516 tis
1949 2461 2138 2531 jngum
2171 2463 2360 2532 majori
2388 2462 2662 2534 diligentia
2705 2479 2734 2519 a
2775 2465 2967 2520 mttltis
3006 2469 3347 2539 portabatur,
3393 2486 3454 2532 et

1859 2569 1921 2607 ea
1947 2555 2014 2608 de.
2041 2570 2098 2608 re
2135 2555 2395 2609 Dominus
2432 2555 2680 2610 Christus
2710 2557 2810 2630 sibi
2839 2558 3181 2616 adluerenles
3216 2576 3451 2632 propcn-
3501 2556 3518 2568 ”

1860 2643 1989 2698 siori
2023 2643 2308 2700 clementia
2344 2646 2616 2700 tuebatur.
2641 2646 2794 2725 Unde
2827 2648 3003 2704 bonus
3043 2649 3180 2705 odor
3197 2660 3254 2706 et
3276 2653 3327 2706 in
3355 2667 3451 2722 ex-

1861 2744 2004 2792 teras
2053 2736 2300 2807 regiones
2335 2753 2598 2793 emanans
2646 2740 2827 2812 plures
2874 2740 3058 2797 nativo
3097 2741 3213 2796 solo
3251 2743 3442 2807 relicto

1861 2830 1914 2884 in
1941 2828 2188 2899 Angliam
2218 2830 2346 2900 egit.
2376 2828 2518 2884 Inter
2552 2845 2688 2900 quos
2734 2829 3051 2901 Bregvvinus
3079 2830 3205 2886 Jesu
3247 2832 3451 2890 Christi

156 2915 467 2984 gnitatibus
491 2917 716 2987 gradum
753 2929 805 2974 et
836 2919 1091 2990 perennis
1118 2917 1305 2988 gloria:
1341 2933 1563 2988 regnum
1597 2919 1755 2989 digne
1792 2954 1834 3012 Β
1863 2921 2039 2990 gratia
2070 2919 2234 2973 fultus
2275 2935 2341 2975 eo
2385 2920 2626 2984 veniens,
2663 2936 2784 2992 niox
2815 2921 3051 2978 statione
3081 2923 3283 2993 potitus
3319 2940 3444 2978 cun-

156 3006 372 3061 debere
416 3008 643 3078 adipisci
665 3011 1069 3080 comprobatur.
1106 3007 1234 3062 llaec
1275 3007 1419 3062 inter
1464 3024 1626 3077 opera
1661 3009 1750 3062 Dei

161 3099 435 3170 regnabat
472 3101 525 3155 in
556 3100 748 3157 Cantia
791 3102 875 3156 vir
907 3111 1163 3156 strenuus
1204 3111 1260 3155 et
1290 3101 1486 3157 nobilis
1515 3101 1752 3157 Wibtre-

157 3191 280 3268 dus~
319 3179 962 3267 nomine,l'sacratissima
997 3193 1050 3247 in
1081 3194 1247 3248 Deum
1288 3193 1548 3265 religione
1582 3195 1757 3248 imbu-

159 3295 280 3346 tus,
313 3279 498 3339 servos
527 3285 616 3340 Dei
673 3286 726 3341 in
771 3286 880 3344 Deo
911 3295 966 3340 et
997 3287 1164 3340 Deum
1197 3287 1249 3342 in
1303 3288 1476 3342 servis
1504 3288 1617 3343 suis
1647 3304 1757 3359 prae

155 3390 227 3428 se
257 3376 436 3443 magni
464 3392 679 3448 semper
710 3377 936 3434 habens.
973 3377 1085 3433 Suo
1133 3387 1372 3449 tempore
1421 3390 1576 3449 pater
1621 3396 1759 3450 prze-

157 3467 417 3521 dicanda:
465 3468 742 3524 memoriae
795 3469 1158 3525 Birbtualdus
1213 3471 1265 3524 in
1329 3471 1756 3540 patriarchatum

119 3551 124 3554 ’
159 3557 359 3627 prima:
386 3559 698 3629 metropolis
720 3561 1018 3631 Anglorum
1047 3562 1205 3616 beato
1233 3559 1518 3616 Theodoro
1540 3549 1758 3618 succes-

163 3660 344 3716 serat,
377 3661 432 3706 et
455 3668 578 3706 eum
625 3653 785 3723 digne
813 3653 922 3708 Deo
948 3653 1000 3708 in
1035 3654 1287 3708 omnibus
1319 3653 1755 3709 administrabat.

161 3741 343 3813 Hujus
368 3743 624 3820 instinctu
657 3753 713 3799 et
754 3745 1134 3799 exhortatione
1161 3744 1274 3816 (12)
1307 3744 1562 3815 praefatus
1585 3760 1674 3800 rex
1704 3746 1756 3800 in

162 3835 413 3906 generali
465 3836 696 3891 concilio
750 3847 977 3892 cunctas
1033 3838 1188 3908 regni
1234 3838 1317 3893 sui
1376 3838 1638 3893 ecclesias
1689 3838 1758 3893 ab

161 3915 319 3978 omni
361 3925 737 3981 dominatione
759 3935 816 3982 et
844 3927 1128 3982 exactione
1158 3943 1343 3999 regum
1386 3928 1501 3983 sive
1533 3928 1758 3999 cujusli-

165 4019 261 4073 bet
313 4028 543 4074 terrente
577 4020 864 4090 potestatis
912 4019 1115 4076 liberas
1168 4021 1220 4075 in
1270 4031 1589 4092 perpetuum
1637 4036 1758 4076 esse
1810 4033 1812 4036 '

162 4113 472 4168 Constituit.

240 4201 340 4257 His
361 4203 708 4277 diebusjille]
750 4206 815 4261 de
863 4223 971 4275 quo
1002 4205 1245 4260 scribere
1277 4205 1661 4276 preposuimus
1699 4205 1752 4258 in

1863 3012 1966 3068 clis
1997 3014 2197 3068 charos
2220 3023 2302 3067 est
2327 3022 2382 3067 et
2411 3013 2549 3068 civis
2571 3015 2763 3083 patriae
2787 3013 2984 3071 factus.

1935 3107 2139 3162 Deinde
2185 3107 2356 3164 livore
2401 3122 2618 3180 eareus,
2670 3109 2831 3176 docet
2869 3109 3008 3176 alios
3051 3127 3173 3181 quae
3215 3113 3448 3177 sciebat,

1862 3198 2018 3254 discit
2049 3199 2116 3254 ab
2146 3199 2267 3254 aliis
2297 3216 2418 3268 (pne
2450 3199 2750 3272 ignorabat.
2782 3200 2974 3276 igitur,
3021 3202 3164 3258 sicut
3189 3213 3350 3259 aetate
3378 3215 3451 3259 .et

1811 3351 1818 3355 ν
1862 3290 2212 3362 εοὶειιιίᾘιλ
2232 3290 2529 3359 ἱιιερίιυτηιιρ
2558 3291 2649 3345 Dci
2679 3292 3038 3361 providentia,
3062 3293 3144 3348 sic
3174 3294 3225 3362 in
3249 3297 3450 3350 sanctis

1863 3381 2109 3436 moribus
2157 3381 2477 3463 proﬁciebat
2511 3392 2564 3437 et
2589 3384 2796 3439 caelesti
2825 3385 3112 3454 sapientia.
3149 3385 3282 3451 Quia
3322 3402 3451 3455 cego

1863 3475 2130 3546 scriptum
2154 3475 2357 3546 legerat
2383 3490 2398 3530 :
2432 3475 2538 3542 Qui
2562 3479 2709 3532 addit
2731 3478 3025 3540 scientiam,
3055 3478 3203 3534 addit
3235 3488 3283 3532 et
3306 3479 3452 3534 labo-

1811 3626 1816 3630 η
1865 3577 1973 3614 rem
2015 3560 2209 3632 (Eccli.
2241 3578 2282 3629 ι,
2323 3563 2436 3633 18),
2465 3579 2530 3618 eo
2553 3564 2728 3634 magis
2759 3564 2978 3620 videbat
3007 3565 3106 3620 sibi
3135 3566 3187 3620 in
3219 3564 3317 3621 hac
3341 3566 3452 3619 vita

1864 3647 2222 3706 laborandum
2249 3690 2264 3717 ,
2311 3667 2379 3706 ne
2430 3653 2573 3707 inter
2616 3653 2932 3708 innumeros
2977 3653 3178 3708 diaboli
3225 3654 3450 3724 laqueos

1861 3741 2120 3812 gradiens
2152 3741 2256 3797 illis
2287 3743 2630 3814 aliquatenus
2675 3744 2744 3799 ab
2771 3753 2973 3799 aeterna
3009 3745 3116 3800 vita
3161 3744 3454 3818 impedire-

1865 3842 1974 3901 tur,
2001 3849 2112 3903 quo
2157 3834 2348 3905 majori
2398 3836 2627 3892 scientia
2677 3836 2936 3906 praeditus
2966 3834 3297 3906 intelligebat
3342 3849 3450 3905 quo

1861 3927 2196 3995 graderetur,
2245 3929 2292 3982 si
2339 3928 2497 3984 nullis
2529 3944 2718 3984 eorum
2767 3927 3170 3998 impedimentis
3208 3928 3449 3985 irretitus

1863 4019 1915 4075 in
1951 4021 2034 4074 via
2072 4021 2418 4078 rectitudinis
2448 4020 2806 4077 detineretur.
2845 4021 2988 4079 Usus
3024 4023 3209 4092 itaque
3243 4021 3451 4077 salubri

1861 4113 2108 4180 consilio,
2161 4115 2367 4184 sprevit
2417 4115 2674 4169 mundum
2714 4124 2779 4188 et
2813 4113 3211 4170 oblectamenta
3261 4115 3450 4170 mundi

1860 4204 2077 4267 omnia,
2103 4205 2268 4272 sequi
2308 4205 2536 4274 cupiens
2573 4220 2761 4259 eorum
2808 4205 3078 4274 exempla,
3130 4205 3220 4275 qui
3257 4205 3447 4282 secuti

171 4291 426 4352 Saxonia
459 4310 619 4353 natus
653 4309 758 4366 est,
802 4309 857 4355 et
885 4316 914 4353 a
954 4300 1274 4370 parentibus
1319 4298 1635 4370 Bregwinus
1671 4315 1761 4354 co-
1789 4307 1836 4370 ρ
1872 4296 2153 4350 Dominum
2183 4296 2515 4365 reliquerunt
2553 4312 2610 4351 se
2647 4305 2700 4351 et
2734 4298 2917 4352 omnia
2949 4312 3068 4352 sua.
3133 4295 3318 4366 Itaque
3349 4311 3449 4351 sar

161 4391 538 4460 gnominatus,
590 4407 748 4447 sacro
779 4393 976 4446 deliine
1007 4391 1156 4446 fonte
1202 4391 1253 4445 in
1310 4391 1622 4446 Christiana
1656 4391 1760 4444 fide

168 4492 571 4550 regeneratus;
631 4493 687 4538 et
742 4483 1018 4538 infantiles
1075 4498 1248 4538 annos
1298 4499 1550 4554 egressus
1596 4484 1762 4553 erepit

160 4591 303 4644 puer
335 4576 488 4630 bona:
534 4576 728 4631 indolis
775 4591 918 4641 esse,
974 4576 1238 4631 modestia
1292 4591 1505 4632 morum
1557 4585 1761 4630 sancta:

98 4648 102 4654 ’
158 4665 284 4732 spei
318 4665 568 4719 fiduciam
599 4666 714 4720 suis
743 4666 810 4720 de
840 4683 898 4721 se
937 4667 1216 4722 exhibere.
1257 4665 1397 4722 lliuc'
1423 4667 1620 4722 litteris
1650 4676 1759 4720 tra-

93 4741 100 4744 ’
159 4758 341 4822 ditur,
368 4766 421 4811 et
453 4757 504 4811 in
532 4758 716 4812 schola
758 4757 1038 4814 Dominica
1075 4745 1364 4813 enutritur.
1401 4758 1758 4830 Augcuturin

154 4867 228 4906 eo
264 4851 331 4905 de
359 4851 444 4906 die
473 4852 523 4905 in
550 4852 693 4906 diem
734 4853 912 4906 studia
940 4853 1080 4906 sacri
1114 4851 1391 4924 profectus
1426 4868 1441 4920 ;
1475 4861 1527 4906 et
1558 4851 1616 4905 ﬁt
1661 4869 1760 4922 pro

155 4951 364 4995 tenore
395 4956 503 4996 sua:
538 4942 822 5016 tetatishin
863 4925 1083 4996 litterali
1146 4941 1377 4996 scientia
1425 4957 1530 4994 non
1585 4941 1757 4996 multo

151 5044 292 5105 post
325 5037 582 5103 temporis
611 5034 896 5090 intervallo
945 5033 1235 5105 perfectus.
1270 5032 1561 5088 Florebant
1591 5034 1756 5088 etiam

156 5126 350 5182 adhuc
377 5143 593 5198 quaque
634 5144 730 5198 per
760 5115 1006 5198 Angliam
1039 5127 1296 5182 exercitia
1322 5143 1385 5182 ac
1411 5127 1587 5181 studia
1619 5127 1759 5182 litte-

157 5205 524 5292 rarum,,qua:
562 5237 627 5275 ex
655 5221 798 5276 beati
841 5220 1108 5277 Theodori
1132 5220 1404 5292 pontificis
1428 5219 1756 5276 Cantuario-

140 5298 292 5370 rum
325 5315 548 5383 ejusque
593 5314 980 5384 discipulorum
1029 5314 1319 5368 traditione
1351 5320 1516 5366 totam
1555 5321 1756 5366 terram

155 5405 458 5480 magnifice
487 5407 808 5478 irrigabant.
855 5405 1064 5477 Religio
1089 5406 1438 5460 nihilominus
1485 5404 1757 5459 Christia-

89 5567 94 5574 _
154 5518 264 5566 na,
290 5509 453 5570 quam
481 5517 545 5556 ex
574 5499 958 5561 pmdieatione
985 5499 1204 5570 gloriosi
1234 5513 1299 5553 ac
1329 5499 1438 5554 Deo
1466 5498 1611 5568 digni
1654 5485 1756 5552 Pa-

156 5595 268 5650 tris
308 5592 593 5663 Augustini
636 5591 826 5646 Cantia
871 5600 1206 5660 susceperat,
1253 5587 1754 5660 quammaximeju

1863 4387 2102 4442 cularem
2145 4387 2308 4442 vitam
2353 4389 2461 4443 vita
2505 4387 2809 4444 monacltali
2846 4390 3210 4452 commutans,
3263 4388 3447 4443 habitu

1863 4477 2109 4532 saeculari
2164 4479 2396 4550 abjecto,
2431 4480 2824 4533 monachorum
2870 4494 2989 4534 sese
3036 4477 3263 4550 collegio
3313 4477 3448 4532 nihil

1864 4569 2179 4624 habentium
2231 4569 2481 4624 sociavit.
2544 4569 2741 4624 Factus
2791 4583 2922 4640 ergo
2977 4568 3276 4624 monachus
3333 4566 3450 4637 ejus

1862 4660 2103 4714 exterior
2129 4661 2310 4726 homo,
2345 4671 2540 4716 cuncta
2583 4676 2703 4730 qua:
2732 4661 2843 4715 veri
2877 4660 3127 4714 monachi
3159 4667 3309 4722 sunt,
3343 4660 3451 4712 vir»

1863 4758 2037 4805 tutum
2085 4752 2298 4807 scilicet
2353 4760 2694 4814 ornamenta,
2754 4748 3036 4818 amplexus
3080 4757 3164 4803 est
3222 4748 3450 4802 interior

1863 4845 2043 4900 homo.
2075 4845 2141 4898 Et
2170 4845 2286 4900 luce
2314 4843 2526 4915 singula
2559 4844 2609 4898 in
2642 4859 2736 4898 sua
2776 4841 3143 4898 adolescentia
3176 4841 3276 4896 sibi
3306 4843 3450 4897 asci-

1860 4937 1965 4999 vit,
1997 4937 2176 4992 sciens
2224 4953 2280 4992 se
2309 4937 2460 5008 juxta
2507 4951 2696 4992 vocem
2739 4934 2904 4989 divini
2942 4933 3098 5006 elogii
3132 4933 3295 4988 etiam
3323 4949 3445 4988 cum

1861 5039 2188 5097 senesceret,
2223 5031 2290 5086 ab
2318 5031 2400 5087 eis
2430 5046 2535 5085 non
2565 5025 2928 5084 recessurum.
2963 5026 3072 5083 Nec
3095 5025 3244 5081 fecit.
3276 5025 3446 5098 Igitur

1860 5121 2082 5178 creleste
2107 5124 2464 5192 propositum,
2493 5121 2635 5192 quod
2666 5135 2733 5175 ex
2760 5118 2902 5174 dono
2927 5117 3113 5190 gratiae
3145 5116 3238 5171 Dei
3269 5131 3446 5173 susce-

1859 5225 2037 5286 perat,
2087 5215 2137 5270 in
2169 5215 2393 5270 servitio
2422 5211 2632 5268 Domini
2664 5226 3020 5283 perseverans
3053 5210 3226 5266 eidem
3257 5211 3446 5282 gratite

1860 5307 2289 5364 conservandum
2319 5301 2521 5376 j’itgiter
2547 5299 3003 5382 commendabat.
3254 5301 3260 5306 ’

1930 5399 2039 5454 illis
2090 5399 2292 5454 Idie'bus
2335 5399 2566 5452 antistes
2615 5395 2965 5451 Birbtualdus
3013 5395 3145 5448 vita:
3188 5392 3442 5464 praesenti

1794 5505 1799 5510 '
1858 5491 2122 5557 sublatus,
2169 5491 2295 5547 vitze
2337 5488 2589 5561 πνείει-επιιί
2641 5487 2820 5542 illatus
2870 5494 2975 5541 est.
3008 5483 3209 5541 Locum
3261 5493 3442 5538 autem

1857 5581 2020 5657 quem
2071 5583 2272 5641 mundo
2323 5581 2607 5638 disce-dens
2657 5593 2884 5636 vacuum
2941 5577 3196 5647 reﬁquit,
3253 5576 3440 5630 eodem

239 5769 355 5840 (t2)
389 5768 611 5825 Factum
643 5768 694 5825 id
726 5784 867 5825 anno
895 5766 997 5823 694
1020 5767 1070 5822 in
1107 5765 1335 5823 conc-ilio
1362 5765 1730 5835 Becanccldac,
1760 5764 2073 5837 cujusAeta
2104 5770 2321 5821 exstant
2348 5759 2402 5818 in
2425 5759 2620 5817 eone-il.
2647 5757 2803 5832 Angl.
2829 5764 2960 5812 tom.
2991 5754 3035 5821 l,
3061 5769 3179 5824 pag.
3217 5751 3329 5804 I89-
