3870 6304
509 337 656 399 ιυῦ

1558 331 1868 390 ΕΑῡΜΕῐῖῐ
1902 330 2131 388 CANTU

2247 327 2456 386 lEN‘SlS
2492 323 2820 382 MONAClll.
3621 339 3712 396 .756

554 469 696 510 anno
726 451 1005 508 Tatwimts
1049 449 1266 522 quidam
1313 448 1629 522 presbyterii
1661 449 1827 522 gradu
1859 449 2129 514 sublimis,
2162 451 2203 507 Α
2233 418 2559 516 Proponitur
2587 441 2769 510 itaque
2800 437 2899 492 v'ri
2938 452 2968 493 a
3002 435 3231 507 pueritia
3261 435 3366 494 Deo
3392 441 3528 512 digna
3554 462 3711 508 coam.

552 547 636 599 vir
659 543 874 599 eximiae
894 542 1166 610 religionis
1181 551 1257 608 e',
1277 543 1418 611 quod
1447 543 1775 612 praecipuum
1805 550 1908 605 est,
1944 556 2133 595 tuonu-

553 635 640 690 chi
673 635 1010 704 professione
1038 643 1090 688 et
1139 634 1324 689 habittt
1360 635 1604 705 insignis,
1633 650 1698 690 ex
1748 636 1914 708 totius
1945 632 2130 689 Eccle-

551 742 644 782 stm
697 725 1066 780 sacratissima
1129 725 1394 780 electione
1453 727 1895 797 archiepiscOpus
1961 727 2133 779 factus

551 815 839 882 supplevit.
889 815 986 870 llic
1015 825 1098 871 est
1146 817 1236 872 ille
1283 817 1592 892 'l'atwiuus,
1618 833 1777 886 quem
1807 815 2133 872 venerabilis

550 907 690 961 Beda
719 908 773 962 in
807 908 1041 963 Historia
1072 925 1192 974 sua,
1225 909 1276 963 id
1309 918 1414 978 est,
1443 910 1622 980 gentis
1648 908 1940 980 Anglormn
1968 924 2128 979 quam

551 998 754 1059 edidit,
808 999 1055 1052 ultimmu
1105 1000 1414 1070 pontiﬁcem
1475 1000 1889 1055 Cantuariorum
1943 999 2131 1072 ponit;

555 1105 761 1158 suoque
814 1099 1052 1159 tempore
1097 1099 1206 1144 tam
1257 1091 1356 1162 ipsi
1401 1091 1636 1146 Ιιίειοι·ἰτιι
1675 1107 1836 1160 quam
1868 1106 1989 1145 sese
2009 1091 2134 1145 vita:

554 1180 772 1233 modum
814 1180 1014 1249 posuit.
1051 1179 1196 1236 Sane
1234 1181 1487 1251 przel'atus
1518 1182 2014 1237 Christianissimus
2040 1197 2134 1237 rex

551 1268 871 1324 “'ibtredus
895 1279 1023 1323 ante
1048 1270 1161 1325 lure
1186 1271 1456 1326 nonnullis
1477 1273 1634 1326 annis
1654 1272 1794 1326 diem
1820 1288 2138 1343 supremum

551 1360 814 1426 sortitus,
868 1361 1132 1415 Eadlmrto
1186 1362 1426 1418 habenas
1480 1364 1628 1434 regni
1679 1363 1917 1432 reliquit.
1967 1363 2136 1433 Cujus

553 1452 705 1524 regni
734 1469 877 1508 anno
910 1454 1195 1508 undecimo
1227 1455 1506 1511 'l‘atwinus
1532 1456 1644 1523 (l3)
1695 1456 2136 1526 archiepiscopus

557 1544 718 1596 beato
744 1543 849 1598 line
877 1543 1102 1612 quievit,
1133 1555 1328 1614 quarto
1359 1545 1605 1601 videlicet
1647 1562 1792 1602 anno
1821 1563 1928 1616 quo
1959 1547 2130 1601 archi-

555 1637 922 1706 episcopatqu
951 1636 1113 1691 totius
1132 1637 1338 1706 Anglim
1362 1638 1770 1707 gubernanthun
1798 1649 2133 1707 susceperat.

552 1727 723 1794 Quem
753 1726 1068 1784 Nothelmus
1097 1731 1439 1795 subsecutus,
1469 1731 1710 1800 quinque
1745 1732 1904 1789 annis
1933 1731 2133 1789 Christi

2235 538 2396 604 satio,
2427 535 2782 591 mansuetudo
2812 531 2876 586 ad
2906 544 3115 592 omnes,
3151 529 3416 588 humilitas
3446 535 3492 590 in
3516 543 3712 610 omnibus,

2237 631 2362 685 \‘itze
2387 629 2650 700 gravitas,
2681 635 2736 681 et
2765 625 2818 679 in
2847 621 2932 678 bis
2963 619 3198 690 singulis
3222 629 3279 675 et
3301 621 3448 677 simul
3471 623 3517 679 in
3537 631 3715 690 omnibus

2235 722 2492 777 continua
2547 735 2674 775 cum
2727 713 3058 772 discretione
3115 711 3389 769 fortitudo.
3440 715 3642 778 Refertur

2237 811 2524 884 populum';
2554 812 2904 867 consentiunt
2932 821 3130 864 omnes
3155 807 3207 861 in
3255 823 3433 874 unum,
3463 812 3592 867 talem
3615 815 3717 872 tide-

2241 906 2368 961 licet
2416 903 2630 960 Domini
2661 919 2878 958 servum
2919 900 3298 972 dignissimmn
3344 904 3450 957 fore
3491 911 3622 961 tanta
3650 907 3718 963 Ec.

2236 996 2416 1064 clesize
2463 994 2825 1066 sacerdotem.
2876 995 3017 1062 Quid
3069 994 3258 1068 plura?
3303 994 3526 1065 Rapitur,
3563 1007 3607 1053 et
3637 998 3718 1056 licet

2239 1087 2466 1149 multum
2496 1087 2774 1149 obnitens,
2805 1086 3250 1157 grantlzeri'tatem
3282 1100 3483 1155 quoque
3506 1102 3626 1142 suam
3643 1092 3719 1159 qni-

2240 1183 2341 1237 bus
2371 1189 2584 1251 poterat
2612 1180 2900 1235 conatibus
2929 1179 3230 1247 objiciens,
3268 1178 3598 1247 patriarcbatu
3629 1181 3720 1236 (Ian.

2243 1273 2502 1328 tuariensi
2533 1273 2840 1326 inrestitur.
2876 1272 3017 1327 Deus
3043 1273 3094 1325 in
3125 1270 3458 1340 promotione
3487 1271 3620 1340 ipsius
3640 1276 3722 1328 sub-

2241 1367 2354 1423 limi
2412 1367 2576 1422 totius
2620 1364 2749 1420 cleri
2779 1362 3103 1418 conﬂuentis
3133 1375 3264 1416 voce
3297 1360 3524 1430 corporis
3547 1362 3720 1430 acjuliilo

2239 1460 2420 1515 cordis
2444 1457 2805 1514 collaudatur.
2836 1456 2968 1510 Dein
3002 1453 3320 1509 Cantuaria}
3343 1468 3398 1508 tu
3426 1451 3644 1509 Kalendas
3659 1453 3724 1510 0r-

2241 1553 2429 1618 tobris,
2454 1565 2669 1606 summo
2694 1566 2816 1605 cmn
2841 1550 3048 1609 honore
3071 1551 3088 1614 (
3103 1547 3191 1619 ιδ)
3215 1554 3476 1609 sacratus,
3497 1547 3721 1602 cathedram

2241 1643 2604 1715 pontiﬁcalem
2635 1642 2700 1697 ad
2732 1641 3025 1712 regendum
3052 1637 3470 1711 EcclesianrDei
3493 1637 3720 1694 exsultanti-

2240 1736 2342 1790 bus
2366 1735 2579 1790 euuetis
2608 1732 2872 1787 ascendit.

551 1818 847 1875 Ecclesium
896 1821 1150 1875 nobiliter
1196 1823 1356 1877 rexit.
1402 1820 1589 1891 Itaque
1634 1831 1758 1892 post
1806 1824 1944 1889 lucc,
1993 1839 2138 1884 anno
2173 1815 2214 1875 Β
2314 1824 2607 1896 Speculum
2643 1825 2806 1900 igitur
2842 1823 3097 1879 oumibus
3137 1840 3165 1876 a
3219 1824 3332 1880 Det)
3374 1825 3657 1890 constitutus,
3680 1825 3724 1880 ita

551 1911 760 1968 scilicet
822 1913 1220 1977 lucaruationi‘s
1300 1914 1592 1969 Dominicm
1657 1915 2139 1986 septingentesimo

514 2015 518 2018 ·
549 2002 967 2074 quadragesimo
997 2005 1259 2068 secundo,
1299 2003 1506 2060 electus
1541 2013 1626 2060 est
1667 2005 2002 2067 Cuthbertus
2025 2007 2136 2078 (ll)

551 2093 606 2147 in
653 2094 836 2149 sedem
885 2096 1199 2165 pontiﬁcum
1261 2097 1806 2165 pnenomi‘natorum,
1863 2099 2024 2153 homo
2072 2116 2137 2153 ex

550 2183 748 2239 illustri
805 2187 1056 2256 prosapia
1111 2186 1288 2254 gentis
1338 2187 1633 2256 Anglorum
1687 2188 1829 2241 clara
1885 2190 2140 2260 progenie

551 2284 736 2338 ortus,
787 2284 843 2330 et
888 2277 1000 2346 ipse
1050 2287 1192 2330 totus
1227 2293 1294 2331 ex
1350 2278 1641 2332 virtutibus
1688 2280 1882 2334 factus.
1912 2282 1959 2335 ls
2001 2283 2142 2338 inter

552 2365 658 2418 alia
707 2365 884 2431 bona,
915 2367 1112 2433 quibus
1160 2377 1330 2419 totum
1382 2368 1504 2420 ritze
1548 2383 1659 2422 suae
1699 2378 1911 2438 tempus
1957 2387 2140 2426 coram

554 2454 667 2508 Deo
713 2464 767 2508 et
808 2453 1118 2509 bomiuilms
1163 2455 1521 2518 elartlieabat,
1569 2456 1697 2512 fecit
1744 2458 2030 2514 ecclesiam
2086 2461 2138 2514 in

553 2547 808 2600 orientali
841 2557 1004 2616 parte
1035 2547 1256 2617 majoris
1298 2549 1540 2602 ecclesia!
1570 2549 1746 2604 eidem
1798 2566 1935 2619 pene
1964 2554 2137 2607 conti-

555 2650 751 2705 guam;
781 2651 1010 2706 eamque
1047 2637 1098 2692 in
1148 2639 1409 2693 honorem
1454 2639 1594 2693 beati
1633 2639 1860 2696 Joannis
1890 2642 2144 2712 Baptistae

555 2725 873 2780 solenmiter
909 2728 1198 2784 dedicarit.
1250 2729 1403 2786 llane
1442 2731 1730 2787 ecclesiam
1779 2749 1845 2789 eo
1894 2746 2140 2806 respectu

560 2814 882 2881 τειιῑγίυειγίιι,
913 2828 966 2870 ut
1002 2818 1314 2888 baptisteria
1363 2829 1418 2874 et
1454 2821 1887 2879 examinationes
1909 2822 2144 2892 judicio-

557 2922 676 2960 rum
727 2923 824 2977 pro
880 2909 1117 2964 diversis
1169 2910 1352 2966 causis
1406 2913 1848 2982 constitutorum.
1905 2930 2026 2986 qua:
2075 2919 2146 2974 ad

556 3002 948 3054 correctionem
962 2999 1357 3056 sceleratorum
1370 3001 1422 3056 in
1441 3004 1670 3059 ecclesia
1689 3005 1780 3059 Dei
1803 3005 1918 3060 l‘reri
1947 3006 2142 3074 solent,

560 3092 690 3147 inibi
725 3094 1153 3156 celebrarentur,
1183 3105 1238 3149 et
1275 3096 1806 3169 archiepiscoporum
1831 3113 2058 3168 corpora
2089 3101 2141 3156 in

559 3201 624 3238 ea
655 3185 1035 3254 sepelirentur,
1073 3186 1282 3242 sublata
1321 3189 1388 3243 de
1433 3189 1611 3244 medio
1641 3189 1862 3261 antiqua
1911 3207 2142 3248 consuc-
2171 3164 2214 3222 ε

496 3329 504 3336 _
567 3277 774 3339 tudine,
804 3292 909 3343 qua
949 3285 1174 3332 eatenus
1218 3279 1469 3334 tumulari
1502 3280 1748 3336 solebant
1773 3291 1927 3336 extra
1956 3282 2148 3338 civita-

501 3425 505 3429 _
561 3375 678 3420 tem
722 3367 772 3419 in
825 3367 1052 3422 ecclesia
1103 3368 1383 3424 beatorum
1454 3373 1820 3442 apostolorum
1887 3374 2029 3428 Petri
2090 3384 2144 3428 et

563 3456 732 3518 Pauli,
763 3459 848 3511 ubi
876 3461 1047 3528 posita
1070 3471 1205 3516 sunt
1220 3478 1444 3534 corpora
1473 3465 1713 3518 omnium
1738 3473 2142 3528 alll7'08353l'llﬂl

523 3577 525 3579 ι
561 3557 805 3603 suorum.
845 3549 943 3603 llic
981 3551 1210 3608 decurso
1247 3555 1368 3608 vita:
1397 3559 1680 3624 pnesentis
1714 3555 1943 3612 articulo
1977 3573 2146 3628 appo-

563 3645 700 3697 situs
739 3653 827 3698 est
858 3646 934 3699 ad
969 3656 1150 3714 patres
1188 3662 1315 3700 suos
1354 3648 1542 3716 quinto
1582 3649 1792 3703 decimo
1830 3650 2146 3718 praesulatus
2197 3665 2202 3670 '

562 3735 646 3787 sui
691 3749 854 3802 anno,
899 3747 953 3791 et
989 3737 1039 3790 in
1075 3738 1300 3808 przel’ata
1339 3738 1569 3793 ecclesia
1598 3740 1740 3799 beati
1788 3739 2013 3796 Joannis
2047 3743 2144 3798 (ie-

560 3835 746 3881 eerter
769 3828 1031 3899 sepultus.

636 3941 994 4009 Quaerebatur
1022 3958 1152 4014 ergo
1181 3960 1397 3999 summo
1424 3947 1613 4001 studio
1645 3948 1714 4002 ab
1757 3947 1995 4004 Ecclesia
2028 3948 2142 4013 Dei,

564 4031 654 4099 qui
696 4046 800 4086 non
851 4031 1077 4088 inferior
1121 4035 1230 4088 vita
1280 4051 1345 4090 ac
1389 4037 1674 4093 sanctitate
1714 4054 1926 4092 morum
1965 4050 2148 4109 posset

563 4125 615 4178 in
644 4125 820 4180 locum
848 4128 1084 4189 (lc-[uncti
1117 4129 1693 4201 subrogari.'l'euelzat
1718 4149 1779 4186 ea
1826 4142 2146 4203 tempestate

559 4216 648 4282 jus
679 4217 824 4288 regni
857 4219 918 4281 in
955 4220 1146 4276 Cantia
1195 4221 1607 4282 Aithelberhtus
1650 4240 1811 4294 supra
1863 4228 2146 4282 memorati

569 4307 710 4377 regis
741 4308 1039 4380 Wigtbredi
1073 4310 1286 4387 [ﬁlius],
1320 4314 1588 4370 Eadberto
1615 4317 1706 4386 qui
1733 4318 1780 4370 ei
1809 4329 2148 4374 successerat

559 4395 671 4464 jam
735 4399 862 4456 olim
934 4401 1210 4456 defuncto.
1285 4403 1385 4471 Qui
1456 4404 1865 4464 [Ethelberhtus
1928 4410 2145 4464 beatum

2243 1917 2297 1972 in
2330 1919 2534 1976 sanctis
2561 1918 2816 1988 operibus
2842 1916 3020 1973 clarus
3042 1914 3271 1981 eli'ulsit,
3303 1927 3358 1970 ut
3384 1918 3724 1987 quilucissemi-

2244 2019 2352 2064 tam
2384 2011 2632 2065 volebant
2665 2010 2936 2074 incedere,
2978 2009 3032 2063 in
3065 2007 3184 2079 ejus
3233 2010 3342 2063 vita
3382 2026 3486 2080 qua
3522 2009 3724 2082 gmch

2246 2112 2333 2157 tur
2360 2103 2494 2156 satis
2538 2111 2760 2173 possent
2805 2110 2991 2172 aperte
3022 2101 3224 2156 ridere.
3267 2100 3324 2157 Si
3351 2102 3416 2156 de
3442 2103 3724 2157 miraculorum

2243 2195 2608 2258 exhibitione,
2657 2209 2779 2264 qua:
2834 2197 3183 2251 sanctitatem
3237 2195 3581 2250 demonstrare
3618 2195 3725 2266 Ill:ng

2245 2286 2421 2342 solent
2445 2303 2606 2357 quam
2639 2302 2926 2357 generare,
2953 2287 3078 2358 quis
3107 2287 3361 2357 inquirit,
3386 2287 3498 2342 dico
3521 2287 3630 2356 quod
3652 2303 3726 2340 su;-

2247 2380 2337 2433 tio.
2356 2380 2616 2450 Equidem
2644 2388 2824 2432 utrum
2850 2378 3066 2448 aliquod
3089 2378 3400 2448 bujusmodi
3424 2379 3584 2435 fecerit
3603 2394 3728 2444 necte,

2246 2472 2313 2526 ad
2347 2473 2596 2527 notitiam
2630 2488 2804 2527 meam
2830 2470 3006 2526 fateor
3035 2489 3140 2526 non
3165 2471 3279 2526 huc
3310 2487 3472 2542 nspte
3492 2471 3727 2539 pcn‘cuissr.

2245 2560 2398 2627 Quod
2445 2563 2487 2617 si
2538 2563 2757 2624 fecerit,
2790 2575 2852 2616 ea
2897 2571 2991 2618 aut
3030 2562 3371 2636 scriptorum
3403 2561 3558 2632 inopia
3581 2569 3649 2612 aut
3675 2574 3728 2612 re-

2247 2664 2424 2710 tustas
2454 2654 2536 2708 vel
2562 2664 2714 2714 certe
2744 2671 2968 2716 casuum
3001 2654 3348 2714 diversorum
3383 2653 3557 2722 aliquis
3579 2661 3730 2706 creatus

2246 2762 2278 2800 a
2306 2756 2489 2808 nostra
2515 2747 2737 2808 scientia
2773 2748 2913 2802 tulit.
2946 2746 3034 2800 llla
3082 2756 3296 2812 tamen,
3326 2761 3439 2815 qua:
3466 2754 3567 2816 post
3594 2743 3730 2796 obium

2245 2837 2362 2908 ejus
2406 2849 2554 2894 certa
2604 2839 2866 2894 relatione
2908 2838 3270 2912 cognorimus
3320 2839 3452 2898 facta
3496 2837 3554 2890 ad
3588 2851 3730 2889 sacnuu

2245 2947 2448 3002 corpus
2493 2929 2787 3003 ejus,lluce
2836 2931 3038 2986 clarius
3085 2931 3326 2985 itumuut.
3368 2928 3730 3000 quidincorpor:

2247 3023 2450 3095 degens
2483 3023 2663 3080 facere
2689 3034 2898 3094 posset,
2926 3024 2970 3078 si
2998 3040 3121 3079 eum
3151 3025 3299 3078 ratio
3326 3031 3416 3081 aut
3444 3018 3732 3084 nemiusad

2250 3117 2376 3171 talia
2409 3115 2714 3177 exercenda
2761 3114 3125 3187 perduxisset.
3167 3115 3280 3170 Sed
3325 3113 3409 3167 illa
3456 3122 3647 3182 tempora
3669 3108 3734 3161 ﬁde

2247 3206 2450 3261 Christi
2503 3222 2719 3278 quaque
2772 3205 2995 3263 fundata
3038 3223 3144 3259 non
3187 3205 3425 3278 egebant
3463 3204 3603 3275 signis
3625 3204 3734 3256 mira-

2248 3300 2525 3364 culorum;
2571 3315 2710 3374 qnm,
2745 3309 2801 3353 ut
2839 3300 3029 3354 beatus
3071 3299 3375 3370 Gregorius
3403 3299 3494 3359 ait,
3523 3293 3732 3350 inﬁdelium

2248 3398 2375 3445 sunt
2401 3388 2580 3459 potius
2612 3405 2771 3460 quam
2802 3389 3058 3443 ﬁdelium.
3090 3388 3157 3444 Et
3187 3403 3328 3443 rane
3355 3386 3629 3443 miraculum
3652 3382 3735 3437 luris

2248 3480 2672 3547 ostenderetur,
2688 3482 2730 3536 si
2763 3483 2976 3536 deesset
3007 3483 3150 3551 quod
3197 3481 3349 3536 intus
3375 3488 3658 3549 operaretur.
3687 3479 3733 3526 Ac

2249 3585 2309 3631 ut
2350 3576 2741 3647 mihiquidem
2790 3578 2930 3630 ratio
2977 3575 3199 3639 suadet,
3247 3583 3422 3632 ratum
3460 3586 3563 3625 esse
3595 3567 3737 3620 γῑιὲοιιετ

2250 3667 2424 3737 majus
2479 3683 2601 3724 esse
2669 3678 2944 3724 auctorem
3007 3667 3252 3733 omnium
3307 3662 3642 3746 miraculorum
3677 3669 3735 3726 [γε

2251 3761 2570 3820 munditiam
2599 3760 2777 3821 carnis
2795 3772 2849 3817 et
2875 3760 3099 3832 spiritus
3123 3759 3174 3819 in
3202 3774 3265 3814 se
3289 3771 3541 3827 quemque
3563 3749 3736 3807 cmuium‘

2251 3855 2484 3920 habere,
2531 3869 2692 3924 quam
2743 3851 3051 3918 miraculzt,
3078 3867 3200 3920 qua:
3236 3858 3293 3904 et
3336 3847 3560 3918 reprobis
3596 3840 3737 3895 Veritas

2251 3949 2380 4003 dicit
2409 3963 2528 4002 esse
2555 3945 2860 4002 conunuuia
2897 3960 2995 4014 pro
3024 3943 3174 3997 libitu
3207 3941 3481 4002 hominum
3508 3949 3556 3991 et
3576 3929 3736 3992 alarii:-

2254 4043 2398 4094 tione
2426 4040 2702 4095 exhibere.
2743 4037 2850 4091 Pax
2885 4051 3100 4107 quoque
3143 4034 3338 4088 diebus
3373 4031 3453 4086 sui
3485 4026 3737 4099 poutiliratus

2253 4132 2303 4185 in
2337 4141 2448 4185 toto
2477 4145 2641 4200 regno
2682 4128 2915 4198 vigebat,
2950 4141 3049 4180 nec
3100 4126 3356 4179 incursus
3393 4119 3588 4177 hostiles
3609 4109 3738 4178 ηυιιιιίε

2253 4219 2548 4275 tnetuebat.
2577 4221 2756 4275 Donec
2788 4214 2917 4288 ergo
2948 4217 3000 4269 in
3038 4214 3127 4267 Dei
3154 4226 3290 4284 pace
3318 4224 3534 4282 qua-quc
3557 4203 3724 4260 consistc

2252 4313 2402 4376 baut,
2447 4313 2586 4366 Deus
2616 4311 2763 4382 pacis
2795 4309 2845 4363 in
2876 4307 3128 4367 omnibus
3156 4314 3212 4360 ct
3239 4319 3338 4378 per
3374 4300 3544 4356 munia
3568 4290 3740 4351 omnibs

2252 4416 2388 4460 erat.
2436 4405 2632 4460 Beatus
2679 4413 2734 4459 el
2776 4403 2902 4458 felix
2951 4401 3110 4455 Pater
3155 4399 3207 4454 in
3242 4398 3363 4453 istis
3397 4411 3508 4450 cum
3537 4393 3581 4444 iu
3611 4382 3739 4458 ροβυιυ

566 4486 904 4558 Bregwiuum
932 4507 996 4545 ex
1028 4491 1314 4555 sublimate
1338 4497 1508 4550 sancti
1537 4498 1794 4572 propositi
1827 4516 2146 4571 mortuaque
2181 4509 2222 4568 υ
2250 4499 2472 4550 verbum
2494 4497 2614 4550 vine
2635 4495 2972 4566 praedicaret.
2998 4499 3285 4544 Imiusueto
3309 4487 3484 4541 :mimo
3504 4496 3557 4536 ac
3575 4476 3738 4571 modesto

565 4575 707 4633 illius
759 4583 1022 4651 gravitate
1075 4584 1413 4647 notissimum
1462 4586 1689 4653 habens,
1749 4589 1976 4650 contulit
2023 4607 2144 4652 cum

564 4672 632 4725 iis
681 4689 817 4741 quos
870 4675 922 4728 in
974 4675 1238 4734 electione
1280 4677 1514 4747 pastoris
1563 4678 1937 4739 uniuersorum
1994 4691 2150 4739 tenor

560 4767 832 4839 nrrecipue
867 4769 1222 4840 respiciebat,
1248 4771 1482 4825 suadens
1525 4780 1582 4824 ut
1630 4772 1682 4825 in
1735 4787 2020 4829 coummne
2047 4773 2148 4828 \‘iri

562 4857 908 4924 industriam,
943 4869 1146 4921 sanette
1195 4861 1628 4916 conversationis
1670 4878 1942 4926 normam,
1985 4865 2148 4934 empti

558 4947 822 5017 propositi
874 4951 1343 5018 perseverantiam
1392 4951 1824 5016 considermites,
1875 4955 2148 5025 proposita

501 5036 508 5040 ’
563 5037 843 5093 voluntate
875 5040 965 5094 Dei
995 5041 1417 5098 ecclesiasticam
1436 5042 1759 5098 electionem
1793 5045 1930 5099 in'eo
1956 5045 2155 5108 contir-

570 5140 803 5193 marcnt,
844 5131 889 5186 si
924 5132 976 5186 in
1015 5135 1278 5201 regimine
1313 5133 1556 5191 omnitun
1597 5135 1963 5196 Ecclesiarunt
1995 5138 2158 5204 totius

503 5209 506 5212 ’
557 5219 842 5278 Brittania:
863 5239 987 5279 eum
1031 5225 1281 5283 ideiieum
1303 5227 1557 5284 concordi
1587 5229 2154 5301 assensujudicareut.

637 5362 754 5424 (l5)
794 5361 1075 5420 Tatwinus
1122 5366 1377 5420 thronum
1419 5365 1670 5421 ascendit.
1715 5380 1860 5420 anno
1899 5366 1994 5420 751
2036 5381 2153 5420 me-

565 5433 701 5507 dio;
733 5436 1120 5507 excessitgpost
1147 5437 1384 5491 medium
1413 5451 1613 5490 annum
1645 5435 1772 5507 7,54.
1811 5435 2159 5507 Wigbtredrs

567 5503 703 5576 obiit
735 5518 877 5576 anno
907 5505 1036 5571 7‘25,
1059 5506 1211 5576 juxta
1244 5507 1355 5560 chrt
1378 5507 1647 5576 nologiam
1667 5503 2014 5576 Sasonicam.
2034 5507 2159 5561 'l'at-

561 5574 741 5644 winus
771 5574 934 5644 igitur
960 5574 1105 5630 anno
1133 5576 1344 5630 decimo
1373 5574 1624 5632 Eadberti
1652 5576 1832 5630 Vitam
1853 5575 2046 5631 finivit.

635 5643 752 5716 (Η)
798 5643 886 5716 De
956 5644 1242 5701 Cuthberti
1313 5647 1656 5716 successione
1713 5646 1835 5716 ride
1898 5646 2158 5716 disserta-

566 5713 770 5796 tionern
813 5715 881 5772 de
925 5731 1054 5773 vera
1098 5713 1443 5791 successione
1493 5715 1884 5788 archiepiscopi
1915 5714 2155 5781 Coinua-

567 5798 789 5845 I‘tensts.

2251 4589 2598 4652 audiebatur;
2637 4564 2710 4644 et
2761 4600 2882 4655 quae
2933 4583 3048 4638 fieri
3103 4583 3154 4636 iu
3202 4572 3633 4635 exhortationibus
3669 4564 3742 4618 ςιΞὲ

2255 4679 2620 4754 praecipiebat,
2650 4677 2860 4751 placido
2882 4674 3078 4730 effecto
3102 4671 3571 4744 prosequebantur.
3588 4660 3640 4716 l'ft
3657 4655 3740 4711 liciti

2256 4787 2383 4829 vera
2416 4779 2510 4834 aut
2535 4776 2935 4828 succresceret,
2967 4775 3059 4819 aut
3089 4763 3354 4818 vacillans
3382 4759 3533 4814 robur
3553 4761 3741 4834 staturae

2258 4831 2557 4931 reciperet,
2588 4858 2698 4914 sola
2742 4873 2842 4912 vos
2889 4855 3069 4910 Patris
3097 4852 3293 4907 vallata
3330 4851 3626 4904 incremento
3650 4831 3742 4931 qui“

2260 4927 2448 5007 tribuit
2477 4951 2738 5013 Dominus
2765 4946 3094 5012 sufficiebat,
3115 4960 3214 5000 nec
3257 4943 3325 4998 ad
3355 4957 3470 4997 eam
3501 4927 3741 5007 probandam

2261 5043 2582 5099 miraculum
2638 5039 2852 5110 aliquod
2887 5038 3012 5109 quis
3061 5035 3336 5108 exigebat.
3381 5030 3482 5086 Sed
3521 5029 3616 5080 brec
3649 5018 3740 5071 δοίη

2263 5152 2368 5190 non
2403 5135 2583 5194 nudto
2614 5143 2856 5202 tempore
2885 5136 3320 5212 [mrtuanseruntu
3354 5121 3560 5180 Sublato
3584 5122 3742 5212 ιιξιξηιξξ

2262 5229 2313 5284 in
2355 5229 2502 5284 brevi
2551 5228 2617 5282 de
2664 5211 2764 5282 hac
2808 5206 2914 5279 vita
2967 5225 3126 5278 beato
3168 5220 3306 5284 viro,
3349 5215 3495 5284 cujus
3530 5206 3741 5265 moritur:

2333 5363 2450 5432 (l5)
2488 5360 2689 5418 Eodem
2737 5357 2983 5436 die_ann_i
3013 5355 3150 5436 '159._
3179 5345 3744 5436 Βςθεξίίιιψιξξιξυξίξξξ

2262 5417 2377 5490 eum
2404 5417 2525 5494 esse
2558 5433 2717 5488 tidem
2752 5429 2880 5484 facit
2928 5417 3591 5494 chronologia'Sa‘xouira;
3615 5417 3655 5462 ει
3678 5417 3728 5494 ἐς

2409 5480 2836 5578 ﬂeatfleat;
2864 5480 3099 5578 positum
3130 5480 3744 5578 apiriam-fies

2194 5603 2202 5606 -
2263 5549 3283 5631 Ξὲἱὶἱὲι’ἓὲἶῦἀῖιιείιῖἑξιὶιῖῗῆδὶιὶιιοίάίι.
3334 5561 3421 5615 Illa
3468 5556 3607 5624 igitur
3636 5549 3742 5631 gulf

2264 5614 2926 5705 "Dominicis,
2961 5638 3054 5694 sed
3080 5638 3241 5692 etiam
3257 5635 3324 5705 in
3343 5636 3619 5687 sanctomm
3642 5614 3744 5670 [εειιδ

2263 5715 2712 5785 consecrationes
2735 5704 3023 5784 celebrata
3049 5707 3210 5764 fuisse
3241 5704 3502 5760 videntur.
