  <div class='ocr_page' id='page_1' title='image "/cluster/home/n/w/nwhite01/storage/ocr_20150623/159/hvd.32044024236648/386.png"; bbox 0 0 3870 6304; ppageno 0'>
   <div class='ocr_carea' id='block_1_1' title="bbox 151 371 241 424">
    <p class='ocr_par' dir='ltr' id='par_1_1' title="bbox 151 371 241 424">
     <span class='ocr_line' id='line_1_1' title="bbox 151 371 241 424; baseline 0 0"><span class='ocrx_word' id='word_1_1' title='bbox 151 371 241 424; x_wconf 73' lang='lat' dir='ltr'><strong>&#39;rii&#39;l</strong></span> 
     </span>
    </p>
   </div>
   <div class='ocr_carea' id='block_1_2' title="bbox 1400 352 2044 414">
    <p class='ocr_par' dir='ltr' id='par_1_2' title="bbox 1400 352 2044 414">
     <span class='ocr_line' id='line_1_2' title="bbox 1400 352 2044 414; baseline -0.003 0"><span class='ocrx_word' id='word_1_2' title='bbox 1400 358 1558 414; x_wconf 68' lang='lat' dir='ltr'><strong>VITA</strong></span> <span class='ocrx_word' id='word_1_3' title='bbox 1583 352 1643 412; x_wconf 72' lang='grc' dir='ltr'><strong>Β.</strong></span> <span class='ocrx_word' id='word_1_4' title='bbox 1677 355 2044 413; x_wconf 65' lang='lat' dir='ltr'><strong>BRECW‘iNi:</strong></span> 
     </span>
    </p>
   </div>
   <div class='ocr_carea' id='block_1_3' title="bbox 3279 353 3406 405">
    <p class='ocr_par' dir='ltr' id='par_1_3' title="bbox 3279 353 3406 405">
     <span class='ocr_line' id='line_1_3' title="bbox 3279 353 3406 405; baseline -0.016 0"><span class='ocrx_word' id='word_1_5' title='bbox 3279 353 3406 405; x_wconf 68' lang='lat'><strong>733-</strong></span> 
     </span>
    </p>
   </div>
   <div class='ocr_carea' id='block_1_4' title="bbox 153 468 3383 557">
    <p class='ocr_par' dir='ltr' id='par_1_4' title="bbox 153 468 3383 557">
     <span class='ocr_line' id='line_1_4' title="bbox 153 468 3383 557; baseline -0.006 -20"><span class='ocrx_word' id='word_1_6' title='bbox 153 486 506 557; x_wconf 76' lang='lat' dir='ltr'><strong>provenrrunt,</strong></span> <span class='ocrx_word' id='word_1_7' title='bbox 534 476 764 532; x_wconf 72' lang='lat' dir='ltr'><strong>evolutis</strong></span> <span class='ocrx_word' id='word_1_8' title='bbox 797 474 1040 547; x_wconf 75' lang='lat' dir='ltr'><strong>pauculis</strong></span> <span class='ocrx_word' id='word_1_9' title='bbox 1066 474 1224 528; x_wconf 89' lang='lat' dir='ltr'><strong>annis</strong></span> <span class='ocrx_word' id='word_1_10' title='bbox 1253 482 1308 528; x_wconf 90' lang='lat' dir='ltr'><strong>et</strong></span> <span class='ocrx_word' id='word_1_11' title='bbox 1336 473 1448 545; x_wconf 91' lang='lat' dir='ltr'><strong>ipsa</strong></span> <span class='ocrx_word' id='word_1_12' title='bbox 1483 475 1693 529; x_wconf 83' lang='lat' dir='ltr'><strong>sublata</strong></span> <span class='ocrx_word' id='word_1_13' title='bbox 1723 479 1766 536; x_wconf 73' lang='grc' dir='ltr'>Α</span> <span class='ocrx_word' id='word_1_14' title='bbox 1800 472 1884 526; x_wconf 88' lang='lat' dir='ltr'><strong>vel</strong></span> <span class='ocrx_word' id='word_1_15' title='bbox 1919 481 2120 542; x_wconf 88' lang='lat' dir='ltr'><strong>quanta</strong></span> <span class='ocrx_word' id='word_1_16' title='bbox 2164 472 2362 526; x_wconf 76' lang='lat' dir='ltr'><strong>danma</strong></span> <span class='ocrx_word' id='word_1_17' title='bbox 2395 471 2544 526; x_wconf 87' lang='lat' dir='ltr'><strong>locus</strong></span> <span class='ocrx_word' id='word_1_18' title='bbox 2589 471 2701 540; x_wconf 78' lang='lat' dir='ltr'><strong>ipse</strong></span> <span class='ocrx_word' id='word_1_19' title='bbox 2748 480 3040 539; x_wconf 79' lang='lat' dir='ltr'><strong>perpessus</strong></span> <span class='ocrx_word' id='word_1_20' title='bbox 3089 468 3178 530; x_wconf 62' lang='lat' dir='ltr'><strong>aii,</strong></span> <span class='ocrx_word' id='word_1_21' title='bbox 3208 469 3383 522; x_wconf 80' lang='lat' dir='ltr'><strong>nullus</strong></span> 
     </span>
    </p>
   </div>
   <div class='ocr_carea' id='block_1_5' title="bbox 160 582 287 629">
    <p class='ocr_par' dir='ltr' id='par_1_5' title="bbox 160 582 287 629">
     <span class='ocr_line' id='line_1_5' title="bbox 160 582 287 629; baseline -0.008 0"><span class='ocrx_word' id='word_1_22' title='bbox 160 582 287 629; x_wconf 88' lang='lat' dir='ltr'><strong>sunt.</strong></span> 
     </span>
    </p>
   </div>
   <div class='ocr_carea' id='block_1_6' title="bbox 220 655 1707 728">
    <p class='ocr_par' dir='ltr' id='par_1_6' title="bbox 220 655 1707 728">
     <span class='ocr_line' id='line_1_6' title="bbox 220 655 1707 728; baseline -0.004 -11"><span class='ocrx_word' id='word_1_23' title='bbox 220 661 398 717; x_wconf 82' lang='lat' dir='ltr'><strong>Tribus</strong></span> <span class='ocrx_word' id='word_1_24' title='bbox 437 657 703 728; x_wconf 81' lang='lat' dir='ltr'><strong>siquidem</strong></span> <span class='ocrx_word' id='word_1_25' title='bbox 747 656 906 713; x_wconf 88' lang='lat' dir='ltr'><strong>annis</strong></span> <span class='ocrx_word' id='word_1_26' title='bbox 953 657 1088 711; x_wconf 86' lang='lat' dir='ltr'><strong>vixit</strong></span> <span class='ocrx_word' id='word_1_27' title='bbox 1119 656 1172 710; x_wconf 90' lang='lat' dir='ltr'><strong>in</strong></span> <span class='ocrx_word' id='word_1_28' title='bbox 1221 655 1568 726; x_wconf 77' lang='lat' dir='ltr'><strong>potitilicatu,</strong></span> <span class='ocrx_word' id='word_1_29' title='bbox 1599 657 1707 711; x_wconf 86' lang='lat' dir='ltr'><strong>Deo</strong></span> 
     </span>
    </p>
   </div>
   <div class='ocr_carea' id='block_1_7' title="bbox 159 745 1708 823">
    <p class='ocr_par' dir='ltr' id='par_1_7' title="bbox 159 745 1708 823">
     <span class='ocr_line' id='line_1_7' title="bbox 159 745 1708 823; baseline -0.005 -16"><span class='ocrx_word' id='word_1_30' title='bbox 159 769 241 823; x_wconf 87' lang='lat' dir='ltr'><strong>per</strong></span> <span class='ocrx_word' id='word_1_31' title='bbox 257 750 423 805; x_wconf 82' lang='lat' dir='ltr'><strong>omnia</strong></span> <span class='ocrx_word' id='word_1_32' title='bbox 453 750 666 818; x_wconf 88' lang='lat' dir='ltr'><strong>plenus,</strong></span> <span class='ocrx_word' id='word_1_33' title='bbox 700 757 753 803; x_wconf 87' lang='lat' dir='ltr'><strong>et</strong></span> <span class='ocrx_word' id='word_1_34' title='bbox 778 748 1047 802; x_wconf 79' lang='lat' dir='ltr'><strong>universis</strong></span> <span class='ocrx_word' id='word_1_35' title='bbox 1072 747 1355 801; x_wconf 67' lang='lat' dir='ltr'><strong>virtutibus</strong></span> <span class='ocrx_word' id='word_1_36' title='bbox 1383 745 1708 801; x_wconf 80' lang='lat' dir='ltr'><strong>indeficieati</strong></span> 
     </span>
    </p>
   </div>
   <div class='ocr_carea' id='block_1_8' title="bbox 161 833 1711 921">
    <p class='ocr_par' dir='ltr' id='par_1_8' title="bbox 161 833 1711 921">
     <span class='ocr_line' id='line_1_8' title="bbox 161 833 1711 921; baseline -0.006 -23"><span class='ocrx_word' id='word_1_37' title='bbox 161 840 437 921; x_wconf 70' lang='lat' dir='ltr'><strong>constantia</strong></span> <span class='ocrx_word' id='word_1_38' title='bbox 471 837 752 908; x_wconf 71' lang='lat' dir='ltr'><strong>praeditus.</strong></span> <span class='ocrx_word' id='word_1_39' title='bbox 780 837 940 890; x_wconf 81' lang='lat' dir='ltr'><strong>Anno</strong></span> <span class='ocrx_word' id='word_1_40' title='bbox 960 845 1139 890; x_wconf 89' lang='lat' dir='ltr'><strong>autem</strong></span> <span class='ocrx_word' id='word_1_41' title='bbox 1171 835 1574 905; x_wconf 86' lang='lat' dir='ltr'><strong>patriarchatus</strong></span> <span class='ocrx_word' id='word_1_42' title='bbox 1595 833 1711 902; x_wconf 81' lang='lat' dir='ltr'><strong>ejus</strong></span> 
     </span>
    </p>
   </div>
   <div class='ocr_carea' id='block_1_9' title="bbox 159 924 1710 994">
    <p class='ocr_par' dir='ltr' id='par_1_9' title="bbox 159 924 1710 994">
     <span class='ocr_line' id='line_1_9' title="bbox 159 924 1710 994; baseline -0.004 -9"><span class='ocrx_word' id='word_1_43' title='bbox 159 928 372 985; x_wconf 81' lang='lat' dir='ltr'><strong>secundo</strong></span> <span class='ocrx_word' id='word_1_44' title='bbox 399 925 808 981; x_wconf 60' lang='lat' dir='ltr'><strong>Ethelherthas</strong></span> <span class='ocrx_word' id='word_1_45' title='bbox 851 924 969 994; x_wconf 79' lang='grc'><strong>(16)</strong></span> <span class='ocrx_word' id='word_1_46' title='bbox 1003 940 1118 988; x_wconf 84' lang='lat' dir='ltr'><strong>rex,</strong></span> <span class='ocrx_word' id='word_1_47' title='bbox 1157 925 1326 987; x_wconf 87' lang='lat' dir='ltr'><strong>filius,</strong></span> <span class='ocrx_word' id='word_1_48' title='bbox 1373 935 1432 977; x_wconf 88' lang='lat' dir='ltr'><strong>ut</strong></span> <span class='ocrx_word' id='word_1_49' title='bbox 1457 924 1710 989; x_wconf 79' lang='lat' dir='ltr'><strong>diximus,</strong></span> 
     </span>
    </p>
   </div>
   <div class='ocr_carea' id='block_1_10' title="bbox 162 1011 1710 1085">
    <p class='ocr_par' dir='ltr' id='par_1_10' title="bbox 162 1011 1710 1085">
     <span class='ocr_line' id='line_1_10' title="bbox 162 1011 1710 1085; baseline -0.007 -10"><span class='ocrx_word' id='word_1_50' title='bbox 162 1014 496 1075; x_wconf 76' lang='lat' dir='ltr'><strong>strenuissimi</strong></span> <span class='ocrx_word' id='word_1_51' title='bbox 528 1013 706 1085; x_wconf 77' lang='lat' dir='ltr'><strong>&#39;regis</strong></span> <span class='ocrx_word' id='word_1_52' title='bbox 731 1012 1020 1078; x_wconf 82' lang='lat' dir='ltr'><strong>Wihtredi,</strong></span> <span class='ocrx_word' id='word_1_53' title='bbox 1045 1011 1186 1072; x_wconf 63' lang='lat' dir='ltr'><strong>diem</strong></span> <span class='ocrx_word' id='word_1_54' title='bbox 1223 1011 1471 1077; x_wconf 76' lang='lat' dir='ltr'><strong>ultimum</strong></span> <span class='ocrx_word' id='word_1_55' title='bbox 1499 1011 1710 1065; x_wconf 77' lang='lat' dir='ltr'><strong>clausit.</strong></span> 
     </span>
    </p>
   </div>
   <div class='ocr_carea' id='block_1_11' title="bbox 159 1101 1713 1174">
    <p class='ocr_par' dir='ltr' id='par_1_11' title="bbox 159 1101 1713 1174">
     <span class='ocr_line' id='line_1_11' title="bbox 159 1101 1713 1174; baseline -0.006 -9"><span class='ocrx_word' id='word_1_56' title='bbox 159 1113 455 1165; x_wconf 78' lang='lat' dir='ltr'><strong>Annovero</strong></span> <span class='ocrx_word' id='word_1_57' title='bbox 493 1114 616 1174; x_wconf 86' lang='lat' dir='ltr'><strong>post</strong></span> <span class='ocrx_word' id='word_1_58' title='bbox 661 1105 803 1159; x_wconf 89' lang='lat' dir='ltr'><strong>hunc</strong></span> <span class='ocrx_word' id='word_1_59' title='bbox 837 1102 939 1159; x_wconf 78' lang='lat' dir='ltr'><strong>fuit</strong></span> <span class='ocrx_word' id='word_1_60' title='bbox 968 1103 1296 1158; x_wconf 68' lang='lat' dir='ltr'><strong>validisima</strong></span> <span class='ocrx_word' id='word_1_61' title='bbox 1329 1102 1521 1165; x_wconf 81' lang='lat' dir='ltr'><strong>hiems,</strong></span> <span class='ocrx_word' id='word_1_62' title='bbox 1549 1101 1713 1155; x_wconf 87' lang='lat' dir='ltr'><strong>nimia</strong></span> 
     </span>
    </p>
   </div>
   <div class='ocr_carea' id='block_1_12' title="bbox 162 1191 1714 1266">
    <p class='ocr_par' dir='ltr' id='par_1_12' title="bbox 162 1191 1714 1266">
     <span class='ocr_line' id='line_1_12' title="bbox 162 1191 1714 1266; baseline -0.005 -14"><span class='ocrx_word' id='word_1_63' title='bbox 162 1195 352 1266; x_wconf 79' lang='lat' dir='ltr'><strong>frigoris</strong></span> <span class='ocrx_word' id='word_1_64' title='bbox 398 1194 696 1248; x_wconf 90' lang='lat' dir='ltr'><strong>acerbitate</strong></span> <span class='ocrx_word' id='word_1_65' title='bbox 747 1202 942 1248; x_wconf 86' lang='lat' dir='ltr'><strong>cuncta</strong></span> <span class='ocrx_word' id='word_1_66' title='bbox 968 1249 970 1252; x_wconf 63' lang='grc'>,</span> <span class='ocrx_word' id='word_1_67' title='bbox 1001 1192 1406 1260; x_wconf 75' lang='lat' dir='ltr'><strong>constringens,</strong></span> <span class='ocrx_word' id='word_1_68' title='bbox 1440 1191 1714 1254; x_wconf 78' lang='lat' dir='ltr'><strong>animalia</strong></span> 
     </span>
    </p>
   </div>
   <div class='ocr_carea' id='block_1_13' title="bbox 159 1282 1718 1354">
    <p class='ocr_par' dir='ltr' id='par_1_13' title="bbox 159 1282 1718 1354">
     <span class='ocr_line' id='line_1_13' title="bbox 159 1282 1718 1354; baseline -0.004 -14"><span class='ocrx_word' id='word_1_69' title='bbox 159 1286 330 1342; x_wconf 71' lang='lat' dir='ltr'><strong>diversi</strong></span> <span class='ocrx_word' id='word_1_70' title='bbox 356 1283 572 1354; x_wconf 79' lang='lat' dir='ltr'><strong>generis</strong></span> <span class='ocrx_word' id='word_1_71' title='bbox 592 1293 648 1337; x_wconf 86' lang='lat' dir='ltr'><strong>et</strong></span> <span class='ocrx_word' id='word_1_72' title='bbox 671 1283 872 1342; x_wconf 82' lang='lat' dir='ltr'><strong>nivium</strong></span> <span class='ocrx_word' id='word_1_73' title='bbox 892 1282 1163 1341; x_wconf 75' lang='lat' dir='ltr'><strong>densitate</strong></span> <span class='ocrx_word' id='word_1_74' title='bbox 1185 1293 1240 1336; x_wconf 89' lang='lat' dir='ltr'><strong>et</strong></span> <span class='ocrx_word' id='word_1_75' title='bbox 1263 1282 1485 1335; x_wconf 82' lang='lat' dir='ltr'><strong>inunani</strong></span> <span class='ocrx_word' id='word_1_76' title='bbox 1515 1283 1718 1336; x_wconf 70' lang='lat' dir='ltr'><strong>brutum</strong></span> 
     </span>
    </p>
   </div>
   <div class='ocr_carea' id='block_1_14' title="bbox 158 1370 1715 1447">
    <p class='ocr_par' dir='ltr' id='par_1_14' title="bbox 158 1370 1715 1447">
     <span class='ocr_line' id='line_1_14' title="bbox 158 1370 1715 1447; baseline -0.004 -16"><span class='ocrx_word' id='word_1_77' title='bbox 158 1377 426 1447; x_wconf 74' lang='lat' dir='ltr'><strong>asperitate</strong></span> <span class='ocrx_word' id='word_1_78' title='bbox 481 1376 855 1444; x_wconf 66' lang='lat' dir='ltr'><strong>extinguens.</strong></span> <span class='ocrx_word' id='word_1_79' title='bbox 910 1372 1108 1428; x_wconf 67' lang='lat' dir='ltr'><strong>Verum</strong></span> <span class='ocrx_word' id='word_1_80' title='bbox 1165 1389 1313 1436; x_wconf 90' lang='lat' dir='ltr'><strong>cum,</strong></span> <span class='ocrx_word' id='word_1_81' title='bbox 1363 1370 1518 1439; x_wconf 90' lang='lat' dir='ltr'><strong>juxta</strong></span> <span class='ocrx_word' id='word_1_82' title='bbox 1555 1372 1715 1425; x_wconf 89' lang='lat' dir='ltr'><strong>verba</strong></span> 
     </span>
    </p>
   </div>
   <div class='ocr_carea' id='block_1_15' title="bbox 158 1461 1716 1532">
    <p class='ocr_par' dir='ltr' id='par_1_15' title="bbox 158 1461 1716 1532">
     <span class='ocr_line' id='line_1_15' title="bbox 158 1461 1716 1532; baseline -0.004 -10"><span class='ocrx_word' id='word_1_83' title='bbox 158 1471 256 1525; x_wconf 81' lang='lat' dir='ltr'><strong>veri</strong></span> <span class='ocrx_word' id='word_1_84' title='bbox 301 1466 608 1526; x_wconf 72' lang='lat' dir='ltr'><strong>Salomonis</strong></span> <span class='ocrx_word' id='word_1_85' title='bbox 663 1467 716 1527; x_wconf 86' lang='lat' dir='ltr'><strong>in</strong></span> <span class='ocrx_word' id='word_1_86' title='bbox 768 1465 1001 1520; x_wconf 89' lang='lat' dir='ltr'><strong>Cantico</strong></span> <span class='ocrx_word' id='word_1_87' title='bbox 1049 1465 1384 1519; x_wconf 81' lang='lat' dir='ltr'><strong>canticorum</strong></span> <span class='ocrx_word' id='word_1_88' title='bbox 1427 1461 1716 1532; x_wconf 80' lang='lat' dir='ltr'><strong>loquentis,</strong></span> 
     </span>
    </p>
   </div>
   <div class='ocr_carea' id='block_1_16' title="bbox 160 1553 1719 1626">
    <p class='ocr_par' dir='ltr' id='par_1_16' title="bbox 160 1553 1719 1626">
     <span class='ocr_line' id='line_1_16' title="bbox 160 1553 1719 1626; baseline -0.006 -10"><span class='ocrx_word' id='word_1_89' title='bbox 160 1563 313 1616; x_wconf 69' lang='lat' dir='ltr'><strong>h&#39;ems</strong></span> <span class='ocrx_word' id='word_1_90' title='bbox 339 1558 648 1622; x_wconf 68' lang='lat' dir='ltr'><strong>tenuisset,</strong></span> <span class='ocrx_word' id='word_1_91' title='bbox 681 1557 854 1614; x_wconf 46' lang='lat' dir='ltr'><strong>iml‘er</strong></span> <span class='ocrx_word' id='word_1_92' title='bbox 884 1557 1088 1613; x_wconf 86' lang='lat' dir='ltr'><strong>abisset</strong></span> <span class='ocrx_word' id='word_1_93' title='bbox 1117 1565 1174 1610; x_wconf 92' lang='lat' dir='ltr'><strong>ct</strong></span> <span class='ocrx_word' id='word_1_94' title='bbox 1206 1555 1519 1611; x_wconf 78' lang='lat' dir='ltr'><strong>recessisset</strong></span> <span class='ocrx_word' id='word_1_95' title='bbox 1543 1553 1719 1626; x_wconf 81' lang='lat' dir='ltr'><strong>(Cant.</strong></span> 
     </span>
    </p>
   </div>
   <div class='ocr_carea' id='block_1_17' title="bbox 159 1643 1720 1717">
    <p class='ocr_par' dir='ltr' id='par_1_17' title="bbox 159 1643 1720 1717">
     <span class='ocr_line' id='line_1_17' title="bbox 159 1643 1720 1717; baseline -0.004 -13"><span class='ocrx_word' id='word_1_96' title='bbox 159 1651 336 1717; x_wconf 64' lang='lat' dir='ltr'><strong>tuli).</strong></span> <span class='ocrx_word' id='word_1_97' title='bbox 364 1648 526 1703; x_wconf 84' lang='lat' dir='ltr'><strong>flores</strong></span> <span class='ocrx_word' id='word_1_98' title='bbox 569 1645 834 1703; x_wconf 90' lang='lat' dir='ltr'><strong>Dominici</strong></span> <span class='ocrx_word' id='word_1_99' title='bbox 869 1655 1255 1716; x_wconf 87' lang='lat' dir='ltr'><strong>apparuerunt.</strong></span> <span class='ocrx_word' id='word_1_100' title='bbox 1285 1644 1438 1700; x_wconf 85' lang='lat' dir='ltr'><strong>Unde</strong></span> <span class='ocrx_word' id='word_1_101' title='bbox 1481 1652 1539 1699; x_wconf 89' lang='lat' dir='ltr'><strong>et</strong></span> <span class='ocrx_word' id='word_1_102' title='bbox 1564 1643 1720 1698; x_wconf 85' lang='lat' dir='ltr'><strong>vinea</strong></span> 
     </span>
    </p>
   </div>
   <div class='ocr_carea' id='block_1_18' title="bbox 160 1734 1719 1799">
    <p class='ocr_par' dir='ltr' id='par_1_18' title="bbox 160 1734 1719 1799">
     <span class='ocr_line' id='line_1_18' title="bbox 160 1734 1719 1799; baseline -0.006 -2"><span class='ocrx_word' id='word_1_103' title='bbox 160 1742 349 1799; x_wconf 69' lang='lat' dir='ltr'><strong>femini</strong></span> <span class='ocrx_word' id='word_1_104' title='bbox 387 1739 629 1796; x_wconf 76' lang='lat' dir='ltr'><strong>Sabaoth</strong></span> <span class='ocrx_word' id='word_1_105' title='bbox 665 1739 972 1794; x_wconf 86' lang='lat' dir='ltr'><strong>suavissimi</strong></span> <span class='ocrx_word' id='word_1_106' title='bbox 999 1737 1188 1791; x_wconf 86' lang='lat' dir='ltr'><strong>odoris</strong></span> <span class='ocrx_word' id='word_1_107' title='bbox 1229 1737 1412 1788; x_wconf 80' lang='lat' dir='ltr'><strong>florem</strong></span> <span class='ocrx_word' id='word_1_108' title='bbox 1443 1734 1719 1799; x_wconf 89' lang='lat' dir='ltr'><strong>emittcns,</strong></span> 
     </span>
    </p>
   </div>
   <div class='ocr_carea' id='block_1_19' title="bbox 145 639 158 680">
    <p class='ocr_par' dir='ltr' id='par_1_19' title="bbox 145 639 158 680">
     <span class='ocr_line' id='line_1_19' title="bbox 145 639 158 680; baseline 0 0"><span class='ocrx_word' id='word_1_109' title='bbox 145 639 158 680; x_wconf 57' lang='grc' dir='ltr'>ἒ</span> 
     </span>
    </p>
   </div>
   <div class='ocr_carea' id='block_1_20' title="bbox 1809 555 3386 632">
    <p class='ocr_par' dir='ltr' id='par_1_20' title="bbox 1809 555 3386 632">
     <span class='ocr_line' id='line_1_20' title="bbox 1809 555 3386 632; baseline -0.004 -12"><span class='ocrx_word' id='word_1_110' title='bbox 1809 563 2085 620; x_wconf 75' lang='lat' dir='ltr'><strong>hominum</strong></span> <span class='ocrx_word' id='word_1_111' title='bbox 2137 564 2346 618; x_wconf 89' lang='lat' dir='ltr'><strong>edicere</strong></span> <span class='ocrx_word' id='word_1_112' title='bbox 2398 572 2590 632; x_wconf 84' lang='lat' dir='ltr'><strong>potest.</strong></span> <span class='ocrx_word' id='word_1_113' title='bbox 2651 563 2718 620; x_wconf 89' lang='lat' dir='ltr'><strong>Ut</strong></span> <span class='ocrx_word' id='word_1_114' title='bbox 2754 573 2938 619; x_wconf 88' lang='lat' dir='ltr'><strong>tamen</strong></span> <span class='ocrx_word' id='word_1_115' title='bbox 2976 555 3224 630; x_wconf 67' lang='lat' dir='ltr'><strong>quzedam‘</strong></span> <span class='ocrx_word' id='word_1_116' title='bbox 3261 559 3386 614; x_wconf 89' lang='lat' dir='ltr'><strong>inde</strong></span> 
     </span>
    </p>
   </div>
   <div class='ocr_carea' id='block_1_21' title="bbox 1810 651 3388 726">
    <p class='ocr_par' dir='ltr' id='par_1_21' title="bbox 1810 651 3388 726">
     <span class='ocr_line' id='line_1_21' title="bbox 1810 651 3388 726; baseline -0.003 -16"><span class='ocrx_word' id='word_1_117' title='bbox 1810 665 2112 726; x_wconf 86' lang='lat' dir='ltr'><strong>tangamus,</strong></span> <span class='ocrx_word' id='word_1_118' title='bbox 2148 654 2406 724; x_wconf 83' lang='lat' dir='ltr'><strong>quidquid</strong></span> <span class='ocrx_word' id='word_1_119' title='bbox 2441 655 2492 709; x_wconf 90' lang='lat' dir='ltr'><strong>in</strong></span> <span class='ocrx_word' id='word_1_120' title='bbox 2526 671 2680 722; x_wconf 89' lang='lat' dir='ltr'><strong>auro,</strong></span> <span class='ocrx_word' id='word_1_121' title='bbox 2710 654 2762 709; x_wconf 90' lang='lat' dir='ltr'><strong>in</strong></span> <span class='ocrx_word' id='word_1_122' title='bbox 2805 661 3048 724; x_wconf 88' lang='lat' dir='ltr'><strong>argento,</strong></span> <span class='ocrx_word' id='word_1_123' title='bbox 3081 651 3134 706; x_wconf 91' lang='lat' dir='ltr'><strong>in</strong></span> <span class='ocrx_word' id='word_1_124' title='bbox 3158 651 3388 711; x_wconf 85' lang='lat' dir='ltr'><strong>diversis</strong></span> 
     </span>
    </p>
   </div>
   <div class='ocr_carea' id='block_1_22' title="bbox 1810 740 3388 815">
    <p class='ocr_par' dir='ltr' id='par_1_22' title="bbox 1810 740 3388 815">
     <span class='ocr_line' id='line_1_22' title="bbox 1810 740 3388 815; baseline -0.004 -15"><span class='ocrx_word' id='word_1_125' title='bbox 1810 747 2038 800; x_wconf 87' lang='lat' dir='ltr'><strong>aliarum</strong></span> <span class='ocrx_word' id='word_1_126' title='bbox 2068 746 2373 815; x_wconf 88' lang='lat' dir='ltr'><strong>specierum</strong></span> <span class='ocrx_word' id='word_1_127' title='bbox 2403 745 2757 808; x_wconf 84' lang='lat' dir='ltr'><strong>ornamentis.</strong></span> <span class='ocrx_word' id='word_1_128' title='bbox 2787 745 2839 799; x_wconf 92' lang='lat' dir='ltr'><strong>in</strong></span> <span class='ocrx_word' id='word_1_129' title='bbox 2869 743 3062 798; x_wconf 85' lang='lat' dir='ltr'><strong>divinis</strong></span> <span class='ocrx_word' id='word_1_130' title='bbox 3083 758 3147 798; x_wconf 91' lang='lat' dir='ltr'><strong>ac</strong></span> <span class='ocrx_word' id='word_1_131' title='bbox 3168 740 3388 796; x_wconf 66' lang='lat' dir='ltr'><strong>saecula-</strong></span> 
     </span>
    </p>
   </div>
   <div class='ocr_carea' id='block_1_23' title="bbox 1813 835 3390 906">
    <p class='ocr_par' dir='ltr' id='par_1_23' title="bbox 1813 835 3390 906">
     <span class='ocr_line' id='line_1_23' title="bbox 1813 835 3390 906; baseline -0.002 -15"><span class='ocrx_word' id='word_1_132' title='bbox 1813 838 1962 892; x_wconf 90' lang='lat' dir='ltr'><strong>ribus</strong></span> <span class='ocrx_word' id='word_1_133' title='bbox 2007 837 2164 892; x_wconf 88' lang='lat' dir='ltr'><strong>libris</strong></span> <span class='ocrx_word' id='word_1_134' title='bbox 2213 836 2504 906; x_wconf 88' lang='lat' dir='ltr'><strong>pretiosius</strong></span> <span class='ocrx_word' id='word_1_135' title='bbox 2540 837 2791 902; x_wconf 89' lang='lat' dir='ltr'><strong>habebat,</strong></span> <span class='ocrx_word' id='word_1_136' title='bbox 2821 835 2934 890; x_wconf 90' lang='lat' dir='ltr'><strong>fere</strong></span> <span class='ocrx_word' id='word_1_137' title='bbox 2983 845 3150 890; x_wconf 88' lang='lat' dir='ltr'><strong>totmn</strong></span> <span class='ocrx_word' id='word_1_138' title='bbox 3191 848 3390 888; x_wconf 88' lang='lat' dir='ltr'><strong>vorans</strong></span> 
     </span>
    </p>
   </div>
   <div class='ocr_carea' id='block_1_24' title="bbox 1813 922 3418 996">
    <p class='ocr_par' dir='ltr' id='par_1_24' title="bbox 1813 922 3418 996">
     <span class='ocr_line' id='line_1_24' title="bbox 1813 922 3418 996; baseline -0.004 -17"><span class='ocrx_word' id='word_1_139' title='bbox 1813 925 1994 996; x_wconf 82' lang='lat' dir='ltr'><strong>lingua</strong></span> <span class='ocrx_word' id='word_1_140' title='bbox 2034 926 2175 996; x_wconf 82' lang='lat' dir='ltr'><strong>ignis</strong></span> <span class='ocrx_word' id='word_1_141' title='bbox 2195 925 2496 980; x_wconf 87' lang='lat' dir='ltr'><strong>absorbuit.</strong></span> <span class='ocrx_word' id='word_1_142' title='bbox 2551 924 2629 980; x_wconf 90' lang='lat' dir='ltr'><strong>De</strong></span> <span class='ocrx_word' id='word_1_143' title='bbox 2669 924 2756 980; x_wconf 88' lang='lat' dir='ltr'><strong>his</strong></span> <span class='ocrx_word' id='word_1_144' title='bbox 2795 932 2977 980; x_wconf 88' lang='lat' dir='ltr'><strong>tamen</strong></span> <span class='ocrx_word' id='word_1_145' title='bbox 3009 925 3132 993; x_wconf 86' lang='lat' dir='ltr'><strong>quia</strong></span> <span class='ocrx_word' id='word_1_146' title='bbox 3175 922 3418 989; x_wconf 51' lang='lat' dir='ltr'><strong>fuerunt</strong></span> 
     </span>
    </p>
   </div>
   <div class='ocr_carea' id='block_1_25' title="bbox 1813 1013 3423 1086">
    <p class='ocr_par' dir='ltr' id='par_1_25' title="bbox 1813 1013 3423 1086">
     <span class='ocr_line' id='line_1_25' title="bbox 1813 1013 3423 1086; baseline -0.003 -15"><span class='ocrx_word' id='word_1_147' title='bbox 1813 1016 2232 1086; x_wconf 85' lang='lat' dir='ltr'><strong>recuperabilia,</strong></span> <span class='ocrx_word' id='word_1_148' title='bbox 2263 1015 2444 1070; x_wconf 85' lang='lat' dir='ltr'><strong>minus</strong></span> <span class='ocrx_word' id='word_1_149' title='bbox 2465 1025 2546 1069; x_wconf 81' lang='lat' dir='ltr'><strong>est</strong></span> <span class='ocrx_word' id='word_1_150' title='bbox 2573 1016 2800 1070; x_wconf 78' lang='lat' dir='ltr'><strong>fortasse</strong></span> <span class='ocrx_word' id='word_1_151' title='bbox 2829 1014 3222 1070; x_wconf 79' lang='lat' dir='ltr'><strong>dolendum.At</strong></span> <span class='ocrx_word' id='word_1_152' title='bbox 3241 1013 3394 1078; x_wconf 67' lang='lat' dir='ltr'><strong>dolo;</strong></span> <span class='ocrx_word' id='word_1_153' title='bbox 3419 1056 3423 1059; x_wconf 90' lang='lat'><strong>.</strong></span> 
     </span>
    </p>
   </div>
   <div class='ocr_carea' id='block_1_26' title="bbox 1816 1104 3392 1175">
    <p class='ocr_par' dir='ltr' id='par_1_26' title="bbox 1816 1104 3392 1175">
     <span class='ocr_line' id='line_1_26' title="bbox 1816 1104 3392 1175; baseline -0.004 -12"><span class='ocrx_word' id='word_1_154' title='bbox 1816 1108 2070 1163; x_wconf 87' lang='lat' dir='ltr'><strong>immanis</strong></span> <span class='ocrx_word' id='word_1_155' title='bbox 2089 1118 2142 1162; x_wconf 90' lang='lat' dir='ltr'><strong>et</strong></span> <span class='ocrx_word' id='word_1_156' title='bbox 2165 1107 2308 1161; x_wconf 85' lang='lat' dir='ltr'><strong>lltlllO</strong></span> <span class='ocrx_word' id='word_1_157' title='bbox 2341 1106 2445 1161; x_wconf 84' lang='lat' dir='ltr'><strong>fine</strong></span> <span class='ocrx_word' id='word_1_158' title='bbox 2480 1105 2810 1161; x_wconf 87' lang='lat' dir='ltr'><strong>claudendus</strong></span> <span class='ocrx_word' id='word_1_159' title='bbox 2843 1105 3119 1175; x_wconf 89' lang='lat' dir='ltr'><strong>hucusque</strong></span> <span class='ocrx_word' id='word_1_160' title='bbox 3149 1104 3392 1164; x_wconf 79' lang='lat' dir='ltr'><strong>eamdem</strong></span> 
     </span>
    </p>
   </div>
   <div class='ocr_carea' id='block_1_27' title="bbox 1816 1193 3396 1267">
    <p class='ocr_par' dir='ltr' id='par_1_27' title="bbox 1816 1193 3396 1267">
     <span class='ocr_line' id='line_1_27' title="bbox 1816 1193 3396 1267; baseline -0.004 -13"><span class='ocrx_word' id='word_1_161' title='bbox 1816 1198 2104 1254; x_wconf 75' lang='lat' dir='ltr'><strong>ecclesiam</strong></span> <span class='ocrx_word' id='word_1_162' title='bbox 2136 1198 2354 1267; x_wconf 87' lang='lat' dir='ltr'><strong>premit,</strong></span> <span class='ocrx_word' id='word_1_163' title='bbox 2385 1213 2508 1252; x_wconf 92' lang='lat' dir='ltr'><strong>cum</strong></span> <span class='ocrx_word' id='word_1_164' title='bbox 2562 1195 2840 1266; x_wconf 87' lang='lat' dir='ltr'><strong>privilegia</strong></span> <span class='ocrx_word' id='word_1_165' title='bbox 2872 1193 3233 1258; x_wconf 80' lang='lat' dir='ltr'><strong>Romanorum</strong></span> <span class='ocrx_word' id='word_1_166' title='bbox 3264 1209 3396 1264; x_wconf 70' lang='lat' dir='ltr'><strong>pou,-</strong></span> 
     </span>
    </p>
   </div>
   <div class='ocr_carea' id='block_1_28' title="bbox 1821 1282 3396 1356">
    <p class='ocr_par' dir='ltr' id='par_1_28' title="bbox 1821 1282 3396 1356">
     <span class='ocr_line' id='line_1_28' title="bbox 1821 1282 3396 1356; baseline -0.004 -14"><span class='ocrx_word' id='word_1_167' title='bbox 1821 1289 2045 1353; x_wconf 91' lang='lat' dir='ltr'><strong>tificmn,</strong></span> <span class='ocrx_word' id='word_1_168' title='bbox 2099 1285 2373 1356; x_wconf 85' lang='lat' dir='ltr'><strong>privilegia</strong></span> <span class='ocrx_word' id='word_1_169' title='bbox 2430 1300 2613 1353; x_wconf 86' lang='lat' dir='ltr'><strong>regum</strong></span> <span class='ocrx_word' id='word_1_170' title='bbox 2663 1293 2718 1340; x_wconf 90' lang='lat' dir='ltr'><strong>et</strong></span> <span class='ocrx_word' id='word_1_171' title='bbox 2762 1282 3062 1353; x_wconf 89' lang='lat' dir='ltr'><strong>principum</strong></span> <span class='ocrx_word' id='word_1_172' title='bbox 3115 1284 3265 1354; x_wconf 73' lang='lat' dir='ltr'><strong>regni</strong></span> <span class='ocrx_word' id='word_1_173' title='bbox 3297 1282 3396 1352; x_wconf 78' lang='lat' dir='ltr'><strong>ipsi</strong></span> 
     </span>
    </p>
   </div>
   <div class='ocr_carea' id='block_1_29' title="bbox 1819 1373 3400 1447">
    <p class='ocr_par' dir='ltr' id='par_1_29' title="bbox 1819 1373 3400 1447">
     <span class='ocr_line' id='line_1_29' title="bbox 1819 1373 3400 1447; baseline -0.006 -12"><span class='ocrx_word' id='word_1_174' title='bbox 1819 1379 2063 1435; x_wconf 83' lang='lat' dir='ltr'><strong>ecclesiae</strong></span> <span class='ocrx_word' id='word_1_175' title='bbox 2107 1377 2349 1432; x_wconf 90' lang='lat' dir='ltr'><strong>studiose</strong></span> <span class='ocrx_word' id='word_1_176' title='bbox 2384 1377 2616 1447; x_wconf 80' lang='lat' dir='ltr'><strong>sigillata</strong></span> <span class='ocrx_word' id='word_1_177' title='bbox 2673 1384 2726 1431; x_wconf 91' lang='lat' dir='ltr'><strong>et</strong></span> <span class='ocrx_word' id='word_1_178' title='bbox 2767 1375 2986 1441; x_wconf 91' lang='lat' dir='ltr'><strong>collata,</strong></span> <span class='ocrx_word' id='word_1_179' title='bbox 3013 1373 3208 1443; x_wconf 89' lang='lat' dir='ltr'><strong>quibus</strong></span> <span class='ocrx_word' id='word_1_180' title='bbox 3255 1387 3315 1428; x_wconf 93' lang='lat' dir='ltr'><strong>se</strong></span> <span class='ocrx_word' id='word_1_181' title='bbox 3343 1380 3400 1428; x_wconf 90' lang='lat' dir='ltr'><strong>et</strong></span> 
     </span>
    </p>
   </div>
   <div class='ocr_carea' id='block_1_30' title="bbox 1821 1463 3398 1536">
    <p class='ocr_par' dir='ltr' id='par_1_30' title="bbox 1821 1463 3398 1536">
     <span class='ocr_line' id='line_1_30' title="bbox 1821 1463 3398 1536; baseline -0.003 -16"><span class='ocrx_word' id='word_1_182' title='bbox 1821 1479 1916 1521; x_wconf 87' lang='lat' dir='ltr'><strong>sua</strong></span> <span class='ocrx_word' id='word_1_183' title='bbox 1971 1467 2193 1536; x_wconf 86' lang='lat' dir='ltr'><strong>perenni</strong></span> <span class='ocrx_word' id='word_1_184' title='bbox 2239 1466 2361 1536; x_wconf 84' lang='lat' dir='ltr'><strong>jure</strong></span> <span class='ocrx_word' id='word_1_185' title='bbox 2402 1466 2613 1520; x_wconf 80' lang='lat' dir='ltr'><strong>tntinire</strong></span> <span class='ocrx_word' id='word_1_186' title='bbox 2657 1464 2879 1520; x_wconf 87' lang='lat' dir='ltr'><strong>deberet</strong></span> <span class='ocrx_word' id='word_1_187' title='bbox 2930 1473 3090 1532; x_wconf 90' lang='lat' dir='ltr'><strong>atque</strong></span> <span class='ocrx_word' id='word_1_188' title='bbox 3131 1463 3292 1530; x_wconf 82' lang='lat' dir='ltr'><strong>tueri,</strong></span> <span class='ocrx_word' id='word_1_189' title='bbox 3333 1478 3398 1521; x_wconf 83' lang='lat' dir='ltr'><strong>ex</strong></span> 
     </span>
    </p>
   </div>
   <div class='ocr_carea' id='block_1_31' title="bbox 1825 1549 3402 1626">
    <p class='ocr_par' dir='ltr' id='par_1_31' title="bbox 1825 1549 3402 1626">
     <span class='ocr_line' id='line_1_31' title="bbox 1825 1549 3402 1626; baseline -0.002 -15"><span class='ocrx_word' id='word_1_190' title='bbox 1825 1555 2034 1626; x_wconf 86' lang='lat' dir='ltr'><strong>integro</strong></span> <span class='ocrx_word' id='word_1_191' title='bbox 2063 1554 2281 1609; x_wconf 88' lang='lat' dir='ltr'><strong>redacta</strong></span> <span class='ocrx_word' id='word_1_192' title='bbox 2331 1555 2382 1608; x_wconf 92' lang='lat' dir='ltr'><strong>in</strong></span> <span class='ocrx_word' id='word_1_193' title='bbox 2433 1552 2659 1608; x_wconf 88' lang='lat' dir='ltr'><strong>nihilum</strong></span> <span class='ocrx_word' id='word_1_194' title='bbox 2686 1552 3052 1622; x_wconf 79' lang='lat' dir='ltr'><strong>deperieiunt.</strong></span> <span class='ocrx_word' id='word_1_195' title='bbox 3079 1549 3262 1620; x_wconf 85' lang='lat' dir='ltr'><strong>Siqua</strong></span> <span class='ocrx_word' id='word_1_196' title='bbox 3308 1566 3402 1608; x_wconf 86' lang='lat' dir='ltr'><strong>au-</strong></span> 
     </span>
    </p>
   </div>
   <div class='ocr_carea' id='block_1_32' title="bbox 1827 1633 3402 1714">
    <p class='ocr_par' dir='ltr' id='par_1_32' title="bbox 1827 1633 3402 1714">
     <span class='ocr_line' id='line_1_32' title="bbox 1827 1633 3402 1714; baseline -0.004 -14"><span class='ocrx_word' id='word_1_197' title='bbox 1827 1656 1845 1700; x_wconf 94' lang='lat' dir='ltr'><strong>t</strong></span> <span class='ocrx_word' id='word_1_198' title='bbox 1881 1662 1932 1700; x_wconf 93' lang='lat' dir='ltr'><strong>m</strong></span> <span class='ocrx_word' id='word_1_199' title='bbox 1961 1654 2087 1702; x_wconf 89' lang='lat' dir='ltr'><strong>sunt</strong></span> <span class='ocrx_word' id='word_1_200' title='bbox 2140 1659 2206 1698; x_wconf 77' lang='lat' dir='ltr'><strong>ex</strong></span> <span class='ocrx_word' id='word_1_201' title='bbox 2238 1645 2344 1699; x_wconf 90' lang='lat' dir='ltr'><strong>illis</strong></span> <span class='ocrx_word' id='word_1_202' title='bbox 2397 1651 2735 1714; x_wconf 89' lang='lat' dir='ltr'><strong>recuperata,</strong></span> <span class='ocrx_word' id='word_1_203' title='bbox 2761 1642 2991 1698; x_wconf 85' lang='lat' dir='ltr'><strong>diversis</strong></span> <span class='ocrx_word' id='word_1_204' title='bbox 3047 1641 3100 1697; x_wconf 93' lang='lat' dir='ltr'><strong>in</strong></span> <span class='ocrx_word' id='word_1_205' title='bbox 3132 1633 3285 1707; x_wconf 87' lang='lat' dir='ltr'><strong>locis,</strong></span> <span class='ocrx_word' id='word_1_206' title='bbox 3311 1642 3402 1697; x_wconf 88' lang='lat' dir='ltr'><strong>ubi</strong></span> 
     </span>
    </p>
   </div>
   <div class='ocr_carea' id='block_1_33' title="bbox 1825 1733 3398 1804">
    <p class='ocr_par' dir='ltr' id='par_1_33' title="bbox 1825 1733 3398 1804">
     <span class='ocr_line' id='line_1_33' title="bbox 1825 1733 3398 1804; baseline -0.005 -14"><span class='ocrx_word' id='word_1_207' title='bbox 1825 1743 2012 1790; x_wconf 54' lang='lat' dir='ltr'><strong>ecetra</strong></span> <span class='ocrx_word' id='word_1_208' title='bbox 2060 1734 2258 1804; x_wconf 88' lang='lat' dir='ltr'><strong>scripta</strong></span> <span class='ocrx_word' id='word_1_209' title='bbox 2311 1733 2556 1797; x_wconf 87' lang='lat' dir='ltr'><strong>fuerunt,</strong></span> <span class='ocrx_word' id='word_1_210' title='bbox 2611 1741 2822 1802; x_wconf 88' lang='lat' dir='ltr'><strong>reperta</strong></span> <span class='ocrx_word' id='word_1_211' title='bbox 2868 1740 2994 1787; x_wconf 89' lang='lat' dir='ltr'><strong>sunt</strong></span> <span class='ocrx_word' id='word_1_212' title='bbox 3028 1739 3085 1785; x_wconf 88' lang='lat' dir='ltr'><strong>et.</strong></span> <span class='ocrx_word' id='word_1_213' title='bbox 3137 1739 3398 1800; x_wconf 86' lang='lat' dir='ltr'><strong>accepta;</strong></span> 
     </span>
    </p>
   </div>
   <div class='ocr_carea' id='block_1_34' title="bbox 157 1812 3405 1899">
    <p class='ocr_par' dir='ltr' id='par_1_34' title="bbox 157 1812 3405 1899">
     <span class='ocr_line' id='line_1_34' title="bbox 157 1812 3405 1899; baseline -0.005 -10"><span class='ocrx_word' id='word_1_214' title='bbox 157 1836 215 1890; x_wconf 76' lang='lat' dir='ltr'><strong>ad</strong></span> <span class='ocrx_word' id='word_1_215' title='bbox 230 1849 400 1888; x_wconf 87' lang='lat' dir='ltr'><strong>vocem</strong></span> <span class='ocrx_word' id='word_1_216' title='bbox 429 1831 660 1887; x_wconf 76' lang='lat' dir='ltr'><strong>turturis</strong></span> <span class='ocrx_word' id='word_1_217' title='bbox 685 1846 748 1884; x_wconf 88' lang='lat' dir='ltr'><strong>ac</strong></span> <span class='ocrx_word' id='word_1_218' title='bbox 765 1831 946 1899; x_wconf 85' lang='lat' dir='ltr'><strong>sponsi</strong></span> <span class='ocrx_word' id='word_1_219' title='bbox 971 1829 1200 1886; x_wconf 74' lang='lat' dir='ltr'><strong>dicentis</strong></span> <span class='ocrx_word' id='word_1_220' title='bbox 1225 1846 1240 1884; x_wconf 86' lang='lat'><strong>:</strong></span> <span class='ocrx_word' id='word_1_221' title='bbox 1267 1828 1461 1896; x_wconf 66' lang='lat' dir='ltr'><strong>Surge,</strong></span> <span class='ocrx_word' id='word_1_222' title='bbox 1477 1841 1720 1893; x_wconf 79' lang='lat' dir='ltr'><strong>propera,</strong></span> <span class='ocrx_word' id='word_1_223' title='bbox 1755 1812 1796 1866; x_wconf 84' lang='grc' dir='ltr'><strong>Β</strong></span> <span class='ocrx_word' id='word_1_224' title='bbox 1828 1826 1986 1881; x_wconf 86' lang='lat' dir='ltr'><strong>bullis</strong></span> <span class='ocrx_word' id='word_1_225' title='bbox 2021 1835 2184 1895; x_wconf 90' lang='lat' dir='ltr'><strong>atque</strong></span> <span class='ocrx_word' id='word_1_226' title='bbox 2215 1825 2426 1895; x_wconf 78' lang='lat' dir='ltr'><strong>sigillis,</strong></span> <span class='ocrx_word' id='word_1_227' title='bbox 2451 1837 2571 1896; x_wconf 75' lang='lat' dir='ltr'><strong>qua:</strong></span> <span class='ocrx_word' id='word_1_228' title='bbox 2616 1824 2720 1878; x_wconf 90' lang='lat' dir='ltr'><strong>alia</strong></span> <span class='ocrx_word' id='word_1_229' title='bbox 2754 1823 2868 1878; x_wconf 90' lang='lat' dir='ltr'><strong>fieri</strong></span> <span class='ocrx_word' id='word_1_230' title='bbox 2920 1820 3239 1891; x_wconf 86' lang='lat' dir='ltr'><strong>nequibant,</strong></span> <span class='ocrx_word' id='word_1_231' title='bbox 3279 1834 3405 1874; x_wconf 88' lang='lat' dir='ltr'><strong>cum</strong></span> 
     </span>
    </p>
   </div>
   <div class='ocr_carea' id='block_1_35' title="bbox 127 1912 1722 1989">
    <p class='ocr_par' dir='ltr' id='par_1_35' title="bbox 127 1912 1722 1989">
     <span class='ocr_line' id='line_1_35' title="bbox 127 1912 1722 1989; baseline -0.009 -9"><span class='ocrx_word' id='word_1_232' title='bbox 127 1957 132 1962; x_wconf 93' lang='lat'><strong><em>-</em></strong></span> <span class='ocrx_word' id='word_1_233' title='bbox 157 1927 311 1980; x_wconf 69' lang='lat' dir='ltr'><strong>critica</strong></span> <span class='ocrx_word' id='word_1_234' title='bbox 342 1941 482 1989; x_wconf 79' lang='lat' dir='ltr'><strong>utea,</strong></span> <span class='ocrx_word' id='word_1_235' title='bbox 511 1922 625 1978; x_wconf 73' lang='lat' dir='ltr'><strong>teni</strong></span> <span class='ocrx_word' id='word_1_236' title='bbox 653 1921 717 1976; x_wconf 86' lang='lat' dir='ltr'><strong>de</strong></span> <span class='ocrx_word' id='word_1_237' title='bbox 757 1921 980 1987; x_wconf 81' lang='lat' dir='ltr'><strong>Libano,</strong></span> <span class='ocrx_word' id='word_1_238' title='bbox 1012 1921 1145 1983; x_wconf 82' lang='lat' dir='ltr'><strong>reui,</strong></span> <span class='ocrx_word' id='word_1_239' title='bbox 1181 1916 1516 1972; x_wconf 80' lang='lat' dir='ltr'><strong>coronaberis</strong></span> <span class='ocrx_word' id='word_1_240' title='bbox 1547 1912 1722 1983; x_wconf 84' lang='lat' dir='ltr'><strong>(Cant.</strong></span> 
     </span>
    </p>
   </div>
   <div class='ocr_carea' id='block_1_36' title="bbox 157 2005 1725 2088">
    <p class='ocr_par' dir='ltr' id='par_1_36' title="bbox 157 2005 1725 2088">
     <span class='ocr_line' id='line_1_36' title="bbox 157 2005 1725 2088; baseline -0.01 -15"><span class='ocrx_word' id='word_1_241' title='bbox 157 2034 224 2084; x_wconf 81' lang='lat' dir='ltr'><strong>IV,</strong></span> <span class='ocrx_word' id='word_1_242' title='bbox 250 2017 321 2088; x_wconf 88' lang='lat'><strong>8),</strong></span> <span class='ocrx_word' id='word_1_243' title='bbox 355 2016 540 2071; x_wconf 91' lang='lat' dir='ltr'><strong>anima</strong></span> <span class='ocrx_word' id='word_1_244' title='bbox 582 2013 880 2070; x_wconf 83' lang='lat' dir='ltr'><strong>felicissimi</strong></span> <span class='ocrx_word' id='word_1_245' title='bbox 906 2012 1084 2068; x_wconf 82' lang='lat' dir='ltr'><strong>Patris</strong></span> <span class='ocrx_word' id='word_1_246' title='bbox 1128 2010 1300 2065; x_wconf 89' lang='lat' dir='ltr'><strong>dulcis</strong></span> <span class='ocrx_word' id='word_1_247' title='bbox 1331 2009 1504 2062; x_wconf 85' lang='lat' dir='ltr'><strong>amica</strong></span> <span class='ocrx_word' id='word_1_248' title='bbox 1528 2005 1725 2060; x_wconf 90' lang='lat' dir='ltr'><strong>summi</strong></span> 
     </span>
    </p>
   </div>
   <div class='ocr_carea' id='block_1_37' title="bbox 163 2099 1728 2172">
    <p class='ocr_par' dir='ltr' id='par_1_37' title="bbox 163 2099 1728 2172">
     <span class='ocr_line' id='line_1_37' title="bbox 163 2099 1728 2172; baseline -0.009 -10"><span class='ocrx_word' id='word_1_249' title='bbox 163 2108 323 2162; x_wconf 83' lang='lat' dir='ltr'><strong>Patris</strong></span> <span class='ocrx_word' id='word_1_250' title='bbox 353 2105 617 2172; x_wconf 78' lang='lat' dir='ltr'><strong>surrexit,</strong></span> <span class='ocrx_word' id='word_1_251' title='bbox 661 2105 765 2158; x_wconf 86' lang='lat' dir='ltr'><strong>hoc</strong></span> <span class='ocrx_word' id='word_1_252' title='bbox 802 2111 886 2158; x_wconf 87' lang='lat' dir='ltr'><strong>est</strong></span> <span class='ocrx_word' id='word_1_253' title='bbox 923 2103 1231 2157; x_wconf 85' lang='lat' dir='ltr'><strong>coronanda</strong></span> <span class='ocrx_word' id='word_1_254' title='bbox 1275 2099 1344 2153; x_wconf 90' lang='lat' dir='ltr'><strong>ab</strong></span> <span class='ocrx_word' id='word_1_255' title='bbox 1390 2111 1589 2166; x_wconf 71' lang='lat' dir='ltr'><strong>sponso</strong></span> <span class='ocrx_word' id='word_1_256' title='bbox 1629 2109 1728 2150; x_wconf 91' lang='lat' dir='ltr'><strong>suo</strong></span> 
     </span>
    </p>
   </div>
   <div class='ocr_carea' id='block_1_38' title="bbox 121 2191 1726 2264">
    <p class='ocr_par' dir='ltr' id='par_1_38' title="bbox 121 2191 1726 2264">
     <span class='ocr_line' id='line_1_38' title="bbox 121 2191 1726 2264; baseline -0.009 -8"><span class='ocrx_word' id='word_1_257' title='bbox 121 2241 124 2243; x_wconf 47' lang='grc' dir='ltr'>λ</span> <span class='ocrx_word' id='word_1_258' title='bbox 157 2200 268 2258; x_wconf 84' lang='lat' dir='ltr'><strong>Jesu</strong></span> <span class='ocrx_word' id='word_1_259' title='bbox 297 2200 550 2261; x_wconf 81' lang='lat' dir='ltr'><strong>Christo;</strong></span> <span class='ocrx_word' id='word_1_260' title='bbox 581 2195 834 2253; x_wconf 65' lang='lat' dir='ltr'><strong>sicculunn</strong></span> <span class='ocrx_word' id='word_1_261' title='bbox 864 2208 1170 2264; x_wconf 85' lang='lat' dir='ltr'><strong>corpusque</strong></span> <span class='ocrx_word' id='word_1_262' title='bbox 1197 2191 1434 2260; x_wconf 81' lang='lat' dir='ltr'><strong>reliquit,</strong></span> <span class='ocrx_word' id='word_1_263' title='bbox 1468 2204 1532 2244; x_wconf 94' lang='lat' dir='ltr'><strong>ae</strong></span> <span class='ocrx_word' id='word_1_264' title='bbox 1560 2202 1726 2258; x_wconf 88' lang='lat' dir='ltr'><strong>ange-</strong></span> 
     </span>
    </p>
   </div>
   <div class='ocr_carea' id='block_1_39' title="bbox 159 2277 1726 2355">
    <p class='ocr_par' dir='ltr' id='par_1_39' title="bbox 159 2277 1726 2355">
     <span class='ocr_line' id='line_1_39' title="bbox 159 2277 1726 2355; baseline -0.009 -9"><span class='ocrx_word' id='word_1_265' title='bbox 159 2294 316 2347; x_wconf 84' lang='lat' dir='ltr'><strong>lorum</strong></span> <span class='ocrx_word' id='word_1_266' title='bbox 342 2289 679 2348; x_wconf 83' lang='lat' dir='ltr'><strong>adminiculo</strong></span> <span class='ocrx_word' id='word_1_267' title='bbox 704 2287 864 2352; x_wconf 88' lang='lat' dir='ltr'><strong>fulta,</strong></span> <span class='ocrx_word' id='word_1_268' title='bbox 891 2287 980 2340; x_wconf 90' lang='lat' dir='ltr'><strong>ubi</strong></span> <span class='ocrx_word' id='word_1_269' title='bbox 1013 2286 1188 2355; x_wconf 86' lang='lat' dir='ltr'><strong>ipsum</strong></span> <span class='ocrx_word' id='word_1_270' title='bbox 1219 2283 1387 2336; x_wconf 71' lang='lat' dir='ltr'><strong>Deum</strong></span> <span class='ocrx_word' id='word_1_271' title='bbox 1417 2283 1642 2338; x_wconf 79' lang='lat' dir='ltr'><strong>deorum</strong></span> <span class='ocrx_word' id='word_1_272' title='bbox 1674 2277 1726 2332; x_wconf 89' lang='lat' dir='ltr'><strong>in</strong></span> 
     </span>
    </p>
   </div>
   <div class='ocr_carea' id='block_1_40' title="bbox 159 2375 1728 2449">
    <p class='ocr_par' dir='ltr' id='par_1_40' title="bbox 159 2375 1728 2449">
     <span class='ocr_line' id='line_1_40' title="bbox 159 2375 1728 2449; baseline -0.01 -10"><span class='ocrx_word' id='word_1_273' title='bbox 159 2385 276 2441; x_wconf 77' lang='lat' dir='ltr'><strong>Sion</strong></span> <span class='ocrx_word' id='word_1_274' title='bbox 302 2383 640 2440; x_wconf 81' lang='lat' dir='ltr'><strong>:eternaliter</strong></span> <span class='ocrx_word' id='word_1_275' title='bbox 659 2390 928 2442; x_wconf 84' lang='lat' dir='ltr'><strong>cerneret.</strong></span> <span class='ocrx_word' id='word_1_276' title='bbox 969 2379 1208 2449; x_wconf 74' lang='lat' dir='ltr'><strong>gaudens</strong></span> <span class='ocrx_word' id='word_1_277' title='bbox 1254 2375 1548 2443; x_wconf 78' lang='lat' dir='ltr'><strong>hLlarisqne</strong></span> <span class='ocrx_word' id='word_1_278' title='bbox 1596 2387 1728 2428; x_wconf 85' lang='lat' dir='ltr'><strong>con-</strong></span> 
     </span>
    </p>
   </div>
   <div class='ocr_carea' id='block_1_41' title="bbox 161 2461 1729 2544">
    <p class='ocr_par' dir='ltr' id='par_1_41' title="bbox 161 2461 1729 2544">
     <span class='ocr_line' id='line_1_41' title="bbox 161 2461 1729 2544; baseline -0.011 -11"><span class='ocrx_word' id='word_1_279' title='bbox 161 2475 376 2533; x_wconf 86' lang='lat' dir='ltr'><strong>scendit.</strong></span> <span class='ocrx_word' id='word_1_280' title='bbox 407 2473 672 2544; x_wconf 88' lang='lat' dir='ltr'><strong>Sepultus</strong></span> <span class='ocrx_word' id='word_1_281' title='bbox 701 2488 834 2528; x_wconf 85' lang='lat' dir='ltr'><strong>sane</strong></span> <span class='ocrx_word' id='word_1_282' title='bbox 859 2480 942 2528; x_wconf 88' lang='lat' dir='ltr'><strong>est</strong></span> <span class='ocrx_word' id='word_1_283' title='bbox 980 2470 1032 2524; x_wconf 93' lang='lat' dir='ltr'><strong>in</strong></span> <span class='ocrx_word' id='word_1_284' title='bbox 1077 2468 1296 2539; x_wconf 40' lang='lat' dir='ltr'><strong>pra‘fala</strong></span> <span class='ocrx_word' id='word_1_285' title='bbox 1325 2465 1550 2521; x_wconf 81' lang='lat' dir='ltr'><strong>eccleia</strong></span> <span class='ocrx_word' id='word_1_286' title='bbox 1587 2461 1729 2524; x_wconf 87' lang='lat' dir='ltr'><strong>beati</strong></span> 
     </span>
    </p>
   </div>
   <div class='ocr_carea' id='block_1_42' title="bbox 159 2549 1730 2636">
    <p class='ocr_par' dir='ltr' id='par_1_42' title="bbox 159 2549 1730 2636">
     <span class='ocr_line' id='line_1_42' title="bbox 159 2549 1730 2636; baseline -0.008 -18"><span class='ocrx_word' id='word_1_287' title='bbox 159 2566 390 2636; x_wconf 65' lang='lat' dir='ltr'><strong>baptista:</strong></span> <span class='ocrx_word' id='word_1_288' title='bbox 423 2562 660 2619; x_wconf 83' lang='lat' dir='ltr'><strong>Joannis</strong></span> <span class='ocrx_word' id='word_1_289' title='bbox 696 2574 864 2630; x_wconf 85' lang='lat' dir='ltr'><strong>prope</strong></span> <span class='ocrx_word' id='word_1_290' title='bbox 908 2572 1104 2627; x_wconf 89' lang='lat' dir='ltr'><strong>corpus</strong></span> <span class='ocrx_word' id='word_1_291' title='bbox 1148 2555 1430 2612; x_wconf 88' lang='lat' dir='ltr'><strong>reverendi</strong></span> <span class='ocrx_word' id='word_1_292' title='bbox 1463 2549 1730 2621; x_wconf 83' lang='lat' dir='ltr'><strong>pontificis</strong></span> 
     </span>
    </p>
   </div>
   <div class='ocr_carea' id='block_1_43' title="bbox 155 2644 1732 2724">
    <p class='ocr_par' dir='ltr' id='par_1_43' title="bbox 155 2644 1732 2724">
     <span class='ocr_line' id='line_1_43' title="bbox 155 2644 1732 2724; baseline -0.011 -13"><span class='ocrx_word' id='word_1_293' title='bbox 155 2655 424 2712; x_wconf 87' lang='lat' dir='ltr'><strong>Cuthberti</strong></span> <span class='ocrx_word' id='word_1_294' title='bbox 466 2654 639 2724; x_wconf 83' lang='lat' dir='ltr'><strong>ipsius</strong></span> <span class='ocrx_word' id='word_1_295' title='bbox 668 2651 931 2713; x_wconf 68' lang='lat' dir='ltr'><strong>ecclesiae,</strong></span> <span class='ocrx_word' id='word_1_296' title='bbox 959 2658 1018 2704; x_wconf 91' lang='lat' dir='ltr'><strong>ut</strong></span> <span class='ocrx_word' id='word_1_297' title='bbox 1054 2647 1310 2704; x_wconf 75' lang='lat' dir='ltr'><strong>diximus.</strong></span> <span class='ocrx_word' id='word_1_298' title='bbox 1341 2644 1639 2698; x_wconf 73' lang='lat' dir='ltr'><strong>l‘undatoris</strong></span> <span class='ocrx_word' id='word_1_299' title='bbox 1667 2655 1732 2694; x_wconf 90' lang='lat' dir='ltr'><strong>ac</strong></span> 
     </span>
    </p>
   </div>
   <div class='ocr_carea' id='block_1_44' title="bbox 161 2739 1731 2820">
    <p class='ocr_par' dir='ltr' id='par_1_44' title="bbox 161 2739 1731 2820">
     <span class='ocr_line' id='line_1_44' title="bbox 161 2739 1731 2820; baseline -0.012 -16"><span class='ocrx_word' id='word_1_300' title='bbox 161 2750 234 2804; x_wconf 84' lang='lat' dir='ltr'><strong>sui</strong></span> <span class='ocrx_word' id='word_1_301' title='bbox 264 2748 571 2820; x_wconf 79' lang='lat' dir='ltr'><strong>dignissimi</strong></span> <span class='ocrx_word' id='word_1_302' title='bbox 609 2743 1054 2817; x_wconf 72' lang='lat' dir='ltr'><strong>przedccessoris.</strong></span> <span class='ocrx_word' id='word_1_303' title='bbox 1095 2739 1223 2792; x_wconf 83' lang='lat' dir='ltr'><strong>Post</strong></span> <span class='ocrx_word' id='word_1_304' title='bbox 1251 2739 1392 2791; x_wconf 91' lang='lat' dir='ltr'><strong>hunc</strong></span> <span class='ocrx_word' id='word_1_305' title='bbox 1421 2742 1731 2802; x_wconf 86' lang='lat' dir='ltr'><strong>assumptus</strong></span> 
     </span>
    </p>
   </div>
   <div class='ocr_carea' id='block_1_45' title="bbox 112 2827 1733 2910">
    <p class='ocr_par' dir='ltr' id='par_1_45' title="bbox 112 2827 1733 2910">
     <span class='ocr_line' id='line_1_45' title="bbox 112 2827 1733 2910; baseline -0.012 -15"><span class='ocrx_word' id='word_1_306' title='bbox 112 2880 116 2882; x_wconf 91' lang='grc'><strong>-</strong></span> <span class='ocrx_word' id='word_1_307' title='bbox 153 2849 230 2896; x_wconf 84' lang='lat' dir='ltr'><strong>est</strong></span> <span class='ocrx_word' id='word_1_308' title='bbox 252 2840 300 2894; x_wconf 91' lang='lat' dir='ltr'><strong>in</strong></span> <span class='ocrx_word' id='word_1_309' title='bbox 331 2839 713 2910; x_wconf 76' lang='lat' dir='ltr'><strong>pontiﬁcatum</strong></span> <span class='ocrx_word' id='word_1_310' title='bbox 743 2836 942 2891; x_wconf 69' lang='lat' dir='ltr'><strong>relictae</strong></span> <span class='ocrx_word' id='word_1_311' title='bbox 967 2831 1220 2888; x_wconf 71' lang='lat' dir='ltr'><strong>Ecclesiae</strong></span> <span class='ocrx_word' id='word_1_312' title='bbox 1244 2828 1553 2884; x_wconf 82' lang='lat' dir='ltr'><strong>.lambertus</strong></span> <span class='ocrx_word' id='word_1_313' title='bbox 1578 2827 1733 2879; x_wconf 84' lang='lat' dir='ltr'><strong>l’ater</strong></span> 
     </span>
    </p>
   </div>
   <div class='ocr_carea' id='block_1_46' title="bbox 155 2918 1734 2999">
    <p class='ocr_par' dir='ltr' id='par_1_46' title="bbox 155 2918 1734 2999">
     <span class='ocr_line' id='line_1_46' title="bbox 155 2918 1734 2999; baseline -0.01 -13"><span class='ocrx_word' id='word_1_314' title='bbox 155 2939 204 2986; x_wconf 88' lang='lat' dir='ltr'><strong>et</strong></span> <span class='ocrx_word' id='word_1_315' title='bbox 229 2932 390 2988; x_wconf 85' lang='lat' dir='ltr'><strong>abbas</strong></span> <span class='ocrx_word' id='word_1_316' title='bbox 427 2931 630 2986; x_wconf 76' lang='lat' dir='ltr'><strong>vicina:</strong></span> <span class='ocrx_word' id='word_1_317' title='bbox 669 2945 730 2984; x_wconf 89' lang='lat' dir='ltr'><strong>ac</strong></span> <span class='ocrx_word' id='word_1_318' title='bbox 761 2925 1166 2999; x_wconf 73' lang='lat' dir='ltr'><strong>praenominaue</strong></span> <span class='ocrx_word' id='word_1_319' title='bbox 1211 2921 1444 2976; x_wconf 70' lang='lat' dir='ltr'><strong>abbatiae</strong></span> <span class='ocrx_word' id='word_1_320' title='bbox 1472 2918 1734 2990; x_wconf 82' lang='lat' dir='ltr'><strong>glorioso-</strong></span> 
     </span>
    </p>
   </div>
   <div class='ocr_carea' id='block_1_47' title="bbox 154 3014 1121 3092">
    <p class='ocr_par' dir='ltr' id='par_1_47' title="bbox 154 3014 1121 3092">
     <span class='ocr_line' id='line_1_47' title="bbox 154 3014 1121 3092; baseline -0.009 -17"><span class='ocrx_word' id='word_1_321' title='bbox 154 3037 260 3076; x_wconf 90' lang='lat' dir='ltr'><strong>rum</strong></span> <span class='ocrx_word' id='word_1_322' title='bbox 283 3021 659 3092; x_wconf 72' lang='lat' dir='ltr'><strong>apostolorum</strong></span> <span class='ocrx_word' id='word_1_323' title='bbox 693 3017 837 3082; x_wconf 81' lang='lat' dir='ltr'><strong>Petri</strong></span> <span class='ocrx_word' id='word_1_324' title='bbox 866 3027 920 3072; x_wconf 92' lang='lat' dir='ltr'><strong>et</strong></span> <span class='ocrx_word' id='word_1_325' title='bbox 946 3014 1121 3070; x_wconf 88' lang='lat' dir='ltr'><strong>Pauli.</strong></span> 
     </span>
    </p>
   </div>
   <div class='ocr_carea' id='block_1_48' title="bbox 219 3093 1732 3175">
    <p class='ocr_par' dir='ltr' id='par_1_48' title="bbox 219 3093 1732 3175">
     <span class='ocr_line' id='line_1_48' title="bbox 219 3093 1732 3175; baseline -0.012 -11"><span class='ocrx_word' id='word_1_326' title='bbox 219 3111 347 3165; x_wconf 85' lang='lat' dir='ltr'><strong>ll&#39;inc</strong></span> <span class='ocrx_word' id='word_1_327' title='bbox 401 3109 645 3166; x_wconf 75' lang='lat' dir='ltr'><strong>evolutis</strong></span> <span class='ocrx_word' id='word_1_328' title='bbox 695 3106 939 3175; x_wconf 87' lang='lat' dir='ltr'><strong>pauculis</strong></span> <span class='ocrx_word' id='word_1_329' title='bbox 996 3104 1153 3158; x_wconf 89' lang='lat' dir='ltr'><strong>annis</strong></span> <span class='ocrx_word' id='word_1_330' title='bbox 1197 3099 1328 3155; x_wconf 82' lang='lat' dir='ltr'><strong>Daui</strong></span> <span class='ocrx_word' id='word_1_331' title='bbox 1388 3113 1517 3168; x_wconf 88' lang='lat' dir='ltr'><strong>gens</strong></span> <span class='ocrx_word' id='word_1_332' title='bbox 1571 3093 1732 3150; x_wconf 50' lang='grc' dir='ltr'><strong>θῆαι-ει</strong></span> 
     </span>
    </p>
   </div>
   <div class='ocr_carea' id='block_1_49' title="bbox 151 3187 1732 3269">
    <p class='ocr_par' dir='ltr' id='par_1_49' title="bbox 151 3187 1732 3269">
     <span class='ocr_line' id='line_1_49' title="bbox 151 3187 1732 3269; baseline -0.008 -19"><span class='ocrx_word' id='word_1_333' title='bbox 151 3202 518 3269; x_wconf 75' lang='lat' dir='ltr'><strong>prdiscenzes</strong></span> <span class='ocrx_word' id='word_1_334' title='bbox 542 3197 787 3268; x_wconf 76' lang='lat' dir='ltr'><strong>Angliam</strong></span> <span class='ocrx_word' id='word_1_335' title='bbox 821 3196 873 3250; x_wconf 90' lang='lat' dir='ltr'><strong>in</strong></span> <span class='ocrx_word' id='word_1_336' title='bbox 900 3194 1045 3249; x_wconf 77' lang='lat' dir='ltr'><strong>enini</strong></span> <span class='ocrx_word' id='word_1_337' title='bbox 1079 3208 1214 3264; x_wconf 88' lang='lat' dir='ltr'><strong>pene</strong></span> <span class='ocrx_word' id='word_1_338' title='bbox 1235 3204 1432 3262; x_wconf 77' lang='lat' dir='ltr'><strong>genere</strong></span> <span class='ocrx_word' id='word_1_339' title='bbox 1456 3187 1732 3242; x_wconf 88' lang='lat' dir='ltr'><strong>hominum</strong></span> 
     </span>
    </p>
   </div>
   <div class='ocr_carea' id='block_1_50' title="bbox 151 3279 1738 3360">
    <p class='ocr_par' dir='ltr' id='par_1_50' title="bbox 151 3279 1738 3360">
     <span class='ocr_line' id='line_1_50' title="bbox 151 3279 1738 3360; baseline -0.006 -17"><span class='ocrx_word' id='word_1_340' title='bbox 151 3310 178 3343; x_wconf 71' lang='grc' dir='ltr'><strong>ει</strong></span> <span class='ocrx_word' id='word_1_341' title='bbox 203 3294 429 3360; x_wconf 86' lang='lat' dir='ltr'><strong>pristino</strong></span> <span class='ocrx_word' id='word_1_342' title='bbox 471 3300 613 3342; x_wconf 85' lang='lat' dir='ltr'><strong>statu</strong></span> <span class='ocrx_word' id='word_1_343' title='bbox 643 3287 972 3353; x_wconf 70' lang='lat' dir='ltr'><strong>exorbitare,</strong></span> <span class='ocrx_word' id='word_1_344' title='bbox 992 3296 1046 3340; x_wconf 86' lang='lat' dir='ltr'><strong>et</strong></span> <span class='ocrx_word' id='word_1_345' title='bbox 1065 3283 1269 3338; x_wconf 77' lang='lat' dir='ltr'><strong>divitiis</strong></span> <span class='ocrx_word' id='word_1_346' title='bbox 1289 3298 1354 3336; x_wconf 89' lang='lat' dir='ltr'><strong>ac</strong></span> <span class='ocrx_word' id='word_1_347' title='bbox 1375 3279 1738 3349; x_wconf 77' lang='lat' dir='ltr'><strong>voluptatibus</strong></span> 
     </span>
    </p>
   </div>
   <div class='ocr_carea' id='block_1_51' title="bbox 149 3368 1734 3451">
    <p class='ocr_par' dir='ltr' id='par_1_51' title="bbox 149 3368 1734 3451">
     <span class='ocr_line' id='line_1_51' title="bbox 149 3368 1734 3451; baseline -0.01 -16"><span class='ocrx_word' id='word_1_348' title='bbox 149 3383 312 3451; x_wconf 82' lang='lat' dir='ltr'><strong>magis</strong></span> <span class='ocrx_word' id='word_1_349' title='bbox 344 3382 519 3438; x_wconf 84' lang='lat' dir='ltr'><strong>solito</strong></span> <span class='ocrx_word' id='word_1_350' title='bbox 537 3395 758 3451; x_wconf 77' lang='lat' dir='ltr'><strong>Operam</strong></span> <span class='ocrx_word' id='word_1_351' title='bbox 803 3378 956 3440; x_wconf 87' lang='lat' dir='ltr'><strong>dare,</strong></span> <span class='ocrx_word' id='word_1_352' title='bbox 988 3381 1270 3445; x_wconf 64' lang='lat' dir='ltr'><strong>eruperunt</strong></span> <span class='ocrx_word' id='word_1_353' title='bbox 1295 3371 1448 3441; x_wconf 90' lang='lat' dir='ltr'><strong>quasi</strong></span> <span class='ocrx_word' id='word_1_354' title='bbox 1476 3368 1734 3439; x_wconf 87' lang='lat' dir='ltr'><strong>pedeten-</strong></span> 
     </span>
    </p>
   </div>
   <div class='ocr_carea' id='block_1_52' title="bbox 152 3459 1735 3544">
    <p class='ocr_par' dir='ltr' id='par_1_52' title="bbox 152 3459 1735 3544">
     <span class='ocr_line' id='line_1_52' title="bbox 152 3459 1735 3544; baseline -0.006 -22"><span class='ocrx_word' id='word_1_355' title='bbox 152 3473 243 3534; x_wconf 78' lang='lat' dir='ltr'><strong>tim</strong></span> <span class='ocrx_word' id='word_1_356' title='bbox 285 3473 553 3544; x_wconf 74' lang='lat' dir='ltr'><strong>probare,</strong></span> <span class='ocrx_word' id='word_1_357' title='bbox 606 3471 780 3533; x_wconf 80' lang='lat' dir='ltr'><strong>tribus</strong></span> <span class='ocrx_word' id='word_1_358' title='bbox 833 3467 1061 3531; x_wconf 83' lang='lat' dir='ltr'><strong>navibus</strong></span> <span class='ocrx_word' id='word_1_359' title='bbox 1106 3466 1233 3520; x_wconf 88' lang='lat' dir='ltr'><strong>illuc</strong></span> <span class='ocrx_word' id='word_1_360' title='bbox 1267 3465 1446 3535; x_wconf 89' lang='lat' dir='ltr'><strong>primo</strong></span> <span class='ocrx_word' id='word_1_361' title='bbox 1492 3459 1735 3524; x_wconf 89' lang='lat' dir='ltr'><strong>directis,</strong></span> 
     </span>
    </p>
   </div>
   <div class='ocr_carea' id='block_1_53' title="bbox 93 3552 1739 3633">
    <p class='ocr_par' dir='ltr' id='par_1_53' title="bbox 93 3552 1739 3633">
     <span class='ocr_line' id='line_1_53' title="bbox 93 3552 1739 3633; baseline -0.008 -13"><span class='ocrx_word' id='word_1_362' title='bbox 93 3613 96 3620; x_wconf 97' lang='lat'><strong>.</strong></span> <span class='ocrx_word' id='word_1_363' title='bbox 145 3577 299 3633; x_wconf 81' lang='lat' dir='ltr'><strong>quam</strong></span> <span class='ocrx_word' id='word_1_364' title='bbox 333 3562 564 3619; x_wconf 63' lang='lat' dir='ltr'><strong>enitere</strong></span> <span class='ocrx_word' id='word_1_365' title='bbox 601 3569 826 3632; x_wconf 82' lang='lat' dir='ltr'><strong>possent</strong></span> <span class='ocrx_word' id='word_1_366' title='bbox 882 3560 926 3614; x_wconf 89' lang='lat' dir='ltr'><strong>si</strong></span> <span class='ocrx_word' id='word_1_367' title='bbox 984 3558 1165 3629; x_wconf 85' lang='lat' dir='ltr'><strong>plures</strong></span> <span class='ocrx_word' id='word_1_368' title='bbox 1212 3556 1510 3618; x_wconf 89' lang='lat' dir='ltr'><strong>mitterent,</strong></span> <span class='ocrx_word' id='word_1_369' title='bbox 1558 3552 1739 3623; x_wconf 89' lang='lat' dir='ltr'><strong>plures</strong></span> 
     </span>
    </p>
   </div>
   <div class='ocr_carea' id='block_1_54' title="bbox 147 3642 1739 3723">
    <p class='ocr_par' dir='ltr' id='par_1_54' title="bbox 147 3642 1739 3723">
     <span class='ocr_line' id='line_1_54' title="bbox 147 3642 1739 3723; baseline -0.006 -15"><span class='ocrx_word' id='word_1_370' title='bbox 147 3656 417 3712; x_wconf 81' lang='lat' dir='ltr'><strong>venirent.</strong></span> <span class='ocrx_word' id='word_1_371' title='bbox 465 3654 614 3723; x_wconf 89' lang='lat' dir='ltr'><strong>Quas</strong></span> <span class='ocrx_word' id='word_1_372' title='bbox 654 3669 776 3708; x_wconf 91' lang='lat' dir='ltr'><strong>cum</strong></span> <span class='ocrx_word' id='word_1_373' title='bbox 828 3665 1084 3722; x_wconf 86' lang='lat' dir='ltr'><strong>prospere</strong></span> <span class='ocrx_word' id='word_1_374' title='bbox 1131 3649 1183 3702; x_wconf 92' lang='lat' dir='ltr'><strong>in</strong></span> <span class='ocrx_word' id='word_1_375' title='bbox 1240 3646 1510 3702; x_wconf 88' lang='lat' dir='ltr'><strong>nonnullis</strong></span> <span class='ocrx_word' id='word_1_376' title='bbox 1561 3642 1739 3714; x_wconf 82' lang='lat' dir='ltr'><strong>egisse</strong></span> 
     </span>
    </p>
   </div>
   <div class='ocr_carea' id='block_1_55' title="bbox 149 3733 1738 3816">
    <p class='ocr_par' dir='ltr' id='par_1_55' title="bbox 149 3733 1738 3816">
     <span class='ocr_line' id='line_1_55' title="bbox 149 3733 1738 3816; baseline -0.008 -18"><span class='ocrx_word' id='word_1_377' title='bbox 149 3747 432 3811; x_wconf 89' lang='lat' dir='ltr'><strong>audirent,</strong></span> <span class='ocrx_word' id='word_1_378' title='bbox 485 3744 712 3816; x_wconf 79' lang='lat' dir='ltr'><strong>animati</strong></span> <span class='ocrx_word' id='word_1_379' title='bbox 745 3752 901 3814; x_wconf 82' lang='lat' dir='ltr'><strong>sunt,</strong></span> <span class='ocrx_word' id='word_1_380' title='bbox 950 3753 1001 3794; x_wconf 92' lang='lat' dir='ltr'><strong>ct</strong></span> <span class='ocrx_word' id='word_1_381' title='bbox 1041 3739 1216 3794; x_wconf 82' lang='lat' dir='ltr'><strong>classe</strong></span> <span class='ocrx_word' id='word_1_382' title='bbox 1259 3745 1446 3812; x_wconf 86' lang='lat' dir='ltr'><strong>parata</strong></span> <span class='ocrx_word' id='word_1_383' title='bbox 1491 3733 1738 3804; x_wconf 87' lang='lat' dir='ltr'><strong>Angliam</strong></span> 
     </span>
    </p>
   </div>
   <div class='ocr_carea' id='block_1_56' title="bbox 149 3811 1738 3908">
    <p class='ocr_par' dir='ltr' id='par_1_56' title="bbox 149 3811 1738 3908">
     <span class='ocr_line' id='line_1_56' title="bbox 149 3811 1738 3908; baseline -0.015 -8"><span class='ocrx_word' id='word_1_384' title='bbox 149 3855 252 3900; x_wconf 64' lang='lat' dir='ltr'><strong>Non</strong></span> <span class='ocrx_word' id='word_1_385' title='bbox 281 3840 472 3908; x_wconf 20' lang='lat' dir='ltr'><strong>semel,</strong></span> <span class='ocrx_word' id='word_1_386' title='bbox 495 3849 590 3904; x_wconf 83' lang='lat' dir='ltr'><strong>aut</strong></span> <span class='ocrx_word' id='word_1_387' title='bbox 622 3839 725 3905; x_wconf 84' lang='lat' dir='ltr'><strong>bis,</strong></span> <span class='ocrx_word' id='word_1_388' title='bbox 770 3836 864 3892; x_wconf 92' lang='lat' dir='ltr'><strong>sed</strong></span> <span class='ocrx_word' id='word_1_389' title='bbox 897 3811 1277 3904; x_wconf 64' lang='lat' dir='ltr'><strong>saepenumero</strong></span> <span class='ocrx_word' id='word_1_390' title='bbox 1306 3827 1552 3884; x_wconf 87' lang='lat' dir='ltr'><strong>veniendi</strong></span> <span class='ocrx_word' id='word_1_391' title='bbox 1585 3811 1738 3882; x_wconf 85' lang='lat' dir='ltr'><strong>usum</strong></span> 
     </span>
    </p>
   </div>
   <div class='ocr_carea' id='block_1_57' title="bbox 149 3921 1742 4004">
    <p class='ocr_par' dir='ltr' id='par_1_57' title="bbox 149 3921 1742 4004">
     <span class='ocr_line' id='line_1_57' title="bbox 149 3921 1742 4004; baseline -0.011 -15"><span class='ocrx_word' id='word_1_392' title='bbox 149 3943 507 4004; x_wconf 71' lang='lat' dir='ltr'><strong>acceperunt.</strong></span> <span class='ocrx_word' id='word_1_393' title='bbox 537 3932 781 3999; x_wconf 85' lang='lat' dir='ltr'><strong>Quodam</strong></span> <span class='ocrx_word' id='word_1_394' title='bbox 816 3931 994 3997; x_wconf 70' lang='lat' dir='ltr'><strong>itaque</strong></span> <span class='ocrx_word' id='word_1_395' title='bbox 1019 3936 1278 3995; x_wconf 86' lang='lat' dir='ltr'><strong>tempore,</strong></span> <span class='ocrx_word' id='word_1_396' title='bbox 1309 3935 1413 3976; x_wconf 83' lang='lat' dir='ltr'><strong>etc.</strong></span> <span class='ocrx_word' id='word_1_397' title='bbox 1440 3921 1742 3987; x_wconf 82' lang='lat' dir='ltr'><strong>Sequuntur</strong></span> 
     </span>
    </p>
   </div>
   <div class='ocr_carea' id='block_1_58' title="bbox 96 4011 1744 4094">
    <p class='ocr_par' dir='ltr' id='par_1_58' title="bbox 96 4011 1744 4094">
     <span class='ocr_line' id='line_1_58' title="bbox 96 4011 1744 4094; baseline -0.009 -19"><span class='ocrx_word' id='word_1_398' title='bbox 96 4083 98 4086; x_wconf 18' lang='grc' dir='ltr'>ν</span> <span class='ocrx_word' id='word_1_399' title='bbox 148 4025 405 4083; x_wconf 73' lang='lat' dir='ltr'><strong>miracula</strong></span> <span class='ocrx_word' id='word_1_400' title='bbox 445 4023 604 4094; x_wconf 82' lang='lat' dir='ltr'><strong>plura</strong></span> <span class='ocrx_word' id='word_1_401' title='bbox 626 4063 644 4086; x_wconf 92' lang='lat'><strong>,</strong></span> <span class='ocrx_word' id='word_1_402' title='bbox 685 4037 908 4091; x_wconf 84' lang='lat' dir='ltr'><strong>quorum</strong></span> <span class='ocrx_word' id='word_1_403' title='bbox 935 4079 937 4082; x_wconf 20' lang='lat'><strong>,</strong></span> <span class='ocrx_word' id='word_1_404' title='bbox 960 4017 1233 4086; x_wconf 82' lang='lat' dir='ltr'><strong>Epitomeu</strong></span> <span class='ocrx_word' id='word_1_405' title='bbox 1261 4014 1567 4070; x_wconf 71' lang='lat' dir='ltr'><strong>abtreriatis</strong></span> <span class='ocrx_word' id='word_1_406' title='bbox 1599 4011 1744 4064; x_wconf 79' lang='lat' dir='ltr'><strong>Eud-</strong></span> 
     </span>
    </p>
   </div>
   <div class='ocr_carea' id='block_1_59' title="bbox 147 4102 1794 4180">
    <p class='ocr_par' dir='ltr' id='par_1_59' title="bbox 147 4102 1794 4180">
     <span class='ocr_line' id='line_1_59' title="bbox 147 4102 1794 4180; baseline -0.013 -8"><span class='ocrx_word' id='word_1_407' title='bbox 147 4117 272 4172; x_wconf 61' lang='grc' dir='ltr'><strong>οιαὶ</strong></span> <span class='ocrx_word' id='word_1_408' title='bbox 297 4117 471 4170; x_wconf 80' lang='lat' dir='ltr'><strong>rerbis</strong></span> <span class='ocrx_word' id='word_1_409' title='bbox 499 4114 642 4169; x_wconf 81' lang='lat' dir='ltr'><strong>dedit</strong></span> <span class='ocrx_word' id='word_1_410' title='bbox 679 4111 792 4166; x_wconf 76' lang='lat' dir='ltr'><strong>Vita</strong></span> <span class='ocrx_word' id='word_1_411' title='bbox 813 4108 1070 4180; x_wconf 73' lang='lat' dir='ltr'><strong>Bregwiui</strong></span> <span class='ocrx_word' id='word_1_412' title='bbox 1098 4107 1328 4161; x_wconf 84' lang='lat' dir='ltr'><strong>Osberno</strong></span> <span class='ocrx_word' id='word_1_413' title='bbox 1353 4102 1486 4158; x_wconf 79' lang='lat' dir='ltr'><strong>male</strong></span> <span class='ocrx_word' id='word_1_414' title='bbox 1516 4103 1742 4169; x_wconf 72' lang='lat' dir='ltr'><strong>ascripta</strong></span> <span class='ocrx_word' id='word_1_415' title='bbox 1791 4173 1794 4176; x_wconf 16' lang='lat'><strong><em>.</em></strong></span> 
     </span>
    </p>
   </div>
   <div class='ocr_carea' id='block_1_60' title="bbox 145 4189 1742 4270">
    <p class='ocr_par' dir='ltr' id='par_1_60' title="bbox 145 4189 1742 4270">
     <span class='ocr_line' id='line_1_60' title="bbox 145 4189 1742 4270; baseline -0.011 -8"><span class='ocrx_word' id='word_1_416' title='bbox 145 4220 328 4270; x_wconf 64' lang='lat' dir='ltr'><strong>supra.</strong></span> <span class='ocrx_word' id='word_1_417' title='bbox 375 4204 546 4269; x_wconf 85' lang='lat' dir='ltr'><strong>Plura</strong></span> <span class='ocrx_word' id='word_1_418' title='bbox 599 4201 848 4266; x_wconf 71' lang='lat' dir='ltr'><strong>feruntur</strong></span> <span class='ocrx_word' id='word_1_419' title='bbox 901 4199 952 4253; x_wconf 91' lang='lat' dir='ltr'><strong>in</strong></span> <span class='ocrx_word' id='word_1_420' title='bbox 1009 4198 1150 4250; x_wconf 91' lang='lat' dir='ltr'><strong>hunc</strong></span> <span class='ocrx_word' id='word_1_421' title='bbox 1203 4193 1418 4248; x_wconf 87' lang='lat' dir='ltr'><strong>modum</strong></span> <span class='ocrx_word' id='word_1_422' title='bbox 1467 4191 1532 4246; x_wconf 91' lang='lat' dir='ltr'><strong>de</strong></span> <span class='ocrx_word' id='word_1_423' title='bbox 1584 4189 1742 4244; x_wconf 71' lang='lat' dir='ltr'><strong>b:ato</strong></span> 
     </span>
    </p>
   </div>
   <div class='ocr_carea' id='block_1_61' title="bbox 147 4285 1740 4364">
    <p class='ocr_par' dir='ltr' id='par_1_61' title="bbox 147 4285 1740 4364">
     <span class='ocr_line' id='line_1_61' title="bbox 147 4285 1740 4364; baseline -0.007 -19"><span class='ocrx_word' id='word_1_424' title='bbox 147 4309 301 4358; x_wconf 87' lang='lat' dir='ltr'><strong>vro,</strong></span> <span class='ocrx_word' id='word_1_425' title='bbox 343 4312 475 4364; x_wconf 73' lang='lat' dir='ltr'><strong>qua:</strong></span> <span class='ocrx_word' id='word_1_426' title='bbox 546 4294 725 4347; x_wconf 78' lang='lat' dir='ltr'><strong>onznia</strong></span> <span class='ocrx_word' id='word_1_427' title='bbox 776 4290 1016 4360; x_wconf 60' lang='lat' dir='ltr'><strong>scribere</strong></span> <span class='ocrx_word' id='word_1_428' title='bbox 1063 4287 1212 4345; x_wconf 85' lang='lat' dir='ltr'><strong>nimii</strong></span> <span class='ocrx_word' id='word_1_429' title='bbox 1270 4285 1424 4354; x_wconf 62' lang='lat' dir='ltr'><strong>ponalt</strong></span> <span class='ocrx_word' id='word_1_430' title='bbox 1447 4285 1522 4338; x_wconf 86' lang='lat' dir='ltr'><strong>ris</strong></span> <span class='ocrx_word' id='word_1_431' title='bbox 1574 4292 1740 4337; x_wconf 82' lang='lat' dir='ltr'><strong>esset.</strong></span> 
     </span>
    </p>
   </div>
   <div class='ocr_carea' id='block_1_62' title="bbox 145 4374 1739 4453">
    <p class='ocr_par' dir='ltr' id='par_1_62' title="bbox 145 4374 1739 4453">
     <span class='ocr_line' id='line_1_62' title="bbox 145 4374 1739 4453; baseline -0.007 -16"><span class='ocrx_word' id='word_1_432' title='bbox 145 4385 221 4437; x_wconf 76' lang='lat' dir='ltr'><strong>Ad</strong></span> <span class='ocrx_word' id='word_1_433' title='bbox 261 4386 367 4438; x_wconf 82' lang='lat' dir='ltr'><strong>.lia</strong></span> <span class='ocrx_word' id='word_1_434' title='bbox 412 4382 881 4453; x_wconf 28' lang='lat' dir='ltr'><strong>cr;o‘tendentes,</strong></span> <span class='ocrx_word' id='word_1_435' title='bbox 914 4379 1000 4432; x_wconf 90' lang='lat' dir='ltr'><strong>bu.</strong></span> <span class='ocrx_word' id='word_1_436' title='bbox 1025 4393 1055 4442; x_wconf 83' lang='lat' dir='ltr'><strong>c</strong></span> <span class='ocrx_word' id='word_1_437' title='bbox 1080 4377 1201 4435; x_wconf 63' lang='lat' dir='ltr'><strong>isis</strong></span> <span class='ocrx_word' id='word_1_438' title='bbox 1227 4376 1470 4446; x_wconf 62' lang='lat' dir='ltr'><strong>ponimus</strong></span> <span class='ocrx_word' id='word_1_439' title='bbox 1507 4374 1739 4428; x_wconf 90' lang='lat' dir='ltr'><strong>modum.</strong></span> 
     </span>
    </p>
   </div>
   <div class='ocr_carea' id='block_1_63' title="bbox 1828 1906 3408 1985">
    <p class='ocr_par' dir='ltr' id='par_1_63' title="bbox 1828 1906 3408 1985">
     <span class='ocr_line' id='line_1_63' title="bbox 1828 1906 3408 1985; baseline -0.005 -17"><span class='ocrx_word' id='word_1_440' title='bbox 1828 1915 2057 1972; x_wconf 77' lang='lat' dir='ltr'><strong>ccclesia</strong></span> <span class='ocrx_word' id='word_1_441' title='bbox 2103 1915 2157 1970; x_wconf 91' lang='lat' dir='ltr'><strong>in</strong></span> <span class='ocrx_word' id='word_1_442' title='bbox 2207 1931 2311 1985; x_wconf 91' lang='lat' dir='ltr'><strong>qua</strong></span> <span class='ocrx_word' id='word_1_443' title='bbox 2360 1914 2718 1969; x_wconf 87' lang='lat' dir='ltr'><strong>servabantur</strong></span> <span class='ocrx_word' id='word_1_444' title='bbox 2767 1913 2890 1981; x_wconf 90' lang='lat' dir='ltr'><strong>igne</strong></span> <span class='ocrx_word' id='word_1_445' title='bbox 2935 1909 3291 1979; x_wconf 87' lang='lat' dir='ltr'><strong>consumptis.</strong></span> <span class='ocrx_word' id='word_1_446' title='bbox 3325 1906 3408 1960; x_wconf 76' lang='lat' dir='ltr'><strong>Ex</strong></span> 
     </span>
    </p>
   </div>
   <div class='ocr_carea' id='block_1_64' title="bbox 1827 2001 3407 2078">
    <p class='ocr_par' dir='ltr' id='par_1_64' title="bbox 1827 2001 3407 2078">
     <span class='ocr_line' id='line_1_64' title="bbox 1827 2001 3407 2078; baseline -0.006 -19"><span class='ocrx_word' id='word_1_447' title='bbox 1827 2023 1934 2078; x_wconf 89' lang='lat' dir='ltr'><strong>quo</strong></span> <span class='ocrx_word' id='word_1_448' title='bbox 1967 2008 2129 2062; x_wconf 89' lang='lat' dir='ltr'><strong>robur</strong></span> <span class='ocrx_word' id='word_1_449' title='bbox 2146 2016 2202 2062; x_wconf 90' lang='lat' dir='ltr'><strong>et</strong></span> <span class='ocrx_word' id='word_1_450' title='bbox 2222 2006 2480 2062; x_wconf 76' lang='lat' dir='ltr'><strong>fortitudo</strong></span> <span class='ocrx_word' id='word_1_451' title='bbox 2505 2003 2748 2060; x_wconf 89' lang='lat' dir='ltr'><strong>hostibus</strong></span> <span class='ocrx_word' id='word_1_452' title='bbox 2772 2001 2888 2073; x_wconf 87' lang='lat' dir='ltr'><strong>ejus</strong></span> <span class='ocrx_word' id='word_1_453' title='bbox 2907 2016 3075 2072; x_wconf 90' lang='lat' dir='ltr'><strong>usque</strong></span> <span class='ocrx_word' id='word_1_454' title='bbox 3100 2001 3151 2054; x_wconf 93' lang='lat' dir='ltr'><strong>in</strong></span> <span class='ocrx_word' id='word_1_455' title='bbox 3170 2011 3407 2070; x_wconf 81' lang='lat' dir='ltr'><strong>praesens</strong></span> 
     </span>
    </p>
   </div>
   <div class='ocr_carea' id='block_1_65' title="bbox 1827 2088 3408 2169">
    <p class='ocr_par' dir='ltr' id='par_1_65' title="bbox 1827 2088 3408 2169">
     <span class='ocr_line' id='line_1_65' title="bbox 1827 2088 3408 2169; baseline -0.009 -15"><span class='ocrx_word' id='word_1_456' title='bbox 1827 2109 2012 2156; x_wconf 87' lang='lat' dir='ltr'><strong>contra</strong></span> <span class='ocrx_word' id='word_1_457' title='bbox 2045 2114 2256 2169; x_wconf 78' lang='lat' dir='ltr'><strong>:equum</strong></span> <span class='ocrx_word' id='word_1_458' title='bbox 2288 2096 2537 2161; x_wconf 91' lang='lat' dir='ltr'><strong>increvit,</strong></span> <span class='ocrx_word' id='word_1_459' title='bbox 2568 2103 2624 2150; x_wconf 91' lang='lat' dir='ltr'><strong>et</strong></span> <span class='ocrx_word' id='word_1_460' title='bbox 2645 2094 2813 2148; x_wconf 91' lang='lat' dir='ltr'><strong>multa</strong></span> <span class='ocrx_word' id='word_1_461' title='bbox 2841 2092 3002 2157; x_wconf 88' lang='lat' dir='ltr'><strong>mala,</strong></span> <span class='ocrx_word' id='word_1_462' title='bbox 3030 2088 3408 2160; x_wconf 84' lang='lat' dir='ltr'><strong>oppressiones</strong></span> 
     </span>
    </p>
   </div>
   <div class='ocr_carea' id='block_1_66' title="bbox 1829 2176 3407 2257">
    <p class='ocr_par' dir='ltr' id='par_1_66' title="bbox 1829 2176 3407 2257">
     <span class='ocr_line' id='line_1_66' title="bbox 1829 2176 3407 2257; baseline -0.008 -15"><span class='ocrx_word' id='word_1_463' title='bbox 1829 2199 1884 2243; x_wconf 90' lang='lat' dir='ltr'><strong>et</strong></span> <span class='ocrx_word' id='word_1_464' title='bbox 1909 2188 2159 2244; x_wconf 87' lang='lat' dir='ltr'><strong>scandala</strong></span> <span class='ocrx_word' id='word_1_465' title='bbox 2180 2186 2570 2257; x_wconf 84' lang='lat' dir='ltr'><strong>insurgentium</strong></span> <span class='ocrx_word' id='word_1_466' title='bbox 2598 2183 2829 2238; x_wconf 81' lang='lat' dir='ltr'><strong>ﬁliorum</strong></span> <span class='ocrx_word' id='word_1_467' title='bbox 2855 2197 3017 2252; x_wconf 90' lang='lat' dir='ltr'><strong>super</strong></span> <span class='ocrx_word' id='word_1_468' title='bbox 3040 2194 3158 2236; x_wconf 91' lang='lat' dir='ltr'><strong>eam</strong></span> <span class='ocrx_word' id='word_1_469' title='bbox 3179 2176 3407 2232; x_wconf 80' lang='lat' dir='ltr'><strong>audacia</strong></span> 
     </span>
    </p>
   </div>
   <div class='ocr_carea' id='block_1_67' title="bbox 1829 2268 3410 2340">
    <p class='ocr_par' dir='ltr' id='par_1_67' title="bbox 1829 2268 3410 2340">
     <span class='ocr_line' id='line_1_67' title="bbox 1829 2268 3410 2340; baseline -0.008 -6"><span class='ocrx_word' id='word_1_470' title='bbox 1829 2281 2050 2334; x_wconf 77' lang='lat' dir='ltr'><strong>struxit.</strong></span> <span class='ocrx_word' id='word_1_471' title='bbox 2113 2279 2218 2334; x_wconf 92' lang='lat' dir='ltr'><strong>Sed</strong></span> <span class='ocrx_word' id='word_1_472' title='bbox 2272 2279 2388 2333; x_wconf 63' lang='lat' dir='ltr'><strong>haec</strong></span> <span class='ocrx_word' id='word_1_473' title='bbox 2442 2276 2720 2332; x_wconf 85' lang='lat' dir='ltr'><strong>notissima</strong></span> <span class='ocrx_word' id='word_1_474' title='bbox 2772 2273 3021 2330; x_wconf 91' lang='lat' dir='ltr'><strong>omnibus</strong></span> <span class='ocrx_word' id='word_1_475' title='bbox 3063 2287 3200 2326; x_wconf 88' lang='lat' dir='ltr'><strong>vane</strong></span> <span class='ocrx_word' id='word_1_476' title='bbox 3253 2268 3410 2340; x_wconf 89' lang='lat' dir='ltr'><strong>quasi</strong></span> 
     </span>
    </p>
   </div>
   <div class='ocr_carea' id='block_1_68' title="bbox 1829 2355 3412 2438">
    <p class='ocr_par' dir='ltr' id='par_1_68' title="bbox 1829 2355 3412 2438">
     <span class='ocr_line' id='line_1_68' title="bbox 1829 2355 3412 2438; baseline -0.008 -13"><span class='ocrx_word' id='word_1_477' title='bbox 1829 2373 2056 2426; x_wconf 74' lang='lat' dir='ltr'><strong>aliorum</strong></span> <span class='ocrx_word' id='word_1_478' title='bbox 2085 2355 2292 2427; x_wconf 70' lang='lat' dir='ltr'><strong>notitia:</strong></span> <span class='ocrx_word' id='word_1_479' title='bbox 2320 2367 2607 2424; x_wconf 88' lang='lat' dir='ltr'><strong>scribendo</strong></span> <span class='ocrx_word' id='word_1_480' title='bbox 2648 2365 3035 2438; x_wconf 81' lang='lat' dir='ltr'><strong>significamus.</strong></span> <span class='ocrx_word' id='word_1_481' title='bbox 3072 2365 3412 2434; x_wconf 82' lang='lat' dir='ltr'><strong>Quapropter</strong></span> 
     </span>
    </p>
   </div>
   <div class='ocr_carea' id='block_1_69' title="bbox 1834 2445 3410 2531">
    <p class='ocr_par' dir='ltr' id='par_1_69' title="bbox 1834 2445 3410 2531">
     <span class='ocr_line' id='line_1_69' title="bbox 1834 2445 3410 2531; baseline -0.008 -15"><span class='ocrx_word' id='word_1_482' title='bbox 1834 2464 1953 2518; x_wconf 74' lang='lat' dir='ltr'><strong>is.is</strong></span> <span class='ocrx_word' id='word_1_483' title='bbox 1981 2461 2200 2517; x_wconf 85' lang='lat' dir='ltr'><strong>omissis</strong></span> <span class='ocrx_word' id='word_1_484' title='bbox 2249 2461 2513 2524; x_wconf 85' lang='lat' dir='ltr'><strong>dicamus,</strong></span> <span class='ocrx_word' id='word_1_485' title='bbox 2543 2445 2686 2531; x_wconf 88' lang='lat' dir='ltr'><strong>quod</strong></span> <span class='ocrx_word' id='word_1_486' title='bbox 2731 2465 2856 2528; x_wconf 84' lang='lat' dir='ltr'><strong>post</strong></span> <span class='ocrx_word' id='word_1_487' title='bbox 2911 2455 3057 2512; x_wconf 88' lang='lat' dir='ltr'><strong>istud</strong></span> <span class='ocrx_word' id='word_1_488' title='bbox 3088 2452 3410 2525; x_wconf 87' lang='lat' dir='ltr'><strong>gemendum</strong></span> 
     </span>
    </p>
   </div>
   <div class='ocr_carea' id='block_1_70' title="bbox 1791 2549 3410 2632">
    <p class='ocr_par' dir='ltr' id='par_1_70' title="bbox 1791 2549 3410 2632">
     <span class='ocr_line' id='line_1_70' title="bbox 1791 2549 3410 2632; baseline -0.009 -23"><span class='ocrx_word' id='word_1_489' title='bbox 1791 2625 1799 2632; x_wconf 86' lang='lat'><strong><em>_</em></strong></span> <span class='ocrx_word' id='word_1_490' title='bbox 1832 2555 2136 2610; x_wconf 87' lang='lat' dir='ltr'><strong>incendium</strong></span> <span class='ocrx_word' id='word_1_491' title='bbox 2167 2567 2394 2622; x_wconf 81' lang='lat' dir='ltr'><strong>corpora</strong></span> <span class='ocrx_word' id='word_1_492' title='bbox 2425 2549 2740 2620; x_wconf 88' lang='lat' dir='ltr'><strong>pontificmn</strong></span> <span class='ocrx_word' id='word_1_493' title='bbox 2786 2561 2946 2618; x_wconf 89' lang='lat' dir='ltr'><strong>supra</strong></span> <span class='ocrx_word' id='word_1_494' title='bbox 2983 2552 3410 2600; x_wconf 81' lang='lat' dir='ltr'><strong>memoratarum</strong></span> 
     </span>
    </p>
   </div>
   <div class='ocr_carea' id='block_1_71' title="bbox 1831 2635 3411 2713">
    <p class='ocr_par' dir='ltr' id='par_1_71' title="bbox 1831 2635 3411 2713">
     <span class='ocr_line' id='line_1_71' title="bbox 1831 2635 3411 2713; baseline -0.006 -15"><span class='ocrx_word' id='word_1_495' title='bbox 1831 2648 1944 2703; x_wconf 75' lang='lat' dir='ltr'><strong>suis</strong></span> <span class='ocrx_word' id='word_1_496' title='bbox 1970 2646 2162 2705; x_wconf 82' lang='lat' dir='ltr'><strong>loculis</strong></span> <span class='ocrx_word' id='word_1_497' title='bbox 2190 2646 2409 2702; x_wconf 85' lang='lat' dir='ltr'><strong>immota</strong></span> <span class='ocrx_word' id='word_1_498' title='bbox 2443 2641 2816 2713; x_wconf 78' lang='lat' dir='ltr'><strong>quiescebant,</strong></span> <span class='ocrx_word' id='word_1_499' title='bbox 2845 2639 3018 2694; x_wconf 90' lang='lat' dir='ltr'><strong>donec</strong></span> <span class='ocrx_word' id='word_1_500' title='bbox 3042 2637 3131 2692; x_wconf 90' lang='lat' dir='ltr'><strong>ille</strong></span> <span class='ocrx_word' id='word_1_501' title='bbox 3167 2635 3411 2690; x_wconf 89' lang='lat' dir='ltr'><strong>virorum</strong></span> 
     </span>
    </p>
   </div>
   <div class='ocr_carea' id='block_1_72' title="bbox 1832 2727 3416 2794">
    <p class='ocr_par' dir='ltr' id='par_1_72' title="bbox 1832 2727 3416 2794">
     <span class='ocr_line' id='line_1_72' title="bbox 1832 2727 3416 2794; baseline -0.009 0"><span class='ocrx_word' id='word_1_502' title='bbox 1832 2737 2242 2794; x_wconf 79' lang='lat' dir='ltr'><strong>strenuissimus</strong></span> <span class='ocrx_word' id='word_1_503' title='bbox 2296 2745 2351 2790; x_wconf 85' lang='lat' dir='ltr'><strong>et</strong></span> <span class='ocrx_word' id='word_1_504' title='bbox 2413 2750 2534 2789; x_wconf 90' lang='lat' dir='ltr'><strong>cum</strong></span> <span class='ocrx_word' id='word_1_505' title='bbox 2590 2731 2739 2790; x_wconf 90' lang='lat' dir='ltr'><strong>omni</strong></span> <span class='ocrx_word' id='word_1_506' title='bbox 2801 2732 3006 2787; x_wconf 88' lang='lat' dir='ltr'><strong>honore</strong></span> <span class='ocrx_word' id='word_1_507' title='bbox 3056 2727 3416 2784; x_wconf 87' lang='lat' dir='ltr'><strong>nominandus</strong></span> 
     </span>
    </p>
   </div>
   <div class='ocr_carea' id='block_1_73' title="bbox 1833 2809 3416 2882">
    <p class='ocr_par' dir='ltr' id='par_1_73' title="bbox 1833 2809 3416 2882">
     <span class='ocr_line' id='line_1_73' title="bbox 1833 2809 3416 2882; baseline -0.006 0"><span class='ocrx_word' id='word_1_508' title='bbox 1833 2821 2176 2882; x_wconf 74' lang='lat' dir='ltr'><strong>Lanfraacus</strong></span> <span class='ocrx_word' id='word_1_509' title='bbox 2225 2825 2470 2881; x_wconf 87' lang='lat' dir='ltr'><strong>videlicet</strong></span> <span class='ocrx_word' id='word_1_510' title='bbox 2545 2820 2896 2880; x_wconf 82' lang='lat' dir='ltr'><strong>Cadomeusis</strong></span> <span class='ocrx_word' id='word_1_511' title='bbox 2952 2809 3181 2876; x_wconf 68' lang='lat' dir='ltr'><strong>cdnobii</strong></span> <span class='ocrx_word' id='word_1_512' title='bbox 3249 2818 3416 2873; x_wconf 86' lang='lat' dir='ltr'><strong>abbas</strong></span> 
     </span>
    </p>
   </div>
   <div class='ocr_carea' id='block_1_74' title="bbox 1832 2909 3416 2988">
    <p class='ocr_par' dir='ltr' id='par_1_74' title="bbox 1832 2909 3416 2988">
     <span class='ocr_line' id='line_1_74' title="bbox 1832 2909 3416 2988; baseline -0.011 -15"><span class='ocrx_word' id='word_1_513' title='bbox 1832 2919 2299 2988; x_wconf 61' lang='lat' dir='ltr'><strong>archiepismpatu</strong></span> <span class='ocrx_word' id='word_1_514' title='bbox 2340 2914 2714 2972; x_wconf 61' lang='lat' dir='ltr'><strong>CantuarTensi</strong></span> <span class='ocrx_word' id='word_1_515' title='bbox 2765 2911 2983 2968; x_wconf 85' lang='lat' dir='ltr'><strong>functus</strong></span> <span class='ocrx_word' id='word_1_516' title='bbox 3009 2920 3109 2966; x_wconf 90' lang='lat' dir='ltr'><strong>est.</strong></span> <span class='ocrx_word' id='word_1_517' title='bbox 3142 2910 3191 2964; x_wconf 93' lang='lat' dir='ltr'><strong>ls</strong></span> <span class='ocrx_word' id='word_1_518' title='bbox 3219 2909 3416 2979; x_wconf 78' lang='lat' dir='ltr'><strong>quippe</strong></span> 
     </span>
    </p>
   </div>
   <div class='ocr_carea' id='block_1_75' title="bbox 1835 2996 3416 3076">
    <p class='ocr_par' dir='ltr' id='par_1_75' title="bbox 1835 2996 3416 3076">
     <span class='ocr_line' id='line_1_75' title="bbox 1835 2996 3416 3076; baseline -0.009 -12"><span class='ocrx_word' id='word_1_519' title='bbox 1835 3009 2016 3064; x_wconf 90' lang='lat' dir='ltr'><strong>omnia</strong></span> <span class='ocrx_word' id='word_1_520' title='bbox 2045 3023 2163 3076; x_wconf 72' lang='lat' dir='ltr'><strong>qua:</strong></span> <span class='ocrx_word' id='word_1_521' title='bbox 2189 3006 2453 3062; x_wconf 87' lang='lat' dir='ltr'><strong>combusti</strong></span> <span class='ocrx_word' id='word_1_522' title='bbox 2495 3002 2814 3064; x_wconf 87' lang='lat' dir='ltr'><strong>monasterii</strong></span> <span class='ocrx_word' id='word_1_523' title='bbox 2845 2999 3043 3071; x_wconf 88' lang='lat' dir='ltr'><strong>reperit</strong></span> <span class='ocrx_word' id='word_1_524' title='bbox 3071 2997 3152 3054; x_wconf 86' lang='lat' dir='ltr'><strong>vel</strong></span> <span class='ocrx_word' id='word_1_525' title='bbox 3188 2996 3416 3052; x_wconf 71' lang='lat' dir='ltr'><strong>aedificia</strong></span> 
     </span>
    </p>
   </div>
   <div class='ocr_carea' id='block_1_76' title="bbox 1839 3096 3415 3158">
    <p class='ocr_par' dir='ltr' id='par_1_76' title="bbox 1839 3096 3415 3158">
     <span class='ocr_line' id='line_1_76' title="bbox 1839 3096 3415 3158; baseline -0.008 -6"><span class='ocrx_word' id='word_1_526' title='bbox 1839 3098 1920 3153; x_wconf 87' lang='lat' dir='ltr'><strong>vel</strong></span> <span class='ocrx_word' id='word_1_527' title='bbox 1947 3096 2295 3153; x_wconf 72' lang='lat' dir='ltr'><strong>aedificiorum</strong></span> <span class='ocrx_word' id='word_1_528' title='bbox 2323 3096 2519 3150; x_wconf 88' lang='lat' dir='ltr'><strong>detrita</strong></span> <span class='ocrx_word' id='word_1_529' title='bbox 2544 3101 2888 3147; x_wconf 78' lang='lat' dir='ltr'><strong>tuonumenta</strong></span> <span class='ocrx_word' id='word_1_530' title='bbox 2915 3101 3072 3146; x_wconf 77' lang='lat' dir='ltr'><strong>terra:</strong></span> <span class='ocrx_word' id='word_1_531' title='bbox 3100 3101 3415 3158; x_wconf 62' lang='lat' dir='ltr'><strong>tamquam,</strong></span> 
     </span>
    </p>
   </div>
   <div class='ocr_carea' id='block_1_77' title="bbox 1840 3182 3416 3262">
    <p class='ocr_par' dir='ltr' id='par_1_77' title="bbox 1840 3182 3416 3262">
     <span class='ocr_line' id='line_1_77' title="bbox 1840 3182 3416 3262; baseline -0.01 -15"><span class='ocrx_word' id='word_1_532' title='bbox 1840 3200 1894 3247; x_wconf 86' lang='lat' dir='ltr'><strong>et</strong></span> <span class='ocrx_word' id='word_1_533' title='bbox 1915 3207 2035 3262; x_wconf 71' lang='lat' dir='ltr'><strong>qum</strong></span> <span class='ocrx_word' id='word_1_534' title='bbox 2055 3192 2155 3246; x_wconf 88' lang='lat' dir='ltr'><strong>sub</strong></span> <span class='ocrx_word' id='word_1_535' title='bbox 2181 3199 2326 3245; x_wconf 85' lang='lat' dir='ltr'><strong>terra</strong></span> <span class='ocrx_word' id='word_1_536' title='bbox 2359 3197 2514 3243; x_wconf 90' lang='lat' dir='ltr'><strong>erant</strong></span> <span class='ocrx_word' id='word_1_537' title='bbox 2543 3186 2892 3241; x_wconf 84' lang='lat' dir='ltr'><strong>fundamenta</strong></span> <span class='ocrx_word' id='word_1_538' title='bbox 2918 3182 3194 3244; x_wconf 76' lang='lat' dir='ltr'><strong>el&#39;lodiens,</strong></span> <span class='ocrx_word' id='word_1_539' title='bbox 3223 3187 3416 3234; x_wconf 88' lang='lat' dir='ltr'><strong>cuncta</strong></span> 
     </span>
    </p>
   </div>
   <div class='ocr_carea' id='block_1_78' title="bbox 1840 3272 3417 3353">
    <p class='ocr_par' dir='ltr' id='par_1_78' title="bbox 1840 3272 3417 3353">
     <span class='ocr_line' id='line_1_78' title="bbox 1840 3272 3417 3353; baseline -0.01 -13"><span class='ocrx_word' id='word_1_540' title='bbox 1840 3300 1979 3340; x_wconf 91' lang='lat' dir='ltr'><strong>nova</strong></span> <span class='ocrx_word' id='word_1_541' title='bbox 2006 3284 2298 3342; x_wconf 79' lang='lat' dir='ltr'><strong>exstruxit.</strong></span> <span class='ocrx_word' id='word_1_542' title='bbox 2333 3292 2390 3337; x_wconf 88' lang='lat' dir='ltr'><strong>et</strong></span> <span class='ocrx_word' id='word_1_543' title='bbox 2436 3281 2689 3353; x_wconf 68' lang='lat' dir='ltr'><strong>prmfatos</strong></span> <span class='ocrx_word' id='word_1_544' title='bbox 2737 3279 3010 3338; x_wconf 78' lang='lat' dir='ltr'><strong>antistites</strong></span> <span class='ocrx_word' id='word_1_545' title='bbox 3052 3273 3216 3332; x_wconf 86' lang='lat' dir='ltr'><strong>levari</strong></span> <span class='ocrx_word' id='word_1_546' title='bbox 3258 3289 3322 3328; x_wconf 89' lang='lat' dir='ltr'><strong>ac</strong></span> <span class='ocrx_word' id='word_1_547' title='bbox 3361 3272 3417 3327; x_wconf 87' lang='lat' dir='ltr'><strong>in</strong></span> 
     </span>
    </p>
   </div>
   <div class='ocr_carea' id='block_1_79' title="bbox 1841 3371 3419 3437">
    <p class='ocr_par' dir='ltr' id='par_1_79' title="bbox 1841 3371 3419 3437">
     <span class='ocr_line' id='line_1_79' title="bbox 1841 3371 3419 3437; baseline -0.008 -8"><span class='ocrx_word' id='word_1_548' title='bbox 1841 3383 1956 3429; x_wconf 91' lang='lat' dir='ltr'><strong>tuto</strong></span> <span class='ocrx_word' id='word_1_549' title='bbox 2029 3374 2194 3428; x_wconf 88' lang='lat' dir='ltr'><strong>locari</strong></span> <span class='ocrx_word' id='word_1_550' title='bbox 2241 3371 2552 3436; x_wconf 88' lang='lat' dir='ltr'><strong>constituit,</strong></span> <span class='ocrx_word' id='word_1_551' title='bbox 2605 3371 2780 3425; x_wconf 90' lang='lat' dir='ltr'><strong>donec</strong></span> <span class='ocrx_word' id='word_1_552' title='bbox 2827 3384 2890 3424; x_wconf 89' lang='lat' dir='ltr'><strong>ea</strong></span> <span class='ocrx_word' id='word_1_553' title='bbox 2958 3381 3117 3437; x_wconf 89' lang='lat' dir='ltr'><strong>quam</strong></span> <span class='ocrx_word' id='word_1_554' title='bbox 3176 3371 3419 3435; x_wconf 61' lang='lat' dir='ltr'><strong>coeperat</strong></span> 
     </span>
    </p>
   </div>
   <div class='ocr_carea' id='block_1_80' title="bbox 1839 3453 3414 3529">
    <p class='ocr_par' dir='ltr' id='par_1_80' title="bbox 1839 3453 3414 3529">
     <span class='ocr_line' id='line_1_80' title="bbox 1839 3453 3414 3529; baseline -0.011 -7"><span class='ocrx_word' id='word_1_555' title='bbox 1839 3465 2070 3522; x_wconf 88' lang='lat' dir='ltr'><strong>ecclesia</strong></span> <span class='ocrx_word' id='word_1_556' title='bbox 2100 3464 2243 3519; x_wconf 86' lang='lat' dir='ltr'><strong>facta</strong></span> <span class='ocrx_word' id='word_1_557' title='bbox 2272 3472 2440 3524; x_wconf 87' lang='lat' dir='ltr'><strong>esset,</strong></span> <span class='ocrx_word' id='word_1_558' title='bbox 2470 3462 2521 3515; x_wconf 91' lang='lat' dir='ltr'><strong>in</strong></span> <span class='ocrx_word' id='word_1_559' title='bbox 2576 3476 2679 3529; x_wconf 90' lang='lat' dir='ltr'><strong>qua</strong></span> <span class='ocrx_word' id='word_1_560' title='bbox 2705 3461 2960 3514; x_wconf 77' lang='lat' dir='ltr'><strong>decenter</strong></span> <span class='ocrx_word' id='word_1_561' title='bbox 3004 3455 3128 3525; x_wconf 87' lang='lat' dir='ltr'><strong>poni</strong></span> <span class='ocrx_word' id='word_1_562' title='bbox 3157 3453 3414 3509; x_wconf 86' lang='lat' dir='ltr'><strong>valerent.</strong></span> 
     </span>
    </p>
   </div>
   <div class='ocr_carea' id='block_1_81' title="bbox 1841 3543 3418 3619">
    <p class='ocr_par' dir='ltr' id='par_1_81' title="bbox 1841 3543 3418 3619">
     <span class='ocr_line' id='line_1_81' title="bbox 1841 3543 3418 3619; baseline -0.012 -6"><span class='ocrx_word' id='word_1_563' title='bbox 1841 3557 1908 3614; x_wconf 87' lang='lat' dir='ltr'><strong>Et</strong></span> <span class='ocrx_word' id='word_1_564' title='bbox 1933 3553 2004 3611; x_wconf 80' lang='lat' dir='ltr'><strong>ita</strong></span> <span class='ocrx_word' id='word_1_565' title='bbox 2045 3554 2244 3610; x_wconf 86' lang='lat' dir='ltr'><strong>factum</strong></span> <span class='ocrx_word' id='word_1_566' title='bbox 2275 3562 2376 3607; x_wconf 73' lang='lat' dir='ltr'><strong>ist.</strong></span> <span class='ocrx_word' id='word_1_567' title='bbox 2412 3552 2538 3606; x_wconf 83' lang='lat' dir='ltr'><strong>l’ost</strong></span> <span class='ocrx_word' id='word_1_568' title='bbox 2564 3550 2769 3619; x_wconf 89' lang='lat' dir='ltr'><strong>aliquot</strong></span> <span class='ocrx_word' id='word_1_569' title='bbox 2825 3562 2999 3602; x_wconf 88' lang='lat' dir='ltr'><strong>annos</strong></span> <span class='ocrx_word' id='word_1_570' title='bbox 3054 3548 3104 3599; x_wconf 94' lang='lat' dir='ltr'><strong>in</strong></span> <span class='ocrx_word' id='word_1_571' title='bbox 3135 3543 3418 3600; x_wconf 84' lang='lat' dir='ltr'><strong>ecclesiam</strong></span> 
     </span>
    </p>
   </div>
   <div class='ocr_carea' id='block_1_82' title="bbox 1835 3637 3422 3720">
    <p class='ocr_par' dir='ltr' id='par_1_82' title="bbox 1835 3637 3422 3720">
     <span class='ocr_line' id='line_1_82' title="bbox 1835 3637 3422 3720; baseline -0.011 -15"><span class='ocrx_word' id='word_1_572' title='bbox 1835 3650 1944 3720; x_wconf 88' lang='lat' dir='ltr'><strong>jam</strong></span> <span class='ocrx_word' id='word_1_573' title='bbox 1980 3646 2252 3702; x_wconf 86' lang='lat' dir='ltr'><strong>fundatam</strong></span> <span class='ocrx_word' id='word_1_574' title='bbox 2279 3643 2408 3697; x_wconf 83' lang='lat' dir='ltr'><strong>illati</strong></span> <span class='ocrx_word' id='word_1_575' title='bbox 2441 3651 2587 3708; x_wconf 88' lang='lat' dir='ltr'><strong>sunt,</strong></span> <span class='ocrx_word' id='word_1_576' title='bbox 2614 3650 2668 3695; x_wconf 89' lang='lat' dir='ltr'><strong>et</strong></span> <span class='ocrx_word' id='word_1_577' title='bbox 2695 3641 2744 3694; x_wconf 90' lang='lat' dir='ltr'><strong>in</strong></span> <span class='ocrx_word' id='word_1_578' title='bbox 2769 3637 3053 3708; x_wconf 82' lang='lat' dir='ltr'><strong>aquilonali</strong></span> <span class='ocrx_word' id='word_1_579' title='bbox 3088 3643 3238 3705; x_wconf 79' lang='lat' dir='ltr'><strong>parte</strong></span> <span class='ocrx_word' id='word_1_580' title='bbox 3259 3648 3422 3704; x_wconf 79' lang='lat' dir='ltr'><strong>super</strong></span> 
     </span>
    </p>
   </div>
   <div class='ocr_carea' id='block_1_83' title="bbox 1843 3725 3418 3806">
    <p class='ocr_par' dir='ltr' id='par_1_83' title="bbox 1843 3725 3418 3806">
     <span class='ocr_line' id='line_1_83' title="bbox 1843 3725 3418 3806; baseline -0.008 -16"><span class='ocrx_word' id='word_1_581' title='bbox 1843 3739 2046 3794; x_wconf 87' lang='lat' dir='ltr'><strong>voltutn</strong></span> <span class='ocrx_word' id='word_1_582' title='bbox 2100 3735 2292 3806; x_wconf 77' lang='lat' dir='ltr'><strong>singuli</strong></span> <span class='ocrx_word' id='word_1_583' title='bbox 2357 3734 2458 3786; x_wconf 84' lang='lat' dir='ltr'><strong>sub</strong></span> <span class='ocrx_word' id='word_1_584' title='bbox 2524 3731 2751 3798; x_wconf 85' lang='lat' dir='ltr'><strong>singulis</strong></span> <span class='ocrx_word' id='word_1_585' title='bbox 2805 3729 2994 3796; x_wconf 72' lang='lat' dir='ltr'><strong>ligneis</strong></span> <span class='ocrx_word' id='word_1_586' title='bbox 3047 3725 3277 3788; x_wconf 71' lang='lat' dir='ltr'><strong>locellis,</strong></span> <span class='ocrx_word' id='word_1_587' title='bbox 3330 3726 3418 3778; x_wconf 78' lang='lat' dir='ltr'><strong>ubi</strong></span> 
     </span>
    </p>
   </div>
   <div class='ocr_carea' id='block_1_84' title="bbox 1843 3816 3420 3899">
    <p class='ocr_par' dir='ltr' id='par_1_84' title="bbox 1843 3816 3420 3899">
     <span class='ocr_line' id='line_1_84' title="bbox 1843 3816 3420 3899; baseline -0.007 -18"><span class='ocrx_word' id='word_1_588' title='bbox 1843 3830 2078 3899; x_wconf 75' lang='lat' dir='ltr'><strong>quotidie</strong></span> <span class='ocrx_word' id='word_1_589' title='bbox 2125 3826 2436 3898; x_wconf 67' lang='lat' dir='ltr'><strong>thyslrl‘itlttl</strong></span> <span class='ocrx_word' id='word_1_590' title='bbox 2488 3821 2740 3877; x_wconf 72' lang='lat' dir='ltr'><strong>sacrificii</strong></span> <span class='ocrx_word' id='word_1_591' title='bbox 2784 3818 3039 3886; x_wconf 73' lang='lat' dir='ltr'><strong>salutatis</strong></span> <span class='ocrx_word' id='word_1_592' title='bbox 3091 3816 3420 3878; x_wconf 61' lang='lat' dir='ltr'><strong>celel‘ratur,</strong></span> 
     </span>
    </p>
   </div>
   <div class='ocr_carea' id='block_1_85' title="bbox 1844 3897 3428 3990">
    <p class='ocr_par' dir='ltr' id='par_1_85' title="bbox 1844 3897 3428 3990">
     <span class='ocr_line' id='line_1_85' title="bbox 1844 3897 3428 3990; baseline -0.01 -16"><span class='ocrx_word' id='word_1_593' title='bbox 1844 3921 2001 3990; x_wconf 88' lang='lat' dir='ltr'><strong>positi</strong></span> <span class='ocrx_word' id='word_1_594' title='bbox 2034 3897 2189 3972; x_wconf 49' lang='lat' dir='ltr'><strong>sunt.</strong></span> <span class='ocrx_word' id='word_1_595' title='bbox 2212 3916 2302 3970; x_wconf 87' lang='lat' dir='ltr'><strong>llis</strong></span> <span class='ocrx_word' id='word_1_596' title='bbox 2331 3915 2402 3967; x_wconf 92' lang='lat' dir='ltr'><strong>ita</strong></span> <span class='ocrx_word' id='word_1_597' title='bbox 2426 3911 2721 3980; x_wconf 82' lang='lat' dir='ltr'><strong>dispositis,</strong></span> <span class='ocrx_word' id='word_1_598' title='bbox 2749 3897 2886 3962; x_wconf 87' lang='lat' dir='ltr'><strong>forte</strong></span> <span class='ocrx_word' id='word_1_599' title='bbox 2918 3907 3002 3960; x_wconf 84' lang='lat' dir='ltr'><strong>die</strong></span> <span class='ocrx_word' id='word_1_600' title='bbox 3021 3905 3253 3974; x_wconf 84' lang='lat' dir='ltr'><strong>quadam</strong></span> <span class='ocrx_word' id='word_1_601' title='bbox 3281 3917 3428 3958; x_wconf 73' lang='grc' dir='ltr'>ιιιιιιι</span> 
     </span>
    </p>
   </div>
   <div class='ocr_carea' id='block_1_86' title="bbox 1843 4002 3431 4072">
    <p class='ocr_par' dir='ltr' id='par_1_86' title="bbox 1843 4002 3431 4072">
     <span class='ocr_line' id='line_1_86' title="bbox 1843 4002 3431 4072; baseline -0.014 -1"><span class='ocrx_word' id='word_1_602' title='bbox 1843 4032 1908 4072; x_wconf 83' lang='lat' dir='ltr'><strong>ex</strong></span> <span class='ocrx_word' id='word_1_603' title='bbox 1973 4013 2232 4068; x_wconf 80' lang='lat' dir='ltr'><strong>fratribus</strong></span> <span class='ocrx_word' id='word_1_604' title='bbox 2277 4007 2517 4063; x_wconf 73' lang='lat' dir='ltr'><strong>ecclesia:</strong></span> <span class='ocrx_word' id='word_1_605' title='bbox 2541 4006 2592 4060; x_wconf 91' lang='lat' dir='ltr'><strong>in</strong></span> <span class='ocrx_word' id='word_1_606' title='bbox 2642 4017 2860 4058; x_wconf 66' lang='lat' dir='ltr'><strong>scan-no</strong></span> <span class='ocrx_word' id='word_1_607' title='bbox 2889 4002 3081 4056; x_wconf 77' lang='lat' dir='ltr'><strong>:edcns</strong></span> <span class='ocrx_word' id='word_1_608' title='bbox 3132 4013 3313 4053; x_wconf 87' lang='lat' dir='ltr'><strong>coram</strong></span> <span class='ocrx_word' id='word_1_609' title='bbox 3342 4011 3431 4060; x_wconf 77' lang='lat' dir='ltr'><strong>:e-</strong></span> 
     </span>
    </p>
   </div>
   <div class='ocr_carea' id='block_1_87' title="bbox 1845 4088 3426 4178">
    <p class='ocr_par' dir='ltr' id='par_1_87' title="bbox 1845 4088 3426 4178">
     <span class='ocr_line' id='line_1_87' title="bbox 1845 4088 3426 4178; baseline -0.012 -17"><span class='ocrx_word' id='word_1_610' title='bbox 1845 4108 2030 4178; x_wconf 90' lang='lat' dir='ltr'><strong>pulcro</strong></span> <span class='ocrx_word' id='word_1_611' title='bbox 2077 4104 2219 4160; x_wconf 86' lang='lat' dir='ltr'><strong>beati</strong></span> <span class='ocrx_word' id='word_1_612' title='bbox 2284 4098 2574 4170; x_wconf 82' lang='lat' dir='ltr'><strong>Bregwini,</strong></span> <span class='ocrx_word' id='word_1_613' title='bbox 2657 4105 2762 4148; x_wconf 78' lang='lat' dir='ltr'><strong>etc.</strong></span> <span class='ocrx_word' id='word_1_614' title='bbox 2820 4094 3123 4159; x_wconf 82' lang='lat' dir='ltr'><strong>Sequuntur</strong></span> <span class='ocrx_word' id='word_1_615' title='bbox 3170 4088 3426 4147; x_wconf 56' lang='lat' dir='ltr'><strong>miracula</strong></span> 
     </span>
    </p>
   </div>
   <div class='ocr_carea' id='block_1_88' title="bbox 1845 4181 3419 4266">
    <p class='ocr_par' dir='ltr' id='par_1_88' title="bbox 1845 4181 3419 4266">
     <span class='ocr_line' id='line_1_88' title="bbox 1845 4181 3419 4266; baseline -0.01 -15"><span class='ocrx_word' id='word_1_616' title='bbox 1845 4199 1988 4254; x_wconf 81' lang='lat' dir='ltr'><strong>bina.</strong></span> <span class='ocrx_word' id='word_1_617' title='bbox 2020 4197 2082 4250; x_wconf 81' lang='lat' dir='ltr'><strong>de</strong></span> <span class='ocrx_word' id='word_1_618' title='bbox 2111 4195 2296 4266; x_wconf 80' lang='lat' dir='ltr'><strong>quibus</strong></span> <span class='ocrx_word' id='word_1_619' title='bbox 2343 4191 2528 4245; x_wconf 80' lang='lat' dir='ltr'><strong>videsis</strong></span> <span class='ocrx_word' id='word_1_620' title='bbox 2577 4187 2847 4257; x_wconf 82' lang='lat' dir='ltr'><strong>Epilomen</strong></span> <span class='ocrx_word' id='word_1_621' title='bbox 2881 4183 3113 4238; x_wconf 80' lang='lat' dir='ltr'><strong>Osberuo</strong></span> <span class='ocrx_word' id='word_1_622' title='bbox 3159 4181 3293 4255; x_wconf 76' lang='lat' dir='ltr'><strong>[also</strong></span> <span class='ocrx_word' id='word_1_623' title='bbox 3335 4181 3419 4258; x_wconf 77' lang='lat' dir='ltr'><strong>iu-</strong></span> 
     </span>
    </p>
   </div>
   <div class='ocr_carea' id='block_1_89' title="bbox 1842 4272 3423 4359">
    <p class='ocr_par' dir='ltr' id='par_1_89' title="bbox 1842 4272 3423 4359">
     <span class='ocr_line' id='line_1_89' title="bbox 1842 4272 3423 4359; baseline -0.013 -15"><span class='ocrx_word' id='word_1_624' title='bbox 1842 4291 2092 4359; x_wconf 79' lang='lat' dir='ltr'><strong>srriptam</strong></span> <span class='ocrx_word' id='word_1_625' title='bbox 2153 4303 2334 4356; x_wconf 81' lang='lat' dir='ltr'><strong>supra.</strong></span> <span class='ocrx_word' id='word_1_626' title='bbox 2386 4283 2451 4337; x_wconf 85' lang='lat' dir='ltr'><strong>Et</strong></span> <span class='ocrx_word' id='word_1_627' title='bbox 2506 4272 2745 4350; x_wconf 77' lang='lat' dir='ltr'><strong>quidem,</strong></span> <span class='ocrx_word' id='word_1_628' title='bbox 2805 4275 3078 4347; x_wconf 72' lang='lat' dir='ltr'><strong>utlmulti</strong></span> <span class='ocrx_word' id='word_1_629' title='bbox 3125 4273 3343 4344; x_wconf 56' lang='lat' dir='ltr'><strong>aﬂirgna.</strong></span> <span class='ocrx_word' id='word_1_630' title='bbox 3374 4282 3423 4336; x_wconf 79' lang='grc' dir='ltr'><strong>ι,</strong></span> 
     </span>
    </p>
   </div>
   <div class='ocr_carea' id='block_1_90' title="bbox 1847 4361 3429 4437">
    <p class='ocr_par' dir='ltr' id='par_1_90' title="bbox 1847 4361 3429 4437">
     <span class='ocr_line' id='line_1_90' title="bbox 1847 4361 3429 4437; baseline -0.015 0"><span class='ocrx_word' id='word_1_631' title='bbox 1847 4385 1991 4437; x_wconf 86' lang='lat' dir='ltr'><strong>lmnc</strong></span> <span class='ocrx_word' id='word_1_632' title='bbox 2047 4379 2189 4433; x_wconf 91' lang='lat' dir='ltr'><strong>inter</strong></span> <span class='ocrx_word' id='word_1_633' title='bbox 2238 4361 2300 4432; x_wconf 82' lang='lat' dir='ltr'><strong>se</strong></span> <span class='ocrx_word' id='word_1_634' title='bbox 2369 4387 2574 4428; x_wconf 89' lang='lat' dir='ltr'><strong>morem</strong></span> <span class='ocrx_word' id='word_1_635' title='bbox 2637 4370 2880 4424; x_wconf 83' lang='lat' dir='ltr'><strong>Saxones</strong></span> <span class='ocrx_word' id='word_1_636' title='bbox 2931 4365 3274 4436; x_wconf 64' lang='lat' dir='ltr'><strong>praestantius</strong></span> <span class='ocrx_word' id='word_1_637' title='bbox 3332 4363 3429 4416; x_wconf 83' lang='lat' dir='ltr'><strong>ha-</strong></span> 
     </span>
    </p>
   </div>
   <div class='ocr_carea' id='block_1_91' title="bbox 215 4451 3431 4560">
    <p class='ocr_par' dir='ltr' id='par_1_91' title="bbox 215 4451 3431 4560">
     <span class='ocr_line' id='line_1_91' title="bbox 215 4451 3431 4560; baseline -0.008 -31"><span class='ocrx_word' id='word_1_638' title='bbox 215 4475 587 4540; x_wconf 72' lang='lat' dir='ltr'><strong>Transieiunt</strong></span> <span class='ocrx_word' id='word_1_639' title='bbox 625 4475 803 4544; x_wconf 87' lang='lat' dir='ltr'><strong>plures</strong></span> <span class='ocrx_word' id='word_1_640' title='bbox 825 4471 1276 4544; x_wconf 68' lang='lat' dir='ltr'><strong>amnicum-pus</strong></span> <span class='ocrx_word' id='word_1_641' title='bbox 1306 4465 1420 4535; x_wconf 73' lang='lat' dir='ltr'><strong>i-jns</strong></span> <span class='ocrx_word' id='word_1_642' title='bbox 1455 4467 1554 4522; x_wconf 84' lang='lat' dir='ltr'><strong>soh</strong></span> <span class='ocrx_word' id='word_1_643' title='bbox 1585 4481 1743 4520; x_wconf 84' lang='lat' dir='ltr'><strong>vcnc-</strong></span> <span class='ocrx_word' id='word_1_644' title='bbox 1851 4474 1996 4539; x_wconf 82' lang='lat' dir='ltr'><strong>lu-nt,</strong></span> <span class='ocrx_word' id='word_1_645' title='bbox 2044 4479 2102 4524; x_wconf 91' lang='lat' dir='ltr'><strong>ut</strong></span> <span class='ocrx_word' id='word_1_646' title='bbox 2159 4466 2389 4537; x_wconf 86' lang='lat' dir='ltr'><strong>majores</strong></span> <span class='ocrx_word' id='word_1_647' title='bbox 2438 4478 2564 4519; x_wconf 88' lang='lat' dir='ltr'><strong>suos</strong></span> <span class='ocrx_word' id='word_1_648' title='bbox 2605 4461 2820 4534; x_wconf 72' lang='lat' dir='ltr'><strong>dignius</strong></span> <span class='ocrx_word' id='word_1_649' title='bbox 2886 4459 3151 4526; x_wconf 74' lang='lat' dir='ltr'><strong>honorent</strong></span> <span class='ocrx_word' id='word_1_650' title='bbox 3198 4465 3250 4521; x_wconf 79' lang='lat' dir='ltr'><strong>et</strong></span> <span class='ocrx_word' id='word_1_651' title='bbox 3295 4454 3431 4507; x_wconf 84' lang='lat' dir='ltr'><strong>irrc-</strong></span> 
     </span>
    </p>
   </div>
   <div class='ocr_carea' id='block_1_92' title="bbox 146 4556 1742 4634">
    <p class='ocr_par' dir='ltr' id='par_1_92' title="bbox 146 4556 1742 4634">
     <span class='ocr_line' id='line_1_92' title="bbox 146 4556 1742 4634; baseline -0.01 -10"><span class='ocrx_word' id='word_1_652' title='bbox 146 4569 361 4624; x_wconf 71' lang='lat' dir='ltr'><strong>ratione</strong></span> <span class='ocrx_word' id='word_1_653' title='bbox 401 4567 699 4634; x_wconf 78' lang='lat' dir='ltr'><strong>multorum</strong></span> <span class='ocrx_word' id='word_1_654' title='bbox 752 4563 869 4616; x_wconf 88' lang='lat' dir='ltr'><strong>loco</strong></span> <span class='ocrx_word' id='word_1_655' title='bbox 899 4561 1094 4614; x_wconf 87' lang='lat' dir='ltr'><strong>mansit</strong></span> <span class='ocrx_word' id='word_1_656' title='bbox 1140 4561 1444 4612; x_wconf 82' lang='lat' dir='ltr'><strong>immoznm.</strong></span> <span class='ocrx_word' id='word_1_657' title='bbox 1493 4556 1742 4611; x_wconf 78' lang='lat' dir='ltr'><strong>Nonnulli</strong></span> 
     </span>
    </p>
   </div>
   <div class='ocr_carea' id='block_1_93' title="bbox 87 4650 1744 4727">
    <p class='ocr_par' dir='ltr' id='par_1_93' title="bbox 87 4650 1744 4727">
     <span class='ocr_line' id='line_1_93' title="bbox 87 4650 1744 4727; baseline -0.005 -17"><span class='ocrx_word' id='word_1_658' title='bbox 87 4717 92 4719; x_wconf 93' lang='lat'>_</span> <span class='ocrx_word' id='word_1_659' title='bbox 141 4673 366 4727; x_wconf 75' lang='lat' dir='ltr'><strong>quoque</strong></span> <span class='ocrx_word' id='word_1_660' title='bbox 445 4670 824 4720; x_wconf 74' lang='lat' dir='ltr'><strong>successorum</strong></span> <span class='ocrx_word' id='word_1_661' title='bbox 877 4652 993 4724; x_wconf 89' lang='lat' dir='ltr'><strong>ejus</strong></span> <span class='ocrx_word' id='word_1_662' title='bbox 1049 4651 1175 4705; x_wconf 89' lang='lat' dir='ltr'><strong>huic</strong></span> <span class='ocrx_word' id='word_1_663' title='bbox 1229 4650 1351 4704; x_wconf 78' lang='lat' dir='ltr'><strong>vita:</strong></span> <span class='ocrx_word' id='word_1_664' title='bbox 1401 4651 1744 4713; x_wconf 85' lang='lat' dir='ltr'><strong>decedentes,</strong></span> 
     </span>
    </p>
   </div>
   <div class='ocr_carea' id='block_1_94' title="bbox 143 4738 1747 4820">
    <p class='ocr_par' dir='ltr' id='par_1_94' title="bbox 143 4738 1747 4820">
     <span class='ocr_line' id='line_1_94' title="bbox 143 4738 1747 4820; baseline -0.005 -20"><span class='ocrx_word' id='word_1_665' title='bbox 143 4749 321 4811; x_wconf 75' lang='lat' dir='ltr'><strong>locum</strong></span> <span class='ocrx_word' id='word_1_666' title='bbox 357 4749 659 4820; x_wconf 77' lang='lat' dir='ltr'><strong>sepultura:</strong></span> <span class='ocrx_word' id='word_1_667' title='bbox 707 4749 758 4800; x_wconf 90' lang='lat' dir='ltr'><strong>in</strong></span> <span class='ocrx_word' id='word_1_668' title='bbox 798 4744 919 4815; x_wconf 33' lang='lat' dir='ltr'><strong>ipsa.</strong></span> <span class='ocrx_word' id='word_1_669' title='bbox 939 4742 1160 4802; x_wconf 79' lang='lat' dir='ltr'><strong>basilica</strong></span> <span class='ocrx_word' id='word_1_670' title='bbox 1216 4750 1563 4809; x_wconf 87' lang='lat' dir='ltr'><strong>acceperunt.</strong></span> <span class='ocrx_word' id='word_1_671' title='bbox 1617 4738 1747 4794; x_wconf 78' lang='lat' dir='ltr'><strong>Post</strong></span> 
     </span>
    </p>
   </div>
   <div class='ocr_carea' id='block_1_95' title="bbox 134 4827 1748 4904">
    <p class='ocr_par' dir='ltr' id='par_1_95' title="bbox 134 4827 1748 4904">
     <span class='ocr_line' id='line_1_95' title="bbox 134 4827 1748 4904; baseline -0.006 -14"><span class='ocrx_word' id='word_1_672' title='bbox 134 4837 262 4892; x_wconf 74' lang='lat' dir='ltr'><strong>ith</strong></span> <span class='ocrx_word' id='word_1_673' title='bbox 292 4837 494 4892; x_wconf 85' lang='lat' dir='ltr'><strong>multis</strong></span> <span class='ocrx_word' id='word_1_674' title='bbox 523 4835 678 4889; x_wconf 84' lang='lat' dir='ltr'><strong>malis</strong></span> <span class='ocrx_word' id='word_1_675' title='bbox 703 4849 916 4904; x_wconf 87' lang='lat' dir='ltr'><strong>quaque</strong></span> <span class='ocrx_word' id='word_1_676' title='bbox 959 4847 1052 4902; x_wconf 92' lang='lat' dir='ltr'><strong>per</strong></span> <span class='ocrx_word' id='word_1_677' title='bbox 1077 4829 1326 4898; x_wconf 86' lang='lat' dir='ltr'><strong>Angliam</strong></span> <span class='ocrx_word' id='word_1_678' title='bbox 1356 4827 1748 4883; x_wconf 83' lang='lat' dir='ltr'><strong>crebrescenti-</strong></span> 
     </span>
    </p>
   </div>
   <div class='ocr_carea' id='block_1_96' title="bbox 143 4917 1747 4999">
    <p class='ocr_par' dir='ltr' id='par_1_96' title="bbox 143 4917 1747 4999">
     <span class='ocr_line' id='line_1_96' title="bbox 143 4917 1747 4999; baseline -0.007 -17"><span class='ocrx_word' id='word_1_679' title='bbox 143 4929 266 4996; x_wconf 85' lang='lat' dir='ltr'><strong>bus,</strong></span> <span class='ocrx_word' id='word_1_680' title='bbox 296 4930 541 4999; x_wconf 88' lang='lat' dir='ltr'><strong>contigit</strong></span> <span class='ocrx_word' id='word_1_681' title='bbox 567 4929 843 4988; x_wconf 82' lang='lat' dir='ltr'><strong>civitatem</strong></span> <span class='ocrx_word' id='word_1_682' title='bbox 877 4926 1028 4988; x_wconf 70' lang='lat' dir='ltr'><strong>Cant:</strong></span> <span class='ocrx_word' id='word_1_683' title='bbox 1053 4925 1220 4978; x_wconf 83' lang='lat' dir='ltr'><strong>ariam</strong></span> <span class='ocrx_word' id='word_1_684' title='bbox 1263 4939 1327 4976; x_wconf 84' lang='lat' dir='ltr'><strong>ex</strong></span> <span class='ocrx_word' id='word_1_685' title='bbox 1377 4921 1581 4975; x_wconf 87' lang='lat' dir='ltr'><strong>incuria</strong></span> <span class='ocrx_word' id='word_1_686' title='bbox 1615 4917 1747 4990; x_wconf 85' lang='lat' dir='ltr'><strong>quo-</strong></span> 
     </span>
    </p>
   </div>
   <div class='ocr_carea' id='block_1_97' title="bbox 83 5004 1745 5094">
    <p class='ocr_par' dir='ltr' id='par_1_97' title="bbox 83 5004 1745 5094">
     <span class='ocr_line' id='line_1_97' title="bbox 83 5004 1745 5094; baseline -0.005 -23"><span class='ocrx_word' id='word_1_687' title='bbox 83 5082 86 5084; x_wconf 13' lang='grc' dir='ltr'>γ</span> <span class='ocrx_word' id='word_1_688' title='bbox 145 5021 407 5094; x_wconf 83' lang='lat' dir='ltr'><strong>rumdant</strong></span> <span class='ocrx_word' id='word_1_689' title='bbox 442 5037 554 5088; x_wconf 31' lang='lat' dir='ltr'><strong>sua.</strong></span> <span class='ocrx_word' id='word_1_690' title='bbox 579 5019 757 5073; x_wconf 84' lang='lat' dir='ltr'><strong>minus</strong></span> <span class='ocrx_word' id='word_1_691' title='bbox 785 5025 943 5072; x_wconf 85' lang='lat' dir='ltr'><strong>caute</strong></span> <span class='ocrx_word' id='word_1_692' title='bbox 993 5004 1297 5070; x_wconf 84' lang='lat' dir='ltr'><strong>curantium</strong></span> <span class='ocrx_word' id='word_1_693' title='bbox 1330 5013 1450 5082; x_wconf 82' lang='lat' dir='ltr'><strong>igne</strong></span> <span class='ocrx_word' id='word_1_694' title='bbox 1497 5010 1745 5070; x_wconf 74' lang='lat' dir='ltr'><strong>succendi</strong></span> 
     </span>
    </p>
   </div>
   <div class='ocr_carea' id='block_1_98' title="bbox 140 5097 1748 5183">
    <p class='ocr_par' dir='ltr' id='par_1_98' title="bbox 140 5097 1748 5183">
     <span class='ocr_line' id='line_1_98' title="bbox 140 5097 1748 5183; baseline -0.011 -11"><span class='ocrx_word' id='word_1_695' title='bbox 140 5114 626 5183; x_wconf 50' lang='lat' dir='ltr'><strong>“crescentibus</strong></span> <span class='ocrx_word' id='word_1_696' title='bbox 675 5111 909 5174; x_wconf 73' lang='lat' dir='ltr'><strong>flammis</strong></span> <span class='ocrx_word' id='word_1_697' title='bbox 942 5109 995 5164; x_wconf 88' lang='lat' dir='ltr'><strong>in</strong></span> <span class='ocrx_word' id='word_1_698' title='bbox 1054 5116 1280 5162; x_wconf 88' lang='lat' dir='ltr'><strong>matrem</strong></span> <span class='ocrx_word' id='word_1_699' title='bbox 1309 5103 1589 5160; x_wconf 70' lang='lat' dir='ltr'><strong>(Ctlt‘sltllll</strong></span> <span class='ocrx_word' id='word_1_700' title='bbox 1620 5097 1748 5154; x_wconf 88' lang='lat' dir='ltr'><strong>inibi</strong></span> 
     </span>
    </p>
   </div>
   <div class='ocr_carea' id='block_1_99' title="bbox 142 5187 1753 5265">
    <p class='ocr_par' dir='ltr' id='par_1_99' title="bbox 142 5187 1753 5265">
     <span class='ocr_line' id='line_1_99' title="bbox 142 5187 1753 5265; baseline -0.009 -8"><span class='ocrx_word' id='word_1_701' title='bbox 142 5207 562 5259; x_wconf 81' lang='lat' dir='ltr'><strong>consistentem</strong></span> <span class='ocrx_word' id='word_1_702' title='bbox 595 5187 905 5258; x_wconf 86' lang='lat' dir='ltr'><strong>incendium</strong></span> <span class='ocrx_word' id='word_1_703' title='bbox 937 5200 1087 5255; x_wconf 85' lang='lat' dir='ltr'><strong>ferri.</strong></span> <span class='ocrx_word' id='word_1_704' title='bbox 1114 5199 1251 5265; x_wconf 85' lang='lat' dir='ltr'><strong>Quid</strong></span> <span class='ocrx_word' id='word_1_705' title='bbox 1284 5197 1492 5251; x_wconf 79' lang='lat' dir='ltr'><strong>dicam?</strong></span> <span class='ocrx_word' id='word_1_706' title='bbox 1523 5191 1753 5246; x_wconf 69' lang='lat' dir='ltr'><strong>Cenabu-</strong></span> 
     </span>
    </p>
   </div>
   <div class='ocr_carea' id='block_1_100' title="bbox 141 5282 1752 5353">
    <p class='ocr_par' dir='ltr' id='par_1_100' title="bbox 141 5282 1752 5353">
     <span class='ocr_line' id='line_1_100' title="bbox 141 5282 1752 5353; baseline -0.009 -5"><span class='ocrx_word' id='word_1_707' title='bbox 141 5303 229 5351; x_wconf 82' lang='lat' dir='ltr'><strong>sta</strong></span> <span class='ocrx_word' id='word_1_708' title='bbox 251 5305 340 5350; x_wconf 89' lang='lat' dir='ltr'><strong>est</strong></span> <span class='ocrx_word' id='word_1_709' title='bbox 370 5303 492 5350; x_wconf 86' lang='lat' dir='ltr'><strong>tota</strong></span> <span class='ocrx_word' id='word_1_710' title='bbox 517 5311 638 5349; x_wconf 91' lang='lat' dir='ltr'><strong>cum</strong></span> <span class='ocrx_word' id='word_1_711' title='bbox 665 5292 895 5348; x_wconf 81' lang='lat' dir='ltr'><strong>oﬂicinis</strong></span> <span class='ocrx_word' id='word_1_712' title='bbox 939 5290 1327 5346; x_wconf 89' lang='lat' dir='ltr'><strong>monachorum</strong></span> <span class='ocrx_word' id='word_1_713' title='bbox 1353 5286 1422 5340; x_wconf 91' lang='lat' dir='ltr'><strong>ibi</strong></span> <span class='ocrx_word' id='word_1_714' title='bbox 1449 5282 1752 5353; x_wconf 65' lang='lat' dir='ltr'><strong>(egentium</strong></span> 
     </span>
    </p>
   </div>
   <div class='ocr_carea' id='block_1_101' title="bbox 147 5369 1746 5451">
    <p class='ocr_par' dir='ltr' id='par_1_101' title="bbox 147 5369 1746 5451">
     <span class='ocr_line' id='line_1_101' title="bbox 147 5369 1746 5451; baseline -0.01 -14"><span class='ocrx_word' id='word_1_715' title='bbox 147 5399 297 5451; x_wconf 89' lang='lat' dir='ltr'><strong>pene</strong></span> <span class='ocrx_word' id='word_1_716' title='bbox 331 5383 621 5448; x_wconf 85' lang='lat' dir='ltr'><strong>omnibus,</strong></span> <span class='ocrx_word' id='word_1_717' title='bbox 652 5381 812 5436; x_wconf 91' lang='lat' dir='ltr'><strong>simul</strong></span> <span class='ocrx_word' id='word_1_718' title='bbox 855 5391 913 5435; x_wconf 90' lang='lat' dir='ltr'><strong>et</strong></span> <span class='ocrx_word' id='word_1_719' title='bbox 954 5377 1180 5434; x_wconf 85' lang='lat' dir='ltr'><strong>ecclesia</strong></span> <span class='ocrx_word' id='word_1_720' title='bbox 1212 5376 1352 5431; x_wconf 86' lang='lat' dir='ltr'><strong>beati</strong></span> <span class='ocrx_word' id='word_1_721' title='bbox 1392 5372 1614 5429; x_wconf 83' lang='lat' dir='ltr'><strong>Joannis</strong></span> <span class='ocrx_word' id='word_1_722' title='bbox 1644 5369 1746 5422; x_wconf 86' lang='lat' dir='ltr'><strong>Ba-</strong></span> 
     </span>
    </p>
   </div>
   <div class='ocr_carea' id='block_1_102' title="bbox 141 5461 1758 5544">
    <p class='ocr_par' dir='ltr' id='par_1_102' title="bbox 141 5461 1758 5544">
     <span class='ocr_line' id='line_1_102' title="bbox 141 5461 1758 5544; baseline -0.01 -17"><span class='ocrx_word' id='word_1_723' title='bbox 141 5476 355 5544; x_wconf 61' lang='lat' dir='ltr'><strong>ptista‘.</strong></span> <span class='ocrx_word' id='word_1_724' title='bbox 386 5474 509 5536; x_wconf 86' lang='lat' dir='ltr'><strong>ubi,</strong></span> <span class='ocrx_word' id='word_1_725' title='bbox 533 5482 587 5526; x_wconf 93' lang='lat' dir='ltr'><strong>ut</strong></span> <span class='ocrx_word' id='word_1_726' title='bbox 612 5473 925 5543; x_wconf 64' lang='lat' dir='ltr'><strong>prtedictuni</strong></span> <span class='ocrx_word' id='word_1_727' title='bbox 956 5481 1058 5536; x_wconf 84' lang='lat' dir='ltr'><strong>est,</strong></span> <span class='ocrx_word' id='word_1_728' title='bbox 1089 5467 1617 5536; x_wconf 65' lang='lat' dir='ltr'><strong>archiepiscoporum</strong></span> <span class='ocrx_word' id='word_1_729' title='bbox 1637 5461 1758 5514; x_wconf 82' lang='lat' dir='ltr'><strong>reli-</strong></span> 
     </span>
    </p>
   </div>
   <div class='ocr_carea' id='block_1_103' title="bbox 143 5557 1757 5641">
    <p class='ocr_par' dir='ltr' id='par_1_103' title="bbox 143 5557 1757 5641">
     <span class='ocr_line' id='line_1_103' title="bbox 143 5557 1757 5641; baseline -0.012 -17"><span class='ocrx_word' id='word_1_730' title='bbox 143 5570 293 5637; x_wconf 66' lang='lat' dir='ltr'><strong>quite</strong></span> <span class='ocrx_word' id='word_1_731' title='bbox 333 5565 604 5641; x_wconf 57' lang='lat' dir='ltr'><strong>jac-ebant</strong></span> <span class='ocrx_word' id='word_1_732' title='bbox 648 5567 903 5619; x_wconf 68' lang='lat' dir='ltr'><strong>humane.</strong></span> <span class='ocrx_word' id='word_1_733' title='bbox 935 5563 990 5616; x_wconf 88' lang='lat' dir='ltr'><strong>In</strong></span> <span class='ocrx_word' id='word_1_734' title='bbox 1040 5578 1143 5633; x_wconf 90' lang='lat' dir='ltr'><strong>qua</strong></span> <span class='ocrx_word' id='word_1_735' title='bbox 1183 5557 1601 5628; x_wconf 80' lang='lat' dir='ltr'><strong>conflagratione</strong></span> <span class='ocrx_word' id='word_1_736' title='bbox 1639 5566 1757 5616; x_wconf 66' lang='lat' dir='ltr'><strong>qua:</strong></span> 
     </span>
    </p>
   </div>
   <div class='ocr_carea' id='block_1_104' title="bbox 1849 4545 3427 4622">
    <p class='ocr_par' dir='ltr' id='par_1_104' title="bbox 1849 4545 3427 4622">
     <span class='ocr_line' id='line_1_104' title="bbox 1849 4545 3427 4622; baseline -0.013 -5"><span class='ocrx_word' id='word_1_737' title='bbox 1849 4564 2107 4620; x_wconf 74' lang='lat' dir='ltr'><strong>verentia:</strong></span> <span class='ocrx_word' id='word_1_738' title='bbox 2158 4559 2496 4615; x_wconf 90' lang='lat' dir='ltr'><strong>subditorum</strong></span> <span class='ocrx_word' id='word_1_739' title='bbox 2534 4571 2640 4622; x_wconf 81' lang='lat' dir='ltr'><strong>non</strong></span> <span class='ocrx_word' id='word_1_740' title='bbox 2671 4559 2923 4622; x_wconf 74' lang='lat' dir='ltr'><strong>paream.</strong></span> <span class='ocrx_word' id='word_1_741' title='bbox 2974 4563 3042 4605; x_wconf 89' lang='lat' dir='ltr'><strong>ne</strong></span> <span class='ocrx_word' id='word_1_742' title='bbox 3083 4545 3427 4608; x_wconf 79' lang='lat' dir='ltr'><strong>insolescapt.</strong></span> 
     </span>
    </p>
   </div>
   <div class='ocr_carea' id='block_1_105' title="bbox 1851 4633 3430 4724">
    <p class='ocr_par' dir='ltr' id='par_1_105' title="bbox 1851 4633 3430 4724">
     <span class='ocr_line' id='line_1_105' title="bbox 1851 4633 3430 4724; baseline -0.016 -11"><span class='ocrx_word' id='word_1_743' title='bbox 1851 4658 2050 4713; x_wconf 84' lang='lat' dir='ltr'><strong>Morem</strong></span> <span class='ocrx_word' id='word_1_744' title='bbox 2084 4652 2248 4724; x_wconf 84' lang='lat' dir='ltr'><strong>igitur</strong></span> <span class='ocrx_word' id='word_1_745' title='bbox 2297 4664 2409 4705; x_wconf 70' lang='lat' dir='ltr'><strong>sure</strong></span> <span class='ocrx_word' id='word_1_746' title='bbox 2441 4647 2617 4719; x_wconf 85' lang='lat' dir='ltr'><strong>gentis</strong></span> <span class='ocrx_word' id='word_1_747' title='bbox 2665 4652 2719 4704; x_wconf 85' lang='lat' dir='ltr'><strong>et</strong></span> <span class='ocrx_word' id='word_1_748' title='bbox 2752 4641 2952 4711; x_wconf 84' lang='lat' dir='ltr'><strong>mundo</strong></span> <span class='ocrx_word' id='word_1_749' title='bbox 2978 4645 3275 4708; x_wconf 16' lang='lat' dir='ltr'><strong>exemptus”</strong></span> <span class='ocrx_word' id='word_1_750' title='bbox 3307 4633 3430 4688; x_wconf 85' lang='lat' dir='ltr'><strong>filiis</strong></span> 
     </span>
    </p>
   </div>
   <div class='ocr_carea' id='block_1_106' title="bbox 1851 4731 3430 4816">
    <p class='ocr_par' dir='ltr' id='par_1_106' title="bbox 1851 4731 3430 4816">
     <span class='ocr_line' id='line_1_106' title="bbox 1851 4731 3430 4816; baseline -0.018 -11"><span class='ocrx_word' id='word_1_751' title='bbox 1851 4750 1964 4805; x_wconf 86' lang='lat' dir='ltr'><strong>suis</strong></span> <span class='ocrx_word' id='word_1_752' title='bbox 1993 4743 2199 4802; x_wconf 89' lang='lat' dir='ltr'><strong>studuit</strong></span> <span class='ocrx_word' id='word_1_753' title='bbox 2232 4743 2410 4798; x_wconf 58' lang='lat' dir='ltr'><strong>bonus.</strong></span> <span class='ocrx_word' id='word_1_754' title='bbox 2452 4731 2918 4816; x_wconf 10' lang='lat' dir='ltr'><strong>paterjexhibere,</strong></span> <span class='ocrx_word' id='word_1_755' title='bbox 2962 4739 3021 4797; x_wconf 81' lang='lat' dir='ltr'><strong>ut</strong></span> <span class='ocrx_word' id='word_1_756' title='bbox 3046 4739 3162 4805; x_wconf 59' lang='lat' dir='ltr'><strong>eos</strong></span> <span class='ocrx_word' id='word_1_757' title='bbox 3187 4732 3430 4780; x_wconf 84' lang='lat' dir='ltr'><strong>moneret</strong></span> 
     </span>
    </p>
   </div>
   <div class='ocr_carea' id='block_1_107' title="bbox 1851 4813 3430 4910">
    <p class='ocr_par' dir='ltr' id='par_1_107' title="bbox 1851 4813 3430 4910">
     <span class='ocr_line' id='line_1_107' title="bbox 1851 4813 3430 4910; baseline -0.016 -17"><span class='ocrx_word' id='word_1_758' title='bbox 1851 4856 1954 4910; x_wconf 87' lang='lat' dir='ltr'><strong>qua</strong></span> <span class='ocrx_word' id='word_1_759' title='bbox 1985 4832 2286 4890; x_wconf 87' lang='lat' dir='ltr'><strong>reverentia</strong></span> <span class='ocrx_word' id='word_1_760' title='bbox 2346 4844 2405 4886; x_wconf 91' lang='lat' dir='ltr'><strong>se</strong></span> <span class='ocrx_word' id='word_1_761' title='bbox 2432 4813 2678 4898; x_wconf 14' lang='lat' dir='ltr'><strong>debeant.</strong></span> <span class='ocrx_word' id='word_1_762' title='bbox 2717 4839 2845 4894; x_wconf 81' lang='lat' dir='ltr'><strong>erga</strong></span> <span class='ocrx_word' id='word_1_763' title='bbox 2875 4821 3106 4894; x_wconf 77' lang='lat' dir='ltr'><strong>majores</strong></span> <span class='ocrx_word' id='word_1_764' title='bbox 3157 4830 3285 4890; x_wconf 68' lang='lat' dir='ltr'><strong>suos</strong></span> <span class='ocrx_word' id='word_1_765' title='bbox 3327 4813 3430 4869; x_wconf 80' lang='lat' dir='ltr'><strong>ba-</strong></span> 
     </span>
    </p>
   </div>
   <div class='ocr_carea' id='block_1_108' title="bbox 1853 4931 2000 4984">
    <p class='ocr_par' dir='ltr' id='par_1_108' title="bbox 1853 4931 2000 4984">
     <span class='ocr_line' id='line_1_108' title="bbox 1853 4931 2000 4984; baseline -0.02 0"><span class='ocrx_word' id='word_1_766' title='bbox 1853 4931 2000 4984; x_wconf 85' lang='lat' dir='ltr'><strong>bere.</strong></span> 
     </span>
    </p>
   </div>
   <div class='ocr_carea' id='block_1_109' title="bbox 1924 4991 3424 5083">
    <p class='ocr_par' dir='ltr' id='par_1_109' title="bbox 1924 4991 3424 5083">
     <span class='ocr_line' id='line_1_109' title="bbox 1924 4991 3424 5083; baseline -0.019 -9"><span class='ocrx_word' id='word_1_767' title='bbox 1924 5019 2066 5074; x_wconf 88' lang='lat' dir='ltr'><strong>lnter</strong></span> <span class='ocrx_word' id='word_1_768' title='bbox 2101 5014 2408 5083; x_wconf 75' lang='lat' dir='ltr'><strong>huiusmodi</strong></span> <span class='ocrx_word' id='word_1_769' title='bbox 2437 5011 2580 5074; x_wconf 83' lang='lat' dir='ltr'><strong>facta</strong></span> <span class='ocrx_word' id='word_1_770' title='bbox 2609 5003 2936 5074; x_wconf 77' lang='lat' dir='ltr'><strong>sanctissimi</strong></span> <span class='ocrx_word' id='word_1_771' title='bbox 2975 4999 3072 5056; x_wconf 90' lang='lat' dir='ltr'><strong>viri</strong></span> <span class='ocrx_word' id='word_1_772' title='bbox 3101 4995 3246 5062; x_wconf 88' lang='lat' dir='ltr'><strong>venit</strong></span> <span class='ocrx_word' id='word_1_773' title='bbox 3284 4991 3424 5083; x_wconf 78' lang='lat' dir='ltr'><strong>can-</strong></span> 
     </span>
    </p>
   </div>
   <div class='ocr_carea' id='block_1_110' title="bbox 1855 5081 3431 5182">
    <p class='ocr_par' dir='ltr' id='par_1_110' title="bbox 1855 5081 3431 5182">
     <span class='ocr_line' id='line_1_110' title="bbox 1855 5081 3431 5182; baseline -0.019 -16"><span class='ocrx_word' id='word_1_774' title='bbox 1855 5113 2085 5168; x_wconf 88' lang='lat' dir='ltr'><strong>tnariam</strong></span> <span class='ocrx_word' id='word_1_775' title='bbox 2120 5081 2342 5182; x_wconf 83' lang='lat' dir='ltr'><strong>quidam</strong></span> <span class='ocrx_word' id='word_1_776' title='bbox 2393 5102 2691 5179; x_wconf 84' lang='lat' dir='ltr'><strong>monachus</strong></span> <span class='ocrx_word' id='word_1_777' title='bbox 2735 5098 2802 5152; x_wconf 90' lang='lat' dir='ltr'><strong>de</strong></span> <span class='ocrx_word' id='word_1_778' title='bbox 2845 5105 2984 5150; x_wconf 89' lang='lat' dir='ltr'><strong>terra</strong></span> <span class='ocrx_word' id='word_1_779' title='bbox 3015 5085 3294 5156; x_wconf 77' lang='lat' dir='ltr'><strong>Teutonici</strong></span> <span class='ocrx_word' id='word_1_780' title='bbox 3328 5081 3431 5163; x_wconf 82' lang='lat' dir='ltr'><strong>im-</strong></span> 
     </span>
    </p>
   </div>
   <div class='ocr_carea' id='block_1_111' title="bbox 1852 5181 3429 5275">
    <p class='ocr_par' dir='ltr' id='par_1_111' title="bbox 1852 5181 3429 5275">
     <span class='ocr_line' id='line_1_111' title="bbox 1852 5181 3429 5275; baseline -0.02 -14"><span class='ocrx_word' id='word_1_781' title='bbox 1852 5204 2119 5275; x_wconf 88' lang='lat' dir='ltr'><strong>peratoris</strong></span> <span class='ocrx_word' id='word_1_782' title='bbox 2168 5199 2496 5271; x_wconf 75' lang='lat' dir='ltr'><strong>Lambertus</strong></span> <span class='ocrx_word' id='word_1_783' title='bbox 2540 5191 2984 5261; x_wconf 83' lang='lat' dir='ltr'><strong>nomine,_notus</strong></span> <span class='ocrx_word' id='word_1_784' title='bbox 3035 5181 3231 5265; x_wconf 75' lang='lat' dir='ltr'><strong>regina:</strong></span> <span class='ocrx_word' id='word_1_785' title='bbox 3267 5191 3429 5262; x_wconf 64' lang='lat' dir='ltr'><strong>quam</strong></span> 
     </span>
    </p>
   </div>
   <div class='ocr_carea' id='block_1_112' title="bbox 1856 5276 3430 5354">
    <p class='ocr_par' dir='ltr' id='par_1_112' title="bbox 1856 5276 3430 5354">
     <span class='ocr_line' id='line_1_112' title="bbox 1856 5276 3430 5354; baseline -0.02 -3"><span class='ocrx_word' id='word_1_786' title='bbox 1856 5311 1945 5350; x_wconf 87' lang='lat' dir='ltr'><strong>rex</strong></span> <span class='ocrx_word' id='word_1_787' title='bbox 1985 5293 2248 5348; x_wconf 83' lang='lat' dir='ltr'><strong>Henricus</strong></span> <span class='ocrx_word' id='word_1_788' title='bbox 2295 5289 2548 5344; x_wconf 89' lang='lat' dir='ltr'><strong>defuncta</strong></span> <span class='ocrx_word' id='word_1_789' title='bbox 2595 5283 2769 5354; x_wconf 89' lang='lat' dir='ltr'><strong>prima</strong></span> <span class='ocrx_word' id='word_1_790' title='bbox 2801 5276 3030 5346; x_wconf 79' lang='lat' dir='ltr'><strong>conjuge</strong></span> <span class='ocrx_word' id='word_1_791' title='bbox 3065 5288 3170 5330; x_wconf 88' lang='lat' dir='ltr'><strong>sua.</strong></span> <span class='ocrx_word' id='word_1_792' title='bbox 3206 5280 3430 5326; x_wconf 82' lang='lat' dir='ltr'><strong>uxorem</strong></span> 
     </span>
    </p>
   </div>
   <div class='ocr_carea' id='block_1_113' title="bbox 1859 5359 3428 5441">
    <p class='ocr_par' dir='ltr' id='par_1_113' title="bbox 1859 5359 3428 5441">
     <span class='ocr_line' id='line_1_113' title="bbox 1859 5359 3428 5441; baseline -0.02 0"><span class='ocrx_word' id='word_1_793' title='bbox 1859 5388 1923 5441; x_wconf 89' lang='lat' dir='ltr'><strong>de</strong></span> <span class='ocrx_word' id='word_1_794' title='bbox 1956 5383 2190 5440; x_wconf 85' lang='lat' dir='ltr'><strong>Saxonia</strong></span> <span class='ocrx_word' id='word_1_795' title='bbox 2241 5382 2494 5436; x_wconf 85' lang='lat' dir='ltr'><strong>duxerat.</strong></span> <span class='ocrx_word' id='word_1_796' title='bbox 2542 5374 2640 5430; x_wconf 78' lang='lat' dir='ltr'><strong>ilic</strong></span> <span class='ocrx_word' id='word_1_797' title='bbox 2683 5369 3006 5427; x_wconf 88' lang='lat' dir='ltr'><strong>Lambertus</strong></span> <span class='ocrx_word' id='word_1_798' title='bbox 3059 5379 3158 5436; x_wconf 92' lang='lat' dir='ltr'><strong>per</strong></span> <span class='ocrx_word' id='word_1_799' title='bbox 3204 5359 3428 5416; x_wconf 81' lang='lat' dir='ltr'><strong>inultum</strong></span> 
     </span>
    </p>
   </div>
   <div class='ocr_carea' id='block_1_114' title="bbox 1861 5449 3432 5548">
    <p class='ocr_par' dir='ltr' id='par_1_114' title="bbox 1861 5449 3432 5548">
     <span class='ocr_line' id='line_1_114' title="bbox 1861 5449 3432 5548; baseline -0.023 -14"><span class='ocrx_word' id='word_1_800' title='bbox 1861 5475 2119 5548; x_wconf 88' lang='lat' dir='ltr'><strong>temporis</strong></span> <span class='ocrx_word' id='word_1_801' title='bbox 2159 5470 2463 5529; x_wconf 73' lang='lat' dir='ltr'><strong>Cantuaria:</strong></span> <span class='ocrx_word' id='word_1_802' title='bbox 2523 5474 2712 5536; x_wconf 84' lang='lat' dir='ltr'><strong>rogatu</strong></span> <span class='ocrx_word' id='word_1_803' title='bbox 2764 5460 2966 5532; x_wconf 71' lang='lat' dir='ltr'><strong>regina:</strong></span> <span class='ocrx_word' id='word_1_804' title='bbox 3012 5471 3132 5511; x_wconf 90' lang='lat' dir='ltr'><strong>cum</strong></span> <span class='ocrx_word' id='word_1_805' title='bbox 3178 5449 3432 5548; x_wconf 60' lang='lat' dir='ltr'><strong>fratribus</strong></span> 
     </span>
    </p>
   </div>
   <div class='ocr_carea' id='block_1_115' title="bbox 1861 5533 3432 5631">
    <p class='ocr_par' dir='ltr' id='par_1_115' title="bbox 1861 5533 3432 5631">
     <span class='ocr_line' id='line_1_115' title="bbox 1861 5533 3432 5631; baseline -0.023 -7"><span class='ocrx_word' id='word_1_806' title='bbox 1861 5533 2214 5624; x_wconf 70' lang='lat' dir='ltr'><strong>conversatus</strong></span> <span class='ocrx_word' id='word_1_807' title='bbox 2253 5571 2359 5629; x_wconf 90' lang='lat' dir='ltr'><strong>est,</strong></span> <span class='ocrx_word' id='word_1_808' title='bbox 2389 5569 2444 5616; x_wconf 90' lang='lat' dir='ltr'><strong>et</strong></span> <span class='ocrx_word' id='word_1_809' title='bbox 2473 5572 2614 5631; x_wconf 88' lang='lat' dir='ltr'><strong>pene</strong></span> <span class='ocrx_word' id='word_1_810' title='bbox 2662 5553 2816 5625; x_wconf 89' lang='lat' dir='ltr'><strong>quasi</strong></span> <span class='ocrx_word' id='word_1_811' title='bbox 2868 5547 3163 5607; x_wconf 89' lang='lat' dir='ltr'><strong>monachus</strong></span> <span class='ocrx_word' id='word_1_812' title='bbox 3213 5537 3315 5595; x_wconf 89' lang='lat' dir='ltr'><strong>loci</strong></span> <span class='ocrx_word' id='word_1_813' title='bbox 3362 5533 3432 5589; x_wconf 83' lang='lat' dir='ltr'><strong>ab</strong></span> 
     </span>
    </p>
   </div>
   <div class='ocr_carea' id='block_1_116' title="bbox 220 5654 3359 5768">
    <p class='ocr_par' dir='ltr' id='par_1_116' title="bbox 220 5654 3359 5768">
     <span class='ocr_line' id='line_1_116' title="bbox 220 5654 3359 5768; baseline -0.016 -12"><span class='ocrx_word' id='word_1_814' title='bbox 220 5703 355 5768; x_wconf 77' lang='grc'><strong>(16)</strong></span> <span class='ocrx_word' id='word_1_815' title='bbox 401 5699 778 5754; x_wconf 83' lang='lat' dir='ltr'><strong>Ethelbertum</strong></span> <span class='ocrx_word' id='word_1_816' title='bbox 828 5713 1007 5768; x_wconf 85' lang='lat' dir='ltr'><strong>regem</strong></span> <span class='ocrx_word' id='word_1_817' title='bbox 1036 5714 1175 5752; x_wconf 86' lang='lat' dir='ltr'><strong>anno</strong></span> <span class='ocrx_word' id='word_1_818' title='bbox 1205 5695 1308 5750; x_wconf 80' lang='lat'><strong>760</strong></span> <span class='ocrx_word' id='word_1_819' title='bbox 1339 5692 1535 5754; x_wconf 85' lang='lat' dir='ltr'><strong>ohiisse</strong></span> <span class='ocrx_word' id='word_1_820' title='bbox 1581 5687 1754 5766; x_wconf 81' lang='lat' dir='ltr'><strong>prodit</strong></span> <span class='ocrx_word' id='word_1_821' title='bbox 1789 5679 2132 5752; x_wconf 85' lang='lat' dir='ltr'><strong>chronologia</strong></span> <span class='ocrx_word' id='word_1_822' title='bbox 2171 5674 2468 5742; x_wconf 74' lang='lat' dir='ltr'><strong>Saxonica,</strong></span> <span class='ocrx_word' id='word_1_823' title='bbox 2501 5687 2620 5753; x_wconf 69' lang='lat' dir='ltr'><strong>quae</strong></span> <span class='ocrx_word' id='word_1_824' title='bbox 2661 5678 2714 5730; x_wconf 89' lang='lat' dir='ltr'><strong>et</strong></span> <span class='ocrx_word' id='word_1_825' title='bbox 2752 5665 2983 5744; x_wconf 83' lang='lat' dir='ltr'><strong>hiemem</strong></span> <span class='ocrx_word' id='word_1_826' title='bbox 3013 5654 3359 5727; x_wconf 83' lang='lat' dir='ltr'><strong>asperrimam</strong></span> 
     </span>
    </p>
   </div>
   <div class='ocr_carea' id='block_1_117' title="bbox 151 5772 923 5842">
    <p class='ocr_par' dir='ltr' id='par_1_117' title="bbox 151 5772 923 5842">
     <span class='ocr_line' id='line_1_117' title="bbox 151 5772 923 5842; baseline -0.004 -17"><span class='ocrx_word' id='word_1_827' title='bbox 151 5776 285 5826; x_wconf 75' lang='lat' dir='ltr'><strong>aitni</strong></span> <span class='ocrx_word' id='word_1_828' title='bbox 323 5772 614 5842; x_wconf 78' lang='lat' dir='ltr'><strong>sequentis</strong></span> <span class='ocrx_word' id='word_1_829' title='bbox 640 5778 923 5833; x_wconf 83' lang='lat' dir='ltr'><strong>memorat.</strong></span> 
     </span>
    </p>
   </div>
  </div>
