3870 6304
431 385 534 452 ’759

1430 381 1736 441 ΕΑΜΞΕΙΗ
1775 377 2332 438 ΟᾹΝΤΙΙΑΠΙΕΧΞΙΒ
2368 372 2671 432 MONACIII

3613 373 3718 426 “ii-'0

431 513 685 568 omnibus
719 509 951 564 habitus.
983 504 1140 562 Unde
1161 501 1528 557 familiaritate
1549 497 1764 570 quoque
1791 498 2016 568 potitus,
2049 501 2092 558 Α
2125 495 2294 550 oculis
2315 493 2435 556 Dei,
2459 501 2514 544 ut
2543 489 2680 543 tanti
2708 485 3276 558 pontiﬁcisprmmtiu
3301 485 3378 540 vel
3399 487 3718 554 possessione

430 608 596 676 capit
623 591 1172 671 frcqucutare'locum
1205 597 1256 651 in
1281 611 1390 665 quo
1433 595 1746 665 pontiﬁcum
1778 591 2018 660 reliquie!

431 683 819 767 quiescebant;
849 683 1165 755 iliic‘orare;
1199 689 1308 744 illic
1339 689 1531 742 missas
1568 686 1879 747 celebrare;
1909 683 2019 738 illic

431 791 776 848 familiariter
814 773 1144 846 conversari.
1195 787 1566 855 lulcrrogabal
1599 785 1742 840 hunc
1771 791 1823 837 et
1848 781 2015 846 illum,

427 885 556 953 quis
585 883 672 938 ille
697 891 841 938 esset
885 881 967 936 vel
1001 881 1110 949 ille,
1146 896 1321 952 quove
1369 879 1590 932 nomine
1621 874 2018 953 vocareturqtii

429 951 524 1028 illo
559 973 634 1027 vel
663 973 751 1026 illo
791 971 968 1046 loculo
998 951 1371 1026 claudebatur.
1425 969 1524 1046 Ubi
1559 953 1736 1021 autem
1766 951 1832 1018 de
1861 963 2021 1019 beato

423 1063 718 1137 ‘Bregwiuo
753 1045 986 1140 audivit,
1021 1078 1316 1118 succensus
1349 1071 1433 1114 est
1481 1045 1746 1114 desiderio
1789 1055 2018 1110 habendi

433 1157 582 1212 illum
621 1165 674 1211 ct
711 1157 764 1210 in
823 1165 1025 1210 terram
1055 1171 1209 1210 suam
1259 1151 1650 1213 transferendi,
1708 1148 2024 1202 recordatus

431 1247 686 1314 fortassis
717 1247 950 1315 antiqua:
983 1243 1246 1299 bonitatis
1273 1245 1427 1296 fama:
1453 1257 1612 1312 quam
1645 1239 1697 1293 in
1727 1238 2020 1308 patriasu‘a

438 1339 505 1391 de
549 1335 638 1390 illo
678 1333 962 1389 didicerat.
1007 1327 1231 1398 Verum,
1277 1333 1400 1386 dum
1433 1329 1768 1397 impossibile
1814 1327 1913 1382 sibi
1945 1325 2024 1380 vi-

439 1427 593 1480 deret
623 1423 762 1482 clam
815 1425 898 1480 vel
951 1423 1140 1495 palam
1171 1423 1422 1477 desiderii
1475 1421 1557 1476 sui
1599 1435 1696 1489 per
1733 1435 1792 1473 se
1830 1417 2024 1472 eﬂ‘ectu

435 1519 624 1590 potiri,
664 1503 1376 1589 suggeSsitarchiepiscopo
1407 1514 1496 1585 qui
1528 1523 1657 1566 tunc
1681 1520 1875 1566 eratet
1899 1523 2023 1580 gra-

439 1601 582 1662 viter
607 1607 797 1662 morbo
826 1605 1090 1678 paralysis
1117 1603 1492 1676 prona-batur,
1525 1603 1742 1658 nomine
1773 1600 2024 1663 Radnlfo,

441 1710 500 1755 ut
523 1715 646 1756 ossa
681 1700 961 1755 memerati
1009 1699 1188 1754 Patris
1221 1699 1320 1753 sibi
1370 1693 1718 1760 concederet,
1775 1681 2026 1749 asserens

439 1791 488 1845 ei
519 1791 692 1846 locum
725 1789 1073 1846 construendi
1111 1777 1425 1843 monasterii
1475 1803 1503 1839 a
1533 1769 2026 1858 primoribusgen-

2123 585 2354 640 debuerit
2377 583 2499 654 jure
2526 582 2706 650 potiri.
3559 623 3564 628 ,

2195 677 2270 732 De
2323 677 2406 732 his
2460 677 2530 729 ita
2579 674 2930 730 considerans
2979 685 3122 740 ergo
3143 669 3372 740 provida
3413 667 3718 724 sollicitudo

2109 769 2402 823 servorum
2435 768 2619 830 Dci,.et
2640 780 2705 819 ex
2739 764 2806 816 iis
2835 779 2954 832 quae
2979 761 3146 815 frater
3173 760 3260 815 ille
3294 759 3484 814 facere
3509 757 3722 812 molitur

2125 860 2518 916 considerando
2549 857 2888 928 perpendens
2917 855 2970 908 in
3001 853 3184 908 futuro
3215 863 3468 922 tempore
3523 851 3716 918 aliqui-l

2111 953 2254 1008 .bnic
2281 951 2458 1006 simile
2487 967 2515 1004 a
2553 947 3062 1020 supervenientibus
3116 945 3366 1002 externis
3415 943 3721 998 hominibus

2127 1049 2284 1110 posSc
2334 1041 2543 1106 moliri,
2578 1051 2654 1095 'ne
2705 1037 3004 1094 faciliorem
3056 1036 3310 1090 effectum
3373 1034 3718 1094 sortirentur,

2129 1129 2385 1196 reliquias
2416 1127 2584 1198 ipsius
2613 1127 2794 1181 Patris
2823 1141 2851 1178 a
2887 1119 3114 1195 praefato
3143 1121 3260 1177 loco
3307 1135 3436 1175 cum
3487 1121 3724 1189 rdiqniis

2127 1215 2270 1274 beati
2303 1215 3077 1290 Plegemnndiarchiepiscopi
3123 1213 3178 1268 in
3209 1211 3514 1266 austmlem
3561 1212 3722 1266 eeo-le-

2127 1312 2220 1365 sia‘
2252 1320 2456 1380 partem
2485 1309 2782 1371 transtulit,
2841 1318 2896 1360 ct
2945 1319 3066 1375 post
3101 1304 3276 1360 altare
3301 1303 3450 1356 beati
3485 1301 3722 1370 Gregorii

2127 1419 2278 1474 papa:
2331 1402 2710 1456 decentissime
2759 1399 3066 1454 tumulavit.
3135 1396 3372 1464 Quidam
3439 1403 3626 1448 autem
3663 1409 3724 1448 ει

2129 1496 2412 1550 monachis
2451 1493 2759 1548 Willelmus
2812 1493 3030 1545 nomine
3079 1499 3150 1545 ex
3194 1501 3472 1544 consensu
3503 1487 3724 1540 aliorum

2123 1586 2320 1640 borum
2345 1586 2587 1639 Gllttlimll
2621 1599 2678 1638 se
2712 1597 2820 1654 pne
2843 1582 3054 1637 castoris
3083 1581 3320 1634 medium
3361 1579 3518 1640 iecit,
3543 1587 3598 1629 et
3619 1577 3726 1644 eius

2130 1676 2392 1732 industria
2448 1693 2511 1730 ac
2563 1675 2871 1745 provisione
2919 1673 3092 1728 ferme
3131 1673 3314 1727 omnia
3369 1683 3498 1741 quze
3535 1671 3586 1722 iu
3621 1669 3728 1738 ipsa

2129 1766 2458 1835 reliquarum
2493 1765 2914 1833 transpositioue
2955 1762 3037 1816 vel
3081 1761 3466 1830 sepulcrorum
3519 1775 3722 1827 count»

439 1885 510 1938 iis
555 1899 666 1938 sua,
722 1893 1080 1946 concessum,
1137 1881 1280 1951 qum]
1339 1881 1441 1936 sub
1495 1851 1796 1950 pgmcinio
1855 1851 2031 1930 Ρξητίε
2059 1853 2104 1910 Β
2135 1857 2601 1925 sitioueimpeusa
2657 1855 2875 1907 fuerunt
2915 1861 3200 1923 procurata
3251 1861 3403 1906 sunt.
3457 1851 3588 1904 Isin
3631 1865 3728 1903 una

423 1973 707 2044 ‘Brégv‘riui
748 1961 1064 2029 construere
1106 1981 1157 2028 et
1187 1969 1512 2026 omnimodis
1562 1971 1785 2026 servitio
1816 1968 1906 2024 Dei
1940 1983 2030 2022 ac-

444 2061 786 2117 commodum
821 2063 934 2132 ipse
967 2073 1021 2117 et
1047 2064 1128 2116 sui
1160 2067 1556 2132 pr0p05ttcrant
1587 2049 1860 2114 ordinare.
1889 2057 2029 2124 Quid

419 2151 650 2207 'multa?
676 2153 990 2222 Acquiescit
1038 2154 1276 2223 pontifex
1307 2167 1321 2206 :
1358 2167 1455 2207 nec
1485 2153 1627 2206 enim
1664 2159 1888 2205 noverat
1923 2165 2036 2220 quo

443 2244 510 2328 de
541 2244 840 2314 agebatur;
879 2254 932 2300 et
986 2245 1116 2328 ideo.
1157 2245 1297 2300 facili
1333 2261 1553 2301 assensu
1615 2245 1680 2298 ad
1715 2260 1904 2312 preces
1938 2261 2030 2314 pc-

445 2323 610 2388 tentis
636 2335 1071 2404 permovebatur.
1103 2321 1209 2390 lies
1244 2337 1427 2390 fertur
1459 2335 1885 2390 'in'audientiam
1921 2351 2034 2390 mo-

447 2425 780 2492 nachorum;
811 2435 871 2506 et
916 2428 1157 2508 quidam,
1190 2421 1252 2482 u‘t-
1297 2417 1578 2483 concessio
1609 2427 1880 2498 pontiﬁcis
1909 2443 2034 2498 per-

447 2516 738 2585 liceretur,
756 2517 1313 2590 plenissimelaudant
1334 2537 1346 2586 ;
1371 2521 1586 2590 quidam
1614 2529 1834 2574 econtra
1862 2519 2036 2574 modis

447 2609 704 2664 omnibus
725 2602 957 2681 negant.
996 2609 1124 2664 Post
1161 2612 1278 2666 dies
1308 2610 1620 2681 defungitur
1669 2610 2036 2679 archiepisco-

445 2713 570 2769 pus.
603 2698 791 2771 Itaque
820 2701 1002 2772 plures
1015 2709 1218 2757 ‘corum
1243 2702 1424 2772 quieo
1445 2703 1660 2757 vivente
1682 2701 2039 2757 laudaverunt

419 2787 566 2846 'ﬁeri
619 2791 762 2861 quod
810 2793 1019 2863 roganti
1067 2783 1414 2848 concesserat
1474 2793 1658 2861 fratri,
1709 2809 1862 2848 versa
1923 2796 2038 2847 vice

446 2885 945 2964 contradicentibus
977 2887 1385 2956 acquieverunt,
1409 2894 1464 2940 et
1496 2901 1604 2941 uno
1626 2885 1809 2940 animo
1833 2886 2037 2955 parher

448 2969 764 3028 institerunt
790 2987 858 3026 ne
905 2985 1004 3027 suo
1049 2981 1267 3043 pastore
1294 2971 1558 3036 Ecclesia,
1597 2987 1703 3042 qua
1749 2971 1938 3026 vivens
1983 2972 2035 3024 in

447 3075 612 3116 carne
638 3061 726 3130 pio
751 3061 1010 3130 diligebat
1038 3061 1256 3127 alicctu,
1299 3061 1822 3117 destitueretur.'Ne
1857 3069 2036 3116 tamen

417 3163 424 3172 '
447 3151 730 3204 concessio
753 3151 1013 3206 antistitis
1029 3153 1300 3206 videretur
1324 3165 1709 3221 usquequaque
1738 3152 2039 3216 contemni,

448 3253 516 3290 cx
546 3239 822 3293 communi
875 3255 1146 3295 consensu
1181 3241 1536 3296 deliberatum
1583 3249 1687 3304 est,
1731 3241 1784 3295 in
1832 3256 1939 3309 quo
1983 3252 2038 3296 et

453 3329 920 3402 archiepisc0pum
972 3325 1324 3389 consensisse
1345 3333 1588 3389 nonnulli
1621 3333 1860 3387 attestati
1889 3343 2034 3396 sunt,

451 3430 516 3475 ut
554 3421 762 3478 scilicet
806 3437 868 3478 os
896 3439 1106 3490 unum,
1133 3423 1418 3480 brachium
1458 3424 1707 3479 videlicet
1733 3424 2035 3490 sinistrum,

452 3511 596 3566 sacri
648 3503 894 3583 corporis
925 3512 1078 3568 fratri
1107 3512 1465 3570 conferretur.
1505 3514 1657 3581 Quod
1697 3507 1819 3584 "ipse
1847 3529 2038 3584 parum

452 3605 752 3673 aestimans,
781 3615 837 3660 et
863 3607 928 3660 iis
956 3621 1077 3677 quae
1115 3607 1216 3663 sibi
1249 3609 1514 3678 promissa
1549 3605 1762 3662 diccbat
1787 3607 2038 3662 frusu'ari

451 3697 563 3749 iwn
602 3697 896 3765 sustinens,
932 3700 1240 3768 suspicatus
1263 3709 1346 3754 est
1371 3713 1428 3755 se
1449 3715 1546 3770 per
1573 3701 1837 3769 reginam,
1881 3713 2042 3770 posse

452 3791 594 3858 apud
624 3805 802 3860 regem
851 3789 1088 3857 efﬁcere,
1127 3801 1396 3861 quatenus
1425 3793 1538 3862 ipse
1587 3792 1730 3862 regia
1776 3801 2044 3861 potestate

417 3891 420 3894 '
453 3879 506 3932 vi
537 3893 568 3932 a
591 3879 870 3936 monachis
912 3891 1260 3953 extorqueret
1299 3892 1356 3938 ut
1385 3885 1484 3939 sibi
1509 3883 1874 3938 cOuCedereut
1899 3884 2041 3952 quod

453 3971 750 4054 quairebat'.
783 3973 958 4044 Super
993 3977 1216 4046 negotio
1245 3977 1407 4047 igitur
1439 3977 1636 4051 regime
1659 3979 1960 4040 locuturus,
1989 3985 2048 4030 et

455 4077 574 4117 eam
607 4079 729 4120 cum
762 4066 981 4135 rege’iu
1033 4081 1201 4134 parco
1235 4066 1664 4125 \Vudc'stocbico
1695 4083 2040 4124 cmmnorau-

457 4161 563 4206 tem
597 4154 865 4220 aditurus,
897 4153 1234 4226 Lundoniam
1263 4159 1444 4225 'venit,
1470 4159 1650 4228 ibique
1683 4157 1858 4214 valida
1898 4159 2048 4214 inﬁr—

457 4242 647 4295 mitate
669 4251 973 4313 correptus,
1010 4245 1259 4316 progredi
1291 4247 1430 4301 ultra
1459 4251 1724 4319 nequivit.
1759 4250 2044 4322 Languore

459 4330 514 4383 in
545 4329 660 4385 dies
685 4343 987 4398 crescente,
1036 4335 1151 4404 ipse
1176 4337 1524 4393 Cantuariam
1583 4353 1896 4411 reportatus
1937 4355 2042 4410 est,

457 4420 549 4476 ubi
583 4436 756 4491 parvo
775 4429 1018 4492 tempore
1043 4427 1244 4481 vivens.
1272 4427 1600 4498 defungitur,
1632 4442 1688 4487 et
1737 4433 1879 4490 inter
1901 4451 2054 4490 mora

2103 1977 2106 1980 ι
2133 1959 2252 2020 post
2281 1949 2394 2002 lucc
2421 1947 2764 2002 solemnitate
2793 1945 3016 1999 serv-ilio
3038 1937 3282 1998 ecclesia:
3305 1953 3428 1996 toto
3449 1941 3732 1996 conati-ine

2135 2059 2256 2098 sese
2281 2043 2498 2106 dedens,
2519 2051 2572 2094 et
2611 2039 2752 2093 ultra
2785 2038 2996 2092 viresin
3022 2037 3296 2091 cantando
3331 2048 3530 2089 vocem
3551 2035 3732 2094 edens,

2137 2145 2326 2206 ruptus
2375 2142 2459 2188 est
2496 2133 2547 2186 in
2595 2129 2982 2194 iutetioribus,
3009 2141 3244 2196 moxque
3289 2126 3352 2180 in
3381 2125 3590 2178 vomitu
3617 2139 3730 2176 Sau-

2135 2229 2312 2300 gttinis
2339 2228 2566 2295 aliisque
2597 2223 2854 2294 gravibus
2901 2221 3165 2275 molestiis
3200 2220 3568 2275 vehementer
3607 2213 3734 2269 allii-

2137 2328 2275 2372 ctus.
2313 2317 2452 2384 Quid
2487 2316 2652 2385 igitur
2697 2321 2908 2384 ageret,
2955 2310 3256 2381 iguorabat.
3307 2306 3560 2363 Noverat
3597 2307 3728 2360 enim

2133 2409 2244 2482 jam
2295 2411 2346 2464 in
2403 2409 2515 2479 ipsa
2559 2406 2790 2462 ecclesia
2825 2406 2930 2460 hoc
2967 2403 3240 2458 nonnullis
3267 2411 3328 2454 et
3351 2403 3552 2454 eadem
3575 2413 3728 2454 causa

2139 2503 2484 2572 contigisse;
2537 2513 2768 2570 quorum
2828 2498 2962 2552 alios
3013 2505 3189 2550 morte
3243 2494 3552 2556 multatos,
3613 2493 3732 2544 alios

2141 2595 2324 2650 multis
2355 2593 2514 2649 anuis
2559 2591 2732 2646 multo
2779 2591 3040 2660 languore
3085 2597 3337 2651 vexatos,
3393 2587 3734 2640 omniambi-

2139 2685 2344 2755 guitate
2375 2694 2580 2739 semota
2611 2683 2840 2737 sciebat.
2888 2680 3046 2734 Venit
3077 2689 3262 2734 autem
3295 2679 3352 2732 ei
3407 2680 3466 2731 in
3515 2689 3734 2732 memon

2140 2777 2268 2847 quid
2297 2775 2538 2840 servitii,
2586 2775 2714 2844 quid
2765 2771 3176 2838 sollicitudinis,
3225 2771 3360 2840 quid
3393 2770 3630 2824 honoris
3655 2785 3740 2820 nu-

2142 2870 2375 2940 perrime
2411 2867 2738 2938 impenderit
2773 2867 2984 2919 duobus
3029 2863 3392 2934 pontiﬁcibus
3441 2863 3572 2915 istis
3623 2859 3736 2912 Bre-

2141 2963 2319 3031 gvrino
2343 2968 2398 3014 et
2421 2957 2802 3029 Piegcmundo.
2836 2957 3024 3025 Itaque
3053 2955 3222 3010 corde
3249 2953 3530 3018 contrito,
3563 2951 3734 3021 spiritu

2143 3053 2457 3116 lmmiliato,
2493 3049 2745 3122 perfusus
2791 3049 3045 3118 lacrymis
3074 3061 3274 3116 genas,
3327 3045 3462 3100 orat
3517 3059 3616 3099 eos
3655 3043 3736 3098 silli

2145 3143 2424 3207 misereri;
2458 3152 2723 3211 quatenus
2741 3141 3026 3211 impetrata
3055 3139 3154 3194 sibi
3185 3153 3214 3192 a
3243 3137 3478 3192 Chrisso
3501 3137 3628 3192 Iesu
3649 3139 3738 3205 pti-

2142 3236 2284 3290 stina
2325 3234 2570 3302 corporis
2593 3231 2828 3287 saritate
2851 3231 3132 3302 inchigat,
3167 3230 3298 3300 quid
3325 3229 3396 3282 de
3433 3227 3552 3283 illis
3575 3229 3670 3298 ipsi
3697 3231 3740 3280 et

2099 3331 2102 3334 ’
2140 3327 2260 3381 aliis
2288 3325 2482 3380 amodo
2506 3325 2577 3380 sit
2603 3324 2966 3388 sentiendum,
2991 3337 3169 3393 quave
3195 3321 3394 3374 inlucia
3425 3335 3532 3390 pro
3555 3330 3732 3373 artem

2103 3417 2116 3424 ”
2139 3431 2234 3471 sua
2269 3415 2440 3472 salute
2463 3431 2557 3472 eos
2583 3415 2855 3485 appellare
2912 3414 3082 3483 possit
3126 3413 3190 3465 ad
3241 3411 3728 3465 intervenienduat.

2141 3509 2272 3564 Mira
2301 3509 2390 3564 Dei
2428 3508 2662 3570 bonitas,
2685 3505 2922 3575 petentia
2950 3504 3128 3558 mira!
3167 3502 3318 3565 llius,
3341 3501 3496 3556 sicut
3525 3501 3640 3570 ipse
3663 3513 3728 3552 re-

2142 3603 2266 3666 fert,
2294 3617 2352 3657 se
2375 3601 2520 3654 omni
2546 3601 2712 3654 sensit
2736 3599 2992 3667 languore
3009 3605 3257 3650 curatum
3279 3611 3383 3649 nec
3401 3594 3534 3648 novi
3557 3591 3742 3646 doloris

2143 3703 2236 3747 aut
2260 3691 2719 3746 incommoditalis
2737 3691 2898 3741 ullam
2929 3687 3158 3742 ulte-rius
3175 3685 3498 3740 molestiam
3518 3697 3730 3754 passum.

2217 3784 2343 3838 llaec
2367 3783 2435 3837 de
2465 3783 2622 3836 beato
2651 3780 2936 3850 Bregwiuo
2965 3779 3144 3833 minus
3169 3778 3394 3847 sapiens
3423 3766 3596 3840 edidi,
3633 3789 3732 3844 quae

2146 3891 2176 3930 a
2210 3873 2505 3944 majoribus
2532 3885 2589 3927 et
2619 3871 2868 3925 veridicis
2905 3869 3037 3924 viris
3065 3869 3250 3924 didlci.
3299 3869 3370 3922 Et
3421 3868 3480 3922 hi
3535 3867 3728 3937 quidem

2147 3967 2250 4021 alia
2279 3981 2338 4021 se
2361 3972 2614 4034 expertos
2635 3963 2685 4016 in
2715 3977 2776 4016 se
2803 3961 2970 4016 fuisse
2997 3962 3238 4024 tradunt,
3271 3959 3382 4014 alia
3427 3959 3516 4014 vel
3547 3959 3614 4012 ab
3643 3957 3730 4008 illis

2145 4057 2235 4127 qui
2263 4065 2558 4125 prazscutes
2593 4051 2807 4106 fuerunt
2843 4053 2976 4107 vela
3011 4050 3371 4122 pnesentibus
3393 4059 3732 4119 acet-perum.

2147 4163 2314 4218 seque
2339 4144 2588 4201 referunt
2616 4143 2910 4212 accepisse,
2942 4145 3212 4200 constanti
3245 4141 3578 4211 allegatione
3597 4155 3728 4192 colu-

2149 4258 2476 4304 memorant.
2503 4247 2580 4303 Ne
2609 4259 2736 4316 ergo
2767 4245 2979 4298 animos
3014 4239 3316 4293 amicorum
3345 4249 3612 4287 meorum
3655 4243 3728 4282 me

2150 4339 2217 4393 ad
2251 4339 2352 4393 hoc
2377 4353 2512 4408 opus
2543 4335 2884 4390 incitantium
2917 4329 3267 4389 oﬁendercm,
3316 4323 3466 4380 CPSai
3489 4323 3730 4374 veluntm

2151 4445 2358 4486 eorum.
2417 4428 2572 4494 Quod
2630 4427 2811 4494 itaque
2855 4421 3072 4491 scripsi,
3113 4417 3196 4474 eis
3243 4415 3478 4484 scripsi;
3531 4411 3726 4466 videant

462 4524 582 4568 tuos
603 4509 800 4569 fratres
841 4515 1119 4585 sepelitur.
1149 4513 1286 4572 Hinc
1313 4521 1476 4574 nocte’
1495 4525 1740 4591 sequenti
1771 4527 2048 4581 astititvir
2081 4522 2276 4606 Dipsi.
2326 4520 2382 4575 Si
2431 4521 2481 4573 in
2531 4517 2712 4586 aliquo
2755 4517 2891 4570 bene
2937 4509 3176 4583 proceSSi
3202 4547 3216 4572 ν
3273 4507 3488 4576 gratias
3525 4503 3648 4560 θεοῖ
3681 4499 3720 4550 ’ί

457 4609 680 4678 quidam
708 4617 917 4664 statura
958 4609 1265 4675 mediocris,
1305 4627 1536 4682 persona
1579 4611 1823 4686 insignis,
1857 4619 2042 4674 habitu

457 4701 779 4764 monachus,
811 4700 948 4756 facie
983 4701 1232 4772 ignotus,
1253 4704 1468 4758 cuidam
1501 4691 1658 4760 fratri
1711 4708 1779 4760 de
1822 4723 2044 4779 congre-

458 4789 674 4858 gatione
703 4805 798 4860 per
841 4792 1042 4857 visum,
1073 4793 1278 4848 homini
1319 4795 1456 4850 bene
1491 4797 1744 4866 religioso
1769 4797 2045 4869 Deumque

461 4881 690 4945 timenti,
727 4883 915 4938 dicens
955 4883 1048 4938 illi-
1085 4889 1116 4938 ε’
1145 4883 1330 4940 Scisne
1361 4903 1517 4958 quam
1549 4889 1610 4942 ob
1643 4877 1860 4944 Causam
1889 4889 2046 4944 Lam-

459 4970 633 5044 bemts
658 4972 746 5028 ille
783 4973 928 5030 Saxo
973 4977 1052 5031 sic
1113 4977 1330 5048 inopina
1377 4991 1542 5046 morte
1577 4991 1758 5050 raptus
1795 4983 1864 5037 εἱι
1891 4984 1916 5036 2
1945 4983 2050 5038 Cui

459 5073 584 5116 cum
614 5078 672 5117 se
711 5065 922 5121 nescire
962 5067 1316 5137 responderet
1348 5088 1361 5124 :
1403 5068 1572 5138 Scias,
1603 5072 1802 5142 inquit,
1831 5075 1954 5144 quia
1985 5092 2045 5128 eo

463 5151 602 5207 quod
641 5171 829 5225 corpus
870 5155 1128 5230 Bregwini
1175 5159 1239 5215 de
1285 5177 1382 5217 sua
1414 5163 1534 5217 sede
1588 5165 1798 5234 auferre
1846 5165 2047 5236 sibique

431 5245 686 5298 'cor'taftts
713 5256 786 5300 eu
831 5249 1112 5306 vindicare.
1148 5249 1258 5307 Nec
1285 5253 1421 5308 enim
1461 5253 1582 5310 (alia
1635 5257 1808 5310 meriti
1847 5257 1946 5325 fuit
1988 5259 2044 5310 in

2151 4613 2308 4668 aliter
2347 4613 2398 4666 in
2437 4611 2640 4676 aliquo,
2671 4607 2934 4662 intentius
2959 4611 3140 4666 orent,
3183 4599 3438 4662 obsecro,
3485 4611 3578 4665 pro
3617 4607 3720 4645 sce-

2151 4707 2262 4760 lere
2319 4720 2456 4759 mro.
2531 4700 2786 4756 illemoria
2853 4695 3114 4751 transitus
3169 4689 3472 4746 beatissimi
3519 4685 3610 4738 viri
3655 4695 3722 4733 vn

2153 4797 2424 4852 Kalendas
2455 4781 2790 4864 Septembris
2821 4787 3100 4850 recolitur,
3133 4793 3192 4838 ut
3233 4783 3346 4836 illic
3399 4793 3588 4834 nomen

2153 4889 2284 4944 mini
2301 4889 2390 4958 qui
2417 4863 2566 4941 illum
2584 4883 2872 4939 honoravit
2893 4879 3200 4950 expeditius
3230 4871 3620 4945 magniﬁcetur.
3641 4863 3714 4958 iiit

2154 4957 2331 5050 igitur
2347 4979 2460 5048 ipse
2480 4975 2572 5048 qui
2595 4963 3088 5039 vivit,"ilomiuatur
3111 4975 3166 5022 et
3191 4973 3388 5035 regnat
3411 4977 3506 5032 per
3529 4957 3682 5012 enini:
3697 4993 3724 5014 φ

2099 5123 2102 5126 .
2151 5067 2466 5124 benedictus
2515 5069 2568 5121 in
2626 5063 2824 5121 simula
2872 5059 3192 5118 stcculorum
3241 5067 3299 5112 et
3337 5053 3502 5110 ultra.
3545 5051 3714 5105 Amen.

2224 5153 2604 5230 ExplicitVita
2648 5155 2790 5212 beati
2832 5143 3102 5223 Bregtvini
3131 5142 3538 5204 Cantuariensis
3557 5133 3712 5194 uchi?

2157 5249 2392 5320 episcopi
2418 5257 2472 5305 et
2495 5239 2846 5305 confessoris.
