3870 6304
630 338 733 391 ’7ίῶ

1608 336 1681 393 Et
1702 336 1909 391 l‘MElti
1950 334 2508 393 C.\.\TllAlil£NSiS
2542 338 2846 397 MONACHI
3691 357 3752 407 κι

632 454 1011 511 Cautuaricnsi
1034 452 1209 507 allii-io
1224 453 1420 507 summi
1448 452 1717 523 porttiﬁris
1742 454 1856 509 lecti
1878 464 1935 509 et
1955 454 2214 523 dignitate
2245 455 2290 509 A
2320 452 2373 507 in
2415 454 2612 510 divinis
2659 468 2723 508 ac
2775 451 3125 509 smenlaribus
3176 450 3452 522 disciplinis
3489 473 3675 530 quosque
3704 476 3751 523 ,ω

632 548 977 618 pnesidebat,
1017 547 1139 615 jura
1184 546 1615 600 Christianitatis
1646 563 1743 616 per
1773 557 1941 600 totum
1988 562 2212 615 regnum

630 652 690 692 ut
735 639 921 707 patria:
979 646 1136 707 pater
1198 636 1622 706 prudentissime
1676 637 2107 691 administrabat.
2159 636 2212 690 lu

627 731 825 798 quibus
847 730 1036 782 diebus
1066 728 1309 793 Edwius,
1340 729 1430 798 qui
1449 739 1725 798 quartusa
1761 728 1985 797 praelato
2007 726 2215 782 Ethel-

628 831 785 876 stauo
814 822 962 891 regni
994 822 1289 892 Anglorum
1315 832 1529 892 sceptra
1585 822 1823 885 tenebat,
1877 821 2211 889 Voluptatum

630 922 845 968 amator
870 914 1042 984 magis
1067 930 1229 984 quam
1255 915 1375 980 Dei,
1419 914 1647 969 luxuria:
1688 930 1849 984 quant
1881 913 2211 978 sobrietatis,

630 1006 913 1059 libidinum
937 1022 1099 1077 quam
1128 1006 1418 1069 eastilatis,
1442 1007 1644 1078 regiam
1673 1006 1989 1075 dignitatem
2022 1006 2211 1061 obsce-

631 1098 717 1150 nis
746 1099 1002 1167 operibus
1037 1099 1451 1165 dehonestabat,
1484 1114 1549 1154 ac
1574 1099 1718 1161 viros
1751 1100 2005 1160 virtuttun
2034 1098 2213 1169 parvi-

627 1189 890 1256 pcmlens,
920 1198 1109 1242 contra
1155 1204 1366 1258 :cquum
1414 1190 1793 1259 exasperabat.
1834 1188 1985 1245 Unde
2022 1190 2212 1245 beatus

630 1279 942 1333 Dunstanus
1000 1289 1127 1334 tunc
1172 1279 1428 1348 temporis
1475 1281 1641 1333 abbas
1692 1280 2103 1345 Glasloniensis,
2147 1295 2215 1335 ro

628 1373 773 1441 quod
806 1374 871 1426 ad
902 1372 1298 1442 suggestionem
1327 1380 1380 1426 et
1408 1372 1533 1441 impr
1552 1373 1690 1427 rium
1715 1388 1858 1443 smpe
1882 1373 1987 1426 fati
2010 1373 2210 1427 Odonis

631 1462 808 1529 ipsum
837 1477 1015 1531 regem
1049 1462 1250 1516 illicitis
1283 1461 1617 1531 amplexibus
1642 1462 1905 1517 violenter
1926 1464 2208 1530 abstraxit,

626 1566 660 1606 c
688 1554 858 1621 patria
884 1553 1066 1624 pulsus
1089 1564 1192 1617 est,
1210 1562 1267 1608 et
1291 1553 1503 1613 demum
1532 1555 1813 1611 innumera
1843 1570 1938 1625 per
1960 1554 2207 1626 Angliam

628 1644 769 1698 mala
806 1646 871 1699 ab
900 1646 1086 1700 eodem
1118 1662 1243 1718 rege
1273 1658 1510 1718 patrata.
1537 1649 1733 1704 Contra
1761 1665 1922 1718 quem
1958 1648 2074 1705 O.lo
2120 1665 2208 1703 ar-

628 1745 840 1789 matura
876 1736 1111 1805 Spiritus
1159 1742 1332 1796 sancti
1370 1743 1693 1812 prfecinctns
1746 1758 2060 1813 exsurgere,
2103 1742 2205 1797 ini-

2319 546 2581 614 temporis
2609 546 2887 616 sapientes
2917 545 3228 614 praecellere
3253 546 3531 615 putabatur,
3551 555 3754 622 magism

2318 638 2538 695 functus
2565 640 2851 697 studiosus
2866 638 3047 703 discit,
3078 648 3134 693 et
3160 639 3213 693 in
3243 639 3383 693 brevi
3406 639 3639 709 plurimum
3657 650 3756 717 μοι

2314 731 2410 785 cit.
2444 730 2680 800 Spirilus
2731 744 2967 800 namque
3016 730 3284 799 sapientia:
3326 740 3370 783 et
3408 731 3754 806 intellecturum

2318 837 2395 887 xi,
2428 822 2510 893 Ξ),
2542 838 2705 893 super
2751 837 2819 877 eo
2866 820 3214 892 quiescebat,
3266 822 3510 891 inspirans
3540 826 3580 880 ei
3611 831 3753 897 gratiam

2318 928 2472 969 suam
2521 924 2577 969 et
2605 928 2701 970 eor
2732 914 3038 985 intelligens
3088 914 3163 969 ad
3204 913 3408 981 singula
3451 916 3650 973 discenda
3680 937 3750 990 qu

2315 1005 2589 1059 audiebat.
2643 1005 2997 1076 Saecularium
3049 1021 3183 1075 ergo
3227 1004 3475 1061 librorum
3518 1009 3686 1065 scicntia
3717 1018 3754 1067 ad

2315 1097 2529 1165 plenum
2572 1096 2834 1163 imbutus,
2861 1098 3168 1164 divinarum
3213 1098 3418 1168 paginis
3453 1099 3681 1157 litterarum
3707 1121 3757 1160 sc»

2314 1185 2437 1239 dula
2490 1187 2789 1242 intentione
2837 1189 3080 1242 animum
3127 1189 3313 1242 tradit.
3352 1188 3427 1243 Ex
3466 1191 3753 1260 quibusnam

2314 1277 2602 1332 cbaritatis
2632 1278 2754 1350 igne
2797 1278 2849 1332 in
2902 1278 3071 1331 Deum
3120 1277 3517 1349 proximumque
3553 1296 3753 1345 soccatus,

2314 1366 2368 1421 in
2408 1379 2775 1440 contemptqu
2828 1370 3012 1424 mundi
3069 1379 3212 1425 totus
3263 1371 3498 1441 erigitur,
3528 1380 3571 1425 et
3612 1375 3752 1442 qrulitcr

2312 1460 2538 1514 servitio
2569 1460 2661 1515 Dei
2693 1472 2997 1517 mereretur
3035 1463 3184 1517 omni
3216 1462 3372 1517 modo
3417 1463 3580 1518 ascisci
3616 1466 3751 1535 singula

2313 1550 2459 1605 horis
2491 1551 2806 1611 meditatur.

2379 1641 2526 1701 Inter
2551 1643 2666 1699 haec
2688 1642 3021 1701 Winteniam
3048 1644 3168 1717 (20)
3194 1660 3224 1699 a
3261 1653 3445 1714 patruo
3463 1660 3545 1725 suo
3562 1661 3675 1715 supra
3692 1664 3751 1701 rw

2311 1746 2519 1791 morato
2541 1736 2752 1792 scilicet
2774 1737 3010 1808 glorioso
3033 1739 3218 1794 Odone
3231 1739 3493 1809 dirigitur,
3513 1744 3749 1808 quatenusrbi

625 1826 891 1895 quitatum
932 1828 1072 1884 illius
1104 1830 1349 1901 publicus
1372 1806 1547 1887 hostis
1573 1830 1799 1888 callet-tus
1846 1806 1953 1898 est,
1986 1835 2201 1888 neede-
2238 1806 2279 1875 Β
2306 1825 2540 1895 degens,
2591 1828 2637 1883 si
2681 1844 2843 1897 quam
2876 1828 3017 1885 forte
3047 1829 3099 1884 iu
3130 1830 3409 1885 canonicis
3433 1830 3551 1885 viam
3587 1832 3751 1884 rituum-

623 1919 761 1974 stitit
788 1922 961 1976 donec
1010 1924 1203 1993 sopitis
1258 1925 1553 1982 incestibus
1615 1942 1837 1997 regnum
1868 1928 1935 1981 ab
1975 1926 2205 1982 infandae

624 2010 868 2067 mulieris
896 2012 1138 2080 infamia,
1162 2016 1246 2073 cui
1278 2032 1370 2071 rex
1400 2018 1414 2071 i
1440 2019 1546 2072 lem
1584 2021 1784 2073 omissa
1833 2017 2058 2087 conjuge
2106 2034 2201 2072 sua

623 2104 820 2173 sapius
853 2108 1325 2174 reminiscebatur,
1380 2120 1725 2180 expurgaret.
1772 2110 1903 2166 Eam
1934 2112 2202 2181 siquidem

622 2211 844 2253 suorum
907 2199 1134 2254 milium
1198 2218 1361 2261 manu
1408 2204 1655 2267 vallatus,
1707 2220 1738 2258 a
1772 2204 1935 2270 regali
1968 2204 2119 2260 curia
2150 2205 2203 2259 in

620 2303 725 2356 qua
758 2290 1082 2345 mansitabat
1116 2292 1163 2347 vi
1212 2293 1458 2360 abduxit,
1492 2295 1611 2349 abdi
1635 2303 1777 2349 ctam
1814 2304 2071 2365 perpetuo
2111 2309 2206 2350 ex-

620 2380 743 2434 silio
774 2381 826 2435 in
859 2382 1119 2439 lliberuia
1148 2386 1545 2441 condemnavit.
1583 2387 1713 2442 Erat
1736 2389 1933 2458 quippe
1974 2388 2055 2441 vir
2077 2386 2205 2441 viri-

619 2467 721 2522 btts
777 2487 926 2540 pnrze
973 2474 1245 2542 aequitatis
1288 2491 1386 2544 per
1431 2477 1611 2531 omnia
1669 2476 1855 2541 fultus,
1903 2493 2002 2532 nec
2044 2477 2201 2533 aheni

619 2561 924 2631 iniquitatis
961 2564 1210 2619 ministro
1239 2565 1447 2631 favens,
1482 2569 1740 2624 voluntati
1775 2570 1865 2625 Dei
1909 2570 1962 2623 iu
1992 2572 2204 2624 cunt-lis

615 2653 840 2722 obsequi
868 2655 1167 2723 satagebat.
1207 2656 1551 2729 Quapropter
1578 2670 1632 2715 et
1672 2662 1812 2717 Deus
1842 2662 1888 2716 ei
1920 2678 2018 2718 sua
2046 2664 2204 2717 arise-

619 2744 850 2798 ricordia
878 2762 1094 2817 semper
1118 2749 1331 2813 aderat,
1359 2766 1422 2805 ac
1450 2752 1708 2806 voluntati
1734 2752 1875 2809 illius
1897 2768 2058 2808 aures
2079 2770 2204 2807 suas

617 2836 930 2893 inclinabat.
991 2841 1148 2896 Verbi
1197 2844 1368 2912 gratia
1424 2847 1663 2912 parietes
1712 2846 1953 2901 ecclesia:
2001 2846 2201 2900 Christi

623 2930 1054 2988 Dorobernensis
1080 2952 1191 2990 sure
1223 2937 1469 2992 videlicet
1504 2939 1650 2993 sedis
1675 2938 1727 2992 in
1758 2938 2004 2993 altioretn
2038 2955 2201 3008 quant

614 3032 736 3077 erat
786 3032 988 3078 statum
1044 3026 1259 3080 sublato
1311 3036 1450 3082 tecto
1499 3028 1612 3097 ipse
1661 3028 1825 3083 Pater
1881 3039 2200 3085 construere

2310 1917 2486 1971 tandze
2520 1920 2809 1989 reperiret,
2849 1921 3085 1981 disceret
3122 1932 3177 1977 et
3218 1922 3526 1985 imitaretur.
3565 1922 3664 1988 Quid
3688 1938 3750 1976 tm-

2308 2010 2448 2080 plius
2469 2011 2492 2064 ?
2515 2010 2599 2065 Fit
2626 2014 2923 2069 cauonicus
2959 2013 3105 2070 inter
3149 2014 3441 2068 canonicos
3467 2012 3602 2081 ipsos,
3624 2013 3654 2066 ti
3671 2027 3751 2082 qn

2311 2101 2450 2156 ritur
2472 2102 2647 2171 qualis
2676 2103 2822 2160 inter
2846 2104 3056 2174 quales,
3080 2102 3346 2175 regularis
3384 2104 3509 2158 inter
3531 2103 3750 2171 irregulero'.

2308 2193 2425 2264 Ipse
2455 2195 2657 2251 etenim
2704 2212 2825 2268 qua:
2856 2197 3124 2253 institutio
3164 2195 3292 2250 vita:
3317 2195 3746 2252 canoniconnndoccr

2308 2296 2366 2343 ct
2428 2288 2690 2358 pnecepit
2758 2288 3065 2344 indefessus
3116 2289 3529 2360 exsequebatur;
3566 2287 3621 2340 illi
3649 2298 3750 2352 spira

2309 2380 2652 2435 institutione
2673 2381 2884 2438 ordinis
2908 2383 3010 2438 sibi
3036 2382 3192 2452 juxta
3218 2382 3457 2438 eordiutn
3493 2395 3659 2436 suat-un
3675 2378 3752 2432 dei-

2306 2471 2455 2528 deria
2490 2472 2902 2541 gradiebantur.
2935 2472 3089 2532 Unde
3133 2472 3479 2526 admirandus
3513 2470 3664 2525 cunctis
3683 2465 3752 2520 εὕει

2305 2572 2427 2618 ctus
2451 2564 2520 2619 ob
2565 2564 2955 2634 plenitudinem
2987 2564 3178 2635 gratia:
3224 2562 3356 2627 Dei,
3403 2576 3511 2633 qua:
3543 2562 3586 2614 in
3610 2559 3752 2613 nuribus

2304 2654 2424 2725 ejus
2451 2656 2718 2723 enitebat,
2748 2656 2987 2712 decanns
3011 2656 3187 2721 factus
3215 2656 3517 2719 adolesth
3539 2650 3749 2723 praeponitur

2305 2746 2548 2811 senibus,
2574 2756 2847 2818 quatenus
2873 2748 3103 2804 canities
3144 2763 3341 2803 sensus
3380 2746 3507 2801 illius
3527 2754 3572 2799 ct
3593 2744 3749 2797 iliilllilCli'

2306 2837 2415 2896 lata
2438 2840 2553 2899 vita
2576 2840 2720 2897 illius
2745 2841 3070 2896 maculatam
3101 2855 3298 2895 senum
3336 2840 3483 2894 vitam
3521 2834 3749 2891 canculam

2306 2944 2371 2983 ac
2401 2929 2638 2999 pueriles
2659 2945 2853 2985 sensus
2886 2930 3097 2984 illorum
3129 2929 3315 2983 studio
3340 2927 3594 2996 disciplina:
3610 2920 3749 2977 cultui:

2305 3030 2613 3075 evaeuaret.
2648 3020 2756 3076 Sed
2792 3021 2864 3076 illi
2908 3023 3077 3093 inagis
3126 3022 3350 3091 antiqua
3389 3034 3544 3089 prava:
3574 3012 3753 3070 serici-mis

616 3114 827 3176 volens,
856 3130 920 3169 ae
950 3114 1084 3170 velle
1115 3131 1267 3170 suum
1302 3117 1444 3173 laeto
1467 3118 1787 3188 adirnplens,
1815 3121 1993 3175 oravit
2017 3120 2201 3175 Domi-

2309 3110 2503 3168 iainera
2556 3122 2742 3169 tenere
2775 3114 3054 3177 volentes,
3105 3113 3237 3169 licet
3261 3129 3381 3168 eum
3424 3108 3753 3169 ιιοιιιιιιιὺειιοηιιε

617 3219 746 3257 num
789 3214 846 3258 ut
892 3207 1129 3274 quandiu
1169 3207 1281 3277 ipsa
1322 3209 1414 3264 Dei
1441 3210 1633 3265 domus
1673 3211 1979 3281 integritate
2002 3214 2082 3267 sui
2109 3228 2200 3268 ca-

618 3301 782 3357 reret,
838 3294 1014 3363 pluvia
1065 3311 1184 3363 qua:
1230 3297 1483 3366 populum
1539 3315 1568 3353 a
1614 3301 1838 3355 servitio
1870 3300 1961 3355 Dei
1988 3312 2201 3358 arceret

617 3381 757 3436 infra
782 3382 1045 3438 ambitum
1073 3386 1213 3440 illius
1230 3404 1331 3439 non
1364 3389 1740 3445 descenderet.
1755 3393 1904 3458 Quod
1928 3403 1981 3447 et
1998 3393 2198 3449 factum

614 3480 718 3528 est.
777 3473 996 3532 Videres
1043 3478 1243 3532 etenim
1289 3489 1452 3534 totam
1493 3482 1767 3537 civitatem
1810 3499 1952 3554 saepe
2009 3488 2197 3556 grandi

615 3562 790 3632 pluvia
822 3564 1196 3637 circumcingi,
1228 3578 1281 3622 et
1303 3569 1476 3639 ipsum
1510 3571 1762 3642 templum
1812 3573 2051 3643 ejusdem
2080 3574 2199 3644 plu-

615 3656 715 3711 viae
746 3657 1095 3714 inundatione
1118 3676 1215 3717 nec
1237 3663 1496 3734 conlittgi.
1536 3664 1664 3719 Item
1696 3666 1835 3721 idem
1868 3666 2193 3728 Fatendum

614 3750 847 3817 quadam
879 3750 993 3806 vice
1039 3768 1255 3807 sacrum
1312 3756 1625 3825 mysterium
1656 3756 1814 3811 altari
1840 3773 2079 3827 prtesens
2104 3760 2200 3813 ad-

614 3841 969 3906 ministraret,
1017 3858 1215 3913 corpus
1270 3844 1606 3900 Dominicum
1660 3848 1800 3903 inter
1851 3865 2043 3905 manus
2082 3850 2200 3921 ejus

613 3938 898 3985 cruentum
950 3943 1003 3985 et
1035 3936 1354 4006 sanguinem
1384 3936 1653 3993 dislillans
1682 3939 1733 3994 itt
1765 3941 1990 3996 calicem
2036 3959 2197 4014 appa-

614 4022 740 4078 rnil.
789 4024 863 4080 Ex
915 4041 1023 4094 quo
1080 4027 1404 4083 intuentium
1460 4031 1731 4086 urentibus
1784 4032 1953 4088 nimio
1998 4049 2198 4103 pavore

612 4115 910 4180 percussis,
943 4130 1063 4169 mox
1117 4117 1185 4171 ad
1220 4133 1411 4187 preces
1455 4120 1726 4188 pontificis
1777 4122 1830 4176 in
1879 4133 2195 4178 consuetam

612 4202 695 4256 sui
713 4201 941 4258 fortnam
976 4207 1281 4263 restitutum
1306 4220 1409 4264 est.
1426 4211 1696 4266 Feruntur
1717 4222 1773 4267 et
1794 4213 1897 4266 alia
1924 4214 1989 4268 de
2005 4214 2195 4269 eodem

612 4294 732 4348 viro
766 4296 1009 4351 miranda
1032 4297 1196 4362 facta.
1224 4317 1344 4370 qua:
1368 4318 1466 4359 nos
1502 4304 1715 4359 silentio
1740 4307 2104 4375 prrelerimus,
2129 4320 2197 4361 ne

615 4393 867 4451 putemur
885 4387 1035 4441 obliti
1060 4392 1241 4457 Oper-is
1264 4393 1404 4459 quod
1430 4393 1769 4464 inempimus.

2305 3216 2556 3275 agentem
2585 3206 2780 3261 blando
2803 3208 3010 3262 honore
3038 3207 3331 3275 detritoque
3363 3204 3524 3265 favore
3547 3214 3752 3255 venerans-

2307 3306 2416 3361 tur,
2450 3305 2629 3352 tamen
2663 3296 2809 3351 illum
2840 3297 2989 3357 nullo
3010 3307 3168 3366 pacto
3196 3312 3259 3351 se
3292 3297 3342 3349 itt
3388 3295 3558 3349 lalilus
3577 3290 3753 3342 audituros

2304 3385 2665 3442 afﬁrmabant.
2718 3388 2789 3442 At
2831 3387 2921 3441 ille
2951 3388 3017 3443 de
3066 3387 3246 3442 laudis
3289 3388 3508 3457 ipsorum
3550 3377 3753 3435 reutosiblr

2304 3478 2439 3533 nihil
2466 3494 2690 3539 curans.
2714 3480 2967 3550 gemebat
2988 3480 3237 3549 quotidie
3263 3490 3337 3546 ct,
3361 3491 3413 3533 ut
3436 3478 3522 3534 sibi
3548 3475 3599 3528 ad
3617 3471 3751 3561 salt:er

2304 3585 2463 3625 suam
2520 3570 2661 3624 Dens
2715 3570 3060 3637 consuleret,
3116 3572 3438 3639 precabatur
3472 3575 3600 3621 nocte
3621 3576 3666 3615 ac
3693 3556 3752 3609 ἀέρι

2305 3661 2502 3716 Verum
2531 3662 2618 3716 ubi
2667 3662 2953 3732 perpendit
2982 3662 3102 3717 illos
3138 3674 3367 3733 propter
3395 3677 3504 3717 eum
3531 3662 3752 3725 ueqli‘lm‘

2302 3751 2439 3806 velle
2461 3767 2491 3805 a
2531 3753 2701 3805 veteri
2736 3753 2840 3806 vita
2872 3754 3169 3817 emendari,
3206 3768 3375 3823 seque
3402 3769 3485 3823 per
3517 3749 3625 3808 illos.
3643 3744 3674 3799 si
3694 3754 3751 3835 ait

2301 3843 2719 3908 absentaretur,
2788 3859 2817 3895 a
2872 3859 2971 3897 suo
3024 3845 3306 3915 proposito
3366 3857 3509 3913 posse
3549 3839 3751 3899 deorum;

2301 3944 2483 4004 spreta
2517 3950 2623 4004 qua
2654 3934 2974 4006 cingebatur
3003 3952 3199 4007 pouzpa
3238 3936 3497 3997 smeulari,
3518 3927 3753 4000 spreuit”

2300 4042 2407 4094 que
2456 4027 2660 4081 divitiis
2702 4042 2931 4096 quarum
2983 4029 3138 4099 copia
3169 4027 3527 4087 redundabat,
3554 4017 3753 4079 τειίςιξεαεε

2298 4118 2575 4173 canonicis
2612 4133 2843 4187 quorum
2884 4119 3304 4174 conversatione
3352 4126 3552 4173 eatenus
3584 4122 3673 4165 usus
3709 4101 3752 4153 ῐυ·

2294 4217 2438 4273 erat,
2470 4207 2609 4262 redit
2646 4207 2712 4261 ad
2744 4209 3051 4277 pontiﬁcem
3100 4219 3356 4279 patruum
3381 4222 3553 4267 suum,
3581 4196 3749 4267 negoti“

2298 4298 2488 4353 salutis
2526 4302 2719 4355 anima:
2743 4316 2855 4355 sua:
2880 4316 3004 4355 cum
3028 4315 3092 4355 eo
3130 4310 3471 4355 tractaturus.
3500 4292 3611 4362 Quid
3630 4280 3750 4343 mula?

2303 4389 2402 4445 Ubi
2432 4390 2679 4446 miserias
2699 4392 2827 4447 vitae
2851 4390 3097 4448 mortalis
3128 4407 3253 4446 cum
3278 4389 3513 4461 pontiﬁce
3528 4385 3686 4450 loquens
3703 4384 3748 4437 P'

688 4472 858 4543 llujus
909 4477 1069 4547 igitur
1121 4479 1297 4536 Patris
1348 4500 1513 4552 ttcpns
1568 4462 1701 4554 puer
1757 4488 1848 4541 Dei
1916 4486 2198 4545 Oswaldus
2227 4495 2274 4555 ι)
2302 4482 2733 4539 commoratione
2757 4482 2993 4547 άῦηθνίιι
3025 4483 3114 4538 Ubi
3147 4498 3310 4552 «ιιιαιη
3355 4476 3545 4534 ἀίπίυίίθ
3571 4473 3625 4526 δὴ
3652 4462 3749 4521 W5.

611 4566 871 4633 existens,
890 4584 918 4621 a
945 4570 1260 4638 parentibus
1286 4574 1399 4628 suis
1420 4574 1535 4641 ejus
1560 4576 1819 4631 doctrinis
1850 4578 2193 4643 imbuendus,

611 4656 729 4728 ejus
750 4660 1011 4730 exemplis
1048 4661 1408 4720 instituendus
1437 4666 1485 4721 ei
1523 4670 1931 4726 commendatus
1959 4683 2061 4727 est.
2094 4672 2194 4740 Qui

608 4763 676 4802 ex
704 4750 1117 4807 conversatione
1143 4754 1274 4809 tanti
1305 4756 1404 4809 viri
1430 4772 1552 4812 sese
1577 4757 1786 4814 felicem
1818 4760 1932 4815 fore
1959 4777 2195 4832 pronuno

611 4842 773 4911 tians,
817 4859 916 4898 nec
947 4845 1373 4914 miraculorum,
1417 4864 1535 4919 quat
1568 4867 1955 4924 nonnunquam
1996 4855 2195 4911 adsnnt

609 4936 786 4999 malis,
811 4938 905 4992 sed
932 4938 1188 4994 virtutum
1210 4940 1346 5010 ejus,
1372 4944 1487 4999 sine
1510 4946 1706 5016 quibus
1731 4964 1890 5003 nemo
1906 4949 1972 5003 lit
1998 4949 2193 5020 bonus,

614 5024 854 5082 imitator
885 5044 1023 5085 esse.
1052 5034 1300 5087 curabat.
1335 5033 1487 5092 Unde
1536 5047 1592 5091 et
1620 5037 1689 5092 ab
1731 5041 1982 5096 erunibus
2007 5041 2197 5115 dilige-

613 5117 791 5187 batur,
839 5136 944 5176 nou
989 5122 1160 5180 solum
1192 5126 1318 5195 quia
1368 5136 1518 5184 tanta
1564 5131 1746 5187 carnis
1792 5135 2194 5205 proanquitate

612 5208 686 5262 illi
738 5214 1115 5281 copulabatur,
1162 5220 1255 5273 sed
1287 5219 1453 5274 etiam
1502 5222 1629 5290 quia
1685 5238 1873 5278 versus
1921 5241 2110 5281 mnucs
2139 5226 2191 5280 id

608 5313 833 5370 egerant
864 5307 1054 5362 merita
1084 5308 1201 5379 ejus
1237 5319 1345 5365 uta
1371 5315 1582 5368 cunctis
1608 5325 1905 5371 amaretur.
1938 5317 2195 5374 Traditur

607 5388 827 5459 litteris,
853 5397 1197 5468 etcujusdam
1218 5401 1315 5456 viri
1343 5401 1653 5474 FritltegoJi
1681 5406 1898 5460 nomine
1919 5407 2055 5478 (l9),
2088 5408 2181 5478 qui

677 5547 790 5629 μεθ)
826 5548 1117 5629 Monachus
1143 5555 1188 5611 is
1210 5556 1626 5629 gCantuaricnsis
1652 5558 1899 5629 plrtrimis
1934 5558 1986 5613 in
2017 5560 2189 5616 lucem

603 5618 765 5690 editis
808 5622 1025 5690 scriptis
1054 5625 1285 5689 claruit,
1317 5630 1552 5685 maxime
1581 5618 1761 5686 autem
1805 5628 1924 5685 Vita
2060 5631 2192 5687 Wil-

609 5688 735 5769 frid]
756 5688 996 5769 Arnetrice
1027 5695 1179 5769 jussu
1206 5688 1410 5755 Odonis
1432 5702 1754 5769 composita.

678 5760 787 5815 ιθ.οὶ
835 5760 1122 5820 Wirrtouia:
1151 5767 1200 5819 in
1233 5770 1394 5825 veteri
1427 5760 1755 5828 monasterio
1782 5772 2089 5833 Oswaldutn
2123 5777 2190 5833 ab

2300 4592 2423 4633 nem
2473 4577 2611 4633 inter
2638 4576 2821 4632 mundi
2853 4575 3138 4630 illecebras
3178 4574 3501 4646 gradientem
3524 4564 3621 4636 ipsis
3646 4558 3749 4646 illff“

2299 4669 2411 4724 bris
2432 4684 2536 4725 non
2557 4668 2782 4734 irretiri,
2809 4668 3061 4738 utrinque
3084 4680 3268 4723 sermo
3296 4663 3561 4735 procedens
3574 4642 3745 4745 illiw?“

2300 4762 2464 4819 infert
2489 4763 2690 4820 Christi
2730 4763 2885 4821 miles
2923 4762 3191 4819 Oswaldis
3241 4762 3344 4816 sibi
3374 4760 3475 4827 iam
3510 4749 3695 4811 aridis“
3720 4754 3746 4787 ι⁸¹

2298 4866 2532 4912 ruentem
2566 4871 2627 4912 se
2655 4855 2857 4911 nudum
2900 4854 3253 4911 srecnlaribus
3288 4850 3487 4907 cunctis
3508 4843 3613 4900 velle

2296 4945 2573 5001 Christum
2633 4947 2786 5017 sequi
2836 4955 2892 5002 et
2940 4961 3069 5002 vere
3128 4944 3449 5000 monachum
3493 4936 3598 4991 ﬁeri.
3633 4924 3746 5016 Ειείίξι

2295 5039 2491 5111 gaudio
2519 5039 2764 5111 pontifex
2793 5040 2861 5096 ad
2885 5039 3096 5105 audita,
3120 5047 3176 5094 et
3195 5031 3571 5106 erumpentibus
3590 5023 3745 5086 lacum“

2297 5129 2601 5200 prtejubilo
2633 5130 2818 5187 cordis
2867 5145 2978 5201 qua
3018 5144 3151 5185 voce
3174 5129 3435 5198 οιρτίιιιει
3474 5118 3590 5209 (ιυοά
3627 5116 3745 5209 1³⁷³*

2296 5223 2444 5277 intus
2476 5223 2638 5279 habet
2669 5223 2915 5279 invenire
2945 5222 3167 5277 minime
3199 5219 3359 5275 valet.
3381 5215 3423 5272 0
3449 5214 3557 5269 hinc
3578 5208 3742 5297 ἱιιιςτ

2293 5329 2361 5369 ex
2392 5314 2588 5369 divinis
2631 5314 2811 5370 verbis
2857 5313 2980 5368 vita:
3017 5311 3270 5385 perennis
3295 5317 3409 5365 orta
3442 5293 3735 5395 conterriti“?

2294 5405 2339 5462 0
2368 5407 2421 5461 in
2461 5416 2828 5479 contemptum
2867 5406 3049 5462 mundi
3087 5414 3209 5462 nata
3262 5396 3519 5458 suadibilis
3555 5385 3743 5446 dirimi"

2295 5566 2482 5623 Odone
2521 5566 2845 5623 collocatum
2897 5582 2961 5623 ac
2999 5565 3338 5623 postmodum
3367 5562 3587 5617 deanam
3617 5546 3739 5623 "mf

2296 5617 2723 5694 ῗίἰῖιὶὶῖιιῦὲὶὶἐῖἑ
2735 5617 3402 5693 ara-ttMasinissa:
3446 5638 3551 5684 tunc
3574 5617 3741 5684 me“

2298 5710 2609 5766 insederunt
2641 5710 2886 5765 canonici
2919 5707 3219 5764 saecularcs.
