3870 6304
147 375 259 434 765

1458 376 1610 435 Vl'l'A
1651 379 1710 435 S.
1752 378 2083 439 OSWALDl.

3317 384 3417 403 ,ΩΟ

3324 408 3339 439 t
3353 405 3419 438 tm

145 494 401 549 collatio!
449 491 579 559 Quis
635 492 803 562 ipsam
856 491 1153 548 edisscrat?
1186 493 1433 548 hortatur
1474 494 1732 564 deinceps
1761 500 1807 556 Λ
1835 497 2061 551 sationis
2090 511 2203 552 sua:
2234 498 2341 553 Deo
2376 499 2701 555 farniharius
2742 500 3069 555 adhaereret.
3111 498 3221 554 llbc
3256 497 3419 569 igitur

145 599 319 640 senex
352 582 605 653 juvenem
637 601 703 640 ne
740 593 884 639 retro
910 584 1089 649 abeat,
1121 601 1186 640 ne
1213 586 1382 655 posita
1414 601 1576 656 super
1610 602 1735 640 ara-

145 688 299 732 trum
334 692 493 731 manu
534 685 655 747 post
696 687 903 749 tergum
953 678 1177 747 aspiciat
1225 678 1375 747 (Luc.
1404 695 1476 737 ix,
1509 679 1629 750 6:2),
1665 695 1732 734 ne

141 770 376 841 laqueos
404 770 584 825 saeculi
612 769 724 838 jam
749 773 978 827 evadere
1012 771 1356 841 incipientem
1385 772 1497 827 suis
1525 771 1733 843 laqueis

142 860 408 915 inimicus
464 861 723 915 involvat.
783 862 859 914 Ad
915 876 1035 931 qua:
1090 862 1177 916 ille
1223 879 1235 915 :
1280 860 1461 929 Raptis
1511 864 1731 917 vinculis

136 955 474 1025 voluptatum
499 956 818 1022 carnalium,
846 956 983 1026 jam,
1017 957 1303 1025 inspirante
1328 956 1460 1019 Deo,
1505 956 1731 1011 libertati

136 1046 376 1099 donatus
405 1061 559 1109 sum;
587 1054 634 1099 et
676 1046 859 1099 iterum
892 1063 973 1099 me
1016 1050 1274 1099 traderent
1305 1045 1613 1099 miserrima:
1642 1064 1732 1101 ca-

134 1135 367 1199 rtiiitati
412 1139 506 1188 sub
542 1135 841 1188 earumdem
887 1135 1207 1204 voluptatum
1242 1135 1460 1190 vinculis
1506 1138 1732 1191 vincien-

136 1227 313 1280 dum?
340 1226 459 1281 Non
494 1227 814 1280 aiszimabum
837 1227 1044 1280 nte‘ltoc
1073 1225 1260 1280 ordine
1291 1225 1556 1280 Christum
1585 1227 1731 1298 sequi

134 1320 350 1373 del-ere.
376 1318 621 1372 Amorem
652 1320 735 1372 sui
764 1319 891 1372 milii
916 1321 1165 1374 concessit
1191 1336 1255 1374 ex
1277 1320 1462 1374 no:itia
1493 1319 1731 1387 Scriptu-

136 1428 327 1464 rarunt
377 1427 627 1475 suarum;
676 1423 725 1466 et
800 1428 939 1465 nunc
991 1428 1110 1466 eum
1164 1411 1496 1465 desererent?
1548 1410 1729 1465 Talem

134 1503 382 1557 cideicet
432 1502 663 1571 fructum
709 1502 962 1569 capiendo
1007 1518 1073 1557 ea:
1121 1504 1457 1557 medtatione
1512 1504 1732 1557 earum?

137 1593 287 1658 lino,
317 1592 495 1656 Pater,
526 1594 571 1648 si
590 1594 779 1663 placet,
805 1594 915 1659 dic,
959 1612 1052 1649 nec
1085 1595 1286 1649 dubites
1312 1596 1399 1649 ubi
1430 1595 1551 1649 velis
1572 1596 1731 1666 per/i-

136 1688 285 1740 ciant
312 1687 451 1755 quod
476 1687 723 1757 proposui
746 1702 765 1751 ;
813 1699 903 1741 aut
929 1698 1065 1742 certe
1094 1689 1141 1742 si
1168 1688 1260 1742 tibi
1292 1705 1448 1757 grave
1492 1705 1596 1742 non
1631 1697 1727 1754 est,

136 1779 252 1841 ipse
300 1793 584 1845 proponam
636 1778 777 1846 quod
820 1778 1076 1847 disposui.
1118 1777 1234 1844 Ait,
1263 1779 1370 1832 dic.
1423 1777 1679 1848 Regulam
1709 1818 1725 1844 ,

1836 588 2095 651 orationi,
2124 589 2485 654 meditationi,
2516 591 2961 662 contemplationi
2998 592 3122 645 vitze
3162 591 3417 661 perennis

1837 687 2078 731 remotus
2100 677 2168 733 ab
2193 678 2404 733 illorttm
2431 680 2805 750 inquietudine
2820 696 3040 749 operam
3067 682 3196 735 dare
3226 678 3417 734 solitus

1835 781 1951 835 cSI;
1991 786 2242 842 inagnnm
2274 772 2493 827 humani
2528 774 2743 842 generis
2772 776 2910 829 hosti
2965 774 3204 829 fomitem
3229 773 3416 828 livoris

1835 872 1889 916 et
1917 862 2027 915 odii
2073 863 2417 933 suggerebat.
2472 864 2564 919 Ille
2601 864 2800 934 quippe
2828 866 3112 920 attendens
3159 873 3216 919 et
3246 872 3418 917 atten-

1834 952 2012 1007 dendo
2040 954 2356 1009 subvertere
2385 956 2601 1009 inhians
2626 957 2862 1011 studium
2886 956 3243 1012 strenuissimi
3263 956 3419 1026 juve-

1835 1045 1940 1109 nis,
1970 1045 2249 1115 multiplici
2295 1062 2417 1100 eum
2451 1048 2685 1101 versutia
2724 1050 2924 1118 pulsat,
2960 1049 3226 1117 pulsando
3254 1048 3417 1103 terri-

1835 1142 1935 1198 tat,
1988 1138 2242 1188 terrendo
2283 1135 2494 1205 fatigat,
2558 1136 2836 1206 fatigando
2904 1138 3230 1206 proturbare
3298 1138 3416 1192 loco

1835 1224 2064 1279 laborat.
2107 1224 2256 1280 Unde
2286 1227 2515 1295 quadam
2548 1226 2666 1281 vice
2697 1228 2822 1281 dum
2850 1244 2908 1282 se
2937 1229 2989 1282 in
3037 1230 3281 1283 oratione
3318 1244 3416 1298 pro

1833 1318 2247 1386 compunctione
2299 1318 2481 1373 cordis
2534 1318 2642 1372 Deo
2673 1329 2833 1374 noctu
2891 1330 3178 1387 tuactarct,
3237 1322 3417 1376 adluit

1835 1410 1950 1479 ipse
2000 1407 2286 1479 malignus,
2317 1418 2371 1464 et
2420 1426 2583 1465 sones
2614 1413 2896 1467 horriﬁcos
2937 1414 3102 1467 edens
3144 1413 3415 1467 hominem

1834 1501 2026 1556 terrori
2060 1502 2309 1556 addicere
2357 1502 2703 1567 moliebatur,
2745 1520 2868 1558 cum
2898 1514 2952 1558 ut
2983 1516 3161 1573 coepto
3182 1506 3414 1559 desiste-

1835 1600 1939 1657 ret,
1969 1601 2080 1647 tum
2112 1603 2170 1646 nt
2198 1594 2319 1647 aliis
2365 1594 2513 1649 horis
2548 1594 2725 1649 simile
2777 1610 2915 1664 opus
2946 1606 3040 1649 aut
3074 1597 3295 1665 segnius
3324 1606 3418 1650 aut

1832 1684 2142 1740 nullatenus
2181 1694 2501 1740 attentan-t.
2532 1688 2603 1739 At
2627 1686 2911 1742 Oswaldus
2944 1686 3063 1741 fidei
3093 1688 3417 1741 Christiana:

1833 1787 1990 1831 scuto
2030 1784 2328 1847 protectus.
2363 1793 2469 1831 non
2512 1778 2685 1848 magis
2715 1776 2781 1831 ad
2823 1776 3096 1831 fremitum
3131 1777 3303 1832 leonis
3329 1777 3415 1831 vel

141 1867 344 1936 inquit,
377 1867 512 1919 beati
544 1867 812 1920 Benedicti
861 1884 1066 1923 servare
1098 1869 1194 1922 sub
1237 1868 1528 1923 obedientia
1578 1869 1727 1934 colo;
1763 1851 1804 1909 Β
1832 1870 2048 1925 sibilum
2096 1870 2367 1939 serpentis
2411 1886 2574 1940 qualn
2599 1870 2666 1923 ad
2697 1870 2933 1923 balatum
2965 1871 3082 1923 ovis
3112 1870 3190 1924 vel
3216 1870 3416 1923 strido-

137 1970 191 2013 et
219 1960 415 2012 idcirco
436 1960 491 2013 in
517 1958 691 2014 Callia
721 1961 860 2028 apud
885 1960 1217 2030 Floriacum,
1238 1962 1326 2016 ubi
1350 1963 1512 2032 ipsius
1545 1960 1727 2017 Patris

139 2052 377 2122 reliquiae
427 2054 674 2106 d'cnntur
712 2055 921 2118 haberi,
953 2056 1239 2108 monac/tus
1282 2055 1400 2123 ﬁeri
1438 2065 1607 2110 mente
1649 2072 1728 2111 re-

140 2143 307 2196 t'olro.
338 2140 506 2200 Nam.
529 2145 691 2212 juxta
726 2144 866 2214 quod
912 2144 1041 2197 mihi
1078 2160 1195 2198 mea
1236 2146 1516 2199 a'stimatio
1562 2146 1724 2212 dicit,

143 2251 407 2304 nusquam
438 2236 631 2289 rectius
655 2237 913 2290 servando
967 2245 1093 2290 sunt
1144 2253 1235 2290 nec
1275 2237 1411 2307 forte
1452 2248 1727 2292 servantur

138 2341 261 2393 qua'
288 2324 421 2377 idem
458 2322 615 2378 Pater
642 2324 889 2390 instituit,
911 2341 1068 2395 quant
1100 2325 1153 2379 in
1185 2325 1300 2379 loco
1337 2343 1487 2397 quem
1516 2328 1724 2397 ipsemet

137 2432 238 2468 sua
265 2414 524 2484 corporali
557 2416 839 2485 pra'seutia
890 2417 945 2469 in
989 2427 1290 2487 perpetuum
1324 2420 1583 2474 honorare
1621 2437 1723 2474 non

139 2508 365 2559 desistit.
403 2507 645 2562 Antistes
696 2508 762 2561 ad
810 2508 925 2563 Ita‘c
954 2522 970 2562 :
996 2508 1168 2575 Idem,
1206 2511 1397 2581 inquit,
1435 2514 1721 2577 sentimus;

137 2598 277 2650 idem
300 2597 566 2665 sapimus;
601 2599 653 2651 in
685 2599 820 2653 idem
850 2609 1028 2654 nostra
1057 2601 1275 2655 intentio
1316 2604 1501 2657 tendit.
1539 2603 1723 2659 Mona-

137 2690 269 2742 chus
302 2689 403 2742 loci
434 2690 575 2742 illius
599 2706 736 2744 sum.
767 2688 1022 2746 Habitum
1043 2692 1181 2746 enim
1206 2692 1469 2762 religionis
1491 2694 1561 2747 ad
1591 2709 1722 2748 onus

136 2781 435 2850 regiminis,
488 2781 582 2835 sub
612 2798 712 2852 quo
761 2798 929 2851 gemo,
968 2792 1183 2837 vocatus
1211 2784 1333 2837 inde
1383 2784 1623 2853 suscepi;
1674 2794 1720 2837 et

134 2884 409 2942 praptereo
456 2884 531 2937 te,
562 2890 712 2944 quem
757 2873 1033 2943 specialius
1065 2891 1219 2939 amo,
1275 2876 1587 2930 monachum
1649 2877 1721 2930 ibi

134 2968 254 3035 ﬁeri
279 2967 613 3036 potissimum
645 2979 784 3034 apto.
827 2966 893 3021 Et
922 2967 1136 3037 quidem
1171 2967 1286 3021 haec
1320 2968 1511 3037 patrice
1540 2968 1721 3023 demn-

137 3060 273 3112 tatio
302 3072 365 3112 ea
398 3074 453 3113 re
492 3067 617 3115 tunc
645 3060 713 3113 ita
748 3058 1032 3126 utriusque
1066 3057 1325 3112 voluntati
1358 3058 1717 3128 complacuit;

1831 1979 1945 2019 rem
1976 1964 2169 2017 soricis
2217 1964 2430 2032 (lmrmn
2472 1963 2616 2017 enim
2663 1971 2717 2017 et
2762 1962 2990 2016 aliarum
3032 1965 3080 2017 ei
3112 1963 3412 2017 bestiarum

1830 2055 2109 2125 improbus
2136 2057 2223 2111 ille
2252 2072 2413 2111 voces
2436 2056 2690 2127 ingessit)
2718 2058 3009 2112 exterritus
3057 2067 3161 2119 est,
3215 2066 3409 2110 cuncta

1830 2148 2081 2203 videlicet
2123 2149 2276 2204 nihili
2333 2149 2591 2218 pendens.
2646 2163 2768 2203 cum
2821 2163 2920 2203 suo
2970 2157 3190 2203 auctore
3220 2158 3413 2200 cuncta

1828 2238 2102 2293 deridens.
2134 2237 2288 2303 Quod
2317 2237 2526 2291 damon
2574 2237 2862 2291 advertens
2893 2236 3183 2305 disparuit;
3226 2235 3318 2288 sed
3359 2236 3411 2289 in

1825 2330 2225 2401 sngehnnlucis
2256 2330 2515 2398 evestigto
2561 2329 2981 2398 transﬁguratus
3003 2331 3118 2382 viro
3143 2328 3411 2397 apparuit.

1828 2422 1962 2476 Eum
2018 2421 2219 2491 quippe
2272 2419 2383 2488 jam
2440 2431 2568 2475 tunc
2615 2435 2749 2473 nova
2782 2418 2848 2473 de
2892 2434 2951 2473 se
3001 2418 3225 2472 victoria
3256 2432 3411 2472 usmu

1824 2514 2127 2569 aestimabat
2178 2511 2496 2580 sibimetipsi
2559 2525 2870 2572 suasurmn,
2934 2523 2992 2563 se
3048 2508 3257 2563 scilicet
3304 2522 3410 2560 non

1824 2604 2021 2673 injuria
2074 2606 2139 2659 ab
2179 2602 2372 2672 angelo
2405 2602 2727 2657 visitandum
2757 2642 2772 2663 ,
2804 2617 2962 2669 quem
3008 2601 3160 2654 lirma
3215 2600 3411 2653 fretum

1823 2696 2129 2750 constantia
2181 2694 2378 2748 mentis
2431 2694 2593 2748 tmllis
2647 2693 2821 2763 potuit
2888 2693 3141 2747 inimicus
3195 2692 3414 2745 irretire

1826 2787 2112 2856 ligmeutis.
2151 2786 2257 2841 Sed
2286 2802 2382 2841 sua
2428 2786 2526 2839 sibi
2558 2784 2809 2854 iniquitas
2862 2785 3080 2838 mentita
3113 2793 3186 2837 est
3221 2782 3408 2849 (Psal.

1824 2896 1973 2946 xxvi,
2008 2880 2114 2947 l2).
2148 2879 2281 2933 Nam
2322 2879 2389 2932 ad
2444 2879 2543 2933 hoc
2602 2886 2905 2930 monstrum
2932 2874 3163 2928 famulus
3204 2874 3409 2927 Christi

1823 2971 1978 3040 signo
2005 2970 2130 3024 fidei
2155 2986 2213 3024 se
2230 2970 2491 3040 signavit,
2520 2968 2696 3023 sciens
2734 2966 2930 3021 exinde
2978 2964 3228 3035 angelum
3278 2963 3413 3016 lucis

1824 3078 1927 3115 non
1985 3061 2327 3126 irritandam,
2368 3059 2615 3129 angelum
2655 3068 2835 3112 autem
2882 3055 3225 3112 tenebrarum
3275 3053 3412 3108 emi-

134 3152 396 3220 quoniam
427 3167 522 3221 per
546 3152 596 3206 id
628 3152 886 3222 temporis
918 3150 1107 3222 religio
1151 3150 1450 3205 monachici
1480 3151 1718 3217 ordinis,
1749 3188 1796 3253 ο
1828 3171 1928 3208 nus
1972 3152 2335 3223 eﬂ'ugandnm.
2397 3152 2550 3218 Quod
2607 3159 2663 3205 et
2728 3148 2929 3203 factum
2979 3155 3085 3203 est.
3144 3144 3406 3200 Juvenem

132 3258 280 3313 qum,
311 3257 434 3296 cum
473 3254 689 3313 propter
714 3242 1068 3299 barbarorum
1106 3241 1419 3313 frequentes
1463 3244 1723 3315 irruptio-

131 3351 262 3403 nes,
303 3346 415 3390 tmn
464 3348 684 3407 propter
711 3336 1068 3407 quorumdam
1104 3337 1514 3408 malignantinm
1538 3338 1723 3393 turbn-

130 3428 319 3483 lentas
362 3429 657 3484 seditiones
682 3428 881 3483 dudum
913 3428 967 3483 in
989 3429 1178 3499 Anglia
1210 3443 1345 3498 pene
1370 3437 1479 3483 tota
1506 3430 1721 3485 obsole-

124 3530 324 3582 verat,
348 3520 574 3575 necdum
601 3519 681 3574 sui
704 3517 902 3590 vigoris
926 3529 1069 3575 statu
1109 3518 1397 3575 reformata
1427 3521 1719 3576 claruerat.

210 3609 442 3662 Mittitur
460 3609 791 3678 egojuvenis
833 3608 1156 3671 Floriacum,
1202 3609 1309 3664 illic
1351 3608 1577 3665 floribus
1619 3610 1721 3665 ful-

123 3700 365 3755 ciendus
415 3699 694 3752 virtutum.
755 3698 1042 3753 Mittuntur
1092 3714 1307 3769 quoque
1350 3716 1471 3753 cum
1526 3700 1721 3757 litteris

123 3790 597 3847 commendatitiis
645 3791 785 3844 dona
816 3790 1240 3860 quamplurima,
1276 3789 1530 3859 juvenem
1558 3800 1611 3846 et
1639 3793 1720 3846 di-

123 3897 227 3941 cto
279 3893 334 3939 et
388 3884 530 3939 facto
592 3882 771 3937 abbati
826 3897 891 3936 ac
959 3880 1218 3936 fratribus
1262 3882 1717 3937 commendantia.

124 3975 466 4045 Suscipitur,
500 3986 551 4028 et
577 3974 873 4028 monachus
923 3971 1106 4027 habitu
1159 3972 1355 4036 factus,
1426 3971 1535 4026 vita
1584 3987 1721 4042 qne-

122 4083 243 4137 que
286 4066 531 4120 nninachi
566 4067 619 4120 in
650 4066 782 4136 ipsis
816 4064 1130 4136 primordiis
1170 4073 1252 4119 est
1289 4066 1589 4119 decoratus.
1620 4065 1720 4130 Qui

128 4158 311 4223 igitur
339 4164 557 4209 venerat
585 4156 654 4208 ab
691 4154 811 4208 aliis
838 4154 1020 4208 doceri
1053 4153 1187 4208 alios
1219 4152 1442 4217 imitari,
1476 4153 1637 4207 talem
1665 4170 1725 4209 se

128 4246 247 4301 illis
278 4246 546 4305 exhibuit.
596 4253 656 4298 ιιι
687 4245 821 4299 satis
851 4242 1116 4298 haberent
1144 4242 1197 4297 in
1224 4257 1288 4297 eo
1318 4256 1427 4312 quo
1450 4242 1719 4297 doceren-

122 4350 248 4401 tur,
266 4337 410 4407 qnod
441 4337 798 4390 imitarentur.
830 4335 962 4390 Erat
982 4336 1125 4390 enim
1148 4348 1338 4390 somno
1361 4350 1576 4404 parcus,
1600 4334 1723 4389 cibo

124 4431 376 4493 sobrius,
428 4430 478 4481 in
526 4427 795 4497 loquendo
852 4427 1137 4490 discretus,
1203 4426 1256 4480 in
1305 4427 1549 4481 oratione
1592 4426 1724 4481 assi-

128 4524 305 4585 duus,
332 4521 385 4574 in
433 4520 553 4574 aliis
577 4528 758 4575 autem
809 4518 1122 4581 virtutibus,
1157 4518 1417 4587 patientia
1452 4518 1593 4582 dico,
1623 4517 1722 4571 bu-

135 4614 396 4674 militate,
426 4612 774 4681 benignitate,
802 4608 1238 4674 mansuetudine,
1275 4608 1595 4678 caeterisque
1621 4609 1719 4663 lut-

120 4704 368 4777 jusmodi
398 4720 556 4773 quam
603 4703 776 4767 fortis,
809 4717 970 4772 quam
1000 4702 1268 4768 subditus,
1293 4716 1452 4770 quam
1493 4703 1721 4756 benevo-

134 4800 244 4864 lus,
281 4813 441 4867 quam
482 4806 739 4851 constans
784 4795 1009 4857 exstitit,
1057 4810 1121 4847 ex
1180 4793 1391 4848 sincera
1429 4794 1716 4857 charitate,

131 4908 243 4958 qua
292 4904 454 4960 supra
493 4890 784 4944 humanam
824 4886 1235 4942 aestimationem
1267 4886 1332 4938 ad
1383 4900 1572 4938 onmes
1600 4893 1721 4938 erat

133 4981 388 5041 ditiusus,
416 4979 609 5049 conjici
647 4986 844 5048 potest,
873 4976 1130 5046 Apostolo
1177 4976 1390 5031 dicente
1421 4992 1433 5027 :
1463 4975 1720 5029 Charitav

132 5082 250 5128 tem
287 5073 579 5142 patientem
626 5087 769 5134 esse,
802 5070 1087 5141 benignam
1130 5084 1270 5131 esse,
1300 5084 1404 5121 non
1450 5066 1716 5130 mumlari,

130 5180 245 5221 non
296 5164 490 5231 inflari,
518 5181 623 5219 non
667 5176 827 5234 agere.
859 5176 1167 5233 perperam,
1193 5176 1292 5213 nec
1326 5174 1569 5228 qmerere
1595 5175 1713 5223 sua,

130 5275 235 5314 nec
265 5258 490 5322 irritari,
532 5273 638 5312 non
668 5257 910 5325 cogitare
938 5254 1137 5308 malum
1163 5253 1211 5323 (I
1245 5254 1367 5305 Cor.
1396 5270 1517 5312 sin.
1549 5253 1622 5319 .i),
1663 5262 1718 5305 et

127 5361 353 5411 cetera.
383 5366 503 5421 qtae
532 5349 663 5404 mihi
692 5348 939 5403 brevitati
970 5347 1208 5402 studenti
1245 5346 1465 5413 exsequi
1500 5346 1712 5413 longum

127 5454 238 5500 est.
293 5442 395 5497 llic
442 5441 583 5495 idem
617 5440 824 5495 Domini
868 5455 1059 5495 servus
1085 5446 1356 5493 secretum
1400 5436 1451 5489 in
1483 5436 1713 5490 ecclesia

125 5536 309 5591 locum
341 5535 409 5588 ab
441 5533 630 5587 abbate
658 5543 960 5602 acceperat,
986 5533 1038 5586 in
1063 5546 1169 5602 quo
1187 5544 1284 5599 pro
1314 5528 1469 5581 modo
1492 5542 1719 5581 conver-

196 5674 335 5746 (21)_
351 5672 559 5746 Integra
596 5671 710 5725 haec
741 5670 911 5746 sectio
936 5667 1106 5723 codici
1139 5682 1237 5720 ms.
1271 5661 1614 5746 Benedictino
1638 5662 1715 5716 in.

118 5740 279 5805 set'to
311 5742 438 5796 lolio
478 5740 562 5794 est
606 5740 847 5808 apposita
880 5754 1040 5793 manu
1087 5740 1410 5808 recentiore,
1455 5745 1712 5808 quantum

122 5803 483 5885 atuanueusis
510 5803 777 5883 conjicere
808 5810 999 5881 potuit,
1027 5817 1269 5865 exarata.
1313 5805 1497 5867 Exstat
1523 5803 1709 5883 eadem

1828 3260 2061 3314 namque
2090 3245 2188 3299 bac
2221 3244 2403 3299 crucis
2451 3252 2700 3296 amatura
2732 3241 2999 3296 munitum
3030 3238 3214 3295 statim
3245 3240 3407 3308 dege-

1827 3353 1922 3391 ner
1951 3335 2197 3407 angelus,
2244 3335 2333 3405 qui
2372 3334 2643 3403 apparuit,
2679 3333 2901 3387 territus
2937 3328 3278 3402 fugiuTunc
3315 3327 3407 3382 ille

1824 3428 2097 3497 psallens:
2131 3426 2171 3478 Α
2216 3426 2414 3480 dextris
2457 3435 2555 3490 est,
2580 3424 2677 3487 ait,
2700 3423 2826 3476 milii
2856 3422 3135 3487 Dominus,
3173 3436 3235 3473 ne
3256 3435 3401 3472 com-

1825 3535 2053 3572 moreur.
2115 3515 2339 3585 l‘r0pter
2376 3517 2473 3570 hoc
2508 3513 2819 3568 delectatum
2854 3521 2927 3566 est
2976 3528 3068 3565 cor
3113 3526 3303 3572 meum,
3356 3516 3406 3562 et

1821 3609 2098 3663 exstdtaoit
2121 3607 2303 3676 lingua
2332 3623 2479 3669 mea;
2510 3608 2724 3672 insuper
2748 3613 2795 3657 et
2836 3617 2961 3656 caro
2984 3611 3099 3655 mea
3126 3599 3406 3669 requiescet

1823 3701 1877 3752 in
1931 3716 2021 3768 spe
2066 3697 2236 3768 (Psal.
2296 3712 2384 3760 xv,
2420 3696 2474 3760 8,
2507 3697 2585 3765 9).
2637 3695 2898 3748 Pin-terea
2941 3690 3155 3747 lcetioni
3214 3688 3408 3743 divine

1823 3792 2016 3845 crebro
2047 3788 2376 3851 intendebat,
2409 3796 2463 3841 et
2521 3802 2661 3857 qum,
2700 3786 2935 3840 docente
2988 3781 3238 3841 Domino.
3282 3780 3409 3835 inde

1825 3879 2122 3943 didicisset,
2162 3878 2318 3933 hilari
2350 3878 2496 3931 vultu
2528 3878 2692 3932 corde
2716 3875 2947 3941 benigno
2970 3873 3145 3928 minus
3171 3871 3406 3927 scientes

1825 3972 2107 4025 edocebat.
2143 3970 2267 4025 llaec
2320 3969 2462 4025 inter
2490 3967 2749 4022 exercitia
2794 3968 2934 4029 ejus,
2981 3974 3095 4033 post
3124 3969 3405 4029 susceptos

1828 4061 2111 4116 inferiores
2130 4058 2481 4115 ecclesiastici
2507 4074 2570 4111 or
2612 4058 2642 4111 i.
2671 4061 2703 4111 i-
2728 4056 2945 4126 gradus.
2971 4056 3193 4123 gradum
3220 4067 3406 4107 msce-

1827 4155 1903 4222 pit
1939 4153 2259 4206 diaconatus
2295 4151 2347 4204 in
2401 4164 2506 4218 quo
2554 4149 2868 4202 ministratus
2924 4147 3091 4201 Deum
3141 4143 3405 4213 obsequio

1831 4245 2149 4300 humillimae
2176 4241 2477 4298 devotionis
2524 4238 2775 4309 populqu
2804 4252 2930 4291 vero
2958 4234 3317 4299 demulcebat,
3340 4246 3409 4287 co

1826 4353 1934 4406 quo
1994 4334 2277 4403 magniﬁce
2326 4331 2709 4402 praeminebat
2756 4337 3021 4383 concentu
3076 4325 3406 4387 dulcissimae

1833 4428 2002 4481 vocis.
2037 4425 2312 4495 Siquidem
2344 4422 2485 4478 inter
2523 4437 2583 4475 ca
2614 4436 2757 4490 utne,
2786 4428 2843 4474 ut
2866 4418 3075 4489 prtcfati
3113 4434 3320 4480 snums,
3350 4417 3402 4470 in

1754 4543 1800 4603 υ
1828 4533 1894 4571 eo
1925 4517 2198 4587 fulgebant
2244 4514 2502 4569 virtutum
2552 4513 2782 4583 insignia
2838 4509 3091 4565 etiamin
3134 4508 3405 4562 exteriore

1826 4611 2045 4665 homine
2072 4608 2213 4664 illius
2242 4609 2511 4663 emicabat
2546 4604 2821 4674 multiplex
2849 4601 3094 4671 qnaulam
3119 4610 3173 4653 et
3209 4613 3402 4665 supcr-

1819 4706 2063 4759 eminens
2109 4702 2304 4772 gratia.
2344 4700 2398 4755 lu
2456 4700 2639 4755 habitu
2690 4697 2855 4761 enim,
2898 4709 3056 4763 quem
3096 4690 3265 4744 oculis
3323 4688 3406 4743 itt-

1824 4796 2084 4850 tttontittm
2118 4792 2457 4864 praeferebat,
2498 4799 2554 4845 et
2608 4790 2807 4843 decens
2852 4796 2908 4839 et
2934 4781 3239 4853 appetibllis
3259 4795 3404 4833 com-

1825 4888 2018 4959 positio
2056 4885 2250 4948 inerat,
2299 4898 2401 4936 non
2438 4881 2598 4936 alicui
2635 4892 2863 4949 pompa),
2933 4891 3038 4929 non
3093 4870 3405 4925 dissolutio-

1822 4985 1902 5039 ni.
1950 4999 2053 5036 non
2099 4980 2471 5042 ostentationi,
2551 4994 2657 5032 non
2703 4974 2946 5030 serviens
2999 4966 3295 5041 hypocrisi.
3348 4965 3402 5020 In

1824 5079 1972 5130 vultu
2028 5072 2378 5127 nihilominus
2424 5070 2733 5125 formositas
2776 5064 2973 5134 ampla,
2999 5076 3097 5117 nec
3118 5058 3405 5128 cujuslibet

1825 5185 2003 5240 pravae
2057 5166 2345 5235 voluptatis
2402 5161 2691 5221 incentiva,
2741 5156 2833 5212 sed
2893 5169 3013 5224 quat
3081 5159 3404 5207 exteret-mn

1825 5261 2059 5314 vuitihns
2098 5264 2392 5311 antestaret
2442 5266 2634 5321 magna
2678 5246 2979 5304 honestatis
3018 5240 3372 5313 pnerogativa

1892 5352 2006 5423 (Si)
2032 5350 2247 5405 Talibus
2264 5349 2524 5403 donorum
2550 5341 2795 5413 insigniis
2814 5340 2900 5393 vir
2920 5338 3009 5393 Dei
3035 5333 3318 5393 Oswaldus
3336 5329 3405 5385 ad

1819 5445 2085 5517 potiorem
2139 5441 2423 5495 diaconatu
2495 5430 2847 5490 ecclesiastici
2899 5427 3108 5483 ordinis
3169 5426 3403 5495 gradum

1819 5533 2183 5593 conscendere
2226 5531 2418 5602 dignus
2445 5536 2528 5585 est
2557 5524 2968 5594 comprobatus,
3004 5536 3067 5574 ac
3109 5519 3231 5574 dein
3276 5530 3401 5586 pre-

1822 5668 2044 5726 totidem
2078 5665 2191 5725 fere
2242 5663 2423 5722 verbis
2458 5662 2596 5735 apud
2643 5657 3111 5719 Timimthenscm,
3152 5648 3241 5704 lib.
3286 5662 3403 5710 xu,

1816 5758 1933 5811 cap.
1964 5740 2051 5795 5'2.
