3870 6304
626 303 728 357 ἹὺἹ

1624 296 1930 368 [Αωιεηι
1971 293 2534 368 cauruantsusts
2573 293 2880 352 MONACHI

619 420 666 472 sl
691 416 831 487 yteri
860 402 1066 471 honore
1097 411 1436 468 sublimatus.
1465 412 1521 466 lu
1551 427 1658 482 quo
1687 413 1851 484 gradu
1873 412 1981 466 Deo
2010 410 2218 488 sacrili~
2248 411 2295 467 Α
2320 418 2517 478 ceptus,
2544 418 2718 465 tamen
2747 411 2800 465 in
2831 420 3167 485 saerosancto
3192 411 3442 468 ministerio
3466 419 3718 498 viviﬁci;ng

616 522 775 569 cans,
805 519 908 574 qua
939 504 1172 574 puritate
1215 503 1393 557 cordis
1434 511 1485 556 et
1521 503 1766 573 corporis
1791 500 2008 556 Christo
2040 501 2206 555 inhae-
2245 555 2250 558 .

554 638 560 644 .
611 600 770 661 serit,
801 589 1073 668 quamque
1097 597 1386 667 benignum
1411 596 1652 650 auditum
1679 598 1928 665 precibus
1958 595 2074 664 ejus
2102 597 2206 666 piis

615 692 760 746 Deus
783 689 1296 755 accommodaverit,
1319 697 1373 744 et
1401 703 1470 742 ex
1487 689 1745 758 qualitate
1774 689 1894 742 vita:
1922 688 2059 756 ejus,
2085 705 2205 759 qua:

555 818 562 823 .
617 785 861 838 dictante
888 797 1068 837 rerum
1099 781 1327 836 veritate
1347 779 1696 846 describitur,
1717 793 1774 835 et
1797 797 1862 835 ex
1890 781 2202 850 angelorum

615 873 928 943 prtesentia,
970 888 1132 944 quam
1180 871 1229 926 ei
1277 886 1664 944 nonnunquam
1709 871 1872 936 etiam
1922 871 2205 924 visibiliter

589 965 857 1020 adfuisse
898 973 1258 1019 monstratum
1289 975 1396 1025 est,
1429 961 1730 1018 luculenter
1770 963 1988 1033 intelligi
2023 963 2200 1016 datur.

553 1091 560 1098 -
596 1057 1082 1127 .lﬂcussiqnidcm
1112 1057 1164 1111 in
1190 1071 1319 1125 quo,
1343 1056 1484 1118 sicut
1509 1055 1760 1117 diximus,
1782 1057 1932 1126 juxta
1989 1057 2200 1110 confes-

612 1149 823 1204 sionem
859 1149 1071 1202 abbatis
1114 1162 1274 1202 orare
1309 1146 1534 1210 solebat,
1574 1155 1758 1217 crypta
1800 1147 2043 1216 quaedam
2087 1156 2204 1200 erat

612 1242 668 1295 in
710 1223 1033 1295 occidentali
1066 1249 1240 1310 parte,
1268 1239 1478 1294 decenti
1518 1252 1680 1308 opere
1711 1238 1874 1304 facta,
1927 1241 2016 1308 qui
2056 1240 2202 1296 loeus

612 1332 974 1390 confessionis
1013 1351 1205 1390 nomen
1236 1351 1336 1405 pro
1368 1351 1518 1392 more
1563 1334 1811 1390 obtinuit.
1850 1332 1954 1388 Pro
1999 1332 2202 1386 foribus

618 1434 801 1480 autem
833 1436 1034 1496 crypta:
1067 1426 1233 1495 ipsius
1279 1428 1560 1482 duodecim
1594 1441 1862 1496 pauperes
1890 1426 2198 1480 conversari

613 1532 687 1570 ex.
711 1517 938 1586 antiquo
959 1534 1060 1573 usu
1079 1529 1496 1584 consueverant,
1517 1529 1573 1574 et
1598 1520 1971 1590 quotidianum
1999 1519 2200 1578 victum
2245 1567 2250 1571 .

616 1607 686 1664 ab
713 1609 825 1678 ipsa
856 1609 1094 1665 Ecclesia
1127 1612 1488 1682 accipiebant.
1520 1612 1621 1680 Qui
1655 1628 1922 1682 pauperes
1952 1613 2027 1666 ita
2051 1611 2202 1672 fuere
2241 1671 2244 1682 1

556 1728 558 1730 τ
613 1697 858 1766 dispositi
881 1707 937 1753 ut
959 1715 1147 1757 omnes
1177 1701 1479 1756 litterarum
1512 1703 1670 1768 socii,
1692 1718 1882 1757 omnes
1907 1702 2088 1758 clerici
2113 1717 2199 1756 es-
2243 1763 2247 1766 ,

2315 503 2387 555 ris
2410 512 2457 556 et
2483 504 2757 571 sanguinis
2787 503 2902 568 eius
2936 519 3038 556 non
3062 520 3178 556 sum
3208 503 3268 556 ab
3296 521 3346 558 eo
3367 506 3566 564 desertus.
3588 511 3720 572 Intenti.

2315 593 2389 646 xit
2422 601 2601 646 tamen
2633 593 2680 647 ei
2707 595 2879 647 modis
2905 593 3104 663 quibus
3132 605 3332 665 poterat
3353 613 3426 662 uc,
3445 598 3542 654 dum
3564 604 3720 672 ipscriu

2311 685 2564 755 prmscuti
2592 697 2922 756 superesset,
2952 702 3064 743 rem
3101 701 3219 756 qua:
3241 688 3476 743 acciderat
3492 693 3614 748 cuivis
3628 697 3725 751 horai.

2308 794 2432 831 num
2460 778 2844 838 iunotescere'.

2381 867 2676 938 Postquam
2729 879 2910 922 autem
2971 883 3135 938 supra
3187 879 3483 926 memoratus
3524 881 3724 931 venerabilis

2303 958 2546 1030 pontifex
2593 961 2710 1016 Odo
2751 970 2901 1016 certe
2951 961 3122 1014 relatu
3171 962 3400 1033 cognovit
3425 976 3611 1034 nepotem
3639 985 3722 1023 suum

2307 1051 2615 1122 Usvvaldum
2665 1053 2717 1125 in
2745 1051 3006 1105 bonorum
3051 1067 3274 1121 operum
3321 1053 3502 1110 culmen
3519 1061 3724 1122 excrevisse.

2309 1145 2608 1200 innnensas
2631 1145 3000 1218 omnipotenti
3028 1145 3136 1201 Deo
3169 1147 3362 1214 gratias
3387 1161 3538 1218 agens,
3561 1150 3723 1206 dictasti

2305 1239 2554 1292 noctibus
2581 1253 2704 1293 eum
2737 1239 3062 1308 precabatur
3080 1281 3094 1302 ,
3127 1249 3381 1309 quatenus
3409 1241 3530 1296 illum
3550 1252 3590 1298 et
3618 1244 3726 1316 iugiter

2305 1333 2372 1384 ad
2398 1330 2643 1385 melioria
2677 1331 2942 1400 prolicere
2972 1342 3023 1385 et
3057 1333 3108 1388 in
3144 1331 3226 1384 via
3267 1333 3564 1400 perfectionis
3579 1350 3724 1389 cursum-

2305 1430 2509 1475 tuaturn
2547 1423 2867 1476 concederet
2894 1432 3013 1492 post
3031 1422 3167 1476 hanc
3202 1421 3356 1475 vitam
3381 1436 3432 1476 se
3459 1423 3584 1477 Deum
3602 1425 3725 1479 deorum

2307 1513 2356 1564 in
2408 1512 2536 1566 Sion
2574 1512 2774 1566 videre.
2808 1512 2988 1568 Missis
3037 1523 3296 1582 praeterea
3323 1513 3520 1568 diversis
3544 1519 3727 1569 uurnerilin

2305 1605 2487 1658 abbati
2518 1621 2583 1660 ac
2622 1606 2903 1679 monachis
2933 1621 3032 1676 pro
3067 1620 3165 1659 suo
3197 1603 3448 1667 Osvvaldo,
3479 1618 3727 1674 quasnorun

2303 1696 2600 1766 convenire
2639 1711 2760 1749 cum
2819 1696 3074 1765 precibus
3122 1679 3304 1767 grates
3345 1698 3554 1752 exsolvit.
3582 1698 3729 1751 lnilicuit

610 1797 751 1842 sent.
785 1789 860 1844 De
900 1789 984 1846 his
1011 1805 1141 1861 ergo
1165 1794 1491 1849 reverendus
1515 1793 1676 1848 Pater
1708 1793 1991 1849 Oswaldus
2031 1808 2196 1847 unum
2232 1786 2274 1839 Β
2301 1788 2463 1842 etiam
2494 1787 2599 1843 illis
2630 1804 2688 1842 se
2735 1789 2904 1858 ipsius
2937 1788 3223 1859 praesentia
3257 1804 3540 1860 magnopere
3572 1790 3658 1843 velle
3682 1806 3728 1859 pra-

609 1879 884 1951 delegerat
927 1891 985 1936 nt
1013 1886 1229 1954 quoties
1265 1886 1316 1938 in
1363 1886 1474 1955 ipsa
1518 1887 1805 1941 missarum
1845 1885 2062 1941 volebat
2107 1901 2197 1942 so-

610 1970 808 2026 lemnia
834 1972 1111 2030 celebrare
1136 2017 1150 2039 ,
1183 1976 1298 2045 ejus
1327 1993 1426 2047 ope
1465 1993 1528 2032 ac
1568 1979 1870 2032 ministerio
1898 1979 2029 2032 tanti
2071 1995 2196 2049 my-

571 2091 574 2094 ~
611 2064 1007 2121 steriir:lIiciurn
1032 2068 1607 2136 celebraret.Quadam
1635 2072 1813 2140 itaque
1838 2072 1924 2125 die
1949 2075 2198 2142 eumipse
2239 2131 2242 2136 _

611 2154 805 2210 altario
845 2174 1084 2227 praesens
1123 2174 1314 2231 carpite
1365 2165 1544 2219 missae
1590 2164 1766 2218 ollicio
1819 2165 2114 2230 insisteret,
2145 2173 2200 2220 et

551 2297 556 2300 .
609 2256 733 2315 post
771 2252 1080 2320 evangelica
1110 2253 1254 2307 dicta
1284 2255 1554 2308 ollerenda
1604 2257 1654 2308 in
1710 2272 1900 2308 manus
1929 2272 1960 2324 p
1998 2272 2120 2310 nem
2147 2265 2201 2310 et

609 2340 1015 2407 calicem,sicut
1045 2344 1337 2400 multorum
1363 2363 1477 2401 mos
1497 2363 1617 2402 esse
1647 2348 1996 2417 dignoscitur,
2025 2364 2200 2403 smne-

612 2441 717 2494 ret,
757 2434 1039 2504 oculisque
1072 2436 1121 2490 in
1156 2437 1349 2492 malum
1378 2439 1600 2494 directis
1639 2445 1938 2494 orationem
1976 2443 2198 2510 sust-ipe,

611 2533 794 2576 structa
817 2524 1081 2592 Trinitas,
1115 2529 1320 2583 intenta
1343 2540 1518 2585 tuente
1535 2532 1601 2586 ad
1633 2529 1799 2586 Deum
1823 2534 2201 2600 prretnitterct.

611 2615 744 2670 vidit
756 2617 1012 2685 prrefatns
1035 2621 1280 2678 minister
1297 2624 1411 2693 ejus
1428 2624 1717 2694 quamdam
1734 2626 2011 2680 reverendi
2028 2626 2204 2680 vultus

552 2753 556 2758 .
612 2721 920 2775 personam,
945 2711 998 2765 in
1014 2712 1236 2768 dextera
1261 2726 1413 2784 parte
1429 2718 1619 2774 altaris
1638 2727 1894 2782 stantem,
1919 2717 2115 2774 faciem
2136 2719 2201 2773 ad

611 2797 782 2864 ipsum
799 2799 968 2854 altare
983 2816 1191 2858 versam
1213 2805 1720 2878 habentem,panem
1733 2809 2201 2874 candidissimum,

611 2903 716 2942 non
733 2898 908 2944 torreo
933 2893 1069 2947 adio
1091 2910 1368 2965 maguum,
1393 2898 1532 2952 inter
1556 2914 1767 2963 manus,
1793 2913 1928 2969 quas
1948 2913 2117 2968 usque
2137 2901 2203 2953 ad

555 3011 563 3019 -
611 2990 774 3048 caput
803 2999 962 3037 suum
1011 2997 1290 3053 porrectas
1320 2989 1571 3054 habebat,
1623 2991 1782 3060 digno
1827 3005 1948 3044 cum
1999 2991 2204 3045 honore

615 3082 908 3128 tenentem.
940 3076 1020 3130 Ad
1049 3080 1190 3146 quod
1219 3078 1345 3134 licet
1369 3081 1533 3135 nimio
1557 3083 1745 3138 timore
1767 3084 2087 3153 perterritus
2115 3083 2205 3138 ob-

2302 1879 2409 1944 tiri,
2441 1895 2564 1934 cum
2587 1882 2713 1949 quia
2727 1881 2878 1935 senio
2899 1880 3126 1935 confinis
3142 1890 3367 1936 mortem
3387 1881 3476 1936 sibi
3495 1881 3730 1952 propinquam.

2301 1971 2528 2039 sciebat,
2566 1981 2677 2044 tum
2707 1973 2837 2042 quia
2870 1972 3101 2042 regulari
3134 1973 3516 2027 conversatione
3545 1974 3731 2042 surgentis

2304 2061 2451 2115 viros
2476 2077 2570 2132 per
2584 2077 2705 2116 eum
2723 2062 3002 2117 instituere
3018 2062 3352 2131 disponebat.
3374 2063 3487 2130 Qua:
3503 2063 3570 2117 ubi
3587 2062 3730 2116 fratribus

2300 2153 2465 2208 relata
2483 2163 2608 2207 sunt
2623 2154 2771 2223 gravi
2790 2167 3023 2209 mmrore
3041 2154 3232 2223 dejecti
3247 2156 3734 2210 asseruemntscsineilii

2302 2258 2664 2312 nequaquam,
2677 2245 2719 2298 si
2735 2245 2850 2299 fieri
2864 2253 3063 2315 posset,
3079 2247 3130 2299 in
3147 2247 3251 2301 hac
3272 2248 3372 2300 vita
3390 2247 3539 2302 vivere
3558 2247 3661 2311 Velle,
3674 2261 3736 2313 pr..-

2303 2345 2386 2401 ptc
2399 2350 2485 2386 rea
2505 2335 2646 2404 quod
2661 2334 2776 2405 ejus
2789 2337 3258 2391 conversationem
3283 2337 3378 2391 sibi
3402 2337 3511 2392 etin
3534 2337 3734 2390 animauit

2305 2441 2533 2494 corpore
2550 2428 2850 2480 sensissent
2864 2427 3013 2481 valde
3027 2427 3426 2497 profuissmNon
3439 2427 3735 2482 audeatestanm

2307 2518 2571 2590 voluntati
2619 2519 2878 2574 antistitis
2905 2520 3146 2581 obviare,
3192 2529 3406 2590 parent,
3443 2534 3497 2573 ac
3523 2519 3736 2572 DOIIIlIllStl-

2307 2623 2432 2660 vum
2463 2608 2642 2661 debito
2665 2624 2790 2663 cum
2827 2610 3032 2664 honore
3059 2611 3128 2684 ad
3152 2620 3342 2684 mltum
3364 2593 3568 2680 praesulis
3589 2609 3737 2674 dirigat.

2307 2699 2374 2751 At
2408 2698 2493 2751 ilie
2525 2699 2693 2752 citato
2726 2701 2922 2755 itinere
2956 2699 3200 2770 Angliam
3244 2711 3440 2771 petens,
3467 2713 3579 2753 terra
3604 2699 3737 2760 [ιιειὲςς

2307 2799 2375 2842 an
2425 2791 2570 2843 omni
2621 2792 2861 2860 periculo
2922 2801 3201 2862 protectus
3245 2802 3346 2847 cst.
3387 2792 3445 2845 Et
3474 2789 3600 2846 hilari
3643 2787 3738 2839 vulta.

2307 2893 2488 2937 mente
2509 2883 2746 2952 jucunda
2777 2885 2956 2938 Deli-is
2984 2885 3265 2959 appulsns,
3293 2884 3532 2954 exteuzplo
3555 2881 3737 2951 inguine!

2305 2972 2492 3026 dolore
2521 2969 2801 3044 perculsus
2839 2973 2971 3046 (22).
2990 2974 3141 3028 Illum
3170 2976 3342 3040 enim,
3364 2988 3505 3043 quem
3531 2987 3609 3041 pre
3628 2978 3742 3021 Cale“

2313 3065 2519 3122 arctius
2543 3064 2818 3136 diligebat,
2847 3066 2993 3119 illum
3015 3066 3165 3134 cujus
3191 3067 3397 3124 dulcem
3425 3065 3580 3118 faciem
3601 3075 3741 3130 pneum-

555 3196 560 3203 -
609 3166 924 3234 stupuisset,
940 3168 1406 3234 sustinuittamen,
1423 3187 1521 3228 nec
1534 3141 2206 3230 subitam-voluitinvadere
2233 3141 2280 3202 Ε
2313 3159 2468 3213 “KNS
2489 3159 2670 3213 "idem
2689 3159 2928 3223 Sinchi”.
2950 3159 3095 3213 illum
3120 3160 3208 3214 cui
3227 3160 3486 3214 δ’ἀιδτετθτθ
3503 3151 3742 3210 “mmmam?

613 3252 664 3308 fu
672 3270 813 3324 gum.
834 3256 1029 3312 Verum
1048 3260 1394 3316 ubieurndem
1417 3279 1606 3332 panem
1617 3264 1768 3332 juxta
1784 3266 1926 3334 quod
1951 3266 2205 3320 sacerdos

613 3345 667 3397 in
686 3349 922 3404 secretis
957 3351 1290 3407 orationibus
1319 3354 1661 3422 procedebat,
1693 3356 1948 3426 paulatim
1991 3371 2204 3410 cresce-

613 3452 672 3491 re
688 3447 850 3507 atque
872 3439 1100 3496 insolitae
1117 3445 1503 3512 magnitudinis
1529 3448 1824 3502 crescendo
1839 3447 1953 3501 fieri
1968 3461 2167 3516 conspe
2183 3474 2202 3487 -

555 3567 558 3570 .
611 3528 710 3592 xit,
738 3529 875 3584 ultra
900 3533 1136 3588 residere
1159 3551 1261 3589 non
1291 3552 1472 3602 ausus,
1491 3547 1642 3591 extra
1659 3539 1857 3592 ostium
1887 3535 2011 3607 fuga
2024 3535 2203 3606 lapsus

611 3631 713 3676 est.
750 3623 992 3680 limansit
1019 3628 1199 3696 itaque
1227 3630 1509 3699 presbyter
1529 3629 1696 3695 solus,
1725 3640 1776 3685 et
1799 3630 1892 3700 qui
1915 3630 2204 3685 videbatur

611 3713 665 3766 in
690 3715 910 3770 dextera
943 3728 1094 3772 stans
1121 3719 1343 3789 angelus
1369 3719 1502 3788 ejus.
1553 3721 1798 3776 Minister
1834 3737 1984 3788 vero,
2040 3737 2202 3790 quem

614 3821 784 3875 pavor
809 3809 1131 3877 abduxerat,
1165 3813 1297 3869 foris
1319 3829 1484 3883 prope
1515 3817 1710 3870 ostium
1739 3815 1999 3870 latitamlo
2027 3815 2199 3869 subsi-

607 3909 780 3963 stens,
807 3917 904 3971 per
925 3905 1097 3959 vicest
1116 3907 1220 3959 stio
1244 3916 1399 3974 caput
1419 3907 1523 3977 iugi
1545 3907 1714 3968 rebat,
1735 3907 1932 3976 etquid
1955 3908 2095 3962 circa
2120 3907 2200 3960 al-

545 4011 552 4016 -
610 4000 728 4046 tare
756 4003 1038 4063 gereretur
1069 3997 1308 4066 trepidus
1348 3997 1681 4067 explorabat.
1717 3998 1851 4052 Cum
1887 3999 1977 4053 Dei
2011 4013 2204 4053 servus

549 4095 551 4098 ‘
606 4097 701 4151 per
725 4086 900 4138 omnia
924 4089 1119 4142 srrcuia
1153 4089 1464 4143 srrculorum
1491 4099 1544 4146 et
1569 4091 1669 4144 alia
1701 4105 1822 4160 qua:
1848 4091 1900 4145 in
1929 4091 2200 4145 audientia

561 4199 565 4202 -
609 4175 789 4244 populi
815 4177 916 4231 dici
945 4180 1340 4237 solentdiceret
1369 4184 1421 4237 in
1450 4185 1640 4239 ordine
1659 4183 1856 4248 missze,
1891 4197 1991 4236 nec
2013 4181 2205 4236 ullatr-

545 4273 548 4279 '
614 4277 720 4316 nus
748 4268 1073 4334 respondere
1098 4271 1323 4327 auderet
1348 4275 1428 4329 vel
1462 4275 1724 4330 accedere
1746 4289 1844 4344 pro
1880 4273 2197 4327 admiramla

608 4369 731 4424 quae
745 4355 842 4411 sibi
864 4361 1156 4426 apparebat
1173 4363 1400 4430 visione,
1419 4365 1626 4419 audivit
1647 4364 1920 4436 angelum,
1939 4379 2100 4432 quem
2125 4364 2228 4416 γε-

610 4448 793 4514 debat,
815 4451 881 4506 ad
895 4452 1098 4521 Singula
1115 4459 1526 4526 respondentem
1551 4469 1606 4511 et
1621 4458 1853 4512 ministri
1877 4457 2194 4526 obsequium
2231 4497 2275 4554 Β

609 4536 660 4591 ei
718 4537 1077 4597 deferentem.
1119 4543 1449 4614 Consumpto
1493 4557 1671 4601 autem
1728 4548 1998 4601 sacrificio
2038 4557 2149 4600 toto
2176 4588 2190 4610 ,

538 4645 557 4654 ⁸-
606 4640 768 4699 caput
797 4645 861 4687 ex
895 4649 1044 4690 more
1065 4637 1278 4693 abditus
1303 4640 1550 4693 minister
1573 4641 1717 4694 oStio
1742 4640 1940 4705 intulit,
1964 4649 2016 4692 et
2049 4638 2194 4694 illum

543 4741 552 4744 ·
607 4735 770 4788 quem
797 4723 1007 4779 viderat
1032 4727 1145 4797 jam
1193 4743 1297 4783 non
1328 4729 1480 4784 vidit.
1515 4730 1726 4785 Introiit
1753 4746 1886 4801 ergo
1912 4733 1978 4785 ad
2015 4745 2197 4785 sacer—

539 4831 542 4834 ’
610 4813 792 4865 dotem
852 4815 1123 4884 palpitans
1175 4825 1231 4872 et
1291 4827 1548 4885 tremens,
1595 4837 1660 4876 ac
1693 4836 1763 4875 ne
1810 4821 2050 4876 animum
2081 4821 2197 4890 ejus

609 4905 1332 4971 quoqnornodooffendisset
1359 4909 1411 4962 in
1445 4923 1510 4964 eo
1559 4913 1699 4979 quod
1725 4911 1899 4980 ipsum
1928 4911 2083 4980 quasi
2108 4926 2199 4965 so-
2232 4944 2238 4949 ι

607 4989 718 5044 lum
745 4992 1037 5062 reliquerat
1069 4996 1283 5052 timens.
1315 4997 1380 5051 Et
1408 5000 1652 5069 exposita
1703 5015 1864 5055 causa
1895 5001 2033 5072 fugat:
2062 5016 2192 5062 sum,

536 5120 542 5127 .
608 5081 816 5150 pallens
836 5084 1148 5141 sciscitatus
1176 5096 1259 5141 est
1297 5096 1476 5142 utrum
1520 5098 1575 5144 et
1611 5090 1725 5158 ipse
1762 5090 1952 5145 viderit
1996 5099 2052 5144 ct
2095 5105 2193 5143 au-

573 5203 575 5206 ‹
605 5174 772 5230 dicrit
793 5192 916 5246 quae
931 5193 990 5233 se
1013 5180 1209 5236 vidisse
1230 5179 1440 5236 ferebat
1457 5191 1510 5236 et
1528 5183 1761 5238 audisse.
1786 5184 1856 5237 At
1873 5184 1958 5238 ille
1989 5203 2000 5237 :
2032 5183 2192 5246 Bene,

577 5291 580 5298 -
609 5263 806 5335 inquit,
839 5268 944 5322 vidi
992 5277 1042 5324 er
1075 5272 1252 5327 audivi
1287 5289 1404 5342 qua:
1447 5273 1614 5336 dicit;
1651 5275 1740 5328 sed
1776 5274 2098 5328 benedictum
2127 5277 2192 5328 sit

609 5372 795 5413 nomen
819 5359 916 5415 Dei
939 5365 1324 5432 omnipotentis,
1355 5367 1478 5435 quia
1507 5366 1624 5422 licet
1656 5384 1687 5421 a
1718 5376 1766 5421 te
1790 5368 1890 5421 sint
1939 5367 2074 5421 male
2102 5367 2194 5419 dc-

679 5535 796 5606 (22)
829 5501 998 5593 Paulo
1038 5542 1197 5597 aliter
1224 5544 1565 5604 Willhelmus
1597 5517 2193 5599 Malmesburiensisine
2221 5501 2238 5505 ῃ

529 5622 544 5630 "
605 5616 741 5685 gest.
770 5609 963 5685 pontif.
996 5611 1030 5663 l.
1065 5629 1147 5685 nr,
1175 5614 1210 5667 f.
1243 5617 1361 5679 l55,
1385 5617 1474 5684 qui
1505 5615 1812 5669 Oswal'du'm
1851 5616 2018 5669 refert
2061 5629 2196 5667 nuu-
2223 5636 2236 5644 ’

606 5679 709 5796 illisi
741 5679 924 5757 nuntio
953 5683 1204 5748 regrijum
1233 5679 1598 5738 discumbentis
1630 5686 2192 5753 avunculipercuirmn

611 5759 623 5796 ι
656 5761 716 5796 er
745 5762 950 5796 umsse.

611 5759 716 5798 ιιυτ
745 5762 950 5801 ιιιιιεδρ.

2309 3253 2570 3307 charitate
2587 3254 2856 3322 cupiebat,
2883 3265 2982 3309 eta
3009 3271 3116 3324 quo
3145 3271 3207 3310 se
3239 3255 3414 3308 tandiu
3438 3247 3745 3307 remotnmluia‘t

2307 3362 2410 3400 nou
2444 3347 2560 3400 sine
2593 3348 2782 3417 grandi
2811 3349 3058 3416 angustia
3089 3349 3276 3402 cordis
3317 3340 3744 3410 rccolrbat,jarntu=:r

2306 3445 2520 3502 noviter
2558 3460 2664 3498 non
2698 3446 2857 3500 modo
2883 3445 3006 3508 sibi.
3036 3445 3128 3500 sed
3154 3455 3213 3500 et
3241 3444 3432 3500 saculo
3454 3446 3681 3506 exemptum
3697 3449 3744 3482 rt-

2303 3538 2479 3601 divus,
2509 3536 2635 3591 nulli
2671 3538 2976 3592 mirandum
3005 3540 3048 3593 si
3103 3538 3342 3592 dolebat.
3389 3535 3518 3590 Dcus
3542 3539 3747 3594 utens,an

2303 3627 2539 3696 gemitus
2560 3626 2650 3680 illo
2671 3636 2794 3681 tuus
2818 3627 3068 3682 alumnus
3091 3630 3160 3682 ad
3181 3629 3301 3682 lucc
3329 3641 3460 3682 nova
3478 3633 3666 3694 putamus
3679 3615 3748 3668 cna

2302 3717 2410 3771 sit?
2446 3719 2576 3784 Quae
2603 3719 2834 3789 suspiria
2855 3720 3061 3775 edidit?
3087 3720 3241 3788 Quas
3265 3719 3517 3790 lacrymas
3549 3707 3748 3774 indutiis

2305 3807 2423 3872 fuit,
2447 3810 2697 3876 obsecro,
2732 3808 2974 3864 anrl‘usio
3005 3811 3169 3864 animi
3205 3810 3349 3880 ejus,
3384 3805 3573 3877 quando
3595 3811 3750 3864 compa"

2303 3901 2458 3968 cujus
2495 3917 2683 3958 amore
2727 3917 2790 3958 ac
2837 3904 3134 3958 reverentia
3182 3921 3210 3957 a
3245 3902 3453 3959 cunctis
3480 3913 3580 3953 sese
3603 3892 3748 3961 illiillit‘r‘;

2303 3994 2478 4048 solere
2518 3995 2863 4056 meminerat,
2882 3992 2994 4062 jam
3029 3994 3082 4047 in
3129 4003 3333 4050 terram
3375 3986 3749 4048 comet-tendunt

2303 4086 2684 4152 ramspcctibus
2711 4085 2950 4138 omnium
2976 4086 3076 4139 sub
3099 4094 3248 4143 terra
3291 4084 3549 4139 detrusum
3566 4074 3728 4130 diditus

2302 4175 2434 4239 Quis
2459 4191 2659 4230 rnorror
2691 4176 2914 4234 inditam
2941 4176 3190 4245 piissimo
3228 4176 3395 4230 vultui
3417 4176 3522 4245 ejus
3549 4167 3750 4226 hilariutrr-a

2300 4266 2544 4326 Ohtlnxit,
2573 4267 2794 4336 quando
2821 4276 2876 4321 et
2917 4267 3164 4337 Angliam
3209 4269 3364 4338 gravi
3397 4278 3596 4322 Intnrore
3615 4275 3680 4330 9N
3693 4254 3751 4320 cit"-

2300 4358 2448 4412 oLitu
2465 4368 2866 4416 consternatam
2893 4361 3110 4427 reperit,
3124 4361 3211 4416 cui
3232 4361 3480 4415 nimirum
3499 4359 3634 4426 impar
3646 4361 3751 4404 male

2305 4448 2380 4500 ris
2424 4448 2570 4502 illius
2589 4463 2756 4504 causa
2794 4447 2925 4502 fuit?
2949 4449 3182 4504 Veniens
3213 4450 3380 4520 igitur
3395 4435 3749 4508 Cantuariatndf

2301 4549 2418 4590 eam
2437 4537 2716 4611 inveniens
2744 4548 2897 4607 patre
2917 4538 3185 4605 orbatam,
3213 4540 3344 4608 quid
3366 4538 3658 4601 faceretque
3677 4540 3754 4595 gn»

2299 4641 2417 4680 sum
2447 4625 2686 4682 ﬂecteret
2713 4629 2910 4684 dubius
2933 4629 3106 4685 haesit.
3143 4630 3355 4684 Auctus
3383 4629 3445 4682 ad
3474 4628 3570 4680 haec
3596 4623 3751 4686 lacn-1;:-

2299 4718 2422 4774 bilis
2438 4719 2610 4775 dolor.
2629 4720 2704 4774 llli
2718 4721 2967 4791 euimqni
2981 4738 3103 4777 eum
3121 4723 3277 4793 prius
3290 4708 3751 4791 agnoverunuisoilit

2298 4827 2364 4865 ex
2417 4813 2790 4868 recordatione
2843 4813 3081 4869 defuncti
3111 4814 3318 4881 Patris
3351 4811 3578 4883 l..cryruis
3609 4807 3750 4858 nutriam-

2359 4904 2703 4972 Prirsidebat
2725 4920 2789 4960 ea
2817 4917 3142 4977 tempestate
3178 4923 3282 4976 per
3309 4921 3487 4962 curam
3513 4899 3635 4957 oliicii
3655 4902 3753 4964 pase-

2303 5002 2432 5056 ralis
2466 4999 2720 5056 Ecclesire
2752 5001 3192 5057 Doreaeestrensi
3235 5002 3453 5071 quidam
3500 4988 3750 5054 OSCbclcl

2299 5098 2475 5161 mine,
2537 5097 2698 5151 homo
2755 5097 2909 5153 bona:
2952 5097 3139 5163 fama),
3183 5109 3240 5152 et
3300 5115 3419 5167 quze
3455 5110 3540 5160 sua
3573 5084 3751 5144 internal

2298 5189 2582 5257 disfponere.
2610 5202 2811 5256 gnarus
2827 5189 3127 5260 (23).Hnnc
3143 5191 3230 5243 vir
3260 5191 3352 5244 Dei
3376 5186 3630 5250 Oswaldus,
3653 5181 3748 5242 υφιίέ

2297 5281 2399 5334 sibi
2429 5292 2482 5334 et
2509 5282 2690 5336 carnis
2729 5283 3192 5353 conSanguinitate
3223 5285 3590 5352 prepinquum,
3627 5284 3664 5325 cl
3697 5279 3748 5330 ςει

2299 5371 2533 5442 pollebat
2568 5372 2844 5442 sapientia:
2893 5373 3011 5429 luce
3059 5376 3435 5444 conspicuum,
3469 5361 3748 5422 alr-alnum“

2369 5544 2485 5618 (25)
2506 5543 2837 5618 _Oskitellum
2870 5535 3336 5618 archiepiscopum
3363 5530 3746 5618 Eboracensem

2300 5616 2477 5670 etesia:
2506 5614 2943 5689 Dorcacestrensi
2968 5614 3122 5672 antea
3149 5614 3490 5687 praesedisse.
3514 5625 3656 5689 omnes
3674 5615 3744 5689 sli:

2299 5699 2488 5755 ptores
2539 5697 2811 5739 nosnates
2853 5687 3114 5743 hactenus
3149 5681 3338 5743 editos
3380 5689 3534 5741 latuit.
3561 5681 3655 5755 Ῡῇύε
3686 5683 3744 5755 ’νζ
3780 5719 3781 5744 ι

2307 5748 2469 5826 supra
2497 5756 2871 5812 adnotavimus
2898 5759 2964 5813 ad
2995 5756 3262 5828 [tadulphi
3294 5759 3357 5815 de
3385 5757 3549 5810 Diceto
3572 5748 3742 5804 histum?
