4004 6300
137 365 240 465 πό
267 366 280 402 ⁷

1513 377 1668 443 ΥΙΤᾹ
1712 383 1768 441 S.
1815 383 2013 440 OSWA
2025 384 2150 439 LDl.

3289 387 3434 440 παι

142 523 256 574 dum
283 514 433 580 adiit,
465 495 664 576 volens,
699 511 854 580 juxta
879 508 1250 571 Salomouetu,
1284 493 1715 576 gradiendoeum-
1742 502 1782 560 Α
1815 497 2078 569 dignitate
2109 514 2391 568 perpensa,
2439 509 2546 554 tam
2596 500 2716 555 vita:
2766 500 2908 556 illius
2957 499 3193 570 qualitas
3231 515 3395 570 quam

149 603 379 680 sapiente
399 607 694 678 sapientior
727 603 862 667 ﬁeri,
904 617 1008 658 non
1048 617 1110 655 ex
1143 601 1415 655 co::sortio
1457 599 1711 667 insipien—

153 704 274 756 tium
302 699 406 754 illis
439 699 570 770 ipsis
597 695 883 752 assimilari
929 693 1109 765 (Prov.
1158 707 1270 758 xvr,
1309 691 1424 764 20).
1462 689 1713 761 Suscepit

141 801 308 844 autem
341 789 487 842 illmu
531 788 669 840 idem
718 785 1004 855 episcopus
1044 781 1458 852 benignissime,
1513 797 1576 836 ae
1603 783 1712 836 sin-

140 896 251 936 cere
268 878 474 942 dilexit,
490 883 781 946 secumque
798 876 1079 946 degentem
1107 874 1187 929 sui
1205 873 1397 928 secreti
1429 872 1708 927 conscium

141 973 258 1027 fecit
284 958 446 1039 atque
489 967 969 1024 ConsortemJ’ost
992 966 1106 1020 dies
1155 963 1408 1020 defuncto
1441 964 1710 1032 archiepi-

141 1079 291 1133 scopo
321 1059 649 1116 Eboracensi
676 1057 931 1130 praefatus
959 1056 1209 1112 Oschetel
1253 1057 1364 1110 sedi
1411 1054 1557 1108 illius
1587 1055 1713 1108 sub-

138 1168 363 1228 rogatur.
381 1151 430 1208 ls
457 1167 553 1222 pro
583 1150 720 1206 stola
742 1149 1236 1219 archiepiscopatus
1258 1146 1481 1200 Romam
1496 1155 1706 1212 petens,

137 1258 369 1304 sanctum
395 1243 704 1300 Oswaldum
739 1257 848 1296 suae
876 1241 976 1294 viae
997 1240 1248 1295 comitem
1285 1240 1488 1293 bahttit.
1507 1238 1712 1293 Potitus

136 1349 301 1394 autem
334 1335 607 1392 desiderio
636 1348 754 1396 suo,
786 1348 906 1387 cum
957 1330 1127 1385 lloma
1179 1331 1482 1401 digrediens
1530 1330 1580 1384 in
1619 1345 1712 1398 pa-

138 1431 285 1482 triam
339 1443 491 1481 suam
556 1425 826 1480 remeandi
893 1425 994 1478 iter
1052 1423 1396 1480 acceleraret.
1430 1422 1711 1477 Oswaldus

137 1519 314 1574 relicto
364 1517 640 1571 consortio
685 1515 802 1582 ejus
837 1514 1146 1570 Floriacum
1171 1515 1424 1590 divertil,
1453 1513 1708 1568 ('lel‘lCtllll

141 1609 458 1678 quemdam,
494 1596 846 1662 Germanum
912 1605 1157 1670 notnine,
1216 1613 1377 1659 :ctate
1430 1603 1706 1674 juvenem,

134 1701 370 1757 moribus
393 1715 598 1763 senem,
653 1691 862 1754 itineris
915 1697 995 1752 sui
1027 1712 1056 1752 c
1083 1697 1254 1767 patria
1287 1697 1494 1752 socium
1525 1712 1708 1752 secum

137 1793 352 1846 ducens.
387 1790 674 1858 Exriplttnt
703 1799 883 1843 autem
915 1788 1062 1841 illum
1095 1788 1262 1843 abbas
1293 1797 1344 1842 et
1369 1787 1565 1844 fratres
1587 1805 1707 1843 cum

133 1897 332 1938 summa
367 1883 576 1946 lrtitia,
607 1898 670 1937 ac
704 1881 974 1936 nonnullis
1030 1881 1218 1937 dielms
1265 1882 1406 1937 circa
1437 1898 1559 1936 eum
1594 1883 1711 1938 laete

133 1975 353 2040 exactis,
380 1990 477 2044 pro
503 1974 614 2027 sola
648 1990 808 2042 quam
841 1973 1221 2028 intellexerant
1252 1974 1526 2030 voluntate
1566 1977 1712 2030 illius

134 2059 279 2136 quem
309 2066 612 2119 adduxerat
645 2065 913 2120 Germano
945 2074 1142 2119 sancta:
1165 2066 1308 2120 inter
1331 2081 1388 2120 se.
1423 2083 1712 2121 conversa-

138 2157 286 2209 tionis
338 2155 582 2209 habitum
634 2156 893 2209 tribuunt.
950 2153 1145 2210 Mansit
1199 2172 1327 2210 vero
1375 2160 1712 2213 venerandus

132 2248 408 2318 Oswaldus
438 2248 487 2300 in
524 2248 638 2316 ipso
670 2247 918 2301 emnobio
965 2246 1242 2317 aliquanto
1284 2257 1544 2318 tempore,
1605 2250 1712 2303 [leo
1769 2251 1773 2254 ’

130 2355 217 2408 per
240 2338 426 2392 omnia
466 2337 708 2393 serviens
737 2348 791 2393 et
839 2337 1003 2393 verbo
1047 2347 1101 2392 et
1153 2339 1323 2405 facto,
1364 2340 1600 2410 qualiter
1645 2347 1711 2394 ad

131 2425 365 2481 cmlestia
433 2425 715 2482 tenderent
779 2427 990 2482 cunctis
1062 2427 1172 2482 illic
1236 2431 1706 2486 COIt'ttIlttltCtttibtts

131 2519 366 2588 exempla
396 2521 752 2590 prmtendcns.

191 2611 404 2665 interea
435 2620 764 2665 memoratus
816 2611 1041 2666 antistes
1101 2613 1280 2666 missis
1313 2614 1530 2667 muntiis
1560 2624 1712 2684 rogat

133 2716 245 2754 etnn
300 2699 553 2767 Angliam
608 2701 784 2756 retire
827 2702 894 2756 ad
946 2713 1345 2771 sc,'qnatcnus
1393 2705 1474 2758 via
1515 2716 1714 2760 sancta:

134 2789 432 2860 religionis,
465 2792 619 2861 cujus
642 2808 762 2847 eum
795 2794 1008 2849 culmen
1042 2796 1284 2865 attigisse
1305 2793 1460 2851 certo
1513 2813 1714 2869 cogno-

133 2872 296 2951 verat,
320 2899 438 2938 sute
465 2885 643 2956 gentis
671 2886 913 2942 homines
945 2887 1255 2942 instrueret.
1273 2888 1339 2942 At
1363 2890 1449 2944 ille
1470 2891 1712 2960 petitioni

130 2974 236 3043 ejus
276 2975 432 3029 mitis
476 2975 878 3045 obtemperans,
911 2977 1156 3048 Angliam
1202 2978 1479 3034 Germano
1525 2982 1714 3037 relicto

134 3068 390 3134 perrexit.
412 3067 576 3120 Rudis
607 3068 750 3122 enim
778 3069 952 3124 adhuc.
979 3069 1033 3124 in
1062 3069 1358 3141 disciplinis
1378 3072 1714 3144 regularibus

130 3155 270 3221 erat;
308 3175 414 3214 nec
438 3159 586 3213 illum
619 3160 719 3214 nisi
745 3159 980 3230 perfecte
1009 3162 1257 3217 edoctum
1283 3178 1310 3217 a
1331 3163 1446 3218 loco
1473 3165 1712 3235 separari

130 3249 358 3302 sinebat.
419 3249 744 3304 Perveniens
806 3251 990 3322 itaque
1042 3252 1110 3306 ad
1159 3254 1492 3325 episcopum,
1554 3255 1713 3310 solito
1743 3239 1783 3262 υ

132 3356 272 3394 more
302 3341 360 3394 in
396 3343 542 3395 oumi
574 3343 858 3398 sanctitate
887 3353 942 3399 et
976 3347 1390 3400 mansuetudine
1408 3348 1563 3418 juxta
1589 3365 1712 3403 eum
1759 3375 1762 3378 ι

130 3433 576 3496 conversabatttr,
615 3444 668 3487 et
692 3434 810 3488 ideo
842 3450 871 3488 a
899 3435 1110 3491 cunctis
1143 3437 1231 3507 pio
1257 3436 1475 3502 aﬂectu,
1518 3455 1716 3509 magno

129 3537 326 3589 amore,
394 3539 604 3577 summo
659 3525 839 3578 studio
894 3524 1342 3595 amplectebatur,
1411 3529 1758 3595 fovebatur,-

129 3614 512 3666 venerabatur.
545 3613 689 3668 Inter
739 3614 852 3669 lucc
898 3615 986 3670 ille
1032 3607 1324 3686 pmclartls
1367 3629 1420 3674 et
1448 3619 1716 3690 gloriosus
1753 3632 1759 3640 '

128 3699 214 3753 Dei
269 3702 486 3755 amicus
531 3700 844 3760 Duustanus
893 3704 947 3760 iu
997 3707 1316 3762 cathedram
1369 3712 1717 3780 pontificatus

129 3787 538 3846 Cantuariensis
588 3795 844 3862 praedicto
895 3794 1068 3852 Odoni
1130 3800 1425 3866 successit,
1489 3803 1573 3856 vir
1622 3804 1714 3856 Dei

128 3882 292 3950 gratia
320 3899 349 3935 a
386 3883 578 3940 matris
600 3893 758 3942 utero
781 3886 992 3956 plenus,
1024 3897 1079 3944 et
1124 3890 1293 3946 donec
1317 3892 1440 3948 νίιω
1465 3895 1716 3962 praesenti
1753 3909 1756 3914 ·

126 3973 417 4044 superfuit,
463 3991 604 4032 stunc
632 3977 944 4035 caelestibus
971 3983 1198 4037 s'ecretis
1245 3983 1528 4049 admistns,
1577 4001 1718 4043 nunc

127 4064 417 4120 beatorum
457 4069 769 4138 spiritunm‘
798 4073 988 4128 crebra
1042 4075 1352 4130 visitatione
1382 4078 1714 4148 perfunctus,

128 4173 266 4212 nune
291 4160 349 4213 in
387 4161 705 4218 exhibeudis
737 4164 1010 4221 miraculis
1036 4166 1233 4222 celebri
1259 4167 1494 4224 ellicacia
1528 4171 1714 4225 fretus.

127 4249 219 4304 llic
268 4253 464 4306 audita
514 4255 728 4309 eximia:
786 4259 1095 4313 sanctitatis
1147 4259 1312 4326 fama,
1350 4277 1471 4332 qua:
1502 4263 1716 4318 beatum

123 4341 439 4398 Osualdum
509 4346 929 4418 circumquaque
1009 4353 1422 4421 magnificabat,
1491 4357 1713 4412 mittens

123 4436 423 4488 accersivit
471 4452 628 4502 eum,
687 4454 750 4493 ex
819 4435 1230 4498 conrersatione
1289 4445 1433 4502 illius
1489 4448 1722 4516 pleniter

1813 611 2023 650 morum
2056 595 2298 664 probitas
2325 607 2406 649 est
2433 595 2932 665 Oswaldo,-przeter
2959 594 3129 652 solam
3181 602 3395 654 aetatem

1813 695 1865 741 et
1901 684 2268 755 pontificalem
2299 685 2640 755 dignitatem,
2669 695 2778 740 tota
2811 701 2949 757 pene
2980 695 3215 756 reperta.
3260 685 3397 739 Dum

1815 780 1978 850 igitur
2023 780 2137 834 vita
2186 790 2241 834 et
2280 795 2459 834 mores
2508 781 2560 834 in
2607 797 2671 835 eo
2699 780 3394 852 imitabanturdignitatem

1814 872 2112 944 pontificis,
2146 881 2298 928 ratus
2329 885 2412 927 est
2438 873 2628 928 beatus
2673 873 2982 928 Dunstanus
3026 873 3200 942 ipsum
3229 874 3396 926 vitam
3483 919 3488 924 .

1813 975 1867 1020 et
1899 979 2075 1020 mores
2106 963 2388 1036 illiusjure
2415 963 2790 1020 subbmandos
2810 965 3071 1034 dignitate
3098 964 3394 1034 pontiﬁcis.

1814 1061 1986 1127 Quam
2014 1059 2086 1116 ob
2118 1075 2232 1114 rem
2262 1059 2410 1113 adito
2440 1057 2650 1128 Edga-ro
2676 1097 2692 1120 ,
2735 1072 2842 1126 quo
2893 1073 3018 1126 rege
3051 1073 3147 1126 per
3181 1041 3232 1122 id
3264 1067 3400 1110 tet-n-

1813 1153 1963 1223 poris
2011 1152 2202 1224 Anglia
2253 1151 2613 1222 gloriabatur,
2665 1151 3030 1206 venerandum
3087 1148 3396 1204 Oswaldum
3479 1200 3484 1208 ,

1815 1260 1998 1300 secum
2025 1245 2266 1310 adduxit,
2315 1259 2547 1314 eumque
2594 1258 2691 1313 pro
2721 1242 2932 1296 meritis
2970 1243 3084 1295 suis
3126 1242 3222 1310 ipsi
3251 1257 3397 1296 com-

1817 1337 2129 1390 mendatum
2165 1335 2520 1389 fatttiliaritati
2557 1333 2699 1386 illius
2742 1333 2972 1386 induxit.
3025 1331 3161 1397 Quid
3215 1330 3401 1399 plura?

1816 1425 2151 1480 Prmdieatur
2201 1440 2230 1477 a
2284 1439 2496 1478 summo
2527 1422 2780 1492 pontitice
2826 1422 2998 1478 virtus
3047 1419 3210 1473 animi
3259 1418 3400 1488 ejus,

1817 1517 2118 1573 constantia
2149 1516 2408 1586 prepositi
2438 1516 2576 1585 ejus,
2609 1513 3131 1585 integritas-morum
3168 1511 3304 1580 ejus,
3349 1521 3405 1565 et

1782 1609 1880 1663 'ad
1939 1610 2043 1662 hoc
2099 1622 2194 1662 rex
2247 1608 2359 1678 ipse
2401 1616 2553 1661 tanto
2584 1607 3162 1660 testimonio-credens
3208 1603 3405 1672 perdu-

1816 1703 1960 1756 eitur
1995 1708 2051 1753 ut
2080 1715 2177 1754 suo
2205 1698 2553 1769 jusso—atqne
2578 1698 2783 1766 judicio
2841 1699 3154 1752 cathedram
3187 1695 3399 1764 episco-

1817 1793 1996 1862 palem
2030 1793 2169 1861 apud
2222 1791 2572 1862 Wigornam,
2629 1791 2714 1844 cui
2757 1789 2918 1843 Pater
2947 1789 3084 1843 idem
3112 1786 3401 1857 prtesidero

1819 1887 2049 1952 solebat,
2075 1885 2300 1940 antistes
2340 1884 2517 1939 factus
2555 1885 2832 1940 ascendat.
2866 1883 3046 1938 Primo
3081 1891 3256 1946 tamen
3317 1896 3402 1933 re-

1818 1977 2054 2047 quiritur
2082 1978 2331 2031 voluntas
2373 1976 2504 2031 eleri
2533 1985 2602 2029 et
2633 1975 2810 2045 populi
2863 1990 3035 2043 super
3078 1987 3134 2027 re
3167 1972 3300 2040 ipsa,
3348 1981 3398 2025 et

1818 2085 1940 2123 eum
1993 2068 2197 2140 ingenti
2253 2067 2618 2122 exsultatione
2661 2076 2714 2120 et
2760 2065 3144 2120 vociferatione
3189 2065 3248 2118 fit
3297 2079 3400 2117 rex

1815 2167 2059 2215 omnum
2083 2169 2208 2214 una.
2229 2159 2592 2229 Concrepant,
2613 2158 2846 2211 clamant
2870 2155 3174 2212 Oswaldum
3203 2155 3404 2226 dignis-

1817 2255 2016 2309 simum
2051 2261 2214 2307 tanta
2242 2253 2391 2306 sedis
2418 2252 2838 2322 episcopatu,'et
2894 2265 3083 2312 magna
3117 2264 3274 2319 prece
3303 2247 3400 2302 dc.-

1816 2351 2048 2414 poswut
2081 2357 2203 2396 eum
2229 2341 2553 2412 quantocius
2577 2342 2629 2395 in
2678 2341 2851 2411 ipsum
2884 2340 3244 2394 ministerium
3271 2355 3400 2394 con-

1817 2432 2040 2489 secrari.
2104 2431 2192 2485 Fit
2253 2431 2396 2501 quod
2455 2430 2632 2486 clerus
2689 2440 2744 2485 et
2807 2430 2958 2500 plebs
3030 2429 3450 2498 Wigornensis.

1817 2532 2089 2592 precatur,
2108 2537 2171 2578 ac
2199 2522 2252 2576 in
2276 2536 2548 2576 summum
2573 2521 2938 2576 sacerdotium
2967 2518 3091 2576 felix
3118 2518 3402 2574 Oswaldns

1817 2633 1843 2668 a
1881 2614 2039 2669 Patre
2066 2614 2340 2668 Dnnstano
2365 2613 2712 2676 sublimatur,
2746 2611 3056 2678 factumque
3077 2621 3160 2664 cst
3183 2611 3264 2680 pia
3307 2610 3401 2663 hei

1818 2705 2169 2775 dispositione
2208 2713 2266 2758 ut
2315 2705 2471 2759 sicut.
2497 2713 2692 2773 patruo
2742 2701 2800 2756 S.
2831 2701 3066 2757 Oswaldi
3093 2701 3401 2755 Catttnarize

1819 2798 2010 2852 beatus
2037 2799 2365 2859 Dunstauns,
2393 2797 2465 2850 ita
2485 2807 2673 2851 sancto
2698 2796 2972 2851 Dnnstano
3003 2796 3052 2848 in
3080 2794 3397 2864 episcopatu

1820 2889 2096 2959 \Vigornte
2125 2891 2439 2944 succederet
2473 2890 2662 2942 beatus
2687 2887 2999 2943 Oswaldns.

1883 2978 2130 3032 Functus
2163 2993 2294 3048 ergo
2341 2979 2422 3031 vir
2464 2978 2553 3031 Dei
2580 2978 2921 3047 pontiﬁcatu,
2951 2977 3091 3029 idem
3129 2975 3218 3044 qui
3249 2974 3400 3044 prius

1821 3069 1920 3124 fuit
1968 3070 2022 3124 in
2057 3071 2210 3124 bonis
2236 3071 2445 3123 actibus
2472 3071 2755 3139 prtestitit;
2787 3070 2894 3124 into
2944 3067 3400 3136 quemadmodum

1820 3162 1957 3216 alios
2005 3162 2299 3232 dignitate,
2349 3162 2419 3214 ita
2484 3162 2720 3229 seipsnm
2791 3175 3176 3230 supergressus
3214 3173 3298 3215 est
3345 3160 3400 3214 in

1819 3255 2078 3315 bonitate,
2097 3265 2150 3309 et
2177 3255 2300 3309 licet
2319 3256 2463 3309 outni
2488 3255 2650 3310 fuerit
2670 3258 2926 3309 virtutum
2953 3258 3125 3310 nitore
3152 3255 3402 3325 insignis.

1817 3345 2120 3403 orationum
2141 3355 2315 3402 tamen
2339 3347 2654 3401 assiduitate
2667 3358 2720 3400 et
2739 3347 3202 3419 eleetnosynarum
3218 3362 3401 3417 prom_--
3487 3405 3492 3410 ,

1819 3441 2061 3511 ptissima
2116 3437 2364 3507 largitate
2415 3452 2630 3491 summo
2675 3447 2730 3492 et
2757 3437 2892 3492 ultra
2917 3453 3078 3507 quam
3100 3437 3203 3490 diei
3233 3437 3404 3506 possit
3451 3491 3454 3496 ,

1819 3545 1982 3599 opere
2006 3528 2262 3598 prteditus
2283 3536 2418 3581 erat.
2449 3527 2624 3595 Coepit
2644 3528 2844 3598 itaque,
2874 3527 3028 3596 juxta
3062 3528 3400 3599 Apostolnm,

1818 3624 2069 3678 omnibus
2103 3624 2280 3676 omnia
2311 3638 2430 3677 esse
2459 3620 2508 3693 (l
2535 3621 2659 3678 Cor.
2687 3640 2760 3683 Ix,
2790 3623 2905 3688 9.2),
2943 3633 2998 3677 et
3032 3622 3076 3676 is
3097 3637 3257 3692 quem
3305 3636 3405 3676 nec

1819 3732 1972 3770 amor
2001 3731 2101 3770 nec
2133 3717 2211 3769 ira
2238 3715 2499 3784 cujusque
2550 3725 2729 3783 posset
2765 3730 2792 3767 a
2830 3716 2909 3767 via
2950 3713 3174 3781 justithe
3213 3713 3404 3782 quovis

1819 3818 1976 3880 pacto
2031 3808 2325 3863 declinare.
2382 3800 2718 3863 Discretione
2761 3817 2938 3862 tamen
2991 3808 3041 3860 in
3075 3808 3174 3860 hoc
3214 3821 3404 3874 qnam-

1821 3900 2054 3954 maxime
2113 3898 2407 3962 ferebatur,
2471 3900 2646 3953 sciens
2700 3900 2968 3953 neminem
3022 3913 3050 3951 a
3083 3899 3406 3952 discretione

1823 3998 2104 4046 nutantem
2154 3989 2377 4059 iustitiae
2428 3990 2570 4060 leges
2598 3991 2744 4045 onmi
2773 4005 2836 4045 ex
2871 3999 3022 4058 parte
3054 3990 3212 4044 tueri.
3245 3989 3407 4042 tilero

1822 4083 1988 4142 igitur
2033 4097 2096 4135 ac
2150 4081 2346 4151 pupnlo
2396 4083 2494 4135 sub
2545 4098 2644 4135 suo
2693 4082 2954 4150 regimine
2977 4082 3151 4151 posito
3181 4081 3405 4150 pervigil

1824 4172 2094 4236 insistere,
2127 4182 2179 4225 et
2201 4188 2304 4240 qua
2349 4173 2705 4240 graderentur
2733 4173 2798 4224 ad
2846 4173 3006 4226 vitam
3040 4171 3205 4225 verbo
3231 4181 3285 4226 et
3315 4187 3408 4224 ex-

1822 4267 1996 4334 emplo
2047 4267 2187 4320 viam
2245 4267 2637 4320 demonstrare.
2695 4267 2891 4320 Verum
2947 4283 3069 4320 cum
3120 4265 3407 4321 multitudo

1822 4372 2029 4422 eorum,
2071 4372 2207 4428 quos
2239 4372 2268 4410 a
2293 4358 2747 4414 viareetitudiuis
2775 4359 3143 4413 exorbitantes
3177 4357 3228 4412 in
3262 4356 3403 4410 viam

1819 4451 1875 4520 jn
1911 4450 2039 4506 tilim
2068 4449 2326 4505 reducere
2347 4449 2638 4521 gestiebat,
2669 4457 2905 4504 mentem
2938 4463 3089 4502 suam
3137 4447 3408 4501 interdum
3481 4502 3493 4509 ,

123 4525 377 4580 ediscere
407 4530 662 4597 gestiens.
713 4530 930 4602 vulgata
969 4534 1150 4601 opinio
1193 4551 1393 4592 verane
1449 4541 1716 4594 exstiterit
1752 4552 1796 4605 ῐ)
1824 4543 2095 4614 fatigaret,
2149 4543 2374 4597 directo-
2412 4544 2464 4595 in
2515 4542 2743 4597 Galliam
2795 4542 2986 4596 ltltltlio
3043 4539 3407 4601 Germanum,

123 4629 317 4671 necne.
354 4615 487 4671 Post
518 4619 722 4689 aliquot
754 4638 883 4676 vero
923 4624 1041 4678 dies
1092 4636 1368 4695 comperto
1398 4631 1540 4698 quod
1572 4629 1724 4685 iuve-

121 4706 388 4777 stigabat,
425 4710 650 4765 multum
677 4723 935 4782 prmstare
961 4714 1065 4769 illis
1092 4733 1212 4781 qua:
1235 4718 1374 4773 fama
1394 4721 1722 4791 disperserat

120 4801 350 4867 gavisus
377 4816 488 4868 051;
521 4813 576 4857 et
607 4804 657 4858 in
687 4806 982 4876 gratiarum
1019 4810 1260 4865 actiones
1313 4811 1422 4866 Deo
1451 4814 1538 4884 pio
1562 4830 1656 4868 cor
1677 4815 1723 4869 Te

122 4900 173 4943 et
203 4909 303 4947 ore
342 4893 570 4949 solutus.
616 4897 1001 4952 Verumtamen
1033 4917 1175 4970 s:epe
1221 4903 1418 4973 agebat
1470 4921 1591 4960 cum
1631 4919 1720 4972 eo,

121 5001 227 5037 non
264 4995 328 5038 ut
383 4985 769 5043 firmitudinem
813 4991 980 5046 animi
1029 4992 1146 5060 ejus
1211 4995 1364 5064 quasi
1413 5010 1721 5066 suspectam

121 5075 338 5131 habens
388 5078 718 5146 exploraret,
755 5082 848 5134 sed
873 5083 1010 5135 sicut
1042 5099 1160 5136 eam
1208 5084 1259 5136 in
1316 5085 1457 5140 bono
1511 5087 1721 5141 firntam

119 5183 292 5235 penes
343 5183 403 5220 se
435 5167 684 5236 habebat,
717 5174 791 5227 ita
823 5176 1094 5229 veraciter
1145 5191 1265 5230 esse
1306 5176 1426 5233 aliis
1475 5195 1724 5250 compro-

120 5261 303 5315 baret.
340 5263 407 5316 Et
447 5279 636 5318 revera
664 5267 715 5320 in
744 5268 892 5320 omni
938 5267 1197 5322 virtutum
1227 5272 1423 5325 decore
1470 5273 1724 5341 probatus

119 5363 381 5424 repertus
403 5365 504 5418 est,
531 5373 698 5428 eaque
725 5375 828 5414 non
855 5361 1013 5414 modo
1039 5363 1106 5414 ab
1131 5379 1195 5414 eo
1226 5379 1410 5416 verum
1439 5374 1490 5418 et
1515 5366 1582 5417 ab
1604 5366 1723 5420 aliis

118 5449 408 5514 przestauti
437 5460 517 5503 est
550 5448 742 5504 affectu
772 5451 1022 5506 dilectus.
1052 5453 1204 5508 Unde
1233 5453 1372 5509 beati
1400 5457 1584 5525 patrui
1610 5456 1725 5524 ejus

123 5623 198 5676 De
251 5625 577 5691 praesulibus
635 5626 858 5696 Anglim.
912 5628 1065 5694 Quod
1125 5643 1252 5681 vero
1284 5627 1608 5681 Oskitellttm
1658 5643 1723 5683 eo

123 5704 384 5761 tempore
412 5698 522 5750 sedi
560 5697 994 5752 Doreacestrensi
1021 5697 1298 5766 praefuisse
1322 5701 1386 5752 ad
1418 5698 1723 5753 Eboracen-

121 5778 242 5816 sem
277 5773 466 5831 postea
494 5768 810 5822 translatum
843 5769 1139 5823 Eadmerns
1186 5769 1369 5831 refert,
1391 5769 1478 5828 tiu
1508 5785 1572 5823 eo
1607 5787 1722 5821 ma-

125 5832 335 5888 nifeste
379 5835 552 5902 lapsus
583 5849 684 5894 est.
731 5837 1020 5894 Oskitellns
1063 5841 1206 5893 enim
1250 5841 1463 5894 biennio
1505 5841 1724 5894 circiter

1824 4633 1977 4702 cujus
2029 4651 2191 4704 supra
2246 4634 2608 4700 meminimus,
2661 4641 2716 4686 et
2763 4632 2898 4688 alios
2954 4633 3148 4685 timore
3195 4629 3406 4684 Domini

1825 4725 2079 4794 praeditos
2106 4727 2250 4780 viros
2283 4725 2418 4780 fecit.
2440 4725 2628 4778 venire
2657 4723 2723 4777 ad
2752 4738 2832 4789 se,
2872 4723 3112 4791 ipsorum
3162 4720 3410 4773 videlicet

1824 4833 1925 4887 0pc
1961 4832 2023 4872 ac
2055 4817 2402 4888 rcligiositate
2431 4815 2642 4871 illorum
2692 4816 2912 4884 cupiens
2948 4812 3405 4884 irrcligiositatem

1825 4909 2117 4977 corrigere.
2147 4909 2330 4978 Itaque
2359 4908 2660 4963 Germanus
2706 4908 2774 4960 ad
2821 4903 3130 4974 pontificem
3160 4902 3406 4968 veniens,

1826 5000 2121 5054 Inmorilice
2143 5008 2428 5070 susceptus
2457 5008 2559 5054 est.
2595 4997 2724 5051 Erat
2749 4997 2894 5050 enim
2919 4995 3052 5049 bene
3099 4993 3406 5064 religiosus,

1825 5093 1998 5146 sacris
2023 5090 2220 5145 litteris
2243 5100 2298 5144 et
2324 5091 2428 5160 piis
2453 5089 2646 5145 studiis
2672 5087 2918 5158 apprime
2944 5085 3202 5141 imbutus.

1897 5183 2169 5239 Venerunt
2215 5183 2476 5252 praeterea
2518 5183 2585 5236 ad
2643 5181 2859 5236 beatum
2911 5175 3220 5239 Oswaldum
3276 5182 3405 5230 ante

1825 5273 1941 5344 ejus
1968 5274 2252 5328 adventum
2285 5272 2524 5327 nonnulli
2559 5288 2624 5327 ex
2664 5269 2958 5342 Anglorum
2986 5267 3234 5340 prosapia
3269 5267 3406 5330 nati,

1827 5379 1985 5420 sacro
2015 5363 2183 5434 ipsius
2223 5363 2537 5435 attagisterio
2569 5378 2627 5419 se
2665 5361 2977 5424 subdentes,
3027 5371 3080 5414 et
3128 5374 3251 5413 eum
3303 5358 3414 5412 sibi-

1827 5468 2032 5529 patrem
2102 5472 2167 5510 ac
2225 5464 2489 5511 rectorem
2544 5455 2596 5509 in
2651 5454 2735 5508 via
2781 5461 2899 5524 qua)
2934 5453 3081 5508 ducit
3130 5453 3196 5506 ad
3243 5453 3420 5522 vitam

1828 5644 1951 5690 ante
1977 5633 2180 5688 Odnnis
2203 5633 2408 5688 obitum
2451 5632 2704 5687 thronum
2754 5631 3151 5688 Eboracensem
3177 5629 3406 5697 adeptus

1827 5715 1928 5760 est.
1959 5706 2212 5758 I'Zunnlem
2244 5718 2485 5757 errorem
2535 5705 2652 5758 iniit
2698 5704 2992 5756 multat-has
3046 5695 3417 5756 llamesiensis,

1829 5777 1966 5846 apud
1997 5773 2262 5830 Mabdlou.
2300 5774 2435 5828 Szec.
2468 5772 2740 5828 Benediet.
2783 5774 2844 5837 γ,
2876 5789 2928 5842 p.
2965 5771 3087 5827 755.
