3870 6304
479 347 577 403 7ἷ1

1507 342 1812 402 ΕΑΒΒΞΕΙΠ
1849 341 2409 402 CANTUANENSIS
2451 343 2754 402 MONAClll

3661 353 3758 410 111

467 461 887 518 constituentes.
920 459 1064 515 luter
1093 459 1190 514 hos
1223 455 1330 513 fuit
1353 458 1595 529 quidam,
1628 457 1908 512 Ednotbus
1961 471 2055 512 uo-
2089 444 2132 500 Α
2161 456 2367 514 Christi
2383 458 2614 530 vestigiis
2643 459 2824 512 eadem
2852 459 3105 529 μυῖα-110
3125 460 3342 532 judicat
3377 479 3494 518 esse
3513 465 3752 536 profani.

469 555 632 614 mine.
667 553 757 622 qui
788 551 955 624 gradu
1008 553 1294 608 sacerdotii
1353 551 1570 605 functus
1603 550 1674 604 ob
1701 549 1910 618 sagacit
1929 559 2054 603 110111

466 655 517 700 et
549 643 868 702 industriam
899 657 1050 697 suam
1087 642 1286 698 Senior
1307 643 1376 696 ab
1399 641 1518 696 aliis
1545 641 2054 710 cognominabatur.

467 737 688 792 t'Iullecti
720 735 904 806 itaque
943 733 1140 790 fratres
1187 733 1502 789 dumlenarii
1549 733 1758 787 muneri
1790 747 2054 788 summam

465 827 766 898 complent,
825 841 963 898 quos
1008 827 1172 881 Pater
1205 825 1518 889 Oswaldus,‘
1578 832 1637 878 ut
1668 821 1823 892 juxta
1876 823 2049 878 sancti

465 918 726 988 propositi
786 933 1032 976 normam
1097 917 1322 972 Domino
1380 916 1596 972 Christo
1643 914 1732 968 die
1785 923 2056 980 noctuque

463 1011 756 1077 servirent,
785 1011 840 1066 111
871 1012 998 1066 villa
1027 1011 1107 1066 sui
1143 1009 1486 1080 pontiﬁcatus
1507 1021 1638 1078 qua!
1673 1007 1942 1062 Westberi
1975 1006 2055 1060 di-

462 1105 604 1159 citur
626 1103 944 1171 collocavit,
983 1104 1277 1159 instituens
1301 1102 1381 1156 eis
1403 1101 1692 1171 praefatum
1723 1098 2052 1154 Cornua-mnu

461 1199 808 1268 praepositum
845 1205 900 1252 et
958 1198 1359 1262 institutorem,
1407 1211 1505 1249 nee
1548 1209 1652 1248 non
1702 1193 1956 1261 delogans
1987 1207 2050 1247 es

461 1291 576 1343 suis
603 1305 724 1358 quae
755 1289 858 1344 illis
901 1288 1210 1344 sufﬁcerent
1254 1287 1320 1342 ad
1359 1302 1544 1341 eorum
1575 1285 2050 1340 sustentationem.

462 1381 742 1452 Degebant
771 1379 937 1452 igitur
965 1381 1056 1435 illo
1085 1381 1138 1434 in
1157 1381 1296 1445 loco,
1333 1394 1612 1433 servorum
1645 1378 1734 1433 Dei
1759 1379 2051 1446 μοι-011111⁸³

459 1483 515 1528 et
544 1473 866 1529 111011111111118
890 1474 1054 1528 vitam
1079 1483 1332 1542 agentes;
1357 1487 1586 1542 quorum
1613 1473 1808 1526 studiis
1830 1483 2051 1526 sant-tus

459 1563 546 1616 vir
574 1562 773 1617 eximie
811 1561 1108 1616 delectatus
1157 1578 1249 1616 cos
1307 1561 1618 1632 ft-eanntcr
1669 1561 1930 1622 visitare,
1973 1561 2052 1616 eis

460 1653 666 1706 monita
715 1651 907 1706 salutis
957 1661 1174 1706 aeternae
1228 1653 1572 1716 ministrare,
1603 1667 1699 1706 eos
1749 1649 2046 1714 consolari,

461 1742 602 1796 inter
643 1755 740 1796 eos
775 1742 1116 1807 conversari,
1158 1752 1212 1795 et
1257 1741 1453 1796 divinis
1487 1741 1762 1810 operibus,
1811 1739 2046 1811 hymnis,

2165 551 2496 622 Quapropter
2519 553 2566 608 si
2593 570 2714 618 nos,
2743 570 2863 607 cum
2892 555 3174 622 possimus,
3215 559 3628 626 811ι11’1.ε11ε111118
3655 579 3754 614 11111-

2163 643 2358 698 nachos
2384 645 2437 700 in
2467 661 2564 698 suo
2589 647 2857 716 proposito
2885 647 3272 716 multiplicare,
3301 660 3395 703 aut
3425 667 3616 706 eorum
3645 655 3756 708 reli-

2159 731 2303 801 gioni
2333 733 2600 797 inridere,
2649 743 2742 788 aut
2789 752 2904 790 eam
2946 752 3048 790 non
3095 755 3276 792 nutare
3327 740 3406 794 rel
3449 758 3606 810 sequi
3635 743 3758 798 nolfe

2159 825 2396 880 convinci
2439 828 2748 896 poterimus.
2795 826 2900 882 Sed
2947 830 3060 883 hu'c
3109 849 3140 882 a
3195 831 3342 886 nobis
3367 833 3566 900 procul
3597 851 3756 888 arcent

2159 917 2484 985 omnipotens
2535 917 2696 974 Deus.
2743 919 2958 987 Quare,
3002 920 3084 990 [iii
3133 923 3483 992 charissima,
3535 927 3682 982 ulla
3715 943 3758 984 ει

2157 1007 2432 1062 strcularis
2479 1010 2694 1064 ambitio
2739 1022 2936 1077 teneat,
2967 1029 3092 1083 qua:
3141 1023 3190 1068 te
3237 1015 3304 1068 ab
3349 1017 3690 1072 institutione
3715 1033 3754 1072 rt

2157 1099 2466 1169 adjnmento
2491 1103 2814 1158 monachica:
2843 1104 3110 1176 religionis
3138 1107 3418 1176 impediat.
3455 1108 3610 1162 Nam
3637 1111 3755 1164 111111

2155 1191 2226 1245 ad
2276 1207 2530 1248 cateruam
2573 1195 2734 1250 vitam
2777 1195 2898 1267 quis
2963 1207 3107 1266 optat
3157 1200 3450 1267 pert-enin,
3503 1203 3584 1254 ita
3625 1203 3756 1254 debet

2153 1284 2338 1336 conari
2367 1293 2414 1338 et
2461 1283 2596 1339 alios
2640 1302 2816 1340 secum
2861 1287 2931 1340 ad
2967 1289 3210 1342 eamdem
3253 1291 3576 1358 perducere.
3607 1291 3754 1346 lt'lnnt

2153 1371 2346 1442 quippe
2372 1372 2481 1426 illic
2509 1374 2684 1444 major
2703 1376 2874 1430 honor
2895 1389 2941 1430 et
2963 1377 3136 1448 gloria
3161 1380 3436 1450 suscipiet,
3465 1383 3568 1450 qui
3597 1382 3756 1452 tttnjas

2153 1463 2358 1518 lucrum
2384 1465 2470 1520 hic
2495 1465 2561 1520 de
2583 1467 2812 1528 aliorum
2839 1469 3010 1524 salute
3037 1470 3246 1526 Christo
3274 1473 3530 1544 acquirit.
3557 1472 3756 1530 Gaudio

2153 1568 2222 1608 ex
2256 1555 2340 1609 his
2370 1558 2480 1611 dux
2514 1558 2630 1627 ipsc
2669 1559 2926 1630 repletus,
2953 1562 3094 1618 dicta
3125 1565 3270 1618 comi
3311 1563 3470 1620 vultu
3513 1569 3754 1638 suscipit,

2153 1655 2211 1700 et
2241 1664 2562 1718 responsum
2603 1651 2676 1706 ita
2719 1655 2912 1722 paucis
2943 1655 3176 1710 absolvit
3206 1673 3220 1710 :
3255 1655 3492 1714 Fttndns
3535 1663 3668 1715 mihi
3689 1674 3754 1716 est

2153 1735 2426 1794 Rameseia
2471 1741 2666 1808 dictus,
2710 1745 2861 1814 aquis
2897 1755 2946 1800 et
2985 1747 3272 1816 paludibus
3315 1751 3750 1818 circumductus,

457 1833 710 1904 psalmis,
759 1832 1006 1904 ieiuniis,
1063 1833 1262 1904 vigiliis
1315 1845 1370 1889 et
1420 1833 1793 1896 orationibus,
1849 1831 2052 1888 sanctis
2083 1800 2342 1884 Β1111111111
2383 1832 2656 1888 hominum
2693 1835 2876 1906 quales
2925 1854 3184 1892 memoras
3239 1843 3658 1904 cont-ersationi,
3705 1857 3754 1898 ut

455 1941 674 1996 quoque
713 1925 1159 1981 meditationilms
1208 1925 1417 1980 solebat
1457 1941 1680 1993 operam
1709 1925 1856 1989 dare,
1886 1939 2052 1994 seque

457 2019 528 2074 ab
555 2019 922 2074 exterioribus
977 2019 1124 2074 curis
1174 2035 1236 2074 ac
1279 2017 1626 2072 swcularibus
1683 2017 1912 2088 negotiis
1955 2029 2052 2086 per

457 2111 729 2166 internum
767 2112 964 2166 mentis
1004 2111 1240 2180 quietem
1283 2109 1570 2181 magniﬁce
1603 2123 1870 2164 recreare.

527 2201 624 2256 llis
651 2203 724 2256 ita
749 2201 1049 2272 dispositis,
1075 2200 1270 2256 festum
1303 2200 1601 2254 Dominij
1629 2198 2050 2254 resurrectionis

457 2292 714 2358 instabat,
744 2303 799 2347 et
849 2293 915 2346 ad
959 2293 1346 2362 regismuriam
1379 2291 1546 2346 totius
1593 2290 1742 2358 regni
1795 2291 2049 2346 nobilitas

456 2383 796 2438 convolabat.
823 2383 1056 2438 Adunati
1090 2385 1378 2454 principes
1410 2384 1564 2438 Ianos
1593 2383 1709 2438 dies
1741 2393 1908 2454 agunt
1939 2385 2048 2437 val-

458 2475 632 2542 deque
681 2473 972 2529 soletmtes.
1017 2473 1140 2530 iam
1189 2475 1362 2530 soluta
1405 2476 1558 2530 curia
1616 2475 1670 2530 in
1707 2489 1804 2530 sua
1848 2476 2047 2546 quique

457 2569 726 2638 redibant,
776 2580 832 2624 et
876 2585 1004 2625 ecce
1033 2571 1102 2624 de
1141 2572 1306 2641 regiis
1337 2568 1596 2624 militibus
1623 2585 1764 2624 unus
1803 2569 1954 2624 dives
1983 2586 2046 2626 ac

455 2673 650 2730 potens
675 2663 833 2718 morti
859 2666 1116 2719 subactus
1142 2663 1498 2734 plangebatur
1519 2676 1550 2715 a
1579 2660 1843 2732 pluribus.
1875 2659 2045 2727 llujas

454 2755 729 2824 exsequiis
758 2757 876 2826 pius
904 2753 1150 2810 interluit
1180 2754 1344 2808 Pater
1371 2750 1656 2808 Oswaldus
1675 2791 1692 2818 ,
1721 2749 1815 2820 qui
1847 2759 1902 2804 et
1931 2750 2046 2819 ipse

451 2845 658 2904 0111111111
693 2847 836 2902 inter
865 2847 1071 2916 primos
1105 2844 1310 2916 Anglia:
1345 2856 1606 2914 proceres
1635 2849 1892 2904 venerat,
1930 2839 2042 2906 regi

451 2947 711 3011 acreptus
737 2939 1000 3009 ﬁrmaque
1025 2939 1142 3008 ejus
1181 2937 1422 2992 amicitia
1455 2935 1644 2992 fretus.
1675 2933 1832 2988 llunc
1857 2931 2042 3002 IEgel-

450 3031 628 3084 svinus
667 3031 886 3099 quidam
933 3030 1001 3084 de
1043 3028 1439 3100 potentioribus
1474 3027 1624 3096 regni
1671 3025 1902 3080 ducibus.
1931 3040 2044 3078 mo-

2153 1921 2374 1985 a'stimo,
2407 1941 2692 1995 congruas,
2741 1929 2795 1980 in
2824 1946 2927 1998 quo
2951 1931 3114 1984 etiam
3153 1941 3259 1985 tres
3299 1933 3400 1986 tiri
3433 1951 3580 1989 nunc
3609 1953 3756 1990 nstra-

2152 2015 2309 2066 sitant
2333 2029 2531 2071 sanctae
2553 2017 2820 2089 religionis
2841 2039 3019 2076 amore
3045 2023 3320 2092 ferventes,
3351 2037 3398 2079 et
3425 2029 3528 2081 sub
3553 2027 3754 2100 Regula

2153 2105 2289 2160 beati
2329 2106 2599 2164 Ilertedicti
2647 2111 2806 2164 ritum
2835 2113 3048 2177 ducere,
3073 2115 3123 2168 si
3165 2117 3432 2170 doctorem
3481 2119 3754 2184 Imber-ctu,

2152 2213 2463 2268 magnopere
2505 2205 2800 2271 gestientes.
2857 2203 3016 2258 lianc
3061 2206 3258 2274 locum,
3303 2211 3352 2266 si
3397 2211 3499 2264 tibi
3549 2211 3748 2279 placet,

2149 2305 2330 2343 eamus
2355 2291 2644 2360 inspicere;
2671 2305 2716 2348 et
2743 2295 2790 2348 si
2823 2296 2962 2351 risus
2987 2300 3148 2368 fuerit
3177 2302 3252 2354 rei
3277 2302 3344 2357 de
3369 2320 3480 2373 qua
3521 2303 3752 2374 loqueris

2149 2391 2302 2449 aptus
2329 2384 2572 2450 existere,
2605 2387 2788 2442 demus
2817 2403 3052 2457 operam,
3079 2399 3136 2444 ut
3163 2392 3218 2445 in
3243 2409 3395 2462 opere
3427 2393 3528 2448 Dei
3561 2395 3754 2452 (desii

2147 2474 2242 2542 fiat
2271 2475 2592 2530 habitatione
2611 2479 2922 2547 pra'clarus.

2220 2564 2344 2621 1111ιο
2369 2568 2450 2622 vir
2475 2568 2689 2624 Domini
2717 2571 2852 2626 mira
2881 2572 3064 2630 cordis
3086 2573 3366 2631 alacritate
3387 2577 3750 2648 amplectens.

2147 2671 2212 2712 ac
2243 2659 2438 2714 deinde
2463 2661 2756 2716 comitatus
2785 2663 2903 2734 ipso
2941 2665 3080 2722 duce
3102 2667 3171 2722 ad
3208 2667 3384 2724 locum
3419 2684 3604 2738 usque
3631 2687 3750 2740 per-

2147 2747 2391 2812 veniens,
2423 2749 2510 2804 11111
2542 2751 2776 2806 advertit
2821 2769 2942 2810 cum
2989 2755 3308 2812 habitationi
3353 2761 3750 2816 monachorum

2145 2845 2572 2909 accomntmlum,
2609 2847 2812 2914 gratias
2853 2847 2995 2914 Deo,
3027 2849 3232 2917 gratias
3261 2865 3482 2920 quoque
3513 2854 3638 2922 egit
3671 2868 3750 2908 re-

2147 2935 2372 2990 nerabili
2407 2937 2521 2992 viro
2549 2939 2638 3008 qui
2693 2939 2844 3006 11111111
2895 2943 3154 3010 perduxit
3199 2957 3286 3000 eo.
3331 2941 3538 2998 [nstitit
3571 2945 3748 3014 itaque

2145 3029 2329 3097 cupito
2357 3031 2506 3100 operi
2533 3031 2697 3086 citius
2750 3033 3026 3102 imponere
3067 3051 3282 3101 manus,
3335 3051 3538 3090 verens
3593 3053 3682 3098 ne,
3709 3040 3748 3092 si

453 3121 608 3175 dcsto
643 3121 878 3180 incessu;
911 3119 1147 3173 demisso
1175 3117 1319 3172 vultu
1351 3117 1512 3169 11111118
1538 3122 1852 3184 sequentem
1879 3121 2040 3182 atque

2149 3120 2344 3176 bonum
2394 3124 2726 3193 propositum
2777 3125 3116 3190 dilferretur,
3163 3127 3346 3197 aliqua
3399 3129 3746 3198 lmstmodna:

450 3209 773 3277 psallentem
823 3208 1142 3272 attendens,
1197 3207 1249 3260 in
1301 3205 1598 3260 amicitiam
1649 3203 1792 3258 illius
1821 3215 2042 3258 evectus

450 3309 556 3358 est.
589 3301 836 3356 Antehac
861 3302 1005 3354 enim
1037 3300 1236 3354 auditis
1281 3297 1463 3368 probis
1497 3312 1564 3352 ac
1602 3294 1899 3352 mansuetis
1929 3310 2044 3348 mo-

451 3395 604 3450 ribus
648 3393 787 3464 ejus,
837 3407 975 3464 quos
1031 3393 1288 3462 magistra
1344 3391 1540 3444 virtute
1575 3398 1922 3460 comparatos
1964 3387 2046 3444 iu-

393 3517 396 3520 ~
457 3485 675 3547 duerat,
709 3487 882 3556 magni
907 3502 1030 3541 emo
1061 3501 1170 3556 prae
1193 3501 1250 3539 se
1266 3483 1584 3553 jamdudum
1611 3481 1860 3545 habebat,
1887 3491 1946 3538 ct
1989 3482 2042 3536 in

453 3577 557 3630 hoc
592 3575 832 3629 animum
864 3585 1264 3647 composuerat,
1295 3574 1425 3629 utsi
1455 3590 1558 3650 qua
1604 3574 1656 3627 in
1686 3588 1746 3628 re
1780 3573 2044 3628 voluntati
2083 3613 2086 3616 -

450 3667 568 3736 ejus
595 3668 816 3738 obsequi
849 3677 1065 3740 posset,
1098 3668 1272 3723 libens
1305 3667 1358 3722 id
1401 3675 1604 3736 ageret.
1639 3665 1810 3733 Quam
1851 3665 2044 3720 volun-

451 3769 613 3812 latent
648 3757 766 3825 ejus
793 3759 1119 3829 quibusdam
1173 3757 1390 3812 indiciis
1439 3757 1522 3810 vir
1573 3755 1666 3810 Dei
1717 3755 2040 3827 intelligens,
2079 3795 2084 3800 -

449 3852 592 3906 inter
629 3851 734 3906 alia
767 3867 889 3922 qua:
915 3867 1038 3906 cum
1068 3867 1134 3906 eo
1159 3851 1226 3905 de
1257 3864 1382 3904 vera
1420 3849 1512 3904 Dei
1557 3863 1623 3903 ac
1651 3847 1884 3918 proximi
1911 3846 2044 3902 dile-

445 3944 629 3998 ctione
669 3945 884 3999 locutus
917 3953 1034 4010 est;
1067 3941 1304 3998 innotuit
1333 3941 1425 4012 illi]
1453 3956 1514 3996 se
1553 3941 1816 4011 quosdam
1850 3955 2040 3996 mona-

447 4036 582 4091 chos
627 4037 680 4090 in
724 4038 1033 4108 episcopatu
1085 4051 1186 4092 suo
1239 4035 1490 4105 religiose
1537 4034 1780 4088 viventes
1819 4031 2039 4095 habere,

449 4128 544 4181 sed
593 4127 766 4181 locum
801 4129 854 4182 iu
905 4145 1016 4198 quo
1060 4127 1330 4200 degebant
1375 4127 1588 4181 illorum
1635 4123 2039 4181 convcrsationi

388 4291 395 4299 ‘
451 4219 632 4273 nimia:
659 4221 1042 4276 strictitudinis
1067 4236 1210 4287 esse,
1249 4220 1550 4290 prtesertim
1585 4232 1708 4273 cum
1739 4230 1880 4287 pene
1907 4229 2043 4283 quo-

451 4309 583 4364 tidie
628 4310 681 4364 in
731 4327 1015 4367 numerum
1051 4328 1242 4368 eorum
1291 4314 1512 4383 quidam
1557 4317 1866 4373 currerent,
1901 4320 2066 4376 quos-

445 4417 515 4454 eo
542 4403 684 4472 quod
707 4401 988 4456 Dominum
1013 4406 1331 4474 qumrcbant
1357 4403 1692 4474 repellendos
1711 4399 1858 4454 nullo
1877 4399 2040 4452 modo

2152 3213 2372 3283 maligni
2423 3214 2594 3269 hostis
2639 3217 2872 3272 versutia
2903 3217 3324 3286 prtepedit‘etur;
3355 3220 3502 3288 quod
3549 3231 3612 3273 ct
3645 3221 3748 3272 11111

2147 3301 2478 3360 011118111011110
2526 3306 2816 3376 suggessit,
2851 3321 2916 3362 ac
2963 3316 3026 3362 ut
3071 3322 3230 3378 opem
3269 3324 3366 3364 sua
3409 3309 3748 3379 ingenuitate

2146 3394 2296 3464 operi
2324 3392 2494 3450 ferret
2523 3395 2808 3452 studiosus
2837 3397 3138 3452 admonuit.
3167 3396 3308 3465 Quid
3341 3398 3542 3470 plura?
3569 3399 3746 3454 Credit

2089 3501 2100 3512 ε
2146 3487 2394 3552 consilio,
2419 3488 2722 3557 acquiescit
2767 3487 3158 3556 admonitioni,
3187 3493 3584 3546 comlacuotur
3627 3507 3746 3562 ope-

2147 3579 2300 3643 rarii,
2341 3579 2579 3636 instatur
2603 3580 2780 3650 operi,
2809 3579 3108 3648 laboratur,
3139 3591 3198 3636 et
3237 3582 3438 3636 fretum
3469 3593 3594 3638 tam
3617 3585 3744 3636 mal-

2145 3668 2418 3739 tiplieibns
2468 3685 2650 3724 rerum
2692 3671 2954 3741 impensis
2989 3673 3324 3728 sanctissimi
3353 3673 3544 3730 Patris
3587 3689 3742 3745 quam

2143 3771 2199 3816 et
2249 3762 2369 3833 ejus
2423 3763 2831 3821 instantissimis
2881 3767 3224 3822 orationibus
3271 3767 3412 3822 mit-.1
3461 3769 3744 3826 celeritate

2142 3867 2278 3923 opus
2303 3853 2603 3924 perﬁcitur.
2635 3854 2770 3912 Post
2811 3857 2926 3912 dies
2971 3859 3074 3912 sub
3121 3857 3389 3912 immensa
3437 3857 3742 3928 frequentia

2147 3943 2325 4013 populi
2335 3985 2350 4010 ,
2373 3944 2600 4000 divitum
2629 3946 2835 4002 scilicet
2859 3947 3196 4004 medicorum
3227 3947 3522 4018 minusque
3545 3949 3744 4004 haben-

2149 4033 2280 4088 tium
2308 4033 2548 4105 perlecta
2577 4034 2806 4092 ecclesia
2835 4036 2938 4092 sub
2965 4037 3270 4108 patrocinio
3296 4036 3442 4092 beati
3465 4036 3738 4092 Beneditt'

2143 4123 2254 4180 Deo
2283 4125 2602 4182 solemniter
2627 4126 2935 4194 dedicatur,
2967 4137 3024 4183 et
3051 4128 3119 4184 de
3145 4129 3434 4184 monachis
3469 4129 3570 4198 qui
3607 4127 3738 4200 apud

2141 4215 2508 4273 Westberiam
2551 4220 2930 4288 morabantur,
2957 4221 3098 4276 idem
3141 4219 3293 4276 locus
3331 4220 3664 4286 instituitur,
3689 4229 3740 4274 ct

2143 4308 2196 4362 111
2245 4309 2396 4366 brevi
2443 4309 2532 4364 alii
2581 4319 2638 4366 et
2672 4311 2762 4368 alii
2815 4312 2940 4368 illuc
2989 4312 3352 4381 colliguntur.
3401 4314 3468 4366 ad
3507 4328 3734 4384 quorum

2141 4399 2344 4455 victum
2392 4409 2556 4472 atque
2601 4403 2856 4460 vestitum
2905 4411 3008 4460 nec
3051 4419 3160 4459 non
3209 4404 3278 4458 ad
3323 4403 3422 4460 Dei
3451 4405 3734 4460 servitium

377 4497 382 4500 ’
445 4491 744 4560 judicabat.
781 4491 844 4545 Et
875 4491 1156 4560 subjunxit
1180 4493 1306 4547 relle
1333 4495 1496 4563 igitur
1517 4533 1532 4557 ,
1568 4488 1895 4559 si-religioni
1931 4498 2038 4542 tua-
2069 4506 2116 4564 ι)
2143 4488 2524 4546 celebrandum
2559 4491 2806 4562 plurima:
2849 4503 3118 4549 terrarum
3165 4495 3586 4564 possessiones,
3617 4493 3732 4562 pla-

447 4585 724 4638 moleslum
771 4601 874 4638 non
921 4593 1029 4650 est,
1075 4593 1362 4654 quatenus,
1395 4585 1440 4638 si
1471 4583 1700 4652 aliquem
1739 4581 1908 4634 locum
1943 4583 2037 4634 sub

446 4687 539 4731 tua
572 4677 928 4731 dominatione
972 4677 1348 4732 monachorum
1393 4671 1708 4729 habitationi
1743 4687 2038 4724 accommo-

445 4771 572 4824 dum
607 4769 784 4832 habes,
821 4785 942 4823 eum
989 4779 1080 4822 aut
1113 4767 1278 4822 solius
1323 4769 1516 4822 (minue
1551 4774 1658 4820 tua:
1696 4763 1906 4818 obtentu
1944 4772 2036 4816 aut

445 4861 674 4931 alicujus
703 4864 936 4914 timueris
967 4861 1258 4914 interreutu
1289 4859 1412 4914 mihi
1461 4858 1714 4912 concedas
1735 4899 1750 4924 ,
1777 4865 2036 4926 quatenus

445 4957 574 5010 inibi
605 4957 981 5011 monasterium
1013 4968 1339 5021 construant,
1371 4965 1418 5010 et
1461 4972 1553 5026 per
1585 4963 1898 5008 memoratos
1923 4953 2038 5020 {ra—

445 5059 549 5101 tres
595 5050 974 5102 monachorum
1027 5050 1470 5104 conversationem
1529 5047 1596 5100 de
1658 5056 1870 5100 auctore
1923 5044 2036 5100 illic

447 5140 782 5192 constituam.
825 5137 1080 5210 Magnum
1130 5139 1269 5195 enim
1315 5138 1566 5210 quiddam
1593 5147 1668 5192 est
1713 5152 1832 5191 ante
1866 5135 2034 5190 Betim

447 5231 552 5283 rita
581 5232 841 5295 monachi,
873 5243 918 5286 et
959 5235 1274 5288 inritandam
1307 5233 1448 5286 omni
1477 5231 1778 5288 Christiano
1809 5229 2030 5285 homini.

451 5321 757 5392 Quicunque
799 5327 934 5380 enim
983 5330 1036 5382 in
1087 5331 1186 5383 hac
1232 5331 1338 5384 rita
1393 5331 1462 5382 ad
1503 5331 1660 5382 vitam
1719 5327 1930 5380 tendere
1983 5335 2032 5379 et

447 5415 630 5468 mortis
662 5415 874 5486 laqueos
901 5423 1041 5488 cupit
1067 5421 1320 5482 (latitare,
1355 5419 1590 5490 profecto
1618 5416 1672 5470 id
1703 5415 1848 5472 nullo
1877 5425 2032 5485 pacto

447 5507 644 5578 efﬁcere
673 5509 939 5578 prtrealet,
969 5513 1071 5566 nisi
1099 5515 1199 5566 rita
1224 5529 1323 5567 sua
1347 5513 1468 5566 rita:
1492 5509 1872 5565 monachorum
1899 5524 2032 5578 qna-

447 5601 571 5654 dam
601 5601 988 5671 dispensatione
1014 5605 1311 5658 concordet.
1347 5601 1467 5656 Vita
1505 5615 1728 5670 namque
1765 5597 2027 5662 monachi,

443 5707 562 5766 quia
594 5708 704 5746 cere
734 5693 835 5746 rita
863 5693 1102 5747 monachi
1130 5702 1236 5758 est,
1285 5703 1472 5748 cuncta
1511 5691 1738 5746 admittit
1769 5705 1886 5760 qua:
1935 5690 2028 5743 do-

445 5791 548 5839 eet.
605 5780 866 5852 Perfectio
926 5781 1226 5836 Christiana
1274 5795 1462 5838 cuncta
1516 5781 1762 5846 dimittit,
1821 5795 1937 5850 qum
1995 5793 2026 5832 a

2144 4581 2292 4636 rima:
2342 4582 2678 4640 diversorum
2737 4595 3182 4642 ornamentorum
3231 4585 3562 4640 donationes
3621 4585 3734 4638 loco

2138 4672 2314 4730 eidem
2345 4675 2414 4730 ab
2441 4684 2672 4747 utroque
2707 4676 2918 4734 enllattc
2953 4687 3098 4732 sunt.
3123 4676 3292 4732 Facta
3319 4688 3410 4732 est
3437 4679 3608 4750 igitur
3637 4675 3730 4730 dc-

2139 4781 2270 4822 cens
2293 4777 2350 4824 et
2378 4770 2574 4826 habilis
2607 4773 2996 4828 monachorum
3035 4773 3322 4828 habitatio.
3357 4773 3496 4828 lliue
3527 4787 3732 4844 pta-po-

2138 4861 2244 4918 sito
2283 4861 2534 4916 adunatis
2562 4861 2823 4919 fratribus
2853 4863 3162 4926 liadnotbo.
3207 4864 3368 4933 cujus
3411 4879 3578 4933 supra
3613 4877 3728 4916 1110-

2138 4954 2416 5022 1111111111118,
2441 4953 2558 5008 viro
2585 4954 2834 5024 prudenti
2857 4962 2912 5008 et
2939 4953 3212 5026 religidso,
3241 4954 3332 5022 qui
3355 4963 3412 5008 et
3435 4951 3730 5007 Limatus:

2137 5043 2394 5102 Ecclesia:
2420 5053 2603 5114 postea
2637 5043 2878 5116 1101111118
2911 5043 3032 5108 fuit,
3059 5044 3175 5114 ipse
3201 5044 3522 5114 \Vigornam
3551 5057 3728 5098 rever-

2139 5134 2292 5200 titur,
2315 5143 2374 5190 et
2409 5135 2552 5190 inter
2585 5151 2712 5192 suas
2753 5151 2886 5190 oves
2925 5135 3006 5190 eis
3049 5144 3106 5190 et
3133 5135 3236 5190 sibi
3277 5133 3724 5206 superintendats

2133 5226 2310 5282 bonus
2337 5235 2526 5295 pastor
2553 5237 2928 5284 conversatur.

2205 5320 2310 5376 Per
2339 5321 2390 5376 id
2425 5323 2684 5390 temporis
2705 5337 2771 5378 ex
2805 5323 3088 5379 sanctione
3121 5329 3174 5377 et
3205 5319 3534 5376 auctoritate
3557 5315 3720 5372 11111111-

2137 5411 2222 5466 nis
2272 5410 2582 5482 apostolica:
2635 5413 2781 5466 sedis
2845 5411 3110 5467 antistitis
3165 5414 3360 5466 beatus
3415 5409 3720 5464 Donsunas

2133 5503 2572 5574 archiepiscopus
2591 5503 2896 5558 Cantuaria:
2918 5516 2976 5560 et
2990 5506 3194 5574 primas
3219 5505 3386 5559 totius
3405 5501 3716 5564 Britannia,

2130 5595 2286 5666 cujus
2329 5594 2490 5665 paulo
2537 5593 2788 5665 superius
2835 5595 3166 5649 mentionem
3223 5594 3486 5658 iecimus,
3527 5599 3718 5646 coacto

2130 5688 2370 5760 generali
2398 5687 2629 5743 concilio
2655 5686 2864 5752 statuit,
2891 5695 2946 5740 et
2971 5687 3266 5744 statuendo
3287 5688 3552 5742 decretum
3573 5693 3716 5734 con-

2133 5779 2368 5834 firmavit
2457 5779 2700 5836 videlicet
2753 5786 2809 5834 ut
2847 5779 3096 5834 canonici
3146 5791 3369 5844 omnes,
3415 5771 3704 5846 presbyteri
