3870 6304
29 384 113 439 7:5
179 359 182 363 ’
1350 385 1501 440 \‘lTA
1545 384 1603 439 s.
1637 381 1980 438 oswznan.

28 516 207 560 euntes.
238 500 445 555 (ll-1.0lll
478 512 532 556 ct
560 500 874 556 subdiaconi
913 514 1098 554 omnes
1127 508 1212 552 aut
1244 509 1394 552 caste
1427 498 1573 551 vive-
1608 497 1650 556 Α
1687 502 1799 547 tuta
1833 492 2174 548 honorabilis
2214 494 2532 550 habebatur.
2572 495 2781 553 Pt'a-lati
2812 502 3030 568 quoque
3057 510 3107 555 ct
3141 501 3263 557 istis

27 602 143 655 rent,
172 602 254 647 aut
282 592 557 648 Ecclesias
586 607 723 663 quas
757 594 1007 646 tenebant
1041 607 1143 644 ttna
1178 606 1298 644 cum
1330 580 1487 644 rebus
1511 588 1576 642 ad

26 697 101 735 ras
127 682 514 752 pertinentibus
549 683 867 751 perderent.
899 681 1145 735 llabebat
1176 688 1355 735 autem
1396 694 1576 751 regem

26 774 261 844 lidgarum
293 779 344 828 in
376 776 479 830 hec
511 774 724 847 negotio
754 774 973 828 'lidelem
1006 772 1292 835 fautorem,
1322 782 1576 827 constan-

28 875 115 917 tem
144 864 461 935 adjutorem,
506 864 721 919 lit-mum
762 862 1125 918 defensorem.
1154 863 1254 929 Qui
1289 877 1379 916 rex
1411 862 1579 931 ipsius

23 957 173 1013 l‘atris
225 959 452 1013 consilio
509 961 697 1021 utens,
755 964 941 1011 curam
992 954 1317 1025 exsequendi
1376 953 1575 1009 decreti

26 1047 159 1116 hujus
202 1064 361 1119 super
404 1057 574 1103 totum
626 1054 846 1116 regnum
902 1046 1109 1100 duobus
1148 1045 1278 1099 viris
1326 1043 1574 1113 injnuxit,

24 1140 241 1194 Osualdo
265 1140 473 1195 scilicet
499 1139 755 1209 episcopo
787 1135 1126 1208 Wigornensi
1163 1145 1216 1190 et
1244 1134 1578 1190 Athelwotdo

26 1231 373 1287 Wintoniensi.
402 1232 555 1299 Quod
588 1231 660 1285 illi
694 1229 812 1284 Zelo
839 1230 1032 1284 domus
1077 1227 1168 1283 Dei
1205 1227 1474 1291 succensi,
1524 1235 1579 1281 et

26 1324 288 1378 divinitatis
317 1339 503 1378 amore
552 1323 794 1387 subnixi,
837 1330 893 1376 et
940 1321 1160 1391 insuper
1199 1320 1453 1389 praedicta
1482 1334 1578 1372 att-

27 1418 243 1469 l‘lill'llillt‘.
288 1414 501 1480 muniti,
537 1414 912 1470 strenuissime
956 1421 1079 1467 sunt
1112 1411 1372 1466 exsecuti.
1418 1410 1574 1477 Nam,

27 1518 73 1558 ιιι
95 1508 152 1562 de
180 1508 290 1561 aliis
325 1518 555 1572 taceam,
600 1505 791 1561 beatus
832 1503 1114 1560 Oswaldus
1154 1511 1357 1573 septem
1384 1515 1574 1555 mona-

28 1600 170 1653 steria
195 1600 243 1652 iu
275 1615 366 1653 sua
396 1586 615 1652 ilimcesi
644 1596 877 1666 regulari
909 1590 1213 1664 disciplina,
1250 1592 1437 1664 ejectis
1466 1591 1575 1647 clea-

26 1689 141 1742 rit-is
178 1687 482 1741 feminarum
528 1685 860 1739 consortium
896 1683 1153 1739 Eeclcsiis
1198 1680 1572 1751 auteponenti-

28 1779 137 1839 ltus,
162 1776 395 1838 instituit,
436 1774 683 1846 delegato
728 1774 809 1828 eis
852 1789 1015 1843 super
1052 1788 1115 1827 ea
1151 1787 1271 1842 qua:
1320 1772 1576 1826 Ecclesite

1680 601 1776 654 per
1800 599 1924 639 eum
1955 592 2082 639 sunt
2108 585 2301 655 singuli
2324 586 2532 652 Patres,
2560 588 2821 647 Ailfricus
2847 591 3074 659 scilicet,
3099 611 3260 663 quem

1683 676 1925 730 Ecclesia
1942 675 2351 732 Caatuariensis
2376 689 2645 748 pastorem
2676 683 3018 750 postmodum
3048 684 3259 753 habuit,

1678 766 1995 833 Albaucnsi,
2013 766 2389 824 Brithtuothns
2414 770 2672 835 Heliensi,
2689 772 3065 845 Beamflytensi
3081 777 3257 834 Code-

1680 873 1934 912 maunus.
1965 858 2283 913 Cmnobium
2317 874 2448 916 vero
2475 861 2846 928 Ramesieuse,
2891 875 2948 920 ut
2974 869 3262 938 descripsi-

1680 962 1838 1008 mus,
1877 945 1994 1014 ejus
2041 947 2303 1003 instinctu
2349 957 2405 1004 et
2452 954 2763 1020 operatione
2813 970 2842 1007 a
2900 955 3265 1012 fundamentis

1678 1038 2005 1095 tedilicatum
2049 1048 2154 1094 est.
2184 1040 2357 1096 Aucta
2382 1051 2466 1096 est
2495 1059 2623 1115 ergo
2654 1063 2750 1117 per
2785 1051 3029 1120 Angliam
3074 1051 3262 1106 obser-

1678 1131 1864 1186 vantia
1894 1130 2190 1199 disciplina:
2244 1133 2511 1203 regularis
2559 1137 2612 1190 in
2664 1146 2870 1193 tantum
2918 1151 2979 1195 ut
3032 1144 3264 1210 quadra~

1680 1222 1829 1293 ginta
1868 1233 1995 1275 octo
2022 1222 2351 1277 monasteria
2402 1226 2598 1293 partim
2631 1228 2784 1291 viris,
2819 1232 3014 1299 partim
3048 1231 3266 1287 feminis

1679 1312 2059 1367 stabilireutur
2106 1326 2206 1381 per
2249 1314 2348 1369 bos
2391 1316 2558 1381 viros,
2625 1318 2955 1375 Dtntstanum
3016 1322 3263 1378 videlicet

1680 1404 2151 1475 archiepiscopum
2179 1404 2645 1474 Cantuariensem,
2689 1412 2997 1468 Oswaldttm
3048 1418 3268 1485 pumili-

1678 1511 1796 1551 eeut
1852 1494 2297 1565 Wigornensem,
2350 1507 2405 1553 et
2465 1500 2865 1557 Atbclwoldum
2943 1506 3261 1577 episcopum

1680 1588 2133 1644 \Vintoniensetn.

1751 1683 1819 1737 lis
1844 1693 2022 1737 autem
2057 1698 2176 1752 qua:
2212 1687 2401 1740 beatus
2433 1684 2715 1743 Oswaldns
2762 1689 3159 1756 artlilicaverat,
3196 1691 3264 1745 de

1679 1773 1800 1828 aliis
1823 1774 1968 1827 enim
1997 1775 2236 1830 scribere
2273 1789 2300 1827 a
2331 1778 2606 1845 proposito
2634 1788 2819 1832 nostro
2851 1790 3112 1834 remotum
3153 1790 3259 1845 est,

31 1869 161 1938 prius
200 1867 448 1922 habebant
484 1844 634 1921 tanto
664 1883 728 1922 ex
760 1865 1125 1920 munificentia
1176 1865 1315 1935 regis
1342 1873 1397 1918 et
1436 1863 1571 1918 alio-
1607 1844 1648 1901 Β
1679 1866 1795 1935 ipse
1820 1881 2013 1935 magna
2043 1880 2256 1935 semper
2282 1882 2412 1920 cura
2436 1844 2494 1921 et
2525 1869 2889 1926 sollicitudine
2920 1872 3257 1941 invigilabat,

29 1977 135 2013 runt
162 1960 443 2031 principum
484 1959 632 2028 regni
658 1959 900 2013 subsidio
932 1974 1133 2022 rerum,
1171 1966 1228 2010 ut
1259 1955 1572 2011 cohabitan-

30 2052 155 2107 tibus
177 2051 429 2107 sulliceret
465 2052 532 2107 ad
574 2051 775 2106 victum
823 2060 986 2121 atque
1029 2050 1302 2105 vestitum.
1331 2049 1571 2103 \VlflCCl'

26 2144 270 2199 curntensi
302 2159 425 2199 vero
461 2145 824 2207 monasterio,
858 2143 1001 2213 quod
1052 2141 1118 2195 de
1151 2151 1356 2209 septem
1405 2157 1569 2194 unum

25 2246 143 2299 erat,
173 2251 324 2306 supra
356 2243 708 2290 memoratum
741 2234 1067 2290 Germanum
1099 2233 1211 2303 (2i)
1241 2234 1291 2286 itt
1321 2232 1569 2287 abbatem

23 2327 283 2390 ordinavit,
314 2337 363 2381 et
393 2327 516 2381 aliis
544 2326 770 2397 singulis
800 2324 1040 2396 singulos
1069 2325 1120 2379 itt
1153 2325 1413 2395 religione
1448 2339 1571 2393 pro-

24 2421 157 2473 batos
192 2421 407 2475 abbates
446 2420 761 2490 praeposuit.
808 2419 883 2474 De
929 2417 1125 2488 quibus
1166 2419 1418 2488 quidam,
1449 2418 1572 2473 Folb

21 2510 214 2565 lserhtns
247 2512 481 2575 nomine,
519 2509 865 2565 Perscorensi
904 2508 1182 2573 Ecclesiae.
1220 2524 1342 2579 Qute
1368 2524 1470 2562 una
1507 2509 1573 2563 de

16 2612 195 2669 septem
225 2603 451 2657 abbatiis
494 2612 598 2665 est,
654 2603 704 2655 in
755 2603 1005 2658 abbatem
1050 2602 1306 2673 prmlatus
1343 2613 1453 2665 est,
1492 2604 1575 2656 vir

16 2696 232 2750 moribus
266 2695 443 2766 gravis
485 2704 540 2749 ct
572 2694 1002 2750 ferventissimus
1031 2693 1207 2748 cultor
1239 2693 1572 2748 monachica:

17 2774 362 2853 institutionis,
389 2788 483 2843 sed
508 2787 560 2842 in
587 2788 857 2853 subditos,
878 2786 1019 2856 quod
1039 2784 1192 2841 valde
1218 2785 1272 2839 in
1299 2799 1363 2839 eo
1389 2798 1573 2855 repre-

16 2878 344 2947 hendebatur,
380 2881 561 2936 nimia:
610 2887 665 2935 et
709 2880 1015 2935 indiscretze
1056 2877 1383 2934 severitatis.
1417 2876 1464 2932 Is
1505 2876 1573 2931 ad

19 2980 233 3027 extrema
265 2974 573 3043 perductus,
600 2983 655 3029 et
682 2971 809 3027 huic
834 2972 956 3027 vitae
982 2971 1294 3033 subductus,
1321 2978 1485 3039 atigne
1518 2970 1572 3024 lu

21 3063 200 3118 feretro
252 3076 580 3120 mortuorum
631 3079 782 3119 more
832 3064 1060 3130 locatus,
1109 3071 1325 3132 recepto
1354 3062 1573 3132 spiritu,

22 3155 382 3222 trepidantibus
426 3157 639 3212 cunctis
687 3156 862 3209 erexit
884 3170 985 3211 qse.
1029 3154 1196 3225 Igitur
1244 3154 1572 3226 fugientibus

19 3247 142 3310 aliis,
170 3251 416 3317 praefatus
443 3250 748 3305 Germanus
779 3251 1005 3305 accessit
1038 3250 1323 3305 sciscitans
1352 3266 1458 3320 quo
1489 3251 1571 3305 vel

20 3354 42 3388 a
71 3356 165 3408 quo
199 3343 384 3398 ductus
413 3346 516 3408 sit,
547 3343 674 3413 quid
723 3343 946 3409 viderit,
979 3342 1106 3413 quid
1159 3343 1232 3397 illi
1263 3344 1569 3414 contigerit,

19 3434 140 3484 etoh
164 3436 288 3503 quid
327 3452 573 3491 reversus
595 3436 685 3490 sit.
710 3436 782 3489 At
821 3434 908 3489 ille
939 3450 997 3489 se
1041 3451 1069 3489 a
1096 3435 1257 3490 beato
1282 3433 1572 3490 Benedicto

24 3518 65 3570 in
110 3523 352 3579 visionem
411 3527 499 3580 Dei
553 3526 872 3595 perductum
922 3526 1107 3589 fuisse,
1158 3536 1213 3581 et
1258 3527 1422 3581 Deum
1474 3542 1570 3582 sua

24 3624 215 3673 peccata
244 3617 442 3672 meritis
466 3617 739 3672 dilectoris
766 3617 845 3671 sui
876 3615 1107 3672 OsWdltll
1132 3617 1232 3672 sibi
1263 3617 1568 3680 illdlllsiSSC,

25 3710 162 3769 atque
189 3707 253 3758 ad
300 3707 647 3762 intimandum
699 3709 1043 3761 sanctitatem
1081 3707 1249 3776 ipsius
1291 3706 1469 3761 Patris
1510 3722 1571 3761 se

26 3796 257 3851 revixisse
306 3801 598 3870 respondit.
655 3801 864 3853 Rursus
914 3815 1161 3869 quaenam
1214 3799 1425 3865 forma,
1477 3801 1568 3869 qui

30 3880 243 3953 labitus,
275 3892 389 3960 quis
425 3892 599 3946 Patris
642 3891 914 3946 Benedicti
950 3892 1241 3946 COiltllillUS
1280 3893 1567 3959 exstitrrit,

36 3988 392 4049 percunctatus,
429 3983 670 4037 habitum
720 3999 1055 4052 gemmarum
1098 3985 1272 4040 nitore
1304 3985 1570 4055 pra-fulgi-

37 4059 162 4130 dum,
192 4068 407 4125 formam
458 4072 576 4141 ejus
624 4073 761 4126 ultra
815 4075 1104 4127 humanam
1155 4074 1568 4128 aestimationem

38 4152 269 4222 decoram,
298 4163 610 4216 entuitatuut
650 4164 947 4218 innumeris
975 4164 1379 4219 candidatorum
1414 4165 1573 4217 milli-

40 4245 114 4300 ltllS
150 4258 512 4311 monachorum
543 4266 594 4311 cl
627 4258 1150 4327 speciosissitnarum
1189 4258 1570 4311 sanctimonia-

39 4331 140 4393 lium
164 4349 417 4416 respondit
440 4365 559 4404 esse
583 4351 959 4420 compositum.
982 4351 1099 4416 Quo
1122 4350 1267 4404 dicto
1290 4351 1568 4417 conticuit,

35 4437 81 4479 et
103 4448 299 4507 accepto
333 4441 531 4498 viatico
563 4443 823 4497 Dotninici
854 4443 1097 4512 corporis
1123 4444 1400 4498 dituidittttt
1430 4445 1568 4498 dictu

24 4524 312 4592 sItpervittit.
344 4533 525 4603 Itaque
554 4534 718 4587 vitam
752 4533 900 4588 obitu
932 4536 1126 4589 iterato
1158 4536 1345 4589 linivit.

92 4616 196 4675 Post
226 4624 330 4678 lucc
354 4625 550 4679 inullis
594 4625 799 4695 Angliat
856 4627 1098 4695 partibus
1142 4628 1208 4682 ad
1253 4630 1567 4699 parochiam

2 4708 156 4792 ξηςιηι
200 4714 268 4767 nil
318 4717 714 4785 pertinentibus
770 4717 1011 4789 insignes
1053 4719 1319 4775 Ecclesias
1349 4722 1416 4776 ob
1445 4740 1573 4792 przc-

3 4789 160 4853 ruatn
205 4820 418 4859 causam
462 4805 679 4859 clericis
726 4807 1011 4861 cvaeuavit
1056 4817 1108 4861 et
1146 4824 1239 4863 eas
1277 4789 1569 4865 memorata

0 4892 311 4950 itttrtoritate
344 4898 611 4950 subnixus
661 4898 791 4950 viris
847 4898 1159 4952 tuouaslica:
1221 4899 1571 4957 institutionis

0 4985 311 5041 Sublimavil.
345 4987 489 5041 Sunt
521 4994 702 5041 autem
741 4987 823 5042 lue
856 5006 870 5043 :
908 4990 1146 5045 Ecclesia
1180 4991 1396 5060 pretiosi
1432 5011 1571 5047 mar-

4 5076 130 5141 Iyris
166 5076 357 5132 Christi
422 5077 639 5141 Albani,
672 5080 899 5135 ecclesia
953 5092 1154 5136 sanctae
1192 5081 1572 5140 Aithcldritbze

0 5168 214 5235 ‘vtrgiuis
235 5170 286 5224 in
315 5170 461 5235 lleli,
479 5181 532 5223 et
563 5169 651 5224 illa
684 5186 804 5240 quae
831 5173 972 5242 apud
998 5171 1344 5229 Beamlletam
1371 5176 1568 5230 consti-

91 5338 395 5420 ςὲᾓβυῐειίι
461 5347 761 5420 monachus
822 5346 1189 5420 [iamesiensis
1241 5350 1569 5406 Germanum

46 5418 136 5491 artu
157 5409 565 5491 Wiutonieusem
592 5416 791 5491 fuisse,
823 5417 1056 5491 Oswzibli
1095 5421 1145 5473 in
1178 5422 1424 5474 cmunbio
1452 5422 1571 5475 Flo-

53 5488 233 5558 rtacens't
277 5488 753 5558 counnonacltutn,
802 5489 923 5541 dein
976 5491 1209 5558 priorem
1266 5491 1572 5547 Weslbirite

60 5545 655 5633 ffirtlrorfttdnnt_sttbditas
700 5545 1006 5633 triennalia}:
1050 5561 1392 5615 institutionis
1448 5545 1573 5616 nor;

187 5618 492 5703 (Eill'l‘llolllllﬁ
522 5627 717 5681 Seuior
747 5629 960 5703 interim
990 5631 1055 5682 ad
1090 5633 1375 5703 gerendam
1425 5644 1568 5686 eate-

65 5695 210 5769 f’gwm
225 5692 604 5769 sollicitudinem
631 5701 941 5767 pra’positns
973 5692 1241 5755 instilutus
1271 5703 1412 5769 fuit),
1447 5720 1568 5758 mox

64 5763 240 5837 ltrfufgttt
260 5759 526 5837 liamesiaa,
549 5759 821 5837 postremo
844 5770 1092 5825 abbatem
1110 5759 1564 5832 \V'ineltecumha‘.

59 5822 118 5873 Ad
150 5822 582 5890 \Vittchecumbatb
616 5822 1568 5915 translatoVliaditothus’in

1674 1973 1743 2012 ne
1774 1958 2053 2021 diabolus,
2099 1956 2190 2026 qui
2219 1955 2361 2011 sicut
2411 1957 2495 2013 leo
2526 1960 2779 2015 circumit
2825 1977 3075 2033 qttzerens
3097 1979 3259 2033 quem

1674 2050 1914 2114 devoret,
1945 2050 1993 2121 (l
2023 2045 2168 2101 Ρεέν.
2201 2061 2253 2114 v,
2284 2048 2363 2118 8),
2399 2049 2561 2104 ttllum
2594 2051 2817 2107 fratrem
2848 2070 2877 2106 a
2910 2054 3262 2124 professionis

1674 2162 1784 2202 sum
1818 2162 2007 2202 norma
2066 2144 2374 2201 deviantem
2428 2144 2694 2199 inveniret
2739 2160 2896 2214 quem
2953 2148 3257 2200 devorat-ct.

1678 2239 1829 2296 Unde
1853 2253 1907 2297 ct
1929 2244 2115 2298 eadem
2139 2240 2463 2301 monasteria
2492 2237 2798 2302 circumire,
2823 2253 2887 2293 ac
2914 2238 2966 2292 itt
2994 2237 3218 2308 singulis
3237 2275 3259 2306 ,

1673 2340 1833 2400 prout
1861 2344 2084 2388 noverat.
2124 2334 2397 2405 expedire,
2434 2329 2633 2385 morari
2678 2342 3059 2396 consueverat,
3091 2331 3260 2386 vet-ho

1676 2421 1834 2475 simul
1866 2431 1918 2477 et
1946 2440 2108 2494 opere
2128 2424 2389 2478 fratribus
2410 2463 2424 2486 ,
2455 2436 2575 2491 qua:
2606 2419 2766 2475 saluti
2796 2418 3055 2488 cujusque
3106 2420 3258 2474 utilia

1676 2512 1796 2568 fore
1844 2516 2127 2571 advertere
2172 2526 2414 2588 poterat,
2483 2525 2709 2584 paterno
2752 2512 2948 2567 affectu
3000 2512 3261 2568 submini-

1676 2615 1878 2661 strans.
1919 2607 2098 2679 Super
2131 2611 2245 2665 luce
2294 2608 2564 2663 nonnullis
2593 2606 2869 2673 Ecclesiis,
2906 2608 3102 2676 quibus
3142 2606 3259 2677 ipse

1678 2712 1780 2749 non
1811 2714 1874 2751 en
1910 2715 2015 2767 quo
2048 2700 2416 2770 superioribus
2456 2700 2613 2753 modo
2664 2698 2996 2761 intendebat,
3030 2708 3136 2751 tam
3174 2698 3260 2752 di-

1676 2789 1917 2859 sciplina:
1945 2792 2204 2861 regularis
2228 2808 2391 2862 quam
2431 2799 2487 2844 ct
2529 2790 2895 2860 gratttmatit-te
2932 2788 3260 2842 liberalium-

1677 2897 1780 2951 que
1808 2882 2004 2935 artium
2052 2884 2339 2954 magistros
2369 2881 2669 2953 postulatus
2699 2881 2986 2951 dirigebat,
3034 2884 3123 2951 qui
3164 2889 3260 2936 aut

1678 2975 1731 3029 in
1777 2973 1967 3030 Galliis
2006 2976 2147 3031 doeti
2180 2992 2243 3030 ac
2287 2990 2385 3045 per
2416 2989 2538 3029 eum
2585 2973 2636 3027 in
2664 2972 2913 3044 Angliam
2949 2973 3115 3035 ducti,
3166 2979 3260 3026 aut

1676 3079 1823 3122 certe
1846 3084 1939 3122 sua
1972 3068 2268 3139 Sagacitate
2291 3068 2345 3122 in
2396 3066 2741 3120 monasteriis
2772 3066 2884 3119 suis
2912 3064 3123 3129 imbuti,
3169 3080 3227 3119 sa

1599 3190 1644 3251 ο
1676 3161 1887 3229 pientes
1909 3169 1961 3215 et
1990 3161 2234 3231 przeclari
2288 3159 2649 3215 habebantur.
2703 3158 2845 3211 Inter
2870 3172 3006 3225 quos
3034 3156 3256 3225 quidam

1674 3251 2036 3306 Fioriacensis
2080 3252 2385 3307 monachus
2418 3257 2555 3315 erat,
2590 3249 2741 3303 Abho
2770 3257 3012 3306 vocatus.
3045 3261 3257 3301 merum

1673 3345 1964 3399 sanctitate
1996 3345 2311 3413 pra-clarus,
2350 3360 2414 3398 ac
2435 3343 2741 3396 litterarum
2774 3349 2882 3395 tant
2914 3339 3257 3393 smmlarium

1674 3452 1839 3505 quam
1872 3438 2182 3490 divinarum
2216 3438 2444 3491 scientia
2477 3437 2720 3508 apprime
2764 3435 3076 3488 instructus.
3106 3432 3259 3484 Hunc

1674 3535 1826 3595 pater
1862 3524 2144 3580 Oswaldtts
2172 3528 2349 3597 posuit
2384 3528 2435 3581 in
2476 3526 2727 3582 Cfl‘llﬂltlo
2776 3522 3101 3578 [tanteliensi
3140 3538 3255 3575 ιυοο

1675 3616 1879 3670 nacbos
1933 3617 2169 3679 docere,
2230 3618 2446 3672 scholas
2507 3633 2695 3687 regere
2744 3625 2798 3669 et
2847 3615 3259 3684 quibttscnnque

1672 3707 1897 3771 valeret,
1924 3723 2045 3761 cum
2086 3707 2137 3760 in
2169 3708 2459 3777 disciplina
2494 3706 2843 3778 regularium,
2872 3713 2981 3757 ttttn
3002 3704 3052 3756 in
3083 3702 3258 3757 scien-

1676 3799 1747 3850 tia
1773 3796 2000 3851 litterali
2034 3798 2309 3868 prodesse.
2335 3797 2490 3863 Quod
2514 3807 2564 3851 et
2593 3797 2738 3851 fecit.
2789 3795 2923 3848 lline
2968 3808 3097 3862 ergo
3128 3806 3256 3861 pro-
3304 3820 3311 3828 -

1672 3888 1833 3944 cessit
1865 3898 1921 3941 ttt
1951 3903 2073 3941 cum
2128 3888 2402 3958 religionis
2451 3895 2746 3957 augmento
2782 3887 3034 3941 liberales
3084 3890 3254 3943 artes.

1672 3997 1792 4051 qua:
1828 3981 1978 4050 prius
2002 3981 2073 4035 ob
2098 3980 2340 4035 diversos
2383 3995 2546 4035 casus
2599 3980 2651 4033 itt
2678 3978 2980 4047 neglectum
3017 3990 3114 4045 per
3146 3977 3258 4028 An-
3302 3990 3305 3993 λ

1671 4072 1835 4141 gliam
1866 4081 2148 4135 venerant,
2183 4085 2617 4140 quaquaversmu
2668 4069 2844 4122 Patris
2880 4065 3115 4123 OSWaldi
3171 4064 3257 4116 in-

1673 4163 1879 4218 dustria
1945 4170 2002 4217 et
2060 4162 2425 4217 sollicitudine
2511 4160 2815 4216 eventilata:
2890 4156 3305 4224 multipliciter"

1671 4254 2018 4328 pullularent.
2046 4254 2309 4309 Prmfatus
2334 4268 2463 4309 vero
2485 4254 2637 4307 Abho
2684 4252 2754 4308 ob
2788 4249 3012 4305 multam
3043 4248 3125 4303 sui
3171 4247 3257 4300 di-

1674 4352 1936 4417 gnitatem
1993 4348 2153 4401 beato
2181 4361 2395 4415 quoque
2438 4347 2719 4400 Uunstauo
2769 4341 3057 4397 fatniliatis
3104 4338 3260 4393 valde

1674 4438 1906 4501 exstitit,
1932 4437 2159 4507 ejusque
2190 4437 2448 4492 instinctu
2489 4446 2544 4491 et
2573 4437 2928 4507 dispositione
2948 4436 3258 4507 passionem

1601 4537 1645 4591 υ
1673 4528 1811 4584 beati
1838 4527 2100 4581 lidtnundi
2148 4526 2520 4597 gloriosissimi
2576 4527 2719 4598 regis
2760 4526 3061 4597 Anglorum
3120 4522 3249 4594 styli

1673 4620 1848 4674 ollicio
1878 4628 2219 4688 posterorum
2258 4619 2531 4674 memoriae
2588 4618 2827 4672 tradidit.
2860 4618 2990 4673 Post
3042 4619 3157 4670 bace
3202 4625 3258 4667 et

1672 4713 1776 4765 alia
1808 4712 2087 4765 innumera
2125 4710 2286 4775 bona,
2316 4726 2435 4779 qua:
2474 4711 2526 4765 itt
2556 4710 2748 4781 Anglia
2790 4708 3017 4770 fecerat,
3040 4708 3108 4760 ad
3137 4721 3257 4759 tuo-

1672 4800 1968 4855 uasterium
2018 4814 2176 4854 suum
2208 4799 2510 4854 Floriacum
2561 4816 2843 4857 reversts,
2891 4798 3060 4852 abbas
3095 4798 3144 4849 in
3191 4811 3259 4847 eo

1674 4895 1848 4946 factus
1871 4899 2030 4945 estet
2063 4901 2247 4959 postea
2276 4893 2519 4963 martyrii
2554 4892 2727 4963 palma
2759 4908 2789 4945 a
2815 4893 2923 4946 Deo
2952 4904 3051 4959 pro
3096 4887 3257 4957 justi-

1675 4992 1748 5042 tia
1789 5002 2101 5045 eotouatus.
2563 4995 2567 4999 ”

1744 5083 1943 5138 Beatus
1989 5092 2170 5137 autem
2202 5078 2483 5134 OSWaIdtls
2522 5078 2613 5132 ubi
2661 5092 2721 5133 se
2762 5071 3090 5131 correctioni
3143 5070 3256 5124 cle—

1674 5178 1908 5233 ricorum
1934 5174 2371 5248 Wigornensium
2403 5171 2770 5228 intromittere
2803 5181 3095 5240 aggressus
3137 5176 3253 5228 est;

1674 5359 2005 5415 ltamesiensi
2057 5358 2337 5412 successit.
2396 5355 2537 5422 Qui,
2594 5364 2879 5425 postquam
2942 5351 3246 5425 prioratttzn

1671 5432 1826 5485 anuis
1854 5431 1923 5483 ‘22
1956 5433 2204 5499 gessisset
2229 5469 2243 5485 .
2280 5438 2396 5495 post
2435 5422 2663 5499 mortem
2702 5422 2915 5499 Ailtviui
2950 5422 3252 5499 l'ttntlatori.

1672 5518 1815 5555 anno
1867 5491 1993 5568 995v,
2022 5502 2189 5553 abbas
2213 5491 2414 5553 electus
2448 5507 2553 5561 est,
2601 5497 2666 5549 ad
2711 5498 3088 5568 episcopatum
3122 5491 3253 5543 Dor.

1670 5563 1994 5626 cesti-ensem
2028 5572 2323 5624 translatus
2370 5584 2509 5620 anno
2539 5568 2696 5630 1008,
2729 5563 2777 5620 in
2823 5563 3004 5633 pralio
3053 5563 3251 5615 Essen-

1673 5644 1896 5712 ιιιιιιηριιδί
1934 5642 2144 5696 occisus
2174 5656 2315 5692 anno
2352 5639 2637 5712 l0:6.-lsta
2675 5641 2739 5712 de
2781 5638 3060 5712 Eatlnotho
3091 5634 3253 5685 hauet.

1675 5704 1958 5783 I't‘ngll'lllll
2013 5712 2359 5765 ltzmcsiense
2408 5712 2459 5764 itt
2510 5708 2823 5773 Monastico,
2876 5719 3003 5759 tum.
3038 5704 3089 5764 l,
3125 5717 3249 5771 pag.

1669 5783 1795 5839 ΞΜ).

3159 389 3261 443 7η
3304 379 3339 403 ·’
