3870 6304
60 336 140 397 ιιι
572 324 573 327 ‘
1372 330 1525 388 \‘l’l‘A
1558 332 1614 386 s.
1656 328 1992 386 OSWALDI.

3192 332 3296 388 77‘.

65 467 185 509 mora
211 449 297 505 ﬂat
322 446 532 519 magnis
556 443 1015 517 postulationibus
1039 446 1266 502 instant.
1300 447 1409 503 Nec
1436 464 1608 503 mora.
1642 450 1685 503 Α
1716 462 1744 499 a
1787 462 1846 501 se
1892 446 1945 500 in
1991 446 2169 502 futuro
2199 447 2341 517 quod
2374 446 2753 503 detrimentum
2786 446 2895 503 sibi
2918 446 3167 518 gigneret
3193 449 3306 502 exi-

65 546 139 601 Vir
164 541 352 597 ascitus
384 538 641 604 advenit;
693 539 787 594 sed
822 539 1134 610 petentibus
1170 540 1446 610 suscipere
1477 540 1616 608 regi-

64 651 162 691 men
200 632 424 687 viduata:
473 630 727 687 Ecclesiae
773 647 880 685 non
930 630 1112 686 Statim
1153 632 1363 686 annuit.
1410 631 1621 687 Intonat

62 744 144 784 vox
173 710 373 797 populi,
425 731 483 775 ut
513 723 676 779 dubio
710 722 895 793 procul
941 723 1282 779 attestareris
1328 722 1622 793 Scriptum

63 830 221 872 vocem
249 812 427 885 pepuli
456 826 642 866 vocem
670 825 792 866 esse
825 811 940 867 Dei.
970 811 1076 865 Par
1100 812 1361 877 cbaritas,
1401 820 1620 867 senten-

64 910 124 962 tia
166 918 406 967 concors,
440 917 545 956 una
589 902 843 959 voluntas
882 903 1064 974 populi
1109 904 1162 959 in
1207 905 1352 961 bono
1389 904 1520 971 fuit;
1566 912 1624 959 et

64 1006 181 1055 licus
219 995 385 1068 pacis,
414 996 505 1067 qui
552 997 856 1053 inhabitare
898 996 1026 1053 facit
1053 999 1339 1055 unanimes
1381 998 1433 1054 in
1464 999 1626 1054 domo

63 1092 211 1161 (Psaf.
237 1106 405 1156 uvn,
438 1090 516 1156 7),
541 1091 743 1161 quique
783 1099 867 1147 est
903 1090 1046 1145 inter
1073 1089 1209 1145 duos
1234 1089 1317 1143 vel
1349 1096 1462 1144 tres
1497 1103 1626 1143 con-

64 1195 287 1255 gregatos
309 1182 361 1237 in
386 1182 604 1237 nomine
627 1197 726 1237 suo
749 1181 965 1252 (Matth.
981 1198 1137 1247 xvm,
1156 1181 1271 1252 20),
1293 1198 1399 1237 non
1425 1182 1631 1237 faveret

63 1276 123 1329 rei
159 1273 235 1328 cui
282 1282 431 1328 tanta
474 1273 764 1329 multitudo
806 1273 1041 1341 favebat,
1074 1288 1173 1329 nec
1213 1276 1440 1330 sentiret
1484 1275 1629 1344 quod

64 1367 323 1435 sentiebat,
351 1384 450 1424 nec
478 1368 641 1424 vellet
664 1369 806 1438 quod
828 1368 1147 1425 volebatur?
1176 1368 1409 1424 Nolebat
1435 1368 1592 1438 plane
1613 1406 1627 1430 ,

63 1461 138 1515 sed
161 1467 269 1514 esto
321 1459 462 1529 quod
494 1459 639 1514 Deus
668 1459 780 1514 fieri
824 1459 938 1514 vult
977 1461 1070 1514 ﬁat
1111 1475 1331 1516 necesse
1368 1469 1471 1514 est.
1505 1458 1632 1513 Vult

65 1562 214 1607 autem
237 1552 381 1621 quod
408 1551 705 1606 secundum
732 1567 790 1608 se
819 1552 1007 1608 volunt
1037 1553 1219 1609 fideles
1243 1553 1347 1608 sui.
1374 1553 1628 1622 Alioquin

64 1646 179 1699 bene
204 1653 425 1714 possent
462 1643 597 1699 velle
644 1644 765 1699 sine
811 1644 941 1707 illo;
986 1654 1039 1700 et
1078 1646 1288 1701 Veritas
1337 1660 1443 1700 non
1486 1654 1633 1699 esset

63 1734 307 1799 vercdica,
340 1750 462 1805 qua:
501 1734 634 1791 dicit
675 1735 807 1790 nihil
855 1737 972 1791 sine
1010 1752 1070 1792 se
1103 1751 1427 1807 quemquam
1468 1751 1627 1806 posse

1722 546 1959 608 geretur,
1993 538 2087 592 sed
2111 539 2253 608 quod
2296 538 2457 594 beata
2508 541 2940 596 remuneratione
2987 540 3309 597 donaretur.

1724 629 2083 696 Quamobrem
2112 629 2253 684 idem
2279 631 2371 700 qui
2397 630 2499 685 fuit
2528 631 2579 686 in
2615 631 2922 687 visitatione
2951 634 3305 689 monasterio-

1727 735 1845 774 rum
1882 736 2002 790 quae
2041 720 2368 788 instituerat,
2411 738 2626 794 semper
2652 726 2880 791 exstitit,
2922 727 3061 781 idem
3094 728 3146 782 in
3178 742 3308 782 con-

1723 811 1987 867 solatione
2013 811 2241 867 fratrum
2270 813 2400 869 inibi
2427 815 2733 887 degentium
2777 818 3049 888 prrestitit,
3079 819 3219 873 idem
3258 820 3307 873 in

1728 904 2123 958 sustentatione
2166 904 2381 960 illorum
2416 907 2767 977 omniumque
2799 923 2894 963 sua
2924 925 3026 981 ope
3070 910 3311 981 indigen-

1732 992 1863 1047 tium
1894 994 2116 1049 mansit.
2154 992 2212 1048 In
2244 993 2390 1050 nullo
2423 995 2585 1067 igitur
2615 998 2918 1054 sanctitatis
2963 1014 3126 1070 Opere
3168 996 3312 1055 defe-

1732 1091 1879 1138 ctum
1906 1098 2099 1153 passus
2131 1092 2215 1139 est
2243 1094 2466 1156 propter
2504 1102 2641 1143 onus
2684 1089 3038 1154 sacerdotale,
3083 1090 3179 1145 sed
3220 1098 3314 1145 aut

1733 1173 1876 1229 idem
1904 1176 1994 1244 qui
2042 1174 2221 1230 fuerat
2264 1177 2534 1245 praestitit,
2571 1188 2686 1243 aut,
2738 1180 2914 1250 seipse
2950 1180 3229 1237 sublimior
3260 1181 3310 1235 in

1734 1264 2037 1335 huiusmodi
2068 1282 2230 1337 Opere
2258 1267 2452 1332 factus,
2484 1270 2550 1324 ad
2582 1271 2869 1325 videndum
2902 1273 3065 1327 Deum
3093 1272 3315 1328 deorum

1735 1358 1789 1411 in
1827 1357 1956 1413 Sion
1996 1360 2168 1415 aciem
2218 1376 2331 1417 suae
2370 1361 2566 1416 mentis
2606 1363 2933 1418 indelicienti
2984 1364 3315 1434 contempla-

1736 1449 1886 1505 tione
1911 1450 2197 1521 dirigebat.

1807 1542 1907 1597 llic
1937 1542 2099 1613 igitur
2128 1545 2377 1613 quamvis
2427 1544 2753 1600 Eboracensi
2802 1546 3116 1615 pontificatu
3146 1530 3321 1603 subli-

1735 1644 1915 1690 matus
1955 1636 2245 1700 exstiterit,
2294 1652 2480 1692 caram
2526 1646 2701 1691 tamen
2742 1639 3085 1708 episcopatus
3114 1637 3326 1709 Wigor-

1736 1723 1920 1779 nensis
1968 1740 2074 1778 non
2121 1726 2318 1781 amisit.
2365 1726 2423 1780 Si
2470 1726 2688 1795 quidem
2744 1728 2935 1783 beatus
2982 1728 3323 1792 Dunstanus.

64 1826 222 1894 (ιοηη,
248 1842 346 1892 κγ,
370 1827 447 1895 5),
472 1828 541 1882 At
564 1829 857 1883 secundum
900 1843 960 1884 se
994 1829 1281 1884 volucrum
1328 1829 1511 1884 ﬁdeles
1549 1829 1631 1884 sui
1668 1807 1709 1860 Β
1737 1828 1897 1882 quem
1941 1813 2246 1870 sollicitudo
2284 1816 2523 1870 omnium
2564 1816 2931 1872 Ecclesiarum
2965 1819 3016 1874 in
3048 1818 3327 1874 Britannia

66 1927 282 1972 sanctum
324 1918 635 1974 Oswaldum
670 1919 785 1975 fieri
832 1921 1142 1989 pontificem
1186 1920 1454 1976 Eboraci?
1499 1921 1634 1973 Cum

66 2009 207 2078 igitur
230 2011 333 2064 hoc
361 2010 535 2079 ipsum
556 2013 704 2066 Deus
732 2011 899 2067 voluit
922 2022 979 2066 ut
1009 2013 1186 2080 fieret,
1212 2028 1436 2069 necesse
1463 2013 1637 2068 omni-

68 2098 218 2154 modis
244 2099 387 2165 fuit;
439 2112 771 2172 quapropter
811 2103 1083 2172 acquievit
1120 2102 1209 2160 ille
1245 2104 1377 2172 Deo,
1411 2104 1637 2175 acquie-

68 2192 244 2247 scendo
276 2192 544 2247 voluntati
574 2208 855 2249 servorum
883 2193 998 2249 Dei.

124 2280 310 2340 Factus
336 2285 505 2355 igitur
531 2286 970 2358 archiepiscopus
997 2287 1352 2343 Eboracensis
1367 2286 1503 2359 (26),
1533 2286 1640 2340 Ro-

67 2390 189 2430 mam
207 2372 405 2447 pergif,
426 2376 647 2446 pallium
667 2377 921 2433 Ecclesiae
934 2394 1043 2434 sna:
1061 2380 1301 2435 debitum
1327 2380 1396 2435 ab
1425 2388 1641 2447 aposto-

67 2468 149 2521 lica
173 2471 291 2524 sede
312 2470 698 2539 requisiturus,
716 2469 1056 2542 plurimaque
1071 2472 1282 2541 negotia
1298 2472 1470 2543 regni,
1484 2480 1642 2542 prout

65 2560 105 2611 ei
134 2575 220 2615 rex
251 2562 354 2617 sibi
412 2561 773 2631 delegaverat,
798 2576 921 2616 cum
961 2563 1079 2632 ipso
1121 2571 1469 2618 tractaturus.
1501 2562 1642 2618 Hinc

63 2652 269 2719 patriam
314 2667 577 2724 egressus
606 2694 620 2717 ,
678 2653 908 2709 transito
952 2655 1130 2719 mari,
1185 2654 1429 2709 transitis
1481 2654 1642 2709 terris

64 2745 412 2813 periculorum
444 2747 852 2804 diversitatibus
892 2747 1083 2818 plenis,
1114 2747 1345 2804 Romam
1368 2748 1637 2819 pervenit,

66 2834 283 2893 Romana
311 2839 517 2893 mmnia
545 2840 707 2895 subit.
752 2839 882 2896 Inde
926 2837 1119 2895 Joanni
1164 2840 1462 2908 apostolico
1500 2855 1641 2909 prte-

65 2937 305 2995 scntatus,
367 2930 478 2984 voti
529 2945 753 3001 compos
797 2930 1048 2986 efficitur.
1101 2932 1344 3001 Denique
1394 2941 1643 3002 suscepto

64 3020 206 3086 pallio
242 3022 393 3091 quod
422 3028 665 3093 petebat,
691 3023 889 3079 functis
934 3039 1150 3095 quoque
1181 3024 1455 3094 responsis
1482 3024 1643 3095 regite

66 3110 327 3181 legationis
355 3131 519 3184 quam
558 3114 785 3181 ferebat,
833 3116 1130 3172 honorifice
1162 3131 1192 3170 a
1225 3132 1360 3187 papa
1385 3116 1643 3172 dimissus

62 3200 291 3273 Angliam
343 3205 662 3272 revertitur,
709 3221 960 3262 reversus
1016 3222 1046 3261 a
1090 3207 1337 3279 principe
1378 3207 1527 3279 regni
1576 3222 1642 3264 ac

64 3306 210 3363 regno
230 3296 471 3367 gloriose
496 3298 773 3369 recipitur.
808 3298 936 3354 Post
964 3314 1086 3369 quae.
1117 3298 1329 3355 reddito
1357 3301 1467 3372 regi
1498 3300 1644 3373 lega-

65 3383 208 3442 tionis
234 3401 351 3442 sua:
394 3400 676 3459 responso,
723 3400 780 3444 et
823 3391 941 3460 ipso
963 3390 1104 3459 quod
1142 3391 1194 3445 iu
1238 3392 1490 3447 omnibus
1517 3407 1644 3462 pru-

64 3477 235 3535 denter
258 3482 470 3553 egisset
495 3482 710 3539 sublimi
737 3483 1012 3553 praeconio
1043 3499 1073 3537 a
1095 3484 1305 3539 cunctis
1330 3484 1643 3554 praedicato,

62 3583 237 3641 magna
285 3572 443 3642 regis
491 3571 865 3628 benevolentia
918 3573 1090 3629 fretus
1133 3574 1200 3628 ad
1254 3574 1437 3629 sedem
1487 3590 1645 3630 suam

62 3659 453 3721 Eboracensem
498 3667 664 3721 vadit.
703 3666 802 3723 Ubi
852 3666 1073 3739 egregio
1120 3681 1244 3723 cum
1296 3668 1503 3725 honore
1533 3684 1647 3723 sus-

60 3764 251 3824 ceptus,
292 3774 425 3814 cum
450 3758 623 3829 jubilo
657 3759 853 3830 plebis,
900 3776 1024 3816 cum
1068 3759 1283 3816 sonoris
1327 3760 1646 3815 clericorum

60 3850 429 3912 concentibus,
460 3849 777 3905 cathedram
815 3858 895 3905 est
940 3849 1458 3921 arcbiepiscopalem
1498 3850 1652 3905 inde-

62 3949 190 4007 ptus.
218 3943 340 4011 Quo
380 3943 529 4000 facto
560 3958 667 4000 non
700 3945 854 4015 quasi
890 3944 1039 3999 rudis
1088 3952 1144 3999 et
1187 3944 1413 4010 inscius,
1454 3944 1549 3999 sed
1591 3952 1652 3999 ut

61 4045 178 4087 vere
224 4034 499 4091 emeritus
546 4050 610 4090 ac
654 4038 934 4106 perspicax
972 4044 1160 4105 pastor
1188 4036 1369 4091 ovium
1415 4034 1532 4103 Dei,
1565 4036 1652 4091 die

62 4121 141 4176 illa
184 4126 554 4182 confluentem
590 4127 986 4183 multitudinem
1026 4136 1136 4181 tam
1163 4127 1501 4191 Edocumento
1529 4128 1653 4181 vitae

58 4220 325 4274 manentis
385 4234 549 4289 quam
608 4219 864 4274 alimento
919 4220 1043 4273 vita:
1093 4219 1324 4274 labentis
1382 4218 1652 4289 cepiosius

60 4309 217 4372 pavit.
247 4309 391 4365 Exin
428 4319 670 4365 tractans
698 4325 881 4365 secum
927 4310 1058 4366 illud
1094 4310 1367 4381 Sapientis
1396 4310 1519 4380 quia
1567 4312 1651 4364 cui

57 4399 165 4465 plus
192 4403 569 4468 committitur,
615 4402 731 4473 plus
760 4402 823 4456 ab
862 4419 921 4455 eo
956 4403 1184 4473 exigitur
1211 4401 1361 4473 (Luc.
1398 4418 1495 4465 xtl,
1538 4400 1650 4470 48),

1740 1905 2160 1959 constitutarum
2183 1905 2532 1976 respiciebat,
2556 1922 2749 1962 verens
2771 1923 2837 1963 ne
2856 1908 3106 1963 monachi
3135 1909 3186 1964 in
3212 1909 3325 1980 ipsa

1740 1992 1998 2063 Wigorna
2027 2010 2123 2065 per
2156 2010 2277 2049 eum
2319 2004 2445 2051 tunc
2475 1997 2683 2052 noviter
2713 1997 2940 2052 instituti
2981 1997 3157 2069 aliqua
3187 2000 3327 2053 ultra

1740 2099 1903 2153 quant
1951 2084 2094 2140 ferre
2138 2085 2381 2141 valerent
2434 2088 2728 2143 teutatione
2774 2098 3236 2157 concuterentur,
3281 2092 3326 2145 si

1739 2174 1995 2243 pastorali
2026 2191 2158 2231 cura
2201 2176 2442 2231 destituti
2477 2194 2581 2233 non
2616 2179 2877 2235 haberent
2906 2194 3014 2250 quo
3055 2181 3329 2237 muniren-

1743 2276 1847 2332 tur,
1875 2268 2130 2338 prtecepit
2159 2268 2207 2322 ei
2230 2284 2297 2323 ex
2326 2270 2652 2326 auctoritate
2687 2271 2883 2326 summi
2911 2271 3170 2339 Pastoris,
3195 2289 3331 2345 qua-

1743 2363 1898 2411 tenus
1920 2371 1985 2410 ea
2010 2371 2117 2427 qua
2149 2356 2357 2413 solebat
2381 2359 2654 2431 diligentia
2678 2360 2782 2416 illis
2804 2361 3126 2427 intenderet,
3152 2365 3329 2433 quoad

1741 2461 2029 2515 personam
2075 2457 2236 2503 tantae
2294 2450 2371 2504 rei
2422 2450 2670 2506 idoneam
2714 2453 2824 2509 Deo
2872 2455 3329 2511 monstrante-illi

1743 2545 2070 2599 substituere
2100 2546 2287 2614 possit.

1813 2637 1941 2692 Post
1966 2637 2080 2691 lucc
2108 2639 2381 2694 instabant
2400 2640 2515 2695 dies
2544 2639 2924 2711 Rogationum,
2948 2650 3003 2698 et
3025 2656 3214 2698 servus
3234 2641 3353 2699 Dei.

1742 2725 2025 2783 Oswaldus
2047 2737 2262 2799 sumpto
2287 2729 2482 2784 itinere
2505 2730 2845 2786 Rameseiam
2872 2732 3006 2802 petit
3033 2732 3174 2803 (27),
3206 2732 3332 2788 visi.

1744 2829 1861 2875 tare
1910 2819 2121 2876 scilicet
2164 2830 2220 2875 et
2270 2820 2536 2877 consolari
2590 2820 2807 2888 fratres,
2860 2837 3015 2891 quos,
3064 2832 3122 2878 ut
3167 2839 3331 2893 supra

1745 2914 2114 2978 meminimus,
2135 2913 2453 2981 jamdudum
2486 2914 2556 2969 ibi
2585 2924 2860 2985 posuerat.
2891 2916 3056 2971 Adest
3082 2932 3096 2981 ;
3127 2924 3182 2970 et
3211 2931 3331 2971 mo-

1746 3006 1905 3061 nachi
1934 3021 2034 3076 pro
2063 3021 2217 3061 more
2253 3006 2656 3061 nominatorum
2698 3008 2906 3062 dierum
2935 3010 3236 3079 procedunt
3263 3010 3331 3063 ad

1744 3095 2028 3151 ecclesiam
2057 3095 2229 3152 beatm
2257 3095 2459 3163 Maria,
2490 3112 2610 3167 quae
2634 3097 2705 3153 ob
2747 3096 3151 3165 interjacentem
3182 3099 3334 3170 palu-

1744 3190 1866 3245 dem
1891 3191 2105 3246 nonuisi
2134 3190 2294 3260 longo
2324 3190 2554 3245 circuitu
2581 3204 2680 3258 per
2703 3190 2904 3246 siccum
2929 3192 3065 3246 adiri
3095 3190 3330 3247 valebat.

1744 3280 1845 3337 Ubi
1872 3281 2143 3338 celebrata
2190 3282 2356 3337 missa
2391 3291 2447 3336 et
2488 3296 2517 3336 a
2551 3282 2806 3352 pontifice
2845 3281 3068 3337 solemni
3114 3293 3333 3352 peracto

1744 3372 2147 3438 praedicationis
2205 3372 2421 3438 officio,
2480 3372 2730 3427 monachi
2794 3370 3182 3442 longitudinem
3232 3372 3334 3428 viae

1745 3478 1850 3532 qua
1892 3472 2156 3519 venerant
2202 3463 2523 3535 compendio
2561 3470 2775 3518 mutare
2819 3462 3091 3528 volentes,
3137 3478 3332 3519 navem

1746 3557 2067 3624 ascendunt,
2112 3556 2180 3611 ad
2219 3557 2603 3613 monasterium
2647 3572 2744 3627 per
2782 3555 3003 3612 fluvium
3034 3556 3125 3627 qui
3167 3557 3337 3613 inter-

1747 3645 1864 3702 fluit
1891 3649 2138 3703 redituri.
2170 3649 2367 3703 Verum
2399 3650 2524 3704 dum
2554 3649 2727 3718 major
2770 3664 3030 3703 numerus
3055 3648 3332 3703 hominum

1749 3740 1801 3795 in
1833 3756 2025 3797 navem
2058 3739 2264 3810 fugeret
2295 3756 2458 3811 quam
2492 3741 2644 3796 navis
2687 3740 2831 3802 ferre
2861 3740 3085 3807 valeret,
3111 3748 3334 3794 onerata

1749 3831 1911 3885 nimis
1940 3831 2107 3902 mergi
2138 3831 2320 3901 erepit.
2352 3830 2661 3886 Turbantur
2700 3831 2752 3885 in
2796 3830 2918 3885 navi
2956 3830 3332 3894 consistentes,

1749 3934 1805 3979 et
1839 3923 1974 3979 mori
2012 3931 2280 3979 metuunt.
2311 3923 2653 3989 Exclamant,
2680 3938 2836 3993 opem
2872 3922 3013 3979 beati
3056 3922 3335 3979 Benedicti

1751 4031 1815 4071 ac
1843 4015 1923 4070 sui
1956 4014 2132 4070 Patris
2163 4014 2400 4070 Oswaldi
2447 4013 2641 4069 afferre
2680 4014 2779 4069 sibi
2816 4012 3167 4084 postulantes.
3199 4012 3332 4070 Nam

1753 4109 1867 4181 ipse
1916 4108 2099 4173 Pater,
2149 4108 2201 4162 in
2254 4108 2371 4178 ripa
2414 4106 2649 4163 fluminis
2697 4107 2873 4162 adhuc
2920 4117 3091 4174 stans,
3129 4108 3194 4163 iis
3240 4107 3334 4179 qui

1752 4206 1938 4260 secum
1965 4212 2125 4260 erant
2160 4201 2313 4258 utilia
2358 4201 2604 4273 quasdam
2630 4216 2694 4257 ac
2740 4200 3047 4257 necessaria
3087 4202 3340 4273 dispone-

1753 4296 1874 4361 bat;
1900 4303 1962 4350 ut
1994 4303 2173 4350 autem
2201 4293 2424 4349 auribus
2459 4290 2576 4362 ejus
2603 4293 2809 4349 clamor
2831 4292 3091 4357 insonuit,
3120 4302 3341 4364 stupore

1754 4387 2037 4453 attonitus,
2079 4403 2202 4444 mox
2236 4387 2365 4443 illuc
2408 4385 2610 4442 lumina
2660 4386 2830 4452 flexit,
2885 4395 2939 4441 et
2966 4386 3154 4441 videns
3205 4385 3342 4441 ﬁlios

60 4492 198 4546 omni
230 4495 370 4548 hora
419 4494 649 4549 sollicite
694 4494 921 4550 curabat
951 4494 1023 4550 ita
1061 4494 1163 4550 sibi
1208 4494 1499 4550 commissa
1547 4494 1642 4549 dis-

1757 4495 1884 4536 suos
1919 4480 1973 4535 in
1999 4480 2190 4537 mortis
2221 4479 2463 4550 periculo
2488 4479 2714 4549 positos,
2762 4494 2858 4534 cor
2884 4479 2950 4534 ad
2990 4478 3183 4542 Deum,
3215 4478 3344 4532 dex-

57 4586 336 4649 pensando
373 4595 611 4640 tractare
648 4596 701 4641 et
748 4587 1032 4642 tractando
1061 4586 1397 4658 dispensare,
1423 4596 1482 4641 ut
1521 4587 1651 4642 nihil

124 4784 238 4855 (26)
290 4784 611 4841 Oswaldum
665 4784 924 4841 Oskitello
972 4786 1279 4842 immediate
1333 4785 1657 4841 successisse

57 4852 399 4919 Eadtn'erus,
445 4855 753 4912 Florentius
800 4865 855 4911 et
902 4856 1363 4910 Malmsburiensis
1415 4858 1653 4911 tradunt.

57 4926 442 4981 Adelwoldum
492 4936 673 4982 tamen
716 4928 1068 4995 interponunt
1102 4922 1339 4981 Thomas
1384 4926 1575 4982 Stubss
1605 4936 1660 4981 et

59 4996 281 5051 Simeon
341 4997 593 5052 Dunelm.
654 4997 965 5053 Adelwoldo
1013 4997 1331 5063 dignitatem
1388 4999 1657 5051 abrenun-

60 5067 227 5120 tiante
256 5068 535 5123 successit
564 5067 847 5124 Oswaldus
877 5082 1019 5122 anno
1040 5067 1163 5121 972.
1192 5067 1298 5121 Isto
1340 5068 1485 5122 enim
1518 5082 1659 5122 anno

56 5138 594 5209 archiepiscopatum
618 5137 1189 5209 Eboracensemﬁillum
1212 5138 1509 5193 obtinuisse
1535 5154 1661 5193 nar-

57 5217 178 5260 rant
209 5208 539 5280 Ingnlphus,
567 5209 982 5280 Wigorniensis,
1011 5208 1329 5280 llovedenns
1367 5218 1421 5262 et
1459 5209 1660 5263 Dunel-

60 5277 394 5333 mensis'in
426 5279 520 5334 lib.
569 5277 828 5347 De'gest.
877 5295 991 5350 reg.
1043 5277 1199 5346 Angl.
1250 5280 1450 5333 Eodem
1498 5296 1660 5350 anno,

56 5363 247 5420 mense
285 5350 623 5420 Septembri,
653 5351 787 5405 obiit
811 5349 1046 5405 Joannes
1070 5364 1227 5420 papa,
1261 5366 1290 5402 a
1314 5365 1421 5417 quo
1444 5349 1663 5418 pallium

56 5418 321 5474 Oswaldo
356 5418 541 5473 datum
582 5420 878 5475 Eadmerus
911 5418 1120 5474 scribit.
1164 5419 1538 5473 Dunelmensis
1568 5420 1665 5487 igi-

62 5497 143 5541 tur
175 5491 401 5561 lapsus,
436 5492 523 5559 qui
558 5491 632 5561 (in
655 5490 880 5560 epistola
908 5492 973 5545 de
1006 5489 1198 5560 pontif.
1224 5489 1416 5561 Ebor.)
1445 5490 1665 5559 pallium

59 5574 86 5609 a
162 5560 477 5615 Benedicto
536 5560 761 5617 JOanuis
823 5576 1136 5615 successore
1203 5560 1458 5614 donatum
1532 5560 1662 5614 vult.

60 5629 222 5684 Certe
248 5632 437 5685 falsus
478 5630 714 5688 Thomas
757 5631 981 5697 Stubbs,
1009 5632 1101 5699 qui
1138 5630 1413 5701 Stephano
1437 5647 1587 5702 papa:
1614 5630 1667 5685 iJ

62 5714 191 5754 acre
218 5711 362 5755 itum
394 5702 575 5758 refert.

133 5722 254 5822 figi
317 5770 575 5822 Monaslet

133 5770 254 5842 (-17)
317 5770 707 5829 Monasterium
763 5772 1117 5829 Ramesiense
1170 5771 1253 5829 bis
1299 5772 1366 5827 ab
1420 5771 1669 5828 Oswalilo

497 5891 581 5950 ΡΑ
594 5907 767 5952 rnatu
815 5887 1027 5949 CLIX.

1760 4580 1898 4628 tram
1929 4572 2159 4628 tetendit
2186 4573 2253 4627 ad
2283 4572 2427 4628 illos.
2455 4571 2573 4639 Quo
2594 4572 2747 4641 signo
2777 4572 2947 4626 beatae
2973 4570 3152 4625 crucis
3174 4570 3340 4632 edito,

1759 4772 2033 4829 visitatnm
2064 4777 2327 4825 memorat
2351 4768 2661 4836 Registrum
2688 4764 3038 4822 Ramesiense
3059 4764 3135 4836 (in
3164 4764 3344 4819 Mona-

1760 4844 1921 4907 sticu,
1954 4852 2082 4896 tom.
2107 4841 2147 4904 l,
2174 4840 2410 4911 ρκΞΔΟ).
2441 4836 2680 4911 Primum
2704 4852 2848 4890 anno
2874 4836 2999 4911 97?,
3045 4838 3130 4911 die
3160 4836 3346 4911 Decol-

1762 4906 1978 4967 latiouis
2003 4906 2190 4966 sancti
2221 4906 2460 4971 Joannis,
2496 4908 2712 4978 quando
2743 4907 3036 4978 monachos
3062 4906 3344 4978 duodecim

1760 4982 2193 5039 Westberienses
2215 4995 2396 5036 secum
2425 4976 2686 5034 adductos
2718 4977 2850 5032 inibi
2879 4976 3178 5031 collocavit.
3214 4976 3344 5030 Dein

1762 5069 1905 5109 anno
1946 5051 2083 5115 974,
2125 5052 2341 5120 quando
2396 5066 2501 5104 una
2561 5064 2683 5103 cum
2732 5047 3012 5120 Dunstano
3044 5046 3344 5120 ecclesiam

1763 5117 2169 5180 Ramesiensem
2204 5121 2489 5176 dedicavit.
2534 5120 2757 5175 Factum
2790 5119 2841 5171 id
2872 5134 3012 5173 anno
3037 5117 3162 5184 974,
3196 5117 3230 5172 6
3269 5117 3345 5171 Id.

1764 5194 2110 5257 Novembris,
2166 5190 2473 5248 Oswaldum
2531 5190 2823 5246 comitante
2874 5204 2979 5244 non
3035 5182 3346 5253 Durtslauo,

1765 5268 1857 5320 sed
1884 5264 2142 5319 Alfnotho
2176 5262 2613 5316 Dorcacestrensi
2665 5259 2918 5327 episcopo
2964 5258 3118 5328 juxta
3160 5275 3350 5312 innua-

1766 5338 1928 5391 chum
1958 5334 2360 5389 Ramesiensem
2383 5331 2544 5401 (apud
2579 5328 2849 5385 Mabillnn.
2874 5344 2997 5385 saec.
3028 5345 3080 5397 ν,
3111 5345 3165 5400 p.
3196 5330 3346 5399 742).

1766 5409 1908 5461 Idem
1942 5408 2104 5461 etiam
2145 5405 2374 5475 primam
2400 5402 2634 5475 ngvvaldi
2660 5401 3023 5475 visitationem
3064 5410 3349 5475 ιηςιιιοι-ειι,

1768 5487 1894 5533 ante
1938 5471 2361 5531 annum'autem
2394 5472 2499 5528 972
2542 5471 2831 5540 contigisse
2878 5472 3070 5526 innuit.
3125 5471 3352 5526 Detnum

1769 5564 1911 5602 anno
1964 5546 2058 5601 99f
2093 5586 2108 5610 ,
2161 5544 2441 5601 Oswaldns
2484 5543 2769 5598 ecclesiam
2833 5541 3239 5597 Ramesiensem
3284 5540 3355 5593 ab

1770 5617 2072 5674 Ethelwino
2107 5617 2305 5670 comite
2344 5613 2722 5669 reaedilicatam
2764 5612 2961 5667 iterum
2991 5611 3353 5675 consecravit,

1774 5705 1826 5743 vi
1856 5689 1929 5746 ld.
1959 5687 2279 5757 Novembr.,
2308 5685 2444 5743 feria
2480 5701 2567 5754 ιιι,
2592 5692 2814 5741 auctore
2840 5682 3135 5740 Florentio.

2756 5882 2834 5943 25
