3870 6304
539 356 645 414 ’Π9

544 475 694 532 illico
749 468 900 527 navis
947 465 1022 520 ab
1080 477 1108 517 a

548 567 704 640 quasi
749 561 884 620 nihil
941 557 1124 615 oneris
1177 555 1383 616 ferret,
1433 550 1486 604 in
1543 545 1856 602 ulteriorem
1904 536 2179 593 (luminis.

544 629 1114 732 ripamprosperrimo
1139 647 1290 716 lapsu
1323 636 1445 698 cum
1471 635 1726 696 Omnibus
1751 649 1870 704 quae
1890 629 2142 702 portabat
2180 639 2187 646 '

545 723 866 808 evecta—est.
900 735 1094 814 Magno
1133 737 1310 794 timori
1349 732 1614 790 securitas
1655 741 1848 798 magna
1879 723 2138 787 succedit,

546 861 634 911 ac,
667 859 764 914 pro
785 857 846 897 re
875 856 996 910 qua:
1019 835 1321 900 acciderat,
1359 829 1452 885 Dei
1479 827 1594 881 laus
1611 840 1678 881 ex
1707 822 1868 878 corde
1899 815 2140 874 omnium

547 948 604 994 et
637 951 734 993 ore
761 933 1027 1004 procedit.

627 1027 758 1086 Dein
785 1029 1062 1097 aliquanto
1091 1021 1335 1091 tempere
1371 1016 1467 1082 ibi,
1499 1021 1560 1069 ut
1591 1027 1704 1068 suae
1737 1005 2144 1066 consuetudinis

553 1131 692 1186 erat,
723 1103 870 1175 inter
891 1117 1192 1172 monachos
1226 1112 1448 1181 degens,
1480 1101 1829 1161 :ediﬁeationi
1871 1099 2000 1153 vitae
2025 1097 2144 1151 illo-

558 1231 677 1268 rum
707 1213 898 1267 diebus
958 1223 1020 1262 ac
1051 1205 1303 1261 noctibus
1359 1197 1694 1255 intendebat.
1749 1193 1815 1248 Et
1849 1205 1975 1246 ecce
2005 1205 2146 1244 nuu-

557 1307 666 1361 tius
697 1303 918 1373 quidam
965 1315 993 1352 a
1035 1294 1316 1351 monachis
1365 1288 1711 1345 Heliensibus
1757 1284 1994 1338 directus
2047 1281 2144 1334 ad-

553 1397 802 1458 veniens,
837 1390 1074 1446 innotuit
1097 1401 1262 1440 unum
1287 1399 1354 1438 ex
1387 1381 1492 1436 illis
1514 1381 1580 1436 de
1622 1377 1858 1433 maceria
1887 1375 2145 1430 Ecclesiae

553 1482 958 1557 pratcipitatum
1007 1476 1188 1532 subita
1253 1481 1430 1528 morte
1475 1469 1820 1525 occubuisse.
1873 1465 1954 1520 Ad
2008 1464 2164 1534 quod

554 1555 841 1631 Dswaldus
867 1565 1172 1624 vehementi
1197 1576 1434 1619 moerere
1465 1559 1707 1626 delectus
1730 1557 1978 1628 (noverat
2003 1555 2148 1609 enim

557 1667 835 1723 hominem
867 1677 974 1716 non
998 1667 1388 1728 usquequaque
1409 1654 1578 1706 vitam
1623 1649 1843 1705 dux-isse
1883 1645 2143 1716 felicem).

555 1757 843 1816 confestim
873 1755 1016 1824 quod
1045 1751 1230 1806 debuit
1273 1745 1506 1803 ofﬁcium
1533 1745 1584 1800 ei
1617 1742 1910 1800 charitatis
1937 1742 2146 1811 impen-
2180 1777 2224 1836 Β

558 1853 655 1907 dit.
693 1851 904 1905 Etenim
935 1846 1219 1900 monachis
1243 1842 1343 1899 sub
1374 1853 1482 1894 uno
1515 1838 1726 1893 vocalis
1757 1835 1950 1906 pandit
1985 1848 2148 1888 even-

563 1951 673 1997 tum
727 1939 829 2004 rei,
886 1933 1261 2006 subjungendo
1319 1944 1512 2002 preces
1561 1925 1758 1996 quibus
1812 1921 2150 1980 exhortando

556 2041 782 2106 perorat
803 2039 1075 2102 quatenus
1111 2043 1212 2097 pro
1239 2025 1418 2080 anima
1445 2019 1682 2076 defuncti
1709 2017 1997 2072 Dominum
2036 2024 2151 2070 stu-

561 2124 769 2200 diosius
795 2119 974 2176 orent.
1000 2119 1201 2173 Parent
1231 2116 1306 2170 illi
1341 2114 1561 2170 monitis
1587 2111 1795 2180 ejus,et
1823 2124 1922 2177 pro
1946 2115 2150 2163 aeterna

564 2199 741 2272 salute
797 2213 996 2290 fratris
1049 2212 1258 2265 instant
1309 2206 1530 2277 vigiliis,
1565 2205 1768 2259 instant
1797 2201 2040 2271 psalmis,
2073 2199 2154 2254 in-

560 2317 708 2366 stant
734 2305 1010 2376 lacrymis,
1044 2301 1324 2372 pulsantes
1374 2297 1440 2352 ad
1474 2297 1697 2367 ianuam
1757 2293 2140 2349 misericordiae

563 2399 750 2454 mundi
801 2393 1202 2464 Redemptoris.
1261 2391 1439 2461 Super
1487 2389 1604 2444 lucc
1657 2401 1872 2456 quoque
1921 2384 2150 2456 singulis

563 2491 756 2546 diebus
789 2487 1013 2544 offertur
1037 2501 1136 2557 pro
1167 2500 1233 2540 eo
1259 2485 1310 2538 id
1342 2481 1484 2553 quod
1527 2481 1612 2537 his
1639 2481 1894 2537 omnibus
1918 2479 2155 2533 antecel-

563 2581 646 2644 lit,
681 2580 810 2633 illud
837 2577 1046 2633 scilicet
1077 2573 1403 2630 sacriﬁcium
1435 2571 1608 2627 laudis
1649 2572 1792 2642 quod
1825 2570 1878 2624 in
1907 2584 2002 2623 ara
2033 2583 2155 2624 cru-

561 2671 646 2728 cis
671 2668 842 2723 Filius
870 2667 963 2722 Dei
993 2664 1189 2720 obtulit
1225 2663 1372 2719 Patri
1405 2679 1501 2720 suo
1531 2677 1629 2733 pro
1665 2661 1841 2717 nobis.
1871 2659 2001 2728 Quae
2027 2660 2154 2715 dum

562 2761 722 2823 ﬁunt.
765 2757 872 2814 una
920 2757 1159 2813 noctium
1203 2753 1495 2826 pontiﬁci,
1547 2754 1601 2809 in
1650 2753 1898 2810 oratione
1937 2750 2155 2807 Christo

561 2853 703 2925 apud
725 2843 1028 2907 Eburacam
1049 2847 1372 2915 intendenti,
1397 2845 1688 2902 defunctus
1709 2845 1852 2900 idem
1871 2844 2157 2900 visibiliter

561 2943 814 3014 apparuit
846 2958 860 3007 ;
895 2957 926 2996 a
969 2953 1076 3009 quo
1108 2945 1500 3009 percunctatus
1552 2936 1676 3005 quis
1704 2945 1871 3000 esset,
1919 2933 2067 2988 illum
2097 2947 2157 2989 se

560 3049 660 3105 pro
684 3049 790 3103 quo
820 3042 875 3088 et
901 3031 1016 3100 ipse
1037 3045 1134 3100 per
1155 3043 1212 3084 se
1243 3037 1298 3083 et
1327 3027 1416 3081 alii
1450 3042 1548 3097 per
1571 3027 1745 3096 ipsum
1780 3027 1948 3081 Deu’m
1981 3025 2158 3080 inter-

1559 331 1860 392 EADltEBl
1903 323 2455 400 camumunms
2497 321 2802 381 MONACHI
3649 321 3716 380 τι,

1117 472 1345 532 quarum
1395 453 1762 528 proinuditate
1809 445 2094 516 emergens
2121 486 2133 506 ,
2171 433 2216 476 Α
2247 448 2498 511 agentem
2521 435 2886 508 contigitvice
2913 432 3146 505 quadam
3195 431 3394 486 venisse
3437 431 3714 502 libatummlti

2249 537 2441 592 beatus
2499 531 2772 602 quondam
2829 526 3118 584 Wilfridus
3193 524 3366 580 nobile
3427 535 3716 584 construxerat

2249 627 2532 697 templum,
2562 625 2616 679 in
2659 637 2766 694 quo
2799 622 2914 693 ipse
2945 617 3147 674 mundo
3171 617 3406 674 "sublatus
3431 617 3572 672 scitur
3609 619 3718 676 iniisse

2247 721 2508 789 sepultus.
2537 717 2652 772 Hoc
2677 715 2940 784 templum
2969 722 3099 767 ante
3153 720 3361 782 tempus
3407 710 3530 766 beati
3555 709 3716 767 Osualdi

2247 815 2604 870 barbarorum
2635 807 2926 880 irruptioni
2981 805 3158 877 patuit
3190 821 3205 871 ;
3237 805 3326 875 qui
3357 804 3474 858 illud
3513 821 3658 875 magna
3675 823 3718 862 ex

2245 915 2399 978 parte
2429 905 2689 970 dirutum,
2722 917 2832 957 non
2867 898 3184 956 ministeriis
3230 897 3439 960 divinis,
3459 897 3540 952 sed
3559 898 3720 954 latibulis

2249 999 2444 1054 ferinis
2469 997 2716 1052 fecerunt
2736 993 3172 1049 aceommodum.
3201 990 3366 1060 Hujus
3407 991 3565 1059 templi
3595 1005 3722 1048 conse-

2247 1099 2400 1158 ptum
2423 1086 2613 1142 virDei
2639 1086 2972 1146 subintrans,
2987 1079 3396 1150 noctu'pervigil
3420 1079 3466 1134 in
3484 1081 3721 1136 orationibus

2255 1180 2390 1236 inibi
2422 1179 2644 1236 mansit.
2685 1175 2956 1245 lllic‘ergo
2978 1173 3157 1229 divina
3190 1171 3718 1232 revelatiouelustrattts.

2251 1273 2582 1341 didicitipso
2608 1271 2730 1325 loco
2762 1276 3078 1325 sanctorum
3133 1280 3364 1335 corpora
3411 1266 3592 1320 condita
3615 1279 3720 1328 esse;

2203 1363 2208 1368 ”
2252 1381 2373 1436 qua:
2409 1363 2742 1433 investigans
2773 1376 2898 1417 eum
2952 1356 3264 1413 nominibus
3298 1356 3594 1425 singulorum
3619 1355 3724 1410 dubio

2255 1455 2446 1528 procul
2481 1455 2770 1509 inveniret.
2797 1451 2969 1506 Facto
2995 1445 3156 1504 mane
3193 1463 3322 1504 suos
3352 1457 3616 1511 convocat;
3645 1445 3722 1514 quid

2251 1559 2412 1604 noctu
2446 1543 2740 1620 acceperit,
2757 1545 2840 1600 eis
2863 1551 3104 1599 enarrat.
3127 1541 3210 1594 Ad
3241 1541 3418 1596 audita
3441 1542 3589 1595 cuncti
3609 1539 3723 1592 exsul-

2253 1647 2386 1694 tant.
2412 1639 2582 1708 Igitur
2631 1638 2698 1691 ad
2726 1636 2937 1706 jussum
2977 1632 3258 1704 pontiﬁcis
3285 1631 3538 1686 semiruta}
3565 1627 3726 1683 ecclesia

2253 1731 2626 1800 pavimentum
2657 1725 2932 1790 effoditur,
2964 1722 3270 1795 promissus
3321 1723 3577 1776 thesaurus
3607 1735 3726 1775 tanta

2257 1819 2575 1876 curiositate
2625 1815 3008 1885 investigatur.
3061 1814 3386 1868 Sanctorum
3431 1825 3614 1881 corpora
3653 1825 3728 1864 cunt

2256 1911 2435 1966 tabula
2465 1911 2581 1964 haec
2609 1909 2921 1964 continente
2949 1906 3304 1975 reperiuntur
3333 1919 3347 1958 :
3379 1903 3469 1960 Htc
3511 1917 3728 1967 arcuisset

2254 2017 2487 2058 sascrus
2518 1999 2849 2055 WtLrnEous
2879 2011 3140 2051 ANTISTES
3167 1977 3534 2061 Enonacsasts,
3557 2007 3610 2048 ετ
3631 2007 3730 2046 ητις

2256 2109 2414 2160 uuam
2469 2106 2707 2148 annuus
2757 2090 3098 2152 Trunca-rus,
3164 2086 3469 2150 Bonna-us,
3511 2085 3727 2142 ALBEBTI‘S.

2257 2187 2524 2242 Stcnuuus
2553 2199 2729 2248 noue
2759 2181 3112 2236 Witbertcus.
3139 2179 3216 2234 Ex
3245 2181 3329 2234 bis
3349 2193 3520 2233 servus
3539 2177 3610 2231 Dei
3629 2179 3732 2230 omni-

2255 2280 2496 2350 potentis
2526 2278 2772 2348 gaudeus
2815 2275 3120 2344 hilarisque
3163 2272 3410 2337 eﬂ'ectus,
3438 2281 3634 2342 repertas
3657 2269 3730 2324 reli-

2257 2370 2412 2440 quias
2437 2369 2556 2424 loco
2590 2366 2808 2422 interim
2837 2374 2964 2436 apto
2993 2364 3305 2419 collocavit.
3335 2361 3634 2417 POSllllfttilllll
3653 2375 3732 2412 tuo

2258 2465 2324 2517 ad
2349 2478 2548 2531 corpus
2575 2459 2750 2515 sancti
2779 2457 2916 2515 Will‘
2919 2457 3032 2514 redi
3075 2457 3283 2512 feretro
3313 2456 3640 2511 convenienter
3673 2469 3726 2520 ap-

2262 2561 2394 2620 tato,
2421 2551 2550 2606 illud
2585 2551 2640 2604 in
2688 2564 2754 2604 eo
2801 2564 2998 2618 magna
3055 2561 3179 2602 cum
3232 2545 3520 2602 reverentia
3557 2541 3729 2598 condidit.

2259 2653 2446 2712 utpote
2477 2646 2638 2710 quom
2671 2654 2868 2711 magno
2903 2638 3194 2704 \Vill'redo,
3262 2637 3515 2692 laudatori
3551 2635 3732 2692 videlicet.

2260 2735 2364 2790 loci
2396 2735 2568 2804 ipsius
2604 2731 3086 2802 consanguinitate
3110 2729 3366 2802 jUnctum
3405 2737 3610 2795 noverat,
3633 2741 3730 2796 quem

2265 2829 2318 2884 in
2357 2828 2599 2898 regimen
2627 2826 2884 2881 ἰαμβεῖα)
2911 2823 3302 2891 Eboracensis,
3337 2825 3470 2880 sicut
3495 2820 3732 2878 Veneuitilis

2271 2919 2416 2976 Beda
2455 2934 2626 2990 prope
2651 2919 2810 2974 ﬁdem
2844 2917 3096 2973 Historia:
3125 2919 3308 2988 gentis
3343 2916 3596 2988 Anglorum
3617 2910 3732 2968 reicit.

2274 3011 2326 3067 ei
2366 3009 2694 3068 successisse
2747 3009 2980 3075 sciebat;
3023 3024 3299 3080 quemque
3345 3010 3418 3064 uti
3469 3003 3736 3072 natuiuiarjus

563 3127 844 3195 p'ellabant
869 3139 988 3179 esse
1015 3121 1319 3191 respondit.
1347 3119 1416 3173 At
1446 3119 1536 3174 ille
1561 3119 1870 3195 suspirans,
1894 3117 2156 3184 Qualiter,
2187 3127 2228 3185 (ι
2268 3112 2601 3167 υοιιεοτιθῐη,
2635 3102 2708 3155 ita
2736 3110 2792 3155 et
2824 3101 2948 3158 vitae
3003 3115 3332 3171 morumque
3385 3098 3610 3154 lueredcu:
3633 3095 3734 3147 hunc

567 3207 765 3290 inquit,
795 3217 990 3287 frater,
1017 3215 1110 3267 tibi
1134 3213 1231 3282 fuit
1259 3209 1340 3266 vel
1377 3210 1603 3281 qualiter
1627 3226 1764 3263 nunc
1797 3219 1871 3264 est
1900 3210 1924 3262 ?
1952 3207 2155 3263 Hacte-

566 3327 688 3374 nus,
713 3309 807 3374 ait,
841 3307 992 3360 valde
1018 3304 1172 3368 male,
1232 3317 1368 3357 nunc
1421 3309 1599 3356 autem
1654 3300 1805 3355 valde
1853 3301 1999 3354 bene.
2029 3299 2156 3354 Tuis

567 3401 758 3473 quippe
807 3399 1007 3452 meritis
1054 3408 1101 3452 et
1147 3394 1386 3466 precibus
1414 3411 1446 3447 a
1475 3395 1636 3464 paruis
1667 3394 1853 3465 quibus
1882 3393 2160 3447 cruciabar

568 3509 662 3563 per
691 3489 1102 3560 angelum-suum
1123 3503 1204 3542 me
1229 3489 1313 3542 die
1342 3489 1582 3542 hesterna
1604 3485 1792 3556 eripuit
1819 3483 1983 3540 Deus.
2005 3483 2158 3550 Quod

569 3595 619 3638 et
643 3583 737 3636 tibi
777 3567 1094 3636 insinuando
1117 3579 1231 3634 ueni
1260 3563 1457 3649 gratias
1489 3591 1661 3647 agere,
1710 3592 1812 3647 quo
1841 3575 2158 3640 odrerteres,

572 3675 689 3730 licet
713 3673 768 3726 id
791 3672 982 3742 optime
1029 3669 1186 3734 scias,
1211 3685 1368 3740 quam
1399 3668 1660 3738 gratiosus
1687 3683 1780 3736 pro
1811 3666 1907 3720 hoc
1934 3677 1982 3720 et
2039 3666 2160 3720 aliis

565 3765 686 3835 jure
709 3762 895 3816 debeas
918 3759 1026 3815 Deo
1061 3759 1300 3813 existere.
1337 3757 1431 3814 llis
1463 3757 1649 3824 dictis,
1683 3771 1792 3812 non
1821 3755 2150 3826 comparuit.

571 3858 674 3911 Vir
697 3865 879 3910 autem
913 3852 1147 3918 Domini,
1187 3865 1382 3923 magno
1429 3849 1625 3920 gaudio
1663 3849 1730 3904 ad
1765 3849 1866 3904 ista
1895 3848 2157 3918 repletus,

573 3945 852 4001 benedixit
883 3942 1050 3997 Deum
1103 3957 1276 4012 super
1323 3939 1578 3996 ineﬁabili
1615 3938 1988 3995 misericordia
2021 3936 2157 4007 ejus.

573 4041 742 4095 Facto
772 4051 951 4104 mane,
977 4036 1108 4107 quid
1143 4035 1343 4090 factum
1371 4033 1618 4103 sit,'quid
1651 4033 1871 4098 viderit,
1899 4032 2028 4102 quid
2067 4047 2162 4087 au-

573 4133 755 4198 dierit,
789 4137 903 4188 suis
935 4129 1138 4187 retulit.
1169 4129 1374 4185 Dehinc
1434 4127 1713 4182 exsultans
1755 4109 1810 4179 et
1837 4125 2080 4195 gaudens
2109 4125 2162 4178 in

578 4224 784 4291 Spiritu
811 4230 1022 4286 sancto,
1067 4235 1166 4290 pro
1193 4235 1250 4274 re
1267 4233 1396 4288 quae
1449 4216 1752 4286 contigerat
1799 4215 2004 4286 gratias
2053 4214 2164 4283 egit

579 4311 693 4364 Deo
725 4310 870 4363 Patri
897 4323 994 4377 per
1015 4307 1344 4362 oblationem
1385 4306 1630 4375 corporis
1679 4313 1738 4358 et
1766 4303 2050 4376 sanguinis
2081 4303 2164 4358 di—

577 4399 862 4458 lectissimi
885 4399 1006 4452 Filii
1043 4397 1147 4464 sui,
1181 4398 1234 4451 in
1257 4411 1364 4466 quo
1396 4391 1534 4463 solo,
1561 4389 1701 4450 sicut
1745 4395 1859 4465 ipse
1905 4403 2161 4461 testatur,

2263 3205 2574 3266 acceperat.
2602 3194 2812 3264 Corpus
2835 3191 2951 3262 (‘28)
2975 3194 3248 3262 siquidem
3283 3193 3422 3248 illius
3449 3189 3626 3259 majoris
3650 3185 3736 3238 \l'il-

2261 3290 2421 3355 l'redi,
2455 3289 2601 3360 quod
2635 3293 2903 3342 semotum
2937 3285 3004 3340 ab
3053 3285 3175 3340 aliis
3236 3301 3336 3358 per
3377 3301 3432 3341 se
3477 3283 3523 3337 in
3565 3277 3734 3337 eminenti

2263 3381 2383 3438 loco
2429 3381 2485 3436 in
2517 3380 2635 3449 ipsa
2693 3375 2924 3432 ecclesia
2977 3377 3222 3432 tumbam
3261 3378 3538 3440 imbuerat,
3577 3379 3735 3442 quamet

2267 3471 2605 3544 epitaphium
2647 3481 2705 3524 ut
2736 3467 2878 3523 idem
2911 3466 3054 3523 Beda
3093 3467 3145 3522 in
3177 3469 3370 3524 eadem
3402 3465 3600 3522 Historia
3619 3467 3736 3515 namt

2265 3565 2500 3638 diguitcr
2529 3563 2906 3626 det-oraverat,
2936 3576 2965 3614 a
3009 3561 3252 3632 glorioso
3283 3561 3642 3618 Cantuariorum
3673 3565 3735 3604 att-

2268 3671 2438 3727 tistite
2468 3666 2680 3728 Odouc,
2711 3659 2869 3730 cujus
2911 3661 2961 3714 in
2997 3651 3158 3716 initio
3190 3660 3352 3731 hujus
3381 3655 3589 3731 opusculi
3617 3649 3735 3725 paucis

2265 3759 2636 3822 meminimus,
2680 3754 3006 3810 translatum
3037 3755 3394 3810 Cantuariam
3440 3753 3738 3815 flichtJIlleﬂi‘

2269 3855 2562 3912 admodum
2588 3851 2816 3921 ipsemet
2837 3848 2889 3902 in
2931 3847 3154 3918 prologo
3189 3848 3326 3904 \‘itai
3381 3848 3530 3918 ipsius
3555 3837 3734 3896 \l'ilfrnli,

2266 3963 2386 4017 quae
2411 3959 2507 4017 per
2541 3951 2666 3997 eum
2699 3935 2921 3994 heroico
2954 3950 3129 3995 metro
3147 3941 3450 4010 Composita
3473 3947 3560 4002 cst,
3591 3938 3736 3988 attesta-

2267 4051 2355 4097 tur
2419 4041 2492 4094 ita
2527 4035 2808 4092 scribens:
2848 4031 3022 4102 Igitur
3057 4034 3514 4089 venerabilissimas
3547 4027 3737 4082 beatitas-

2267 4131 2479 4204 fessoris
2509 4111 2707 4186 Christi
2737 4123 2981 4193 W’ilfritli
3012 4127 3262 4196 reliquias
3296 4123 3534 4180 indecenti
3553 4115 3736 4174 sentiunt

2264 4213 2530 4293 voraginis
2576 4221 2679 4276 situ
2725 4219 3238 4287 marcidas,uimia,
3283 4217 3418 4288 quod
3465 4215 3584 4267 dictu
3613 4217 3738 4276 alii“

2265 4314 2628 4370 meticulosum
2649 4324 2748 4380 est,
2779 4314 3118 4384 prwlatorum
3147 4309 3532 4380 horripilatione
3551 4300 3736 4371 neglectas.

2269 4421 2388 4459 cum
2437 4405 2560 4458 inde
2612 4403 2816 4472 {arente
2852 4403 2961 4456 Deo
3009 4401 3206 4456 scilicet
3239 4419 3272 4454 α
3323 4401 3434 4453 loco
3475 4385 3736 4472 sepuicn'fif‘

575 4497 718 4552 bene
749 4491 1050 4562 eomplacct
1081 4489 1183 4545 sibi
1204 4488 1532 4561 (Mettium,
1554 4487 1664 4556 i8).
1697 4487 1970 4540 Mandavit
1999 4488 2163 4542 etiam
2199 4497 2246 4556 ο
2271 4497 2486 4567 quidam
2517 4495 2932 4560 :rammlissem,
2965 4503 3258 4548 reverenter
3281 4489 3469 4560 excepi,
3517 4496 3636 4554 atque
3655 4479 3736 4530 iure

573 4593 683 4646 hoc
706 4587 883 4656 ipsum
914 4583 1040 4638 tiliis
1071 4583 1208 4646 suis,
1242 4571 1525 4635 monachis
1568 4577 1820 4632 videlicet
1850 4577 2167 4634 Ramesien-

575 4683 728 4737 sibus
765 4678 927 4734 simul
961 4688 1015 4733 et
1039 4673 1493 4746 Wigorueusibus
1525 4688 1538 4740 ;
1595 4681 1648 4726 et
1675 4671 1817 4741 quod
1847 4685 1944 4742 pro
1975 4671 2166 4725 anima:

475 4766 480 4770 ’
575 4775 764 4830 fratris
788 4771 1130 4828 absolutione
1181 4769 1268 4839 pio
1299 4767 1410 4821 Deo
1439 4775 1618 4837 grates
1642 4765 2016 4831 exsolverent,
2052 4781 2168 4820 mo-

575 4867 695 4920 nuit
717 4874 772 4919 et
797 4866 1048 4920 hortatus
1077 4869 1179 4914 est.
1205 4857 1359 4925 Quod
1383 4857 1485 4927 ipsi
1516 4856 1758 4926 diligenti
1805 4856 1984 4911 studio
2010 4871 2165 4911 exse-

574 4957 698 5014 cuti,
719 4965 864 5012 sunt.
1053 5027 1056 5030 ί
1513 5021 1517 5024 _
1939 5013 1944 5018 _

653 5046 930 5102 Praeterea
961 5045 1244 5102 dioecesim
1273 5059 1428 5100 suam
1471 5040 1798 5113 opportunis
1829 5042 2166 5113 temporibus

577 5157 900 5213 peragrans,
943 5138 1208 5212 quidquid
1267 5138 1515 5194 ediscere
1557 5145 1773 5207 poterat
1819 5137 1874 5191 in
1922 5135 2166 5191 muribus

554 5247 800 5301 _suorum
827 5232 1013 5288 oculos
1049 5231 1245 5287 summi
1275 5229 1370 5285 Dei
1405 5217 1718 5295 ‘oﬁ'eudere,
1745 5237 1972 5300 paterna
2003 5229 2169 5282 casti-

579 5327 796 5398 gatione
826 5327 1104 5395 corripere
1161 5335 1325 5396 atque
1374 5323 1647 5394 corrigere
1693 5323 1997 5390 satagebat.
2040 5319 2168 5376 Haec

653 5499 768 5573 (28)
787 5498 1104 5573 Historiam
1131 5499 1506 5573 translationis
1539 5497 1900 5573 reliquiarum
1923 5495 2163 5573 Wilfridi

581 5567 832 5629 Senio'rls
869 5571 1171 5625 Eadmerus
1215 5571 1387 5625 fusius
1439 5567 1684 5624 narravit
1735 5571 1787 5624 iu
1843 5567 1960 5622 Vita
1993 5568 2160 5632 illius,

581 5660 704 5716 qua:
727 5644 871 5698 inter
897 5643 1036 5716 Act_a
1069 5639 1634 5716 Benedictinlexstut,
1671 5639 1922 5716 SaecLlll,
1954 5653 2007 5716 p.
2033 5639 2160 5716 226.

579 5709 655 5773 Ex
687 5717 954 5770 Eadmero
979 5710 1276 5766 Gervasius
1301 5711 1354 5764 in
1379 5710 1646 5766 Chronico
1679 5728 1740 5781 p.‘
1765 5709 1921 5764 1291.
1950 5710 2164 5781 Acriter

575 5798 798 5846 econtra
831 5783 1230 5840 contendebant
1283 5781 1621 5836 Eboracanse
1679 5779 1874 5851 corpus
1923 5779 2160 5835 Wilfridi

2271 4589 2524 4643 ambitum
2565 4587 2981 4658 metropolitano:
3011 4587 3095 4641 cui
3132 4587 3306 4658 gratia
3349 4584 3438 4638 Dei
3474 4577 3668 4650 )trrrsidro
3695 4583 3738 4622 εί·

2271 4679 2441 4733 clesire
2469 4677 2720 4732 collocavi
2755 4695 2774 4743 ;
2820 4677 3114 4747 prresertin:
3156 4686 3367 4746 cogente
3407 4671 3488 4726 illo
3513 4661 3738 4735 carinarii“!

2269 4769 2588 4832 testimonio;
2617 4784 2733 4823 meo
2763 4768 2995 4822 videlicet
3023 4767 3368 4836 apologatico,
3413 4763 3524 4834 quia
3545 4759 3736 4816 rbitratu

2270 4860 2428 4929 fuerit
2467 4876 2676 4929 corpus,
2717 4858 3188 4929 congregabantur
3240 4867 3288 4910 et
3317 4853 3494 4927 aquila?
3519 4849 3736 4920 (ιιιωτιι.

2268 4953 2378 5024 57).
2407 4951 2620 5023 Itaque
2647 4955 2826 5006 tanta!
2857 4961 3066 5020 tamque
3105 4949 3212 5003 Deo
3252 4949 3422 5018 digna:
3447 4937 3657 5013 emuncti:
3681 4935 3736 4982 st-

2267 5044 2486 5099 lectatus
2517 5043 2802 5106 vicinitate,
2833 5052 2883 5096 et
2941 5041 3159 5096 editiore
3207 5056 3297 5094 eos
3323 5037 3522 5091 entiam
3553 5030 3736 5083 decumo

2268 5148 2316 5193 et
2341 5138 2594 5208 excerptis
2625 5139 2692 5190 de
2743 5135 2878 5190 libro
2937 5133 3066 5188 Vita:
3123 5133 3240 5203 ejus
3264 5129 3485 5200 ﬂosculis
3511 5137 3614 5177 noro
3645 5123 3738 5208 θρίξ(

2267 5233 2492 5300 pretium
2524 5230 2652 5284 duxi
2679 5228 2913 5282 carmine
2963 5235 3255 5281 vemrstare.
3309 5219 3510 5277 Levatis
3543 5223 3642 5282 ergo
3665 5203 3736 5300 "illi

2269 5322 2432 5390 quiis,
2457 5331 2510 5377 et
2539 5321 2945 5385 convenienter,
2981 5329 3038 5374 ut
3061 5307 3194 5386 dixi,
3223 5314 3430 5378 locatis,
3477 5303 3596 5364 aliud
3619 5293 3738 5352 abillo

2268 5499 2520 5555 Iuniores
2561 5514 2667 5554 non
2701 5496 2946 5554 Senioris
2991 5497 3056 5554 ab
3085 5495 3268 5553 Otloae
3313 5480 3734 5555 trauslatnmfnissr-

2271 5553 2346 5628 iiii
2371 5553 2480 5640 qua
2504 5553 2892 5624 controversia
2941 5569 3058 5623 vide
3088 5565 3516 5640 Malsburieusctn

2269 5627 2463 5709 μόιιίίΐ.
2490 5641 2652 5711 Angl.
2707 5641 2744 5694 f.
2775 5640 2898 5705 iss,
2940 5651 3024 5711 et,
3049 5649 3178 5693 tom.
3204 5636 3407 5711 lihujus
3425 5627 3730 5711 collectum;

2268 5697 2354 5767 356.
2383 5697 2670 5781 Prologiim
2719 5697 2900 5781 autem
2949 5710 3149 5766 Odouis
3187 5710 3255 5765 ab
3303 5697 3543 5762 Eadutcro
3579 5697 3736 5749 citatum

2269 5783 2518 5854 superius
2548 5779 2734 5848 habes,
2759 5798 2809 5852 ι).
2837 5779 2925 5835 50.
