3870 6304
101 285 190 340 781
1453 277 1604 334 ῊΤΑ
1649 281 1670 336 ε

1778 275 2086 337 lSWALDl.

3264 282 3369 360 ης

96 396 232 462 quod
262 392 469 447 fecerat
499 388 678 461 primo
702 404 800 460 par
820 389 1146 445 omnimodis
1175 399 1227 445 et
1257 390 1464 460 aequale
1488 391 1679 447 beatus
1710 383 1751 436 Α
1784 409 1938 448 scere
1987 408 2123 465 opus
2166 394 2414 459 haberet.
2458 395 2611 450 locus
2659 395 2876 466 quietis,
2921 411 3002 452 va
3043 397 3269 457 misero!
3321 406 3367 458 is

99 482 378 538 (tswaldus
403 480 666 536 feretrum
701 480 1009 546 fabricavit,
1042 481 1324 551 ipsumque
1349 499 1378 535 a
1410 497 1466 536 se
1491 497 1681 536 consc-

98 572 666 648 cratum'Wigornam
707 571 1017 626 destinavit.
1075 572 1130 625 In
1183 569 1338 639 cujus
1385 563 1704 628 consecra-~

100 667 238 720 tione
269 665 488 734 rngatus
535 664 602 718 ad
633 668 992 732 quarumnam
1024 663 1375 733 reliquiarum
1407 665 1678 719 conditio-

97 776 212 813 nem
241 757 374 812 illud
402 747 646 826 apparet,
687 756 791 812 hoc
814 772 872 812 se
898 756 962 810 ad
989 757 1250 811 honorem
1285 757 1375 810 Dei
1401 758 1680 827 respondit

97 849 477 919 composuisse,
509 857 563 902 et
593 847 666 901 illi
715 846 996 915 cujusnam
1049 847 1288 917 reliquiae
1318 848 1497 903 forent
1529 851 1580 904 in
1610 864 1677 904 eo

98 943 388 996 condenda:
439 940 780 996 notissimum
835 955 974 996 esse.
1026 939 1312 995 Servatum
1369 949 1451 994 est
1495 941 1676 1010 itaque

103 1032 373 1104 Wigornre
419 1033 678 1106 feretrum
711 1032 876 1098 idem,
905 1047 969 1087 ac
1016 1016 1266 1101 reliquiae
1299 1032 1467 1101 ipsius
1498 1033 1674 1085 admi-

98 1123 242 1177 randi
296 1123 480 1178 Patris
531 1121 770 1177 Oswaidi
835 1138 866 1176 a
919 1131 1061 1176 terra
1093 1131 1215 1191 post
1267 1115 1464 1176 multos
1507 1136 1678 1177 annos

97 1215 277 1270 levata:
309 1231 506 1285 magno
533 1231 656 1270 cum
694 1214 902 1269 honore
931 1222 1057 1267 sunt
1084 1215 1137 1266 in
1168 1228 1234 1268 eo
1265 1211 1564 1267 collocatae.

165 1305 255 1360 llis
279 1296 351 1358 ita
381 1305 560 1370 dictis,
587 1314 780 1374 emptae
821 1291 1125 1358 narrationi
1175 1305 1514 1358 insistarnus.
1573 1303 1677 1357 Dif-

99 1399 211 1451 fusa
253 1397 421 1466 igitur
474 1398 784 1452 sanctitatis
814 1396 954 1450 fama
982 1400 1153 1451 sancti
1201 1395 1435 1452 Oswaldi
1467 1412 1530 1451 co
1554 1413 1677 1464 pro-

97 1490 184 1542 diit
211 1498 267 1542 ut
296 1489 651 1560 languoribus
693 1488 857 1542 variis
891 1487 1062 1556 pressi
1093 1487 1142 1541 ei
1183 1486 1250 1540 de
1302 1486 1592 1558 longinquo
1622 1487 1674 1540 id

97 1581 259 1650 ipsum
290 1581 636 1646 mandarent,
660 1581 762 1635 sibi
794 1580 862 1634 ab
897 1579 988 1634 illo
1031 1580 1356 1634 subventum
1413 1579 1480 1634 iri
1529 1578 1674 1633 nullo

99 1674 245 1729 modo
269 1672 594 1728 difﬁdentes.
637 1671 746 1728 Nec
779 1671 1123 1726 fallebantur.
1153 1669 1315 1726 Verbi
1364 1671 1558 1742 gratia,
1588 1671 1672 1724 vir

98 1766 302 1835 quidam
347 1773 543 1836 potens
600 1765 712 1836 regi
759 1764 967 1834 Edgaro
1012 1778 1078 1817 ex
1130 1764 1457 1828 ministerio,
1489 1779 1596 1832 quo
1622 1763 1672 1818 ei

102 1857 364 1912 deservire
401 1857 632 1923 solebat,
671 1866 831 1912 notus
854 1866 994 1912 erat.
1031 1855 1130 1911 Hic
1153 1856 1330 1910 valida
1362 1856 1674 1911 inﬁrmitate

101 1949 333 2018 corporis
367 1958 569 2014 tactus,
621 1964 718 2018 per
776 1951 1024 2004 nuntium
1078 1949 1196 2004 viro
1228 1948 1320 2003 Dei
1372 1962 1432 2004 se
1479 1948 1674 2018 oppido

102 2040 346 2095 inﬁrmari
373 2041 703 2112 simpliciter
757 2041 1070 2097 insinuavit.
1104 2042 1176 2097 At
1229 2041 1317 2096 ille
1346 2040 1674 2096 benedicens

99 2148 274 2202 panem
303 2131 467 2203 eique
491 2134 882 2200 transmittens,
899 2142 957 2188 ut
985 2133 1140 2203 plena
1164 2132 1267 2187 ﬁde
1287 2132 1670 2202 recuperamhe

102 2222 335 2278 sanitatis
404 2223 534 2279 inde
584 2225 892 2278 comederet
941 2223 1121 2293 jussit.
1178 2222 1331 2278 Fecit
1380 2221 1468 2276 ille
1531 2222 1673 2291 quod

102 2314 371 2385 praecepit;
415 2330 518 2369 nec
557 2316 716 2370 unius
762 2315 911 2370 hom
956 2315 1192 2386 spatium
1252 2314 1404 2384 prius
1456 2313 1675 2368 transiit

104 2416 249 2472 quam
281 2419 338 2458 se
383 2407 674 2476 degustato
719 2421 858 2476 pane
900 2405 1094 2461 melius
1125 2396 1380 2460 habuisse
1407 2405 1670 2475 percepit.

103 2489 210 2549 Alio
239 2503 479 2566 tempore
503 2482 627 2550 dum
660 2497 798 2551 idem
828 2495 1062 2551 famulus
1091 2494 1184 2550 Dei
1242 2497 1294 2549 in
1328 2494 1674 2550 multitudine

106 2601 304 2641 suorum
359 2589 509 2660 apud
559 2588 861 2644 Eboracam
924 2603 1227 2659 pransurus
1287 2587 1670 2654 consedisset,

103 2669 300 2748 jamque
348 2696 552 2750 panem
606 2696 700 2734 sua
761 2681 1130 2735 sacratissima
1186 2695 1351 2734 manu
1402 2678 1672 2749 signatum

107 2768 504 2827 considentibus
548 2771 936 2837 distribuisset,
991 2769 1132 2826 forte
1163 2769 1331 2824 micas
1365 2769 1673 2824 decidentes

109 2877 249 2918 sorex
289 2865 686 2936 superveniens
724 2863 882 2919 avido
920 2863 1081 2920 simul
1126 2871 1182 2918 et
1236 2854 1446 2931 pavido
1488 2877 1670 2915 morsu

109 2952 339 3026 colligere
385 2955 580 3026 erepit.
627 2954 728 3022 Qui
781 2954 908 3009 dum
959 2955 1016 3008 in
1082 2951 1318 3008 medium
1368 2945 1516 3006 nullo
1547 2968 1670 3007 eum

111 3047 397 3104 deterrente
430 3049 721 3120 prodisset,
749 3046 1055 3112 succubuit,
1088 3061 1190 3101 nec
1213 3059 1384 3114 usque
1415 3043 1668 3116 progredi
1701 3078 1747 3139 ο

109 3136 274 3191 valuit.
307 3136 592 3193 Benedicti
641 3137 842 3193 ctenim
903 3137 1062 3206 panis
1106 3130 1363 3205 reliquias
1393 3132 1673 3189 famelicus

107 3241 304 3293 vorans,
358 3242 470 3284 nec
504 3229 648 3298 quod
701 3214 1059 3283 devoraverat
1115 3225 1385 3280 ullatenus
1422 3223 1674 3280 evomere

106 3319 288 3388 quibat,
315 3329 368 3374 et
407 3318 701 3375 suﬂ‘ocatur
750 3318 950 3374 subito.
992 3318 1272 3373 Rcmansit
1316 3317 1498 3388 itaque
1530 3333 1674 3372 mor-

108 3419 232 3464 tuus.
254 3409 414 3478 Quod
441 3410 645 3464 factum
700 3424 769 3464 ne
815 3424 925 3464 sua:
953 3409 1097 3464 laudi
1149 3408 1322 3479 quivis
1353 3405 1671 3472 ascriberet,

105 3501 378 3557 exanimem
425 3501 656 3557 bestiam
682 3516 713 3555 a
742 3501 1129 3570 conspectibus
1151 3501 1480 3556 intuentium
1510 3499 1670 3568 abjici

103 3589 174 3644 vir
205 3593 720 3662 providentissimus
758 3591 940 3662 jussit.
1000 3593 1244 3663 Denique
1288 3593 1674 3648 animadvertit

109 3683 369 3739 nonnullos
406 3684 549 3739 inter
578 3699 636 3739 se
669 3683 792 3739 inde
812 3683 978 3754 loqui,
1005 3691 1190 3738 etrem
1219 3684 1358 3737 ultra
1377 3699 1540 3754 quam
1569 3683 1672 3739 sibi

111 3775 242 3830 cordi
262 3785 400 3833 esset
458 3767 770 3832 extollendo
835 3775 1114 3830 admirari.
1162 3773 1230 3830 Et
1273 3775 1405 3830 mihi
1454 3775 1670 3846 quidem

111 3865 201 3920 duo
229 3866 360 3934 haec,
389 3883 518 3940 qua:
552 3867 618 3922 de
653 3855 1032 3938 pane'signato
1072 3866 1320 3936 proxime
1347 3860 1488 3922 facta
1521 3876 1672 3922 retu-

111 3953 270 4025 limus,
292 3953 663 4014 consideranti
694 3973 795 4014 nec
823 3955 1058 4012 alienum
1082 3957 1152 4013 ab
1177 3958 1532 4020 admiratione
1554 3973 1673 4014 esse

109 4051 378 4119 perpendo,
431 4052 537 4106 hoc
587 4050 795 4106 scilicet
843 4049 1160 4105 irrationale
1185 4050 1388 4104 animai
1432 4051 1676 4121 principi-

111 4144 236 4194 tasse
258 4142 320 4198 de
344 4143 460 4198 vita
485 4143 539 4197 in
568 4151 822 4206 mortem,
851 4143 995 4213 quod
1030 4142 1230 4196 animal
1257 4141 1520 4198 rationale
1547 4143 1674 4198 sub-

109 4222 287 4284 levavit
327 4247 358 4286 a
408 4240 590 4286 morte
620 4232 673 4286 in
728 4231 914 4286 vitam.
971 4229 1222 4286 Profecto
1275 4231 1472 4285 natura
1520 4231 1673 4301 panis

109 4316 356 4378 eademin
385 4323 480 4379 illo
535 4313 653 4394 qua:
683 4324 733 4378 in
771 4325 876 4379 isto
925 4323 1068 4390 fuit;
1113 4333 1167 4378 et
1216 4322 1671 4392 quemadmodum

1786 486 1993 554 primus
2019 486 2279 552 occurrit,
2309 502 2467 556 quem
2497 487 2837 542 venerandus
2869 488 3062 558 praesul
3086 488 3368 549 Oswaldus

1778 573 1971 627 sedere
2003 572 2339 642 frequentius
2369 590 2572 630 morem
2615 575 2865 631 habebat.
2908 576 3022 632 Non
3066 595 3196 648 ergo
3225 582 3394 637 veri-'

1781 675 1870 719 tus
1919 667 2268 721 sanctitatem
2310 667 2452 731 loci,
2509 684 2670 738 quam
2719 669 2895 724 fuerat
2931 685 2996 724 ex
3048 672 3368 731 assiduitate

1778 756 2052 824 pontiﬁcis
2101 767 2311 820 nactus,
2342 757 2394 811 in
2430 773 2494 812 eo
2523 773 2642 812 sese
2671 757 2883 827 dejecit,
2918 774 3108 815 somno
3130 761 3258 818 inibi
3301 778 3370 820 ac

1782 840 1922 900 dulci
1952 843 2134 916 quiete
2161 845 2308 900 velut
2334 845 2436 901 sibi
2467 847 2816 917 pollicebatur
2843 840 3129 905 fruiturus.
3170 851 3235 906 Et
3250 851 3366 922 jam

1781 938 2149 1006 quiescentem
2178 938 2312 994 lenis
2358 954 2519 1008 sopor
2561 939 2806 1006 involvit,
2861 937 2955 996 sed
2985 943 3188 1014 absque
3215 957 3364 1000 mora

1778 1041 1900 1079 cum
1953 1027 2020 1082 ab
2073 1028 2185 1098 ipsa
2257 1029 2441 1098 quiete
2483 1029 2694 1083 irruens
2731 1031 3034 1087 dmmonum
3082 1034 3368 1090 multitudo

1778 1119 2042 1173 atrociter
2071 1120 2297 1175 evolvit.
2328 1121 2525 1176 Astant
2550 1121 2749 1191 quippe
2780 1122 2854 1176 illi
2892 1125 3072 1193 plures
3103 1128 3367 1182 teterrimi

1784 1209 2031 1277 spiritus,
2075 1218 2129 1262 ct
2157 1209 2224 1263 ab
2253 1226 2319 1265 eo
2348 1211 2592 1266 districta
2621 1212 3021 1268 examinatione
3047 1217 3368 1285 perquirunt

1777 1313 2027 1368 quaenam
2052 1298 2195 1353 illius
2224 1308 2456 1354 mentem
2480 1301 2750 1354 dementia
2781 1303 3004 1371 ceperit,
3030 1318 3148 1372 qtae
3179 1305 3280 1359 sibi
3307 1316 3367 1360 ut

1781 1407 1841 1446 se
1871 1391 1924 1444 in
1953 1390 2072 1446 loco
2099 1393 2230 1446 tanti
2261 1392 2531 1462 pontiﬁcis
2555 1393 2842 1448 collocaret
2867 1388 3147 1466 subripere
3170 1398 3363 1466 potuit.

1777 1482 1856 1535 Ad
1883 1483 2024 1552 quod
2051 1483 2317 1536 rationem
2343 1499 2502 1552 quam
2536 1499 2634 1554 pro
2663 1486 2744 1540 sui
2775 1487 3122 1542 excusatione
3153 1489 3354 1557 profer-

1779 1583 1863 1628 ret
1900 1573 2105 1628 nullaru
2153 1571 2440 1630 habentem
2495 1576 2774 1643 invadunt,
2823 1587 3098 1647 torquent,
3141 1580 3362 1644 laniant,

1778 1665 1880 1721 hac
1914 1675 1968 1721 et
2001 1665 2123 1722 illac
2156 1667 2392 1732 trahunt,
2425 1668 2493 1723 ab
2532 1669 2640 1724 imo
2691 1685 2904 1724 sursum
2953 1671 3250 1740 rapientes,
3300 1671 3368 1727 de

1706 1734 1748 1793 Β
1781 1774 1997 1813 sursum
2027 1759 2092 1814 ad
2118 1759 2223 1813 ima
2249 1760 2580 1830 dejicientes.
2608 1761 2746 1828 Quid
2773 1762 2939 1816 miser
2962 1734 3182 1831 ageret?
3210 1734 3364 1820 scie-

1778 1849 1870 1904 bat
1923 1845 2013 1904 uhi
2055 1860 2204 1917 erat;
2240 1865 2338 1906 nec
2365 1867 2422 1907 se
2453 1860 2602 1906 tanta
2649 1854 2897 1923 angustia
2940 1855 3236 1909 involutum
3281 1857 3362 1911 vel

1777 1943 1893 1998 loco
1917 1941 2171 2009 avellere,
2194 1941 2277 1997 vel
2304 1943 2369 1997 ad
2386 1944 2812 1999 subveniendum
2838 1947 3126 2014 quemdam
3151 1956 3366 2018 poterat

1776 2027 2142 2106 interpellare.
2196 2026 2436 2091 Tandem
2487 2045 2666 2090 tamen
2695 2037 2932 2092 violento
2962 2046 3160 2094 conatu
3189 2041 3367 2108 erupit

1777 2126 1830 2181 in
1865 2142 2074 2194 vocem,
2110 2136 2166 2182 et
2216 2127 2439 2184 horrido
2484 2123 2722 2184 clamore
2763 2121 3064 2186 infremuit.
3097 2129 3197 2200 Qui
3220 2133 3363 2188 circa

1774 2225 1934 2270 erant
1963 2231 2029 2272 ex
2061 2218 2292 2289 abrupto
2331 2217 2658 2274 dormientis
2683 2225 2816 2274 son‘o
2843 2222 3117 2288 perterriti
3170 2228 3362 2278 aecur-

1777 2317 1926 2372 runt,
1955 2307 2343 2363 vociferantem
2373 2307 2610 2378 pulsant,
2634 2309 2910 2379 pulsantes
2932 2313 3192 2379 excitant,
3225 2314 3366 2369 excio

1779 2407 1948 2452 latum
1976 2398 2105 2466 quid
2143 2391 2421 2454 dormiens
2457 2413 2649 2470 passus
2691 2401 2762 2455 sit
2801 2400 3092 2473 diligenter
3134 2404 3366 2460 interro-

1775 2497 1922 2560 gant.
1971 2488 2040 2544 At
2080 2489 2196 2560 ipse
2224 2505 2430 2561 pavens
2464 2506 2529 2547 ac
2562 2492 2792 2563 pallens,
2819 2509 2926 2564 quo
2955 2510 3087 2550 casu
3130 2496 3260 2566 quid
3289 2496 3356 2551 fe

1773 2580 1932 2644 cerit,
1962 2580 2092 2649 quid
2120 2588 2214 2634 aut
2240 2595 2270 2634 a
2305 2581 2504 2651 quibus
2530 2583 2786 2649 audierit,
2818 2584 2947 2654 quid
2969 2581 3272 2655 pertulerit,
3298 2598 3365 2642 ex

1774 2673 1967 2728 ordine
2023 2675 2233 2744 pandit.
2298 2675 2379 2730 Ad
2429 2691 2880 2748 quorumcunquc
2933 2694 3064 2749 ergo
3119 2682 3364 2736 notitiam

1776 2768 1914 2822 istud
1946 2769 2212 2838 perlatum
2246 2777 2351 2836 est,
2386 2786 2490 2826 non
2519 2771 2616 2826 soli
2649 2772 2786 2840 viro,
2825 2765 2916 2827 sed
2945 2775 3002 2828 et
3031 2776 3096 2829 iis
3123 2790 3242 2843 quae
3269 2791 3364 2830 sua

1777 2859 1918 2913 inter
1965 2869 2124 2914 erant
2171 2850 2428 2929 deinceps
2477 2861 2739 2916 honorem
2773 2877 2836 2917 ac
2880 2854 3237 2921 reverentiam
3268 2881 3366 2936 per

1775 2953 1956 3006 omnia
1989 2951 2327 3008 deferebant.
2358 2953 2432 3009 De
2457 2955 2655 3024 quibus
2681 2953 2809 3010 licet
2844 2950 3076 3025 plurima
3123 2957 3365 3013 scribere

1777 3043 2008 3099 fortasse
2038 3058 2342 3114 possemus,
2385 3052 2589 3109 tamen,
2633 3052 2701 3101 ne
2730 3045 2814 3099 cui
2860 3046 3017 3101 tredio
3048 3047 3238 3114 simus,
3272 3046 3361 3102 illa

1777 3133 2115 3200 omittimus,
2156 3135 2498 3191 iutendentes
2543 3136 2796 3193 videlicet
2837 3136 3089 3194 brevitati
3122 3154 3226 3209 qua
3265 3155 3365 3196 nos

1775 3225 2078 3294 scripturus
2122 3223 2241 3280 fore
2280 3225 2638 3282 decrevimus.

1846 3315 2032 3386 Itaque
2082 3316 2148 3372 ad
2197 3331 2414 3373 sacrum
2458 3318 2626 3388 ipsius
2652 3319 2945 3376 transitum
2975 3317 3096 3391 styli
3126 3317 3362 3376 ofﬁcium

1775 3416 2180 3473 convertamus,
2217 3416 2272 3462 et
2309 3423 2447 3478 opus
2473 3411 2618 3479 quod
2665 3411 2853 3481 paucis
2889 3400 2996 3468 huc
3022 3428 3191 3482 ttsque
3234 3427 3363 3484 pro-

1775 3499 2069 3567 traximus,
2093 3515 2212 3567 suo,
2229 3500 2370 3557 sicut
2393 3501 2534 3558 Deus
2552 3505 2906 3571 concesserit,
2931 3505 3022 3560 ﬁni
3048 3501 3363 3561 subdamus.

1777 3587 2006 3658 Referre,
2036 3592 2236 3646 etenim
2265 3592 2499 3662 Qualiter
2529 3589 2690 3648 Pater
2720 3593 2833 3665 ipse
2860 3593 3142 3649 Osvvaldus
3167 3595 3363 3649 Rame-

1779 3683 1948 3737 seiam
1979 3693 2257 3753 postremo
2282 3684 2582 3755 reliquerit,
2607 3687 2825 3755 quantis
2870 3686 3230 3758 lacrymarum
3265 3688 3365 3740 im-

1775 3775 1981 3840 bribus,
2010 3775 2293 3846 praesagis,
2322 3784 2381 3830 ut
2412 3786 2659 3842 autumo,
2703 3777 2850 3832 illum
2895 3777 3126 3848 amplius
3165 3792 3230 3832 eo
3256 3791 3361 3832 non

1775 3866 2098 3932 rediturum,
2143 3881 2173 3920 a
2215 3867 2476 3923 fratribus
2505 3868 2760 3923 dimissus
2800 3868 2894 3933 sit,
2923 3868 3147 3923 forsitan
3178 3869 3363 3940 conje-

1774 3956 1992 4023 ctando,
2023 3956 2144 4026 quis
2175 3957 2367 4027 possit,
2413 3957 2564 4012 ecrte
2606 3966 2786 4012 autem
2819 3957 2895 4012 rei
2928 3957 3154 4013 veritate
3193 3958 3365 4012 nemi-

1774 4062 1897 4103 nem
1927 4049 2218 4118 pronuntio
2251 4063 2427 4116 posse.
2472 4047 2851 4103 Discedenlcm
2888 4057 3016 4103 vero
3045 4064 3152 4104 non
3203 4050 3364 4103 modo

1776 4141 2052 4206 monachi,
2084 4156 2220 4210 quos
2255 4140 2362 4195 illic
2413 4141 2769 4206 aduuaverat,
2808 4135 2902 4196 sed
2939 4148 2994 4196 et
3039 4139 3190 4211 plebs
3234 4141 3364 4197 hinc

1776 4231 1901 4286 inde
1929 4232 2028 4286 sub
2051 4247 2158 4286 uno
2185 4239 2372 4286 coacta
2415 4231 2709 4296 deducunt,
2741 4227 2933 4302 singuli
2972 4245 3031 4286 se
3061 4226 3204 4288 illius
3238 4247 3363 4288 san-

1775 4321 1948 4376 ctitati
1981 4321 2443 4386 commendantes,
2475 4312 2577 4374 sibi
2618 4321 2686 4375 ab
2717 4317 2810 4375 illo
2842 4319 3088 4378 benedici
3133 4323 3362 4394 supplici

109 4405 252 4465 homo
281 4427 441 4484 pane,
489 4413 569 4468 sic
618 4420 672 4468 et
715 4427 874 4468 sorex
924 4411 1090 4468 alitur
1118 4428 1277 4483 pane.
1316 4411 1470 4479 Quod
1508 4411 1671 4482 igitur
1698 4421 1750 4483 ι)
1777 4411 2064 4466 devotione
2111 4409 2437 4482 flagitantes.
2472 4403 2780 4466 Discessum
2829 4419 3010 4467 autem
3057 4409 3201 4468 illius
3235 4414 3365 4468 sub-

110 4493 295 4556 liomini
318 4499 518 4567 vitalis,
554 4503 718 4558 sorici
775 4499 948 4559 factus
977 4511 1063 4559 est
1109 4500 1344 4558 exitialis
1372 4519 1386 4568 ;
1414 4512 1514 4558 nec
1536 4504 1668 4558 sub-

109 4594 342 4649 stantiam
400 4584 577 4666 panis,
623 4598 717 4652 sed
767 4598 1023 4652 meritum
1071 4594 1292 4668 respicit
1340 4597 1668 4654 sanctissimi

109 4681 306 4753 Patris;
331 4687 422 4757 qui
463 4688 662 4757 ubique
693 4697 749 4745 et
783 4689 838 4744 in
888 4689 1098 4745 cunctis
1134 4705 1332 4760 parvus
1359 4699 1413 4746 et
1451 4689 1668 4746 humilis

108 4785 310 4833 cxstans
348 4779 400 4833 in
451 4767 624 4836 Oculis
656 4782 788 4849 suis,
845 4797 1072 4852 magnus
1123 4791 1241 4837 erat
1293 4783 1346 4837 in
1377 4782 1548 4837 oculis
1575 4782 1669 4836 Dei

109 4873 253 4934 atque
280 4869 545 4924 sublimis.
570 4870 724 4938 Quod
751 4873 891 4927 inter
918 4873 1022 4926 alia
1049 4889 1116 4928 eo
1140 4873 1496 4944 probabatur,
1515 4875 1664 4943 quia,

108 4969 167 5008 ne
209 4953 561 5026 dicam,'iili.'
600 4963 695 5016 sed
748 4964 892 5033 quod
938 4963 1116 5018 minus
1164 4973 1268 5028 est,
1312 4963 1445 5018 locis
1471 4963 1668 5033 quibus

109 5058 192 5111 per
212 5050 352 5104 vices
410 5051 664 5109 insistere
713 5054 940 5121 solebat,
1000 5070 1096 5110 sua
1146 5055 1289 5111 Deus
1335 5056 1669 5125 protectinue

110 5147 156 5192 et
187 5136 540 5213 correptione,
578 5162 645 5202 ne
677 5147 745 5202 ab
776 5147 1012 5218 indignis
1041 5157 1459 5220 occuparentur,
1494 5149 1668 5204 inten-

111 5228 274 5287 dcbat.
456 5246 459 5247 '

171 5321 266 5379 Sed
296 5327 431 5386 forte
460 5347 564 5387 non
589 5334 842 5388 credetur
877 5331 942 5386 iis
971 5347 1090 5402 qua:
1123 5331 1375 5397 dicimus,
1410 5329 1452 5385 si
1484 5345 1544 5384 ea
1574 5330 1668 5384 de-

111 5408 303 5473 clarans
328 5426 628 5495 exemplum
680 5440 782 5478 non
837 5424 1172 5491 subiicimus.
1221 5423 1414 5477 Frater
1451 5423 1668 5492 quidam

114 5513 215 5556 erat
240 5510 564 5574 professione
591 5524 646 5571 et
682 5515 868 5570 habitu
900 5515 1217 5580 monachus,
1249 5514 1466 5571 nomine
1488 5513 1669 5584 Eget:

115 5590 260 5650 ficus.
289 5599 382 5657 llic
413 5602 604 5661 laxatis
635 5606 829 5662 balneo
860 5606 1134 5669 membris,
1168 5621 1290 5661 cum
1320 5604 1476 5660 fessis
1517 5606 1668 5675 quie-

1774 4512 1994 4559 sccutus
2040 4511 2122 4558 est
2173 4503 2227 4556 in
2279 4502 2392 4573 ipsa
2439 4501 2666 4558 ecclesia
2695 4497 2958 4559 terribilis
3008 4500 3224 4576 fragor;
3267 4508 3361 4575 qui

1779 4596 1942 4652 tertio
1990 4595 2248 4651 intonans
2296 4596 2576 4652 audientes
2617 4595 2783 4651 nimio
2823 4611 3024 4666 pavore
3064 4599 3359 4662 concussit,

1773 4704 1996 4760 sagaces
2053 4680 2265 4742 animos
2312 4687 2460 4742 illum
2513 4703 2619 4743 non
2663 4686 2830 4742 multo
2857 4683 2980 4758 post
3013 4687 3212 4743 szeculo
3239 4689 3360 4744 adi-

1775 4783 2031 4838 mendum
2056 4793 2111 4836 et
2132 4795 2196 4836 ex
2223 4781 2324 4835 hoc
2351 4780 2636 4850 pleresque
2660 4779 2810 4850 gravi
2839 4777 3090 4834 tumultui
3123 4762 3362 4834 subden:

1777 4872 1873 4926 dos
1910 4871 2144 4938 edocuit,
2178 4869 2521 4939 praemonuit,
2551 4863 2912 4936 praemunivit.
2950 4863 3192 4937 Denique
3221 4882 3358 4922 non-

1778 4959 1906 5014 nulli
1965 4975 2123 5015 nosse
2173 4959 2434 5024 volentes,
2489 4959 2632 5013 unde
2677 4959 2768 5029 qui
2827 4958 3144 5014 audiebatur
3194 4973 3359 5014 sonus

1777 5051 2094 5121 prodicrit,‘
2123 5066 2155 5106 e
2213 5051 2462 5106 domibus
2507 5049 2792 5119 prodeunt,
2847 5059 2902 5105 et
2948 5049 2999 5103 in
3046 5045 3358 5106 ‘Ecclesiam

1777 5142 2177 5213 pervenientes,
2226 5141 2405 5198 omnia
2462 5157 2615 5208 sana,
2665 5141 2847 5197 omnia
2897 5141 3129 5214 integra,
3177 5143 3359 5198 omnia

1778 5237 1893 5289 suis
1923 5233 1976 5287 in
2009 5233 2140 5288 locis
2179 5231 2342 5288 solito
2383 5229 2735 5288 consistentia
2765 5233 3024 5288 mirantes
3052 5232 3356 5288 inveniunt.

1774 5326 1892 5381 Jam
1917 5327 2060 5397 quod
2087 5325 2355 5396 aliquibus
2377 5340 2472 5395 per
2495 5325 2666 5380 visum
2695 5324 2794 5380 fuit
2819 5334 3117 5392 ostensum,
3144 5323 3358 5378 ruinam

1775 5419 2020 5475 videlicet
2051 5419 2278 5474 duarum
2304 5418 2532 5474 turrium
2556 5417 2754 5473 factam
2783 5417 2971 5483 fuisse,
2997 5416 3358 5488 prmtermitto

1780 5527 1868 5577 ne,
1921 5513 1966 5567 si
2017 5513 2204 5568 dixero
2235 5511 2455 5580 illarum
2493 5512 2721 5568 turrium
2753 5528 2911 5569 casus
2942 5512 3086 5568 beati
3117 5507 3355 5568 Osualdi

1776 5615 1831 5659 et
1856 5604 2064 5676 praefati
2081 5605 2230 5660 ducis
2257 5604 2574 5661 Ethelwini
2606 5607 2961 5678 praesignasse
2992 5606 3045 5660 in
3069 5604 3181 5676 (29)
3212 5615 3358 5658 mor-

176 5730 277 5806 (29)
315 5736 590 5801 Oswaldus
630 5743 931 5802 Etbelwino
969 5744 1250 5802 ecclesiam
1282 5713 1686 5799 Ra'mesiensem
1727 5741 1903 5800 denuo
1946 5741 2288 5800 consecravit
2329 5757 2483 5810 anno.
2509 5743 2634 5814 99l,
2662 5759 2715 5802 vt
2746 5743 2822 5802 Id.
2856 5741 3168 5808 Novembm
3209 5738 3353 5811 quod
