3870 6304
538 306 639 361 733

1512 295 1822 354 EADMEM
1863 289 2415 349 CANTUAMENSIS
2458 289 2762 348 HONACHI
3606 303 3678 363 78$

538 427 643 468 tem
694 428 942 478 occasus,
976 413 1212 468 :estimer
1262 410 1391 465 mihi
1454 408 1755 464 futurorum
1808 405 2114 470 scientiam,
2150 412 2192 467 Α
2225 403 2578 459 institutionis
2607 403 2837 460 debetur
2865 401 3188 461 Christianis
3227 406 3291 463 de
3317 407 3408 465 hac
3435 411 3522 466 vita
3559 432 3680 473 trans-

533 491 694 575 quam
727 521 830 558 non
859 503 1051 568 habeo,
1082 519 1146 556 ex
1183 501 1246 556 iis
1276 516 1395 572 qua:
1419 499 1558 553 facta
1583 498 1694 554 scio
1709 497 1831 566 jure
1860 496 2110 551 deriden-

533 601 632 653 dus
659 610 964 667 arrogasse.
993 595 1092 651 'lllo
1126 595 1310 666 igitur,
1349 603 1405 648 ut
1438 593 1694 658 diximus,
1725 588 2110 659 prtetermisso,

532 705 630 744 uos
661 688 953 759 gloriosum
998 685 1213 740 Patrem
1244 683 1550 740 Oswaldum
1584 682 1694 752 jam
1723 679 1968 752 proxime
2004 694 2111 733 coc-

533 779 611 833 lus
647 779 938 848 petiturum
966 776 1334 846 descripturos
1367 789 1461 830 sua
1497 786 1657 845 prece
1692 785 1943 842 rogamus
1969 769 2109 824 idem

532 869 690 922 Pater
723 877 937 923 tueatur
961 875 1014 922 et
1043 866 1278 934 adjuvet.

607 959 675 1015 Ut
723 960 886 1028 igitur
920 958 1156 1014 famulus
1201 957 1402 1012 Christi
1443 954 1723 1012 Oswaldus
1769 953 2108 1009 Ramesciam

529 1052 708 1121 liquit,
740 1051 1058 1122 Wigornam
1103 1050 1258 1105 adiit.
1314 1048 1547 1119 Spiritus
1574 1047 1769 1117 quippe
1804 1045 2108 1111 cbaritatis,

531 1145 620 1212 qui
654 1144 707 1196 in
735 1158 799 1199 eo
828 1143 976 1197 circa
1000 1141 1392 1209 Wigornenses
1416 1155 1512 1210 per
1535 1139 1762 1210 gratiam
1794 1153 1946 1192 suam
1970 1152 2111 1191 sern-

533 1249 628 1305 per
650 1234 948 1290 ferventior
972 1243 1111 1298 erat,
1143 1248 1205 1289 ea
1231 1249 1288 1289 re
1315 1234 1439 1287 illuc
1468 1247 1590 1286 eum
1618 1246 1723 1286 non
1762 1229 1958 1299 injuria
1993 1245 2109 1284 cre-

535 1329 682 1382 ditur
709 1328 1015 1394 adduxisse,
1049 1327 1172 1397 quia
1210 1336 1431 1381 noverat
1462 1324 1611 1379 illum
1638 1339 1704 1379 eo
1728 1323 1926 1393 potiori
1954 1331 2111 1376 teter-

535 1436 616 1472 nzc
647 1420 769 1473 vitae
806 1421 1025 1490 praemio
1061 1417 1256 1472 debere
1295 1416 1629 1472 remunerari
1670 1430 1777 1485 quo
1832 1414 1882 1467 iu
1919 1411 2108 1481 majori

533 1525 674 1563 verte
711 1509 988 1562 charitatis
1033 1505 1226 1560 allectu
1271 1505 1398 1560 huic
1452 1505 1573 1558 vitae
1605 1505 1949 1559 decedentem
1984 1517 2110 1555 con-

537 1595 765 1664 tingeret
815 1593 1066 1648 inveniri.
1111 1591 1301 1645 Mansit
1329 1591 1510 1661 itaque
1541 1591 1613 1644 ibi
1641 1589 1875 1659 quandiu
1911 1589 1960 1642 in
1988 1600 2112 1642 cor-

537 1701 667 1754 pore
698 1685 916 1749 mansit,
971 1684 1161 1739 diebus
1209 1698 1272 1737 ac
1305 1681 1554 1737 noctibus
1583 1682 1693 1736 Deo
1724 1680 2027 1745 intendens,
2056 1687 2110 1734 et

2217 493 2394 550 ituris.
2433 493 2550 561 Quo
2578 494 2653 547 illi
2674 485 2867 548 audito
2899 493 2959 548 in
2986 495 3216 565 gemitus
3243 505 3297 552 et
3320 497 3682 571 lacrymaseram-

2215 595 2369 656 punt,
2397 601 2503 640 non
2537 585 2678 640 illius
2709 584 2890 655 gloriae
2926 587 3150 656 perenni
3175 588 3240 642 ad
3281 605 3424 660 quam
3449 601 3683 664 properabat

2216 675 2539 742 invidentes,
2563 676 2656 731 sed
2693 692 2813 731 cum
2838 686 3078 747 paterna:
3105 677 3286 748 pietati
3311 695 3404 750 qua
3427 685 3684 751 privabantur

2213 765 2333 839 pios
2374 768 2598 825 affectus
2646 771 3038 840 impendentes,
3082 780 3192 826 tum
3219 787 3362 827 suam
3401 775 3685 835 desolationem

2216 874 2379 928 quam
2422 868 2573 915 tanto
2607 859 2769 916 Patre
2811 862 2987 917 orbati
3046 875 3105 917 se
3143 877 3387 932 passuros
3429 881 3516 920 non
3545 869 3686 925 dubita-

2213 936 2562 1005 bant‘amare
2587 949 2864 1007 deﬁentes.
2899 951 3171 1008 Exhihent
3204 962 3374 1009 tamen
3405 955 3469 1010 illi
3502 960 3608 1026 quod
3629 976 3687 1030 pe-

2216 1038 2392 1104 tebat;
2452 1050 2508 1095 et
2554 1041 2742 1110 grandi
2794 1052 3034 1097 maerore
3078 1043 3424 1110 consternati,
3464 1060 3686 1117 sequentur

2213 1139 2429 1186 noctem
2463 1146 2562 1202 per
2586 1132 2755 1187 multa
2795 1131 3016 1199 saecula,
3064 1135 3109 1191 si
3161 1134 3274 1213 ﬁeri
3323 1137 3492 1207 poss‘it,
3513 1141 3687 1209 optabant

2214 1220 2492 1292 protelari.
2526 1223 2583 1277 In
2623 1238 2728 1293 qua
2779 1232 2940 1279 nocte
2975 1225 3092 1296 ipse
3127 1224 3305 1293 Pater,
3349 1243 3408 1282 ac
3433 1229 3471 1282 si
3495 1229 3688 1298 languoris

2215 1328 2324 1384 quo
2355 1314 2642 1370 tenebatur
2664 1315 2886 1382 oblitus,
2919 1318 3109 1372 horam
3136 1328 3403 1374 noctuma:
3426 1320 3582 1392 vigiliae
3601 1339 3688 1393 pra-

2215 1405 2460 1470 veuiens,
2493 1410 2669 1476 prout
2692 1422 2803 1461 suze
2829 1409 3240 1463 consuetudinis
3261 1409 3450 1480 jngiter
3483 1426 3576 1466 esse
3600 1414 3688 1468 sole-

2212 1500 2326 1564 bat,
2353 1498 2636 1554 ecclesiam
2669 1501 2837 1572 petit;
2875 1502 3057 1572 ibique
3087 1502 3262 1557 noctis
3291 1501 3499 1558 ollicium
3523 1507 3688 1574 explens,

2213 1591 2492 1647 residuum
2511 1593 2684 1664 spatii
2711 1593 2856 1664 quod
2883 1593 3026 1649 diem
3057 1609 3231 1665 usque
3260 1595 3542 1650 tendebatur
3563 1598 3689 1652 divinis

2215 1680 2463 1737 laudibus
2491 1699 2589 1754 pro
2617 1698 2768 1739 more
2795 1685 3021 1756 pervigil
3051 1685 3326 1756 expendit.
3354 1686 3415 1742 Et
3444 1687 3520 1742 tali
3545 1689 3689 1759 quidem

529 1775 636 1829 iter
672 1789 825 1828 suum
867 1773 1026 1828 eundi
1067 1773 1132 1826 ad
1166 1773 1330 1827 Deum
1367 1780 1478 1825 toto
1508 1771 1791 1826 conamine
1820 1787 2012 1840 purum
2044 1774 2112 1827 ab
2142 1761 2186 1820 Β
2217 1774 2374 1830 modo
2413 1785 2572 1831 nocte
2618 1775 2708 1830 illa
2740 1776 2852 1831 suis
2888 1777 3314 1833 dimensionibus
3345 1779 3596 1847 terminata,
3620 1780 3691 1834 fra-

528 1866 675 1922 omni
701 1865 980 1920 obstaculo
1013 1864 1237 1919 faciens.
1269 1863 1349 1918 Ob
1392 1878 1511 1934 quae
1556 1863 1740 1918 labore
1791 1871 1846 1916 et
1896 1863 2112 1934 insuper

529 1959 680 2014 senio
711 1958 910 2024 fessus,
964 1957 1221 2028 languore
1276 1956 1567 2025 corripitur
1607 1955 1779 2024 gravi,
1815 1969 1913 2024 per
1945 1971 2107 2026 quem

532 2065 590 2106 se
638 2050 905 2105 intellexit
929 2049 1060 2104 alias
1091 2051 1156 2104 de
1201 2047 1300 2103 ista
1343 2047 1452 2101 vita
1481 2046 1682 2102 vocari.
1705 2045 1943 2101 Aderant
1967 2049 2108 2104 sacri

529 2144 966 2212 Quadragesitua:
998 2143 1133 2206 dies,
1166 2141 1280 2196 dies
1313 2140 1520 2195 scilicet
1550 2139 1601 2194 in
1635 2140 1828 2209 quibus
1881 2140 2109 2196 diversis

528 2235 703 2290 modis
738 2233 966 2290 diluitur
982 2232 1124 2303 quod
1155 2230 1207 2284 in
1233 2229 1352 2284 aliis
1381 2229 1505 2282 anni
1529 2229 1716 2283 diebus
1741 2229 1885 2283 varia
1909 2230 2112 2284 daemo-

528 2341 748 2380 monum
781 2324 1031 2379 illusione
1083 2320 1416 2390 delinquitur
1459 2333 1554 2375 seu
1600 2319 1762 2386 bono,
1814 2321 1959 2390 quod
2001 2320 2107 2376 alio

529 2427 771 2486 tempore
811 2423 1116 2476 exercetur,
1166 2410 1493 2480 diligentiori
1545 2410 1724 2466 studio
1775 2410 2102 2482 invigilatur.

529 2509 583 2563 In
615 2523 710 2563 usu
746 2507 980 2563 habebat
1010 2505 1154 2560 idem
1185 2504 1412 2558 antistes
1443 2502 1669 2573 singulis
1689 2502 1880 2558 diebus
1911 2514 2107 2573 praeter

527 2600 684 2664 alios,
731 2612 867 2668 quos
918 2595 1157 2665 quotidie
1211 2595 1521 2648 innumeros
1578 2592 1774 2659 alebat,
1823 2593 2100 2648 duodecim

523 2703 819 2759 pauperum
859 2686 1026 2758 pedes
1067 2684 1308 2750 abluere,
1338 2683 1698 2738 deosculando
1726 2683 1878 2737 crine
1909 2697 1972 2738 ac
2001 2683 2104 2738 lin-

525 2789 612 2836 teo
644 2791 872 2849 tergere,
905 2776 1154 2832 manibus
1177 2790 1371 2846 aquam
1401 2773 1649 2840 fundere,
1690 2773 1940 2830 denarios
1967 2789 2103 2846 pra:-

521 2872 669 2935 bere,
706 2880 760 2924 et
794 2870 923 2941 ipsis
949 2869 1191 2940 apposita
1222 2883 1410 2924 mensa
1435 2868 1629 2922 cibum
1660 2878 1716 2924 et
1740 2875 1925 2938 potum
1955 2867 2101 2922 suﬁi-

523 2962 732 3016 eienter
769 2960 1100 3026 ministrare,
1129 2974 1330 3030 eosque
1361 2960 1411 3013 in
1442 2959 1649 3014 Pascha
1682 2959 1925 3014 vestibus
1951 2961 2105 3016 novis

522 3050 738 3106 indutos
781 3066 879 3121 per
924 3050 1131 3120 aliquot
1175 3049 1291 3104 dies
1324 3049 1493 3119 ipsius
1525 3050 1836 3106 festivitatis
1865 3053 1917 3107 in
1954 3049 2100 3104 curia

521 3154 618 3194 sua
665 3138 960 3196 honorifice
998 3153 1180 3194 secum
1219 3138 1438 3194 habere.
1471 3138 1626 3193 Nulla
1666 3153 1788 3193 eum
1818 3139 2102 3196 inﬁrmitas

521 3231 817 3300 corporalis
846 3231 916 3285 ab
942 3231 1060 3285 istis
1097 3231 1426 3298 retardabat,
1477 3235 1570 3287 sed
1618 3247 1727 3302 quo
1773 3247 1834 3288 se
1875 3248 2102 3304 corpore

522 3320 789 3375 sentiebat
829 3319 1166 3386 debiliorem,
1196 3335 1262 3376 eo
1291 3319 1394 3376 sibi
1437 3321 1504 3376 ad
1534 3323 1878 3378 serviendum
1905 3324 1985 3379 eis
2017 3325 2103 3379 in-

522 3413 688 3483 gessit
713 3413 821 3467 vim
843 3413 1184 3469 validiorem.
1211 3413 1278 3469 Et
1299 3413 1410 3484 jam
1437 3415 1530 3470 Dei
1557 3431 1778 3487 regnum
1814 3418 2104 3475 ascendere

521 3504 769 3574 cupidus,
815 3505 902 3560 die
931 3505 1164 3575 quodam
1215 3505 1536 3574 oratorium,
1585 3521 1694 3577 quo
1741 3510 1995 3566 continue
2046 3512 2100 3566 iu

521 3595 615 3650 Dei
651 3596 871 3651 servitio
910 3597 1214 3663 tenebatur,
1251 3611 1370 3652 cum
1418 3597 1532 3652 suis
1567 3599 1865 3670 egreditur,
1904 3610 1960 3656 et
2001 3603 2101 3657 sub

525 3702 652 3742 aere
683 3697 834 3743 stans
887 3688 1032 3743 acies
1065 3688 1342 3744 oculorum
1375 3689 1513 3744 coelo
1550 3689 1912 3748 intentissime
1959 3693 2098 3761 ﬁxit,

524 3777 800 3832 Christum
831 3779 894 3834 ad
916 3794 1074 3848 quem
1100 3779 1388 3834 anhelabat
1415 3780 1504 3849 pio
1525 3782 1688 3837 corde
1711 3789 1765 3836 et
1803 3798 1898 3838 ore
1927 3784 2100 3838 inten-

521 3869 627 3923 tius
656 3884 842 3924 orans.
879 3868 991 3925 Nec
1039 3881 1216 3926 erecta
1251 3870 1472 3939 lumina,
1505 3881 1563 3926 ut
1600 3873 1679 3938 ﬁt,
1706 3873 1814 3928 cito
1861 3873 2096 3942 deﬂexit,

516 3959 612 4012 sed
643 3960 796 4028 quasi
843 3959 1059 4031 aliquod
1109 3961 1230 4014 novi
1265 3977 1328 4016 ac
1356 3962 1674 4018 delectabile
1701 3964 2096 4035 contemplare-

522 4061 626 4116 tur,
652 4053 741 4107 tibi
771 4067 833 4107 ea
860 4053 1123 4108 deﬁxerat
1164 4054 1468 4109 diutissime
1519 4054 1624 4108 ﬁxa
1669 4057 1908 4110 tenebat.
1947 4056 2098 4114 Unde

515 4152 811 4211 praesentes
841 4145 1130 4200 admodum
1163 4147 1442 4211 admirari,
1481 4148 1610 4217 quid
1640 4157 1790 4203 tanto
1827 4163 1990 4218 opere
2023 4150 2100 4205 in-

515 4241 787 4298 tueretur,
817 4235 1078 4288 sciscitati
1110 4245 1254 4291 sunt.
1288 4235 1492 4303 Quibus
1517 4238 1632 4308 ipse
1661 4239 1737 4293 ait
1764 4258 1777 4294 :
1811 4237 2096 4295 Considera

519 4337 621 4392 quo
652 4322 825 4375 tendo.
859 4322 1208 4393 Quapropter,
1238 4326 1359 4393 ﬁlii,
1388 4329 1655 4393 sustinete,
1688 4347 1885 4400 qureso,
1920 4343 2098 4403 quate—

2215 1864 2388 1920 tribus
2418 1865 2594 1920 illuxit
2626 1867 2916 1922 metuenda
2964 1867 3105 1932 dies,
3154 1869 3209 1923 in
3252 1883 3355 1940 qua
3399 1878 3462 1937 te,
3489 1874 3690 1926 revertendo

2192 1956 2378 2013 Pater
2413 1959 2685 2026 Oswalde,
2727 1961 3025 2032 susciperet
3053 1960 3182 2017 felix
3224 1971 3281 2038 et
3327 1962 3458 2018 nullo
3483 1963 3688 2020 claudenda

2214 2053 2445 2107 termino
2481 2053 2659 2122 quies.
2695 2050 2808 2109 Hac
2842 2055 3041 2108 etenim
3067 2053 3156 2110 die
3187 2065 3480 2125 percontato
3499 2057 3691 2126 psalterio,

2210 2143 2352 2210 quod
2408 2143 2638 2215 singulis
2685 2144 2877 2200 diebus
2935 2160 3060 2200 cum
3113 2143 3340 2201 ﬂoribus
3387 2147 3496 2202 inde
3533 2149 3691 2218 acceptis

2209 2234 2725 2292 decantare-solitus
2752 2245 2892 2304 erat,
2924 2238 3146 2293 unicum
3178 2239 3531 2310 redemptionis
3562 2241 3690 2295 huma~

2211 2343 2295 2383 na:
2348 2328 2679 2384 sacriﬁcium
2719 2345 2900 2385 coram
2946 2345 3008 2386 se
3061 2330 3176 2386 Deo
3219 2329 3363 2386 Patri
3415 2331 3520 2386 fecit
3557 2331 3688 2386 alieni.

2207 2418 2372 2491 Cujus
2415 2421 2539 2476 dein
2585 2421 3001 2491 participatione
3029 2421 3306 2488 refectus,
3357 2423 3536 2478 obitum
3573 2439 3689 2486 suum,

2209 2526 2371 2580 quem
2418 2513 2623 2574 instare
2659 2514 2884 2579 sciebat,
2925 2514 3280 2586 cjus‘iu‘victa
3319 2517 3497 2572 virtute
3522 2516 3688 2570 munivit.

2205 2604 2282 2658 Ac
2305 2603 2522 2660 demum
2570 2606 2732 2661 totius
2766 2605 2871 2661 diei
2901 2604 3076 2661 ollicio
3134 2607 3188 2661 in
3241 2606 3481 2662 honorem
3517 2607 3586 2661 Dei
3612 2620 3690 2675 per-

2203 2695 2502 2762 celebrato,
2549 2697 2703 2768 quasi
2735 2697 3098 2754 convaluisset
3138 2699 3208 2754 de
3250 2699 3691 2763 iuﬁrmitate,surre-

2206 2789 2320 2854 xit;
2349 2795 2404 2843 et
2449 2790 2733 2844 monachis
2766 2789 3126 2860 nequicquam
3159 2789 3514 2846 insistentibus
3549 2798 3592 2843 ut
3624 2802 3693 2840 stu-

2206 2888 2455 2948 parceret
2485 2879 2862 2946 imbecillitati,
2893 2880 3054 2936 solito
3095 2895 3253 2936 more
3281 2881 3436 2936 linteo
3462 2881 3692 2951 praecinctus

2207 2971 2372 3040 pedes
2402 2985 2697 3042 pauperum
2720 2969 2892 3038 lavit,
2923 2981 2978 3028 et
3003 2972 3262 3028 osculans
3287 2989 3378 3030 eos
3417 2973 3541 3028 crine
3563 2971 3692 3025 linteo-

2133 3102 2178 3165 Ο
2209 3080 2335 3165 que.
2367 3066 2614 3122 detersit.
2660 3066 2867 3134 Quibus
2905 3065 3031 3123 l0tis
3072 3075 3128 3122 et
3169 3067 3465 3165 quindecim
3511 3064 3690 3165 gradtuun

2219 3154 2484 3224 psalmis,
2545 3171 2681 3226 quos
2744 3157 2884 3212 inter
2930 3157 3106 3226 ipsum
3159 3158 3499 3213 ministerium
3537 3153 3692 3227 psallrre

2210 3261 2425 3316 semper
2451 3249 2618 3303 moris
2639 3248 2894 3312 habebat,
2923 3250 3282 3319 percantatis,
3309 3249 3548 3319 subjunxit
3573 3245 3691 3301 Clon'n

2209 3337 2362 3393 Patri
2385 3349 2432 3394 et
2458 3337 2508 3392 F
2512 3339 2603 3393 ilio
2625 3350 2672 3394 et
2700 3337 2924 3409 Spiritui
2945 3349 3147 3395 saneto.
3178 3341 3263 3398 Ad
3284 3343 3415 3412 quod
3435 3355 3535 3396 cum
3561 3351 3692 3409 paupe-

2207 3446 2294 3486 res
2320 3431 2370 3487 ei
2401 3432 2852 3496 assurrexissent,
2890 3447 2955 3488 ac
2985 3433 3173 3488 solitas
3207 3443 3385 3504 grates
3405 3431 3689 3488 exsolvissent.

2217 3525 2330 3593 ipse
2358 3523 2592 3580 dicendo
2634 3522 2855 3594 Spiritui
2898 3535 3081 3580 sancto
3135 3537 3382 3582 sanctam
3408 3535 3478 3580 est
3505 3520 3691 3578 resolutus

2217 3616 2269 3670 in
2306 3625 2559 3683 mortem,
2593 3616 2848 3670 cmitteus
2876 3617 3126 3687 spiritum
3155 3633 3314 3673 suum
3346 3627 3459 3672 ante
3481 3627 3691 3686 pauperum

2202 3707 2370 3777 pedes
2399 3709 2450 3762 in
2484 3722 2676 3763 manus
2703 3706 2928 3772 Christi,
2959 3709 3043 3763 cui
3081 3709 3134 3764 in
3166 3709 3300 3780 ipsis
3325 3707 3597 3779 pauperibus
3619 3705 3690 3773 ipsc

2203 3800 2561 3855 ministrarat.
2590 3799 2711 3870 Ipso
2745 3801 2891 3855 enim
2936 3808 3097 3868 teste,
3139 3802 3247 3857 sibi
3292 3803 3368 3868 ﬁt,
3408 3801 3529 3872 quod
3565 3797 3627 3851 uni
3648 3811 3688 3848 et

2203 3893 2442 3949 minimis
2487 3893 2599 3949 suis
2638 3893 2698 3947 ﬁt
2726 3892 2942 3962 (Matth.
2973 3909 3104 3960 xxv,
3137 3893 3255 3965 40).
3287 3894 3546 3950 Transicns
3570 3890 3689 3955 itaque

2202 4000 2232 4038 a
2263 3983 2484 4040 Christo
2514 3991 2799 4054 susceptus
2829 3991 2933 4047 est,
2961 3993 3253 4054 quatenus,
3275 3984 3417 4055 juxta
3447 3982 3620 4036 verbum
3647 3977 3684 4027 il-

2201 4074 2325 4138 lius,
2360 4073 2470 4129 illic
2501 4081 2647 4129 esset
2696 4073 2786 4128 ubi
2836 4081 2893 4128 et
2921 4073 3009 4127 ille
3037 4071 3223 4144 (Joan.
3256 4089 3364 4138 xtv,
3409 4071 3505 4142 15).
3544 4066 3579 4123 Ο
3607 4076 3690 4119 vere

2200 4164 2560 4219 ministerium
2605 4162 2757 4229 felix,
2806 4165 2949 4233 quod
2984 4164 3068 4219 sui
3101 4173 3464 4219 exsecutorem
3490 4159 3569 4216 sub
3592 4165 3689 4212 tanta

2198 4253 2478 4310 celeritate
2501 4255 2650 4324 regni
2681 4253 2776 4309 Dei
2823 4253 2947 4310 fecit
2993 4255 3294 4310 ltazredeml
3328 4254 3391 4308 Et
3411 4262 3480 4318 tu,
3501 4265 3528 4304 o
3548 4243 3688 4302 beatis-

2201 4348 2337 4402 sime
2367 4345 2552 4413 Pater,
2606 4362 2713 4402 non
2747 4347 2942 4411 minus,
2986 4347 3097 4402 imo
3127 4347 3297 4401 multo
3322 4340 3615 4400 excellentius
3635 4333 3688 4387 fe-

521 4431 641 4480 nus,
669 4415 828 4484 juxta
862 4416 1000 4484 quod
1031 4415 1159 4468 mihi
1204 4419 1525 4482 conceditur,
1551 4431 1863 4490 pra’gustem
1897 4425 2094 4493 gaudia

2206 4437 2414 4508 |ix,qui
2465 4436 2684 4492 functus
2732 4437 3058 4502 ministerio,
3113 4436 3230 4507 ipso
3275 4434 3450 4492 eodem
3492 4433 3688 4522 momento

519 4521 634 4576 qua:
663 4516 920 4574 exspecto.
956 4505 1197 4559 Attamen
1241 4508 1379 4576 quod
1405 4511 1840 4580 percunctamini,
1873 4515 1919 4567 si
1970 4515 2094 4585 quid

519 4601 617 4654 sibi
643 4598 758 4653 velit
794 4615 943 4654 nosse
969 4598 1139 4663 vultis,
1168 4615 1287 4654 cras
1317 4601 1456 4655 vobis
1483 4611 1530 4655 et
1555 4619 1635 4656 me
1657 4612 1858 4658 tacente
1880 4622 1960 4661 res
1986 4608 2098 4677 ipsa

520 4689 738 4744 notabit.
774 4687 932 4742 Salus
975 4687 1111 4742 enim
1144 4697 1360 4754 (eterna,
1390 4705 1484 4759 pro
1509 4706 1612 4761 qua
1657 4691 1922 4765 hucusque
1947 4691 2104 4751 labe?

521 4784 627 4836 rari
660 4782 712 4835 in
740 4791 898 4844 terra,
934 4781 1114 4845 instat,
1165 4795 1254 4833 nec
1282 4792 1402 4835 ante
1431 4782 1674 4837 transibit
1719 4787 1953 4841 crastina
1989 4790 2098 4844 dies

519 4890 674 4943 quam
716 4889 796 4926 me
831 4873 884 4926 in
913 4888 1027 4927 eam
1056 4871 1311 4927 Dominus
1338 4890 1506 4940 meus,
1541 4877 1673 4929 sicut
1703 4885 1778 4931 est
1812 4878 2094 4947 pollicitus,

521 4967 836 5020 introducat.
861 4964 1036 5032 Dixit;
1067 4975 1121 5021 et
1149 4966 1290 5022 unde
1319 4965 1492 5023 fuerat
1516 4983 1796 5040 egressus,
1829 4971 1882 5027 in
1911 4983 2098 5028 orato-

523 5060 658 5112 rium
687 5060 934 5113 reversus
954 5066 1058 5115 est.

590 5149 908 5206 Convocatis
929 5149 1119 5205 deinde
1134 5148 1412 5217 fratribus,
1425 5152 1672 5210 hortatur
1682 5154 2098 5226 eosimpendere

523 5243 624 5297 sibi
663 5242 1020 5298 ministerium
1053 5259 1223 5300 sacrae
1262 5245 1589 5300 inuuctiouis
1616 5263 1737 5302 cum
1768 5249 1966 5303 viatico
1995 5248 2098 5303 Do-

525 5334 707 5387 minici
771 5336 1042 5404 corporis,
1097 5339 1241 5408 quod
1292 5337 1445 5408 juxta
1500 5339 1659 5394 ritum
1715 5341 2096 5399 ecclesiastica:

522 5491 919 5571 exulilgrentio
968 5503 1021 5548 et
1086 5498 1351 5571 monacho
1413 5497 2088 5571 Ramesiensicolligitur.

521 5563 666 5637 Obiit
694 5562 1025 5618 Etltclwiuus
1050 5567 1340 5637 anno992,
1371 5582 1465 5622 vrtt
1499 5568 1616 5623 Kal.
1653 5569 1811 5632 Maii;
1842 5562 1983 5637 quod
2025 5587 2092 5626 ex

521 5634 990 5709 t-isiletucoustal.
1037 5634 1314 5709 Oswaltlus
1355 5639 1542 5709 eodem
1589 5653 1728 5694 anno
1772 5634 1942 5709 pridie
1974 5640 2086 5695 Kal.

522 5703 695 5758 Martii
729 5701 1009 5759 tlefuttctus
1031 5713 1132 5758 est.
1167 5703 1221 5758 lu
1254 5705 1304 5757 id
1335 5707 1545 5774 utrique
1572 5701 1933 5766 cernentium.
1961 5710 2084 5766 Flo-

2202 4544 2312 4600 quo
2345 4527 2476 4584 illud
2507 4528 2738 4584 ﬁdeliter
2763 4529 3042 4599 peregisti.
3076 4529 3130 4584 in
3157 4527 3404 4600 gaudium
3433 4519 3600 4578 Domini
3623 4515 3686 4576 tui.

2201 4621 2286 4674 cui
2319 4619 2558 4686 scrvisti,
2607 4618 2748 4674 felici
2781 4619 3005 4689 praemio
3033 4626 3407 4674 remuneratus
3432 4607 3686 4670 felicissimus

2202 4709 2435 4765 introisti
2465 4708 2679 4780 (Matth.
2710 4725 2837 4773 xxv,
2867 4709 2981 4780 2|).
3011 4709 3100 4763 llla
3132 4709 3320 4781 gloria,
3346 4724 3442 4780 qua
3468 4695 3685 4760 coronatis.

2202 4804 2379 4859 innuit
2441 4805 2548 4859 tuis
2621 4815 2881 4874 quantum
2953 4805 3131 4875 possis
3185 4803 3288 4859 sibi
3340 4802 3560 4873 prodesse
3603 4797 3684 4844 ιιιιε

2203 4896 2391 4963 Deum,
2437 4897 2481 4952 si
2523 4896 2784 4964 dignaris.
2817 4896 2882 4951 Et
2924 4897 3162 4966 quidem,
3207 4894 3398 4966 inclyte
3434 4890 3582 4950 Pater,
3603 4878 3683 4936 felix

2201 4988 2301 5043 fttit
2329 4991 2437 5045 vita
2470 4998 2578 5054 tua,
2632 4987 2756 5044 felix
2790 4988 2892 5042 fttit
2922 4998 2977 5042 et
3011 5003 3160 5043 ruors
3197 4997 3305 5041 tua.
3348 4986 3505 5052 Atque
3541 4975 3685 5070 utinatn

2199 5080 2436 5134 sentiant
2483 5082 2534 5134 in
2567 5095 2624 5135 se
2672 5079 2877 5135 alumni
2923 5079 3022 5144 lui,
3053 5079 3193 5149 quod
3244 5078 3314 5132 sit
3350 5074 3465 5132 felix
3498 5077 3682 5124 memon:

2201 5181 2320 5236 tua,
2371 5172 2581 5241 sibique
2631 5173 2866 5227 salubris
2897 5183 3060 5242 atque
3112 5169 3344 5227 beneﬁca
3386 5177 3526 5237 quam
3561 5154 3612 5211 ad
3658 5159 3689 5202 ιε

2200 5261 2400 5316 habent
2427 5260 2646 5316 humilis
2677 5261 2892 5315 devotio
2917 5276 3036 5315 sua.

2269 5353 2452 5421 Itaque
2493 5351 2718 5416 fratres,
2752 5349 2962 5404 Patrem
2999 5366 3153 5405 suum
3179 5351 3288 5420 jam
3330 5344 3595 5402 defunctum
3618 5345 3679 5384 to-

2198 5505 2404 5580 rentius
2433 5513 2614 5580 autem
2651 5507 2703 5580 id
2737 5503 2870 5580 feria
2899 5504 3153 5580 secunda,
3186 5483 3677 5580 llamesiepsisnPfﬂ:

2196 5578 2317 5700 Ἤιδει
2349 5578 2503 5658 tertia
2542 5576 2973 5646 Quadragcsimae
3007 5563 3296 5647 contigisse
3329 5571 3491 5627 tradit.
3520 5563 3680 5618 ιδωιιιι»

2258 5657 2516 5701 orcuttus.
