3870 6304
153 379 258 439 735

1463 392 1617 447 \‘lTA
1646 393 1703 448 S.
1740 391 2010 450 DUNSTA
2024 394 2106 450 Nl.

3327 403 3428 480 789

150 507 491 570 gnosccntes,
514 512 807 561 accurrunt
837 506 1192 577 etcomplosis
1216 509 1465 566 manibus
1488 509 1742 582 lugubres
1768 515 1816 573 Α
1846 513 2093 583 suspiriis
2144 522 2307 583 atque
2353 512 2606 570 lamentis
2657 514 2906 585 permisti
2955 530 3083 571 aera
3135 517 3425 588 complent.

148 588 382 658 ejnlatus
406 591 681 647 emittunt.
725 593 872 650 lnter
919 611 1054 666 quos
1086 609 1266 652 tamen
1320 599 1514 670 trepidi
1560 616 1623 655 ac
1645 616 1730 672 ge~

149 695 358 742 mentes
387 684 636 740 exanime
680 701 875 758 corpus
905 688 1195 758 accipiunt,
1246 689 1426 746 cilicio
1466 700 1738 760 sternunt,

147 776 394 843 abluunt,
423 777 871 847 sacerdotalibus,
911 781 985 836 uti
1023 783 1188 838 moris
1223 793 1326 850 est,
1356 787 1596 841 vestibus
1657 787 1739 840 in-

147 870 339 924 duunt.
375 869 689 942 Perciperes
720 876 786 928 ad
829 873 944 929 haec
982 874 1199 944 pietatis
1227 875 1421 942 otIieia,
1464 879 1741 955 quampio

145 961 345 1018 all'ectu
375 963 562 1020 vivens
591 974 778 1036 pastor
820 981 852 1022 a
884 966 998 1022 suis
1020 968 1212 1024 ovibus
1238 968 1586 1040 diligebatur,
1615 985 1738 1025 cum

145 1054 200 1110 in
232 1056 503 1111 exstinctu
532 1056 850 1126 procederet
895 1067 1060 1115 tantae
1087 1061 1373 1116 charitatis
1415 1061 1652 1118 ostensio
1683 1071 1740 1117 ut

153 1148 339 1203 nullus
363 1148 439 1204 illi
469 1159 752 1220 putaretur
778 1152 910 1208 satis
934 1152 1156 1209 honoris
1183 1153 1458 1226 detulisse,
1497 1157 1586 1226 qui
1633 1173 1738 1212 non

144 1240 572 1313 lacrymantibus
624 1243 795 1299 oculis
833 1246 1083 1301 manibus
1119 1246 1236 1318 ejus
1269 1262 1333 1302 ac
1380 1247 1606 1319 pedibus
1641 1249 1738 1305 de-

142 1341 273 1388 vota
302 1333 488 1389 oscula
519 1333 908 1406 impressisset.
940 1336 1076 1393 Hinc
1101 1340 1478 1410 superpositus
1508 1339 1737 1408 feretro,

144 1423 326 1479 fertu'r
375 1425 444 1479 ad
476 1425 764 1504 ecclesiam
811 1428 1138 1485 beatissimae
1180 1429 1418 1503 Virginis
1448 1432 1736 1503 virginum,

143 1528 333 1584 quam,
365 1514 504 1569 sicut
526 1530 687 1588 supra
739 1518 982 1587 memini,
1033 1536 1061 1574 a
1095 1519 1446 1578 fundamento
1470 1524 1583 1594 ipse
1610 1539 1741 1580 con-

141 1607 367 1661 struxit.
397 1607 466 1662 Et
484 1621 611 1664 ecce
639 1609 766 1665 dum
813 1610 869 1665 in
909 1611 1123 1668 sublimi
1151 1623 1473 1685 gestaretur,
1511 1632 1574 1673 ac
1602 1633 1739 1688 prae—

141 1697 463 1755 cedentibus
517 1701 604 1765 iis,
637 1703 728 1772 qui
779 1706 994 1760 sonoris
1025 1709 1380 1765 concentibus
1413 1710 1524 1768 Deo
1553 1711 1740 1770 laudes

140 1799 198 1846 et
231 1807 422 1862 preces
440 1792 764 1862 offerebant,
800 1799 1167 1870 subsequente
1195 1811 1375 1857 autem
1400 1804 1617 1874 p0pulo,
1645 1807 1737 1877 qui

1847 603 1957 658 llos
1995 605 2135 659 inter
2165 604 2413 660 acerbior
2458 605 2616 661 ﬁetus
2655 607 2951 663 monachos
2991 616 3046 663 et
3079 607 3266 680 inopes
3306 627 3429 666 cru-

1843 692 2055 760 ciabat;
2097 693 2196 749 hos
2234 695 2360 763 quia
2395 704 2705 765 pastorem,
2737 685 2946 766 patr'em
2977 709 3033 754 et
3072 700 3423 768 advocatum;

1845 784 1963 841 illos
1994 785 2119 856 quia
2147 800 2207 840 se
2229 786 2283 840 in
2309 801 2374 841 eo
2401 787 2699 857 perdidisse
2728 791 3077 846 adverterant
3105 793 3270 848 tetius
3304 793 3428 848 vita:

1845 877 2145 932 subsidium
2163 918 2178 943 ,
2205 891 2354 947 spem
2384 887 2438 933 et
2479 880 2927 938 consolationem.
2951 883 3038 940 Fit
3060 885 3222 956 igitur
3249 886 3427 942 luctus

1843 968 2086 1042 omnium
2128 968 2545 1036 inaestimabilis,
2590 979 2647 1026 et
2683 973 2916 1030 adunata
2948 976 3236 1034 multitudo
3271 978 3426 1033 innu-

1844 1059 2143 1115 merabilis.
2175 1061 2292 1128 Qua
2325 1059 2714 1119 circumstante
2742 1079 2968 1135 seseque
2999 1084 3162 1139 super
3195 1070 3424 1127 invicem

1843 1151 2280 1220 comprimente,
2337 1151 2674 1222 sepeliuntur
2746 1158 3100 1214 sacratissimi
3183 1163 3426 1231 praesulis

1843 1249 1994 1298 artus
2031 1242 2085 1296 in
2117 1241 2342 1313 praefata
2383 1241 2732 1299 nobilissima:
2761 1244 3000 1318 Virginis
3032 1250 3176 1314 aede,
3201 1249 3320 1307 loco
3349 1245 3430 1307 vi-

1841 1333 2038 1389 delicet
2059 1331 2321 1389 divinitus
2356 1338 2568 1407 pridem
2589 1337 2885 1408 designato.
2925 1337 3054 1394 Post
3083 1340 3197 1396 haec
3217 1356 3427 1400 annun-

1844 1425 2011 1481 tiatur
2037 1427 2304 1497 depositio
2334 1429 2453 1498 ejus
2482 1431 2568 1487 his
2600 1440 2655 1486 et
2697 1430 2800 1485 illis
2821 1471 2837 1496 ,
2875 1430 2927 1484 id
2958 1438 3041 1485 est
3063 1431 3147 1485 vel
3175 1447 3312 1501 quos
3343 1448 3429 1486 re-

1842 1519 2047 1590 gendos
2097 1520 2199 1576 sub
2231 1523 2489 1591 pastorali
2519 1538 2649 1578 cura
2696 1531 3044 1593 susceperat,
3082 1523 3167 1578 vel
3216 1539 3353 1594 quos
3397 1543 3426 1578 a
3463 1575 3466 1578 ,

1841 1608 2091 1664 saeculari
2123 1612 2537 1667 conversatione
2573 1613 2878 1668 abstractos
2911 1611 3145 1682 qualiter
3172 1612 3341 1668 Deum
3375 1614 3432 1668 in.

1842 1702 2162 1757 monachico
2192 1703 2378 1758 habitu
2413 1713 2771 1773 sequerentur
2801 1703 3153 1757 instruxerat.
3185 1701 3335 1759 Unde
3360 1719 3428 1758 ex

1843 1791 2126 1849 dulcedine
2173 1795 2567 1849 recordationis
2595 1793 2740 1864 ejus,
2779 1794 2989 1849 cunctis
3029 1793 3122 1863 qui
3156 1793 3418 1865 intellige.

139 1881 405 1940 amissum
426 1895 700 1956 pastorem
749 1904 854 1943 una
919 1906 1042 1946 cum
1102 1894 1383 1951 monachis
1432 1897 1740 1954 miseranda
1773 1894 1816 1949 Β
1843 1883 1973 1940 bant
1998 1901 2056 1941 se
2077 1885 2245 1943 fuisse
2277 1886 2416 1942 ﬁlios
2442 1887 2560 1958 ejus
2595 1888 2855 1943 indicitur
2897 1886 3074 1942 luctus
3097 1889 3425 1942 communis.

138 1990 277 2031 voce
303 1976 650 2048 plangebant,
698 1982 950 2051 apparuit
998 1983 1170 2056 gloria
1226 1986 1343 2054 Dei,
1384 2005 1507 2059 qua:
1547 1990 1736 2046 doctas

139 2077 357 2122 mentes
379 2067 562 2125 docuit
597 2069 901 2142 intelligere
939 2075 1192 2132 meritum
1221 2081 1441 2134 mortui.
1471 2080 1737 2140 Viderunt

135 2159 368 2226 etenim,
393 2161 483 2230 qui
522 2173 911 2232 convenerant,
947 2167 1159 2222 niveam
1209 2169 1513 2228 columbam
1552 2173 1619 2230 de
1645 2189 1734 2229 su-

135 2249 286 2320 peris
316 2251 622 2309 venientem
651 2257 907 2325 expansis
938 2257 1038 2313 alis
1060 2256 1208 2315 lento
1231 2261 1412 2317 volatu
1443 2274 1730 2334 protegere

136 2354 343 2410 corpus
383 2341 664 2399 antistitis.
693 2344 909 2416 Igneam
945 2364 1162 2420 quoque
1200 2352 1466 2422 Sphaeram
1501 2355 1568 2410 ad
1595 2357 1733 2412 scuti

138 2428 337 2486 teretis
387 2431 560 2488 instar
611 2449 717 2489 una
763 2434 902 2491 ccelo
947 2437 1222 2509 delapsam
1269 2457 1434 2512 super
1475 2443 1731 2500 feretrum

135 2522 514 2579 intuebantur.
561 2525 630 2580 Et
658 2526 989 2600 admirantes
1021 2546 1188 2586 unum
1217 2541 1272 2588 et
1302 2533 1446 2591 aliud
1495 2537 1730 2608 signum,

133 2625 338 2682 rogant
367 2626 424 2670 ut
469 2618 559 2688 qui
591 2632 695 2673 non
745 2620 1092 2678 adverterent
1138 2625 1467 2683 intueantur.
1516 2629 1735 2688 lnsonat

132 2706 348 2762 clamor
371 2707 498 2764 hinc
523 2718 576 2764 et
600 2709 746 2776 inde,
781 2711 947 2784 ﬁtque
978 2715 1214 2787 diruptio
1248 2733 1438 2774 vocum
1468 2720 1735 2780 laudatio-

133 2797 224 2852 nis
250 2797 486 2866 divinae;
519 2798 636 2855 laus
664 2811 844 2856 autem
873 2802 990 2874 ipsa
1021 2819 1128 2875 quo
1165 2808 1340 2880 magis
1385 2811 1730 2884 dirumpitur,

132 2889 606 2959 magisaugetur;
635 2893 905 2964 rumpitur
928 2896 1214 2954 iucanoris
1234 2899 1478 2968 vocibus,
1507 2912 1735 2974 augetur

139 2978 196 3032 in
246 2976 425 3048 jubilo
476 2982 680 3038 cordis.
723 2981 966 3040 Jubilant
1014 3002 1248 3058 namque
1279 2989 1389 3046 Deo
1416 3006 1514 3062 pro
1533 2995 1731 3064 gratia,

131 3083 309 3139 quam
339 3069 392 3125 in
440 3079 587 3128 tanta
620 3073 967 3132 multitudine
1010 3091 1316 3137 monstrare
1346 3083 1400 3137 in
1429 3065 1591 3141 Patre
1635 3102 1735 3143 suo

133 3161 397 3231 dignatus
420 3171 536 3230 est;
566 3179 662 3236 per
683 3165 989 3224 columbam
1022 3171 1277 3252 videlicet
1299 3177 1737 3236 ostendenssim-

129 3253 433 3325 plicitatem
468 3266 524 3313 et
550 3258 916 3316 innocentiam
947 3245 1192 3332 pectoris.
1207 3265 1357 3336 ejus;
1385 3285 1483 3340 per
1519 3271 1732 3344 igneam
1761 3239 1803 3297 Ο

127 3349 434 3418 splraaram,
465 3349 679 3434 fervens
721 3354 960 3411 studium
987 3372 1096 3428 quo
1127 3361 1386 3430 praeditus
1423 3375 1542 3422 erat
1575 3367 1627 3422 in
1651 3369 1736 3424 di-

129 3438 378 3496 lectione
406 3441 500 3497 Dei
529 3450 584 3499 et
630 3443 865 3515 proximi
892 3447 1108 3504 animus
1147 3448 1281 3519 ejus.
1317 3452 1538 3510 Interim
1575 3473 1737 3516 vene-

131 3529 322 3586 rabile
346 3545 544 3602 corpus
571 3533 816 3590 oratorio
853 3535 1106 3606 infertur,
1147 3550 1338 3612 coeptae
1379 3547 1736 3614 protectionis

131 3619 355 3688 praefati
387 3622 526 3694 ignis
551 3634 713 3696 atque
749 3627 1014 3684 columba:
1058 3631 1466 3690 continuatione
1499 3638 1740 3693 comita-

131 3719 285 3768 tum.
324 3711 396 3767 At
425 3715 544 3784 ipso
569 3717 814 3789 deposito
845 3734 1027 3775 coram
1051 3721 1234 3790 altari,
1266 3724 1403 3781 visio
1423 3741 1545 3797 qua:
1569 3744 1732 3802 appa-

128 3804 252 3858 ruit.
283 3803 336 3858 in
365 3807 662 3865 australem
711 3811 955 3868 ecclesiae
1006 3812 1223 3885 plagam
1268 3832 1436 3890 prope
1460 3820 1633 3878 altare
1657 3825 1738 3880 di-

127 3895 330 3963 vertit,
359 3900 512 3969 quasi
560 3901 738 3958 locum
788 3904 1084 3976 designans
1121 3910 1363 3979 corporis
1413 3913 1732 3984 sepeliendi.

129 3985 265 4055 Quo
289 3986 436 4045 facto
467 3990 798 4050 intuentium
827 3997 998 4053 oculis
1035 3999 1230 4057 cretum
1257 4017 1510 4062 remeans
1538 4007 1723 4079 elapsa

127 4089 246 4135 ρει.

199 4169 384 4227 Fama
420 4174 586 4246 igitur
613 4178 794 4236 obitus
817 4181 934 4253 ejus
963 4185 1385 4258 circumquaque
1411 4191 1731 4261 perlabitur,

127 4272 188 4318 et
219 4263 320 4320 illo
353 4266 440 4322 die
471 4283 535 4323 ac
565 4281 724 4326 nocte
751 4272 1115 4345 subsequente
1152 4278 1350 4348 quibus
1390 4295 1420 4335 a
1450 4283 1728 4352 sepultura

131 4369 344 4427 corpus
368 4360 740 4430 suspenditur,
773 4365 1011 4435 undique
1041 4369 1193 4437 parvi
1231 4384 1294 4426 ac
1320 4372 1500 4440 magni
1534 4374 1736 4449 utrius-

130 4464 247 4519 que
301 4465 468 4507 sexus
501 4453 752 4512 homines
793 4457 1078 4526 advolant,
1122 4474 1422 4533 eorumque
1468 4463 1735 4524 clamores

1840 1972 1942 2030 Ubi
1973 1985 2154 2031 autem
2177 1992 2320 2048 saepe
2352 1988 2687 2034 memoratus
2712 1976 3077 2032 Ethelwiuus
3111 1975 3220 2030 dux
3251 1979 3423 2033 resci-

1839 2068 1918 2123 vit
1966 2067 2261 2141 gloriosum
2294 2068 2608 2125 Oswaldum
2657 2071 2783 2126 huic
2827 2072 2948 2124 vita:
2993 2069 3211 2126 modum
3252 2071 3425 2141 impo~

1837 2161 2055 2228 suisse,
2099 2178 2210 2233 prae
2254 2163 2419 2218 nimia
2451 2163 2704 2234 angustia
2742 2163 2924 2218 cordis
2971 2162 3259 2218 inﬁrmitas
3303 2178 3428 2218 cor-

1836 2254 2015 2324 poris,
2048 2270 2167 2326 quze
2199 2254 2347 2309 illum
2391 2265 2518 2309 tunc
2561 2258 2700 2310 forte
2743 2255 3064 2325 premebat,
3113 2255 3424 2332 inltantum

1835 2346 2108 2401 convaluit
2156 2355 2215 2400 ut
2265 2355 2389 2416 post
2445 2346 2716 2401 modicum
2769 2346 3027 2416 temporis
3077 2355 3272 2400 saneto
3319 2347 3427 2402 ﬁne

1835 2437 2120 2508 quiescens
2150 2437 2416 2493 universae
2443 2437 2626 2493 carnis
2648 2438 2788 2491 viam
2815 2437 3064 2502 intraret,
3102 2436 3343 2506 sepultus
3371 2439 3429 2492 in

1833 2529 2059 2584 ecclesia
2094 2544 2256 2598 quam
2290 2528 2342 2583 in
2373 2527 2662 2584 Rameseia
2703 2528 2818 2600 ipse
2849 2535 2904 2582 et
2945 2524 3106 2582 Pater
3143 2526 3426 2581 Oswaldus
3459 2575 3463 2579 .

1835 2620 1900 2675 de
1928 2635 2026 2674 suo
2055 2619 2408 2674 fabricarant.

1907 2711 2126 2768 Transit
2172 2720 2354 2768 autem
2398 2711 2743 2766 venerandus
2799 2710 3019 2780 Deoque
3065 2709 3294 2765 dilectus
3331 2723 3426 2762 au-

1838 2804 1990 2860 tistes
2035 2787 2315 2860 Oswaldus
2344 2803 2412 2859 ab
2447 2803 2553 2858 hac
2603 2802 2710 2856 vita
2761 2801 2829 2855 ad
2875 2802 3044 2855 vitam
3092 2809 3350 2855 aeternam
3384 2816 3423 2855 ll

1834 2894 2199 2950 Kalendarum
2244 2894 2446 2961 Martii,
2473 2892 2793 2948 Transactis
2843 2893 2909 2948 ab
2939 2891 3284 2962 episcopatu,
3316 2907 3424 2960 quo

1833 2988 2010 3059 primo
2062 2988 2283 3044 functus
2328 2995 2476 3054 erat,
2525 2986 2750 3058 triginta
2801 2984 2884 3040 vel
2934 2985 3169 3054 amplius
3215 2983 3418 3038 annis:

1835 3080 2239 3150 Conditumque
2280 3087 2363 3135 est
2387 3075 2694 3133 venerabile
2730 3089 2928 3146 corpus
2975 3073 3148 3139 illius,
3182 3073 3260 3128 uti
3288 3088 3434 3143 prse-

1835 3172 2098 3240 diximus,
2146 3170 2448 3240 Wigornze,
2478 3169 2532 3223 in
2585 3166 2816 3223 ecclesia
2876 3164 3282 3237 gloriosissimas
3333 3165 3426 3219 Dei

1839 3263 2123 3336 genitricis
2150 3270 2204 3318 et
2228 3271 2502 3334 perpetuae
2526 3259 2752 3330 virginis
2775 3256 2977 3312 Mariae.
3004 3255 3149 3312 Sane
3172 3267 3231 3312 ut
3252 3257 3426 3328 gratia

1838 3356 2041 3413 Christi
2071 3356 2320 3428 designet
2351 3353 2673 3410 mortalibus
2701 3349 3012 3407 Oswaldum
3044 3349 3244 3405 mundo
3277 3364 3425 3403 mor-

1841 3457 1993 3503 tuum
2020 3447 2124 3503 sibi
2154 3446 2367 3512 vivere,
2399 3443 2494 3515 qui
2531 3458 2654 3499 eum
2688 3457 2793 3496 non
2831 3439 2988 3511 quasi
3029 3439 3248 3510 penitus
3283 3453 3427 3494 mor-

1840 3545 1990 3592 tuum
2025 3535 2312 3606 requirunt
2335 3574 2348 3599 ,
2374 3546 2504 3588 vere
2550 3530 2784 3586 viventis
2829 3538 2886 3584 et
2936 3537 3063 3584 ante
3098 3543 3158 3584 se
3196 3527 3425 3583 multum

1838 3625 2071 3682 valentis
2089 3625 2286 3680 indicia
2317 3623 2371 3678 in
2394 3636 2462 3678 eo
2485 3621 2784 3692 reperiunt.
2809 3618 2965 3686 Quod
2997 3627 3054 3672 ut
3081 3618 3425 3674 evidentibus

1839 3722 2134 3792 probemus
2165 3717 2501 3792 argumentis
2525 3757 2540 3782 ,
2570 3729 2691 3787 quae
2730 3729 2825 3784 per
2858 3727 2980 3768 eum
3025 3720 3145 3781 post
3194 3721 3422 3766 mortem

1839 3826 1994 3867 suam
2036 3808 2182 3865 facta
2225 3817 2280 3863 et
2312 3807 2380 3862 ad
2428 3815 2672 3862 nostram
2721 3804 2970 3859 notitiam
3010 3811 3139 3857 sunt
3187 3802 3424 3873 perlata,

1839 3905 2028 3978 paucis
2057 3905 2380 3961 subnectere
2406 3901 2512 3957 rati
2546 3913 2755 3956 sumus.
2789 3895 2898 3952 Sed
2925 3911 2995 3951 ne
3021 3895 3329 3964 judicemur
3357 3895 3424 3949 de

1838 3996 2205 4070 percipiendis
2245 3995 2480 4066 indigni,
2520 3994 2567 4049 si
2595 3989 2907 4046 invenimur
2944 3988 3010 4042 tle
3044 3987 3316 4058 perceptis
3343 3986 3426 4040 in-

1841 4092 2003 4162 grati,
2035 4105 2133 4161 pro
2182 4090 2248 4146 iis
2275 4088 2473 4160 quibus
2519 4082 2821 4142 scribendis
2869 4079 3110 4141 animum
3152 4078 3425 4144 dedimus,

1838 4193 1894 4240 et
1918 4185 2030 4256 jam
2060 4181 2334 4248 etfectum,
2364 4188 2524 4252 prout
2559 4180 2701 4234 Deus
2729 4173 2897 4238 dedit,
2927 4171 3070 4226 nacti
3103 4172 3426 4248 sumusgsit

1841 4276 1942 4346 ipsi
1971 4272 2329 4344 omnipotenti
2364 4272 2495 4339 Deo,
2538 4267 2708 4334 Patri,
2733 4265 2872 4320 Filio
2895 4273 2950 4318 et
2981 4261 3205 4332 Spiritui
3236 4270 3426 4317 sancto

1838 4367 1956 4422 laus
1981 4375 2036 4422 et
2055 4365 2354 4437 gratiarum
2385 4364 2526 4419 actio
2553 4377 2648 4434 per
2678 4355 3004 4416 immortalia
3033 4356 3230 4412 saecula
3258 4370 3428 4412 saecu-

1841 4460 2038 4517 lorum.
2068 4460 2261 4516 Amen.

862 4587 1088 4659 Explica
1132 4589 1246 4646 Vita
1291 4593 1426 4647 beati
1474 4593 1705 4650 Oswaldi
1757 4598 2135 4666 arcliiepiswpi
2180 4606 2226 4650 et
2259 4594 2590 4666 confessoris.

171 4920 228 4986 ω
1036 4844 1430 4976 VITA
1529 4848 1656 4976 S.
1764 4847 2564 4978 DUNSTANI

1213 5059 1729 5118 ABCHlEPISCOPl
1768 5064 1854 5120 CA
1875 5061 2357 5158 meantes/$55.

151 4723 524 4743 Mn—

2662 5067 2674 5087 ⁸
2908 5086 2931 5108 ι

2143 5109 2584 5204 ...ῗὲινζντίζιῖ
2609 5143 2728 5205 Y0?-
2757 5150 2792 5176 ιε
2817 5135 2862 5178 "-l
2883 5147 2903 5182 ε
2931 5134 2964 5176 J

790 5210 1390 5320 AUCTOBE
1425 5193 2090 5374 leg/(DMERD
2139 5201 2803 5326 MoN’ACHo.

1109 5509 1653 5626 INCIPIT
1743 5513 2482 5631 PROLOGUS

211 5747 353 5817 Quia
383 5748 552 5807 Deum
594 5751 650 5806 in
691 5751 898 5808 sanctis
930 5748 1042 5807 suis
1075 5751 1380 5809 mirabilem
1419 5754 1735 5825 prophetica

137 5856 284 5901 voce
311 5843 529 5901 laudare
561 5841 814 5914 iubemur
852 5842 1024 5917 (Psal.
1071 5859 1237 5914 van,
1265 5844 1377 5918 36),
1420 5860 1543 5903 eum
1584 5846 1638 5903 in
1673 5846 1740 5903 iis

1841 5771 1964 5826 qua:
2017 5755 2071 5810 in
2119 5763 2313 5812 sancto
2360 5756 2635 5812 Dunstano
2669 5755 2861 5825 primae
2889 5751 3202 5822 metropolis
3232 5749 3416 5820 Anglo-

1844 5864 1963 5904 rum
1996 5848 2251 5920 pontiﬁce
2283 5847 2842 5920 mirabiliter'operari
2872 5846 3123 5918 dignatus
3149 5853 3266 5910 est,
3299 5856 3407 5914 quo
