3870 6304
553 387 674 448 737.
975 464 977 466 η
1567 382 1870 470 Ελωηξιςι
1911 381 2081 439 eam

2153 381 2458 438 aumasrs
2495 339 2802 438 acuent
2903 457 2906 462 ι
3618 389 3681 448 7a

546 504 795 560 rumdam
827 500 1152 571 simplicium
1201 499 1252 554 in
1292 499 1434 556 bono
1475 496 1703 552 fratrum
1735 512 1840 552 non
1877 504 2122 554 contem-
2155 503 2202 560 Α
2231 497 2613 551 commendare
2648 494 2952 566 cupiebam.
2989 491 3099 548 Nec
3128 491 3178 547 in
3207 491 3288 554 his
3311 506 3416 548 meo
3452 509 3578 553 sensu
3599 517 3684 560 usus

541 595 738 650 nenda:
779 589 1046 646 voluntati
1091 591 1562 658 obtemperantes,
1612 587 1812 644 usitato
1851 601 2002 642 more
2045 587 2123 642 lo-
2229 603 2369 652 sum,
2407 587 2502 642 sed
2533 586 2689 642 firma
2733 595 2788 640 et
2835 587 2922 642 cui
2969 601 3075 640 non
3121 585 3333 642 credere
3379 591 3590 645 nefarium
3609 611 3686 652 esse

545 671 744 754 quendi
768 665 893 754 styli
924 683 1102 736 officio
1131 682 1350 736 laudare
1373 680 1730 747 decrevimus,
1760 680 1979 748 scriptis
2007 694 2126 750 qute
2228 679 2516 734 credebam
2561 675 2780 730 Patrum
2821 678 3140 733 auctoritate
3177 681 3443 748 subnixus,
3471 699 3576 754 quos
3603 689 3686 744 mihi

543 776 653 830 alio
695 775 924 845 quodam
967 773 1290 829 elocutionis
1331 787 1531 842 genere
1575 773 1686 841 ipsa
1719 781 1864 841 gesta
1894 769 2127 827 commeé
2229 759 2498 844 quondam
2545 778 2832 824 attestatns
2883 767 3052 828 fuisse
3101 772 3346 825 recordor
3385 789 3434 828 se
3473 790 3542 828 res
3571 775 3686 844 ipsas,

543 875 763 920 morant
820 866 1123 942 sapientum
1179 865 1602 928 considerationi
1653 865 1875 919 relictis.
1918 863 2015 918 Cui
2066 871 2126 918 ut
2223 861 2377 932 juxta
2409 860 2548 932 quod
2577 877 2670 915 eas
2700 861 3087 928 describimus,
3117 871 3262 916 certo
3291 865 3445 920 relatu
3473 880 3612 920 eorum
3631 871 3686 940 qui

544 955 672 1014 licet
701 955 958 1024 insipiens
988 957 1422 1024 acquiescerent,
1456 970 1540 1008 me
1571 955 1812 1016 nonnihil
1842 955 2126 1012 illexerunt
2229 955 2432 1023 Optime
2491 953 2608 1008 illas
2662 964 2925 1007 noverant
2989 955 3319 1024 cognovisse.
3375 955 3541 1010 Horum
3582 975 3688 1014 unum

545 1049 732 1102 eadem
761 1048 986 1117 scripta,
1013 1063 1078 1102 eo
1103 1049 1321 1116 quodin
1355 1047 1675 1116 quibusdam
1713 1039 1983 1101 nonnullis
2015 1062 2129 1101 mo-
2229 1045 2576 1115 {Egelredum
2609 1045 2838 1114 scilicet,
2879 1047 2970 1116 qui
3011 1045 3308 1116 subprioris
3333 1057 3383 1102 et
3419 1049 3690 1105 cantorisolli-

544 1138 674 1195 dum
708 1138 924 1192 usitata:
954 1137 1284 1191 narrationis
1310 1137 1608 1192 excessisse
1640 1137 1910 1192 videntur.
1942 1137 2128 1191 Addu—
2231 1139 2373 1192 cium
2401 1139 2452 1192 in
2479 1138 2708 1198 ecclesia
2736 1137 3118 1193 Cantuariensi
3145 1141 3492 1194 strenuissime
3511 1156 3582 1210 per
3605 1145 3691 1196 mul-

541 1238 664 1285 ctus
691 1231 853 1284 etiam
887 1229 937 1283 in
989 1229 1091 1283 hoc
1137 1244 1254 1282 sum
1297 1229 1649 1297 quorumdam
1688 1229 2000 1294 calumniis,
2035 1231 2126 1300 qtti
2231 1238 2340 1284 tum
2377 1229 2632 1304 temporis
2667 1231 3104 1295 administrabat,
3139 1233 3335 1300 quique
3361 1235 3632 1301 postmodum
3647 1237 3691 1290 ob

541 1319 856 1389 frequenter
873 1305 1054 1388 questi
1092 1328 1214 1374 sunt
1245 1330 1299 1372 et
1323 1319 1579 1388 conqueri
1607 1335 1709 1373 non
1742 1319 2004 1373 desistunt
2033 1335 2128 1374 au-
2231 1320 2533 1392 religiosam
2567 1321 2905 1388 prudentiam
2942 1331 2996 1375 et
3033 1323 3348 1396 prudentem
3389 1325 3690 1394 religiositatem

543 1422 749 1476 etot-em
781 1411 891 1482 (50)
919 1403 1151 1481 ipsorum
1171 1412 1492 1480 scriptorum
1521 1410 1746 1484 vulgata:
1765 1426 1944 1466 rerum
1965 1411 2129 1465 histo-
2231 1427 2382 1465 suam
2409 1411 2755 1481 Wigornensi
2783 1413 3026 1468 ecclesiae
3052 1413 3154 1467 sub
3175 1413 3338 1470 beatae
3359 1417 3692 1478 memorialia-

543 1504 637 1560 riae
675 1487 780 1558 non
817 1504 1141 1568 omnimodis
1183 1503 1560 1566 concordasse.
1598 1501 1750 1571 Quod
1785 1519 1886 1558 non
1914 1502 2128 1573 quidem
2231 1509 2385 1555 stano
2428 1503 2682 1571 episeopo
2725 1503 2982 1572 pradatus
3029 1513 3172 1570 erat,
3203 1514 3258 1559 et
3283 1507 3450 1562 multis
3482 1509 3553 1576 qni
3581 1511 3693 1566 adhuc

543 1597 597 1652 iu
633 1596 926 1660 miraculis,
958 1613 1076 1670 qua:
1103 1597 1166 1652 de
1197 1597 1310 1665 ipso
1334 1595 1495 1654 Patre
1529 1598 1724 1665 scripta
1747 1605 1889 1662 sunt,
1922 1597 1971 1650 ei
1997 1598 2126 1651 snb-
2232 1602 2520 1661 Supersunt
2551 1593 2868 1648 notissimus
2901 1593 3079 1648 fuerat
3107 1635 3120 1660 ,
3167 1611 3234 1650 ne
3277 1597 3422 1650 nudis
3460 1597 3696 1652 solummodo

545 1687 778 1756 repsisse
824 1673 1164 1741 confitemur.
1207 1687 1284 1740 De
1317 1687 1551 1756 quibus,
1605 1688 1752 1742 verbi
1799 1688 2003 1757 gratia,
2048 1698 2130 1744 est.
2231 1685 2414 1740 verbis
2445 1701 2606 1755 agere
2642 1685 2885 1754 jndicer,
2918 1688 3136 1743 omissis
3177 1688 3294 1744 aliis
3326 1705 3576 1758 proponere
3600 1691 3694 1744 cordi

543 1777 685 1846 quod
714 1776 900 1832 scribit
927 1779 1293 1850 episcopatum
1313 1777 1747 1854 Wigornensem,
1773 1792 1892 1831 cum
1916 1779 1982 1831 ad
2004 1792 2126 1831 eum
2161 1837 2202 1854 ἣ
2231 1775 2351 1829 fuit.
2381 1775 2480 1830 llic
2509 1775 2783 1848 Egclrico
2812 1777 3144 1834 Cicestrensi
3173 1781 3411 1848 cpisc0po
3439 1763 3595 1834 homini
3627 1797 3696 1834 ma-

541 1868 705 1924 Pater
749 1869 1060 1924 Dunstanus
1097 1837 1303 1924 electus
1331 1837 1771 1924 etvconsecratus
1808 1879 1923 1934 est,
1962 1869 2128 1924 fuisse
2160 1837 2204 1896 Β
2231 1882 2458 1937 gnarum
2497 1883 2676 1922 rerum
2715 1870 2908 1939 peritia
2951 1873 3181 1940 praedito
3230 1873 3445 1927 antehac
3483 1875 3552 1926 diu
3583 1874 3696 1926 adlla-

541 1960 596 2018 iu
655 1961 858 2016 honore
913 1962 1084 2025 beatae
1120 1961 1309 2015 matris
1362 1961 1454 2015 Dei
1505 1961 1706 2028 Mariae,
1763 1977 1886 2023 cum
1938 1975 2127 2025 revera
2229 1970 2396 2034 serat,
2427 1969 2482 2015 et
2511 1962 2578 2016 ab
2603 1977 2670 2038 eo
2701 1963 2867 2016 multa
2899 1964 2965 2019 de
2997 1965 3156 2018 beato
3192 1965 3482 2032 Duustano,
3521 1967 3584 2018 cui
3609 1981 3698 2033 pene

543 2049 709 2112 fuerit
755 2051 808 2106 in
861 2039 1118 2126 honorem
1168 2051 1386 2122 gloriosi
1446 2052 1809 2122 apostolorum
1866 2053 2128 2126 principis
2229 2064 2718 2124 contemporaneus
2751 2056 2877 2122 fuit,
2909 2041 3210 2122 didicerat;
3250 2074 3366 2127 quae
3397 2058 3546 2112 illeab
3573 2057 3696 2126 iisan

541 2141 718 2208 Petri;
751 2151 805 2198 et
829 2144 972 2213 quod
1006 2143 1195 2208 refert,
1226 2145 1521 2199 secundum
1551 2145 1898 2209 Edwardum,
1925 2154 2128 2222 marty-
2230 2143 2495 2199 interesse
2545 2154 2863 2201 meruerunt
2911 2162 2970 2202 se
3015 2147 3294 2218 accepisse
3338 2148 3578 2201 fatebatur.
3611 2146 3696 2200 Sunt

543 2251 657 2295 rem
707 2250 773 2290 ex
822 2236 1218 2299 sanctimoniali
1271 2237 1470 2291 femina
1517 2245 1727 2303 natum,
1767 2251 1888 2290 cum
1939 2236 2126 2310 procul
2229 2251 2393 2306 super
2421 2237 2536 2291 luce
2560 2237 2759 2310 scripta
2795 2247 3035 2293 veterum
3067 2239 3381 2310 simpliciori
3413 2239 3530 2310 style
3561 2239 3696 2307 digesta

543 2327 708 2384 dubio
736 2336 944 2382 constet
973 2343 1096 2382 eum
1131 2343 1193 2382 ex
1231 2327 1468 2400 legitima
1497 2328 1722 2398 conjuge
1748 2339 2124 2404 procreatum;
2235 2335 2289 2379 et
2321 2325 2702 2384 chronicorum
2739 2327 3064 2384 abbreviata:
3089 2331 3424 2392 natationes,
3461 2329 3596 2396 iisque
3617 2327 3698 2378 scri-

543 2425 598 2470 et
628 2417 732 2472 alia
759 2405 1004 2486 quaedam
1050 2417 1101 2470 in
1143 2418 1288 2471 hunc
1323 2417 1560 2473 modum.
1601 2415 1838 2485 Quorum
1881 2419 2124 2474 omnium
2225 2418 2403 2473 bimus
2449 2427 2790 2474 attestantes.
2839 2420 2914 2475 De
2959 2421 3028 2476 iis
3069 2429 3257 2476 autem
3297 2437 3408 2491 quae
3445 2429 3544 2490 post
3579 2435 3700 2473 sacra-

541 2520 736 2574 puram
761 2505 1040 2561 veritatem
1071 2514 1290 2576 rogatus
1319 2508 1386 2562 ab
1411 2507 1598 2562 amicis
1625 2508 1759 2562 meis
1780 2514 1927 2562 tanto
1946 2508 2124 2563 studio
2227 2507 2496 2562 tissimum
2521 2509 2808 2566 transitum
2833 2508 2949 2578 ejus
2975 2526 3073 2580 per
3093 2526 3222 2566 eum
3256 2511 3390 2565 facta
3415 2509 3695 2580 significamus.

543 2598 868 2676 investigare
895 2598 1158 2660 sollicitus
1183 2600 1256 2653 fui
1293 2608 1352 2654 ut
1373 2615 1586 2670 quaque
1608 2616 1704 2671 per
1731 2601 2002 2672 Angliam,
2031 2599 2120 2654 ubi
2223 2595 2468 2666 quaedam
2491 2612 2556 2652 ex
2579 2585 2888 2654 litterarum
2913 2601 3302 2666 monumentis,
3323 2600 3536 2670 quaedam
3561 2613 3608 2652 ex
3625 2613 3700 2664 pro-

542 2689 730 2754 talium
758 2689 930 2746 studia
963 2693 1141 2762 vigere
1181 2692 1416 2748 sciebam
1449 2701 1504 2746 et
1534 2687 1865 2762 ipsemetzire
1899 2707 2004 2746 non
2031 2705 2126 2761 po-
2225 2687 2725 2756 priorumsensuum
2743 2687 3244 2760 approbationibus,
3269 2689 3556 2760 quaedamex
3571 2687 3700 2738 veridi-

542 2767 744 2850 teram,
758 2767 855 2856 pro
879 2787 978 2848 hoc
999 2785 1114 2855 ipso
1144 2799 1228 2848 me
1253 2785 1466 2843 mittere
1495 2800 1600 2840 non
1635 2785 1870 2856 pigeret,
1901 2784 2123 2840 omnino
2223 2769 2408 2835 eorum
2443 2779 2680 2833 virorum
2717 2778 3163 2849 allegationibus,
3196 2779 3288 2850 qui
3318 2793 3378 2834 ea
3405 2778 3567 2849 partim
3603 2776 3692 2836 visa,

537 2859 787 2938 videlicet
842 2875 1218 2938 detestandum
1275 2863 1601 2932 existimans
1645 2889 1674 2928 a
1719 2891 1898 2929 rerum
1950 2874 2123 2929 limite
2215 2865 2420 2942 partim
2460 2872 2666 2940 auditu,
2719 2873 2917 2942 partim
2957 2871 3331 2942 experimento
3387 2871 3436 2925 in
3474 2865 3692 2936 seipsisdi-

537 2966 898 3024 exorbitantia
953 2967 1236 3028 veritatem
1282 2981 1445 3022 nosse
1497 2965 1799 3020 volentibus
1839 2965 1985 3020 dicto
2040 2964 2121 3018 vel
2224 2965 2472 3019 dicarunt
2502 3003 2518 3030 ,
2569 2963 2718 3018 omni
2785 2972 2992 3023 remota
3059 2961 3495 3034 scrupulositate,
3533 2955 3701 3028 cognovi
3761 3037 3766 3042 ‘

537 3057 744 3126 scripto,
773 3058 1206 3120 subministrare.
1238 3057 1394 3120 Unde
1434 3073 1502 3112 ne
1533 3058 1654 3130 quis
1694 3073 1779 3112 me
1809 3058 1998 3126 quavis
2028 3071 2121 3111 ar-
2216 3053 2363 3110 'mus.
2397 3055 2456 3110 Si
2483 3055 2605 3126 quis
2640 3054 2806 3125 igitur
2853 3055 2968 3109 haec
3015 3053 3199 3126 legere
3247 3053 3530 3132 dignabitur
3557 3047 3615 3101 vel
3645 3060 3702 3098 au-

527 3149 900 3228 .rogantiavel
931 3149 1137 3226 invidia
1167 3153 1384 3232 ductum
1415 3149 1638 3218 judicct
1665 3143 1782 3205 istis
1823 3150 2121 3205 scribendis
2145 3185 2193 3250 ο
2224 3145 2357 3209 dire,
2417 3146 2512 3213 ita,
2557 3159 2761 3215 quaeso,
2807 3145 2951 3216 legat
3001 3144 3085 3198 vel
3142 3145 3330 3250 audiat
3369 3151 3422 3197 ut
3455 3135 3702 3250 conscielttlir

521 3256 768 3304 _manum
799 3241 1145 3310 imposuisse,
1175 3229 1347 3296 fateor
1379 3241 1745 3304 testimonium
1775 3241 1908 3300 mihi
1941 3242 2121 3311 perlti-
2148 3229 2193 3250 ’⁸
2224 3251 2358 3312 mea:
2380 3236 2710 3307 simplicitati
2740 3251 2843 3290 non
2877 3237 3119 3306 deroget.
3149 3233 3284 3289 Nam
3308 3249 3368 3290 ea
3398 3248 3488 3288 non
3507 3229 3703 3288 detrahere

539 3331 708 3388 beate
735 3331 1066 3386 conscientia
1095 3347 1212 3386 mea
1247 3332 1296 3386 in
1334 3331 1450 3402 ipsa
1481 3333 1740 3396 veritate,
1773 3347 1802 3384 a
1831 3345 1936 3400 qua
1965 3330 2122 3386 Chri—
2223 3328 2500 3396 studiosis,
2531 3330 2626 3384 sed
2671 3323 2922 3400 parvitati
2973 3345 3107 3383 mea:
3153 3340 3489 3397 meorumque
3529 3321 3702 3378 similium

539 3422 779 3478 stianum
823 3423 1039 3478 deviare
1073 3438 1178 3478 non
1225 3421 1373 3487 licet,
1424 3423 1548 3494 quia
1597 3423 1698 3477 nisi
1745 3437 1832 3477 me
1875 3423 2124 3476 humanae
2223 3411 2656 3476 condescendere
2685 3419 2982 3475 scientibus
3021 3427 3186 3488 atque
3227 3413 3453 3490 paratis,
3485 3429 3564 3484 pro
3601 3417 3701 3476 capta

517 3512 748 3588 ,mentisg
767 3512 984 3567 caecitas
1006 3511 1154 3578 fallat
1175 3555 1189 3578 ,
1223 3514 1296 3569 nil
1325 3515 1376 3568 in
1411 3516 1510 3568 hac
1537 3523 1685 3583 parte
1707 3530 1827 3584 qua:
1857 3514 1965 3570 dixi
1989 3515 2120 3569 vitia
2224 3528 2346 3568 meo
2375 3513 2646 3582 descripta
2691 3527 2812 3567 esse
2860 3511 3176 3582 pronuntio.
3237 3509 3348 3565 Non
3387 3509 3544 3576 itaque
3577 3517 3618 3556 se
3639 3499 3704 3550 iiiis

545 3601 782 3666 valuere,
810 3604 904 3657 sed
933 3602 1077 3657 solus
1103 3587 1255 3658 amor
1281 3603 1415 3668 veri,
1442 3593 1548 3672 quo
1573 3599 1785 3658 tantum
1816 3603 2029 3666 Patrem
2069 3614 2124 3659 et
2211 3613 2342 3678 ‘qua:
2373 3605 2662 3676 scribimus
2701 3603 2940 3658 inaniter
2973 3611 3240 3671 occupet,
3279 3601 3360 3657 cui
3401 3597 3524 3669 quod
3545 3592 3704 3664 petimus

515 3689 900 3778 ’przesentibus
939 3699 992 3747 et
1023 3691 1292 3748 secuturis
1323 3693 1466 3748 omni
1504 3693 1740 3763 seposita
1769 3679 2124 3762 ambiguitate
2225 3694 2278 3749 in
2308 3707 2487 3750 mente
2515 3710 2618 3748 non
2645 3687 2820 3749 Sedet.
3085 3703 3090 3708 '

515 3839 520 3844 ’
613 3848 727 3920 (50)
761 3849 968 3905 Auctor
999 3850 1045 3905 is
1073 3851 1209 3904 Vita:
1239 3849 1520 3916 Dunstani,
1551 3851 1703 3920 cujus
1744 3867 1958 3906 errores
1989 3851 2125 3906 Ead-
2222 3853 2476 3906 ordinato
2519 3853 2910 3920 conscripsisse
2961 3854 3144 3907 tradit.
3203 3853 3370 3922 Hujus
3416 3841 3698 3922 enirnscrilml

511 3935 516 3938 ·
545 3917 1094 3992 merusperstringit,
1141 3936 1240 3976 nec
1270 3917 1628 3992 Bridlerthus
1653 3923 1752 3976 fuit
1795 3939 1894 3977 nec
1926 3923 2122 3978 Osber-
2222 3924 2471 3991 quamvis
2501 3917 2749 3977 incendio
2775 3923 2932 3976 Cant.
2983 3925 3232 3979 ecclesia}
3283 3917 3418 3980 anno
3453 3917 3582 3972 1070.
3617 3925 3706 3992 cpti-

511 4045 516 4050 ,
541 3982 782 4062 nusallle
811 3992 956 4047 enim
985 3982 1171 4062 neque
1189 3991 1256 4046 de
1295 3991 1525 4052 ecclesia
1560 3991 1923 4061 Wigorniensi
1953 3995 2122 4046 beatae
2223 3982 2590 4062 flagraverint,
2617 3995 2668 4046 in
2689 3993 2972 4062 Anglicum
3003 4003 3184 4048 tamen
3208 4007 3498 4049 sermonem
3521 3982 3702 4062 nausia?

543 4059 746 4138 γῆξ-εἰ]ιί
781 4063 978 4138 dicata,
1013 4051 1113 4116 nec
1144 4061 1215 4138 de
1241 4051 1512 4138 Edwardi__
1528 4051 1873 4138 _regi§_t_natre
1900 4063 2122 4117 mentio-
2223 4051 2552 4138 superfuisse
2572 4051 2713 4138 idem
2739 4051 3014 4118 Ovsbernus
3039 4065 3310 4138 perhibet.
3329 4057 3533 4138 Osberni
3554 4051 3701 4138 quidem

509 4121 892 4202 ‘n'e'tﬁ'intulit.
937 4121 1304 4200 Iste'qnidcm
1345 4121 1630 4202 ecclesiam
1689 4131 2118 4202 Wigornicnsem
2203 4121 2427 4190 ,lilirum
2475 4131 2738 4186 Eadmero
2775 4149 2950 4202 neque
2993 4121 3163 4187 totum
3200 4135 3362 4188 fuisse
3403 4121 3704 4202 constat-“ll”c

509 4200 602 4254 'B.
633 4191 1131 4274 Virginisacratam
1153 4202 1330 4274 fuisse,
1351 4201 1544 4267 refert;
1566 4204 1637 4274 de
1663 4191 1907 4274 fidvﬁirdi
1939 4212 2119 4274 autem
2159 4237 2174 4248 ι
2223 4212 2402 4274 autem
2434 4202 2708 4274 Osbernus
2753 4191 2934 4256 omnia
2975 4203 3344 4272 antiquiorum
3371 4204 3432 4258 de
3457 4191 3700 4274 relatam?

507 4305 514 4310 -
543 4277 717 4322 matre
734 4264 819 4322 'nil
851 4270 1031 4324 habet.
1055 4271 1428 4345 Aliumligitur
1455 4264 1540 4345 ab?
1562 4272 1832 4345 Eadmero
1862 4273 2120 4345 subinnui
2222 4273 2372 4345 stani‘
2391 4271 2558 4345 gestis
2585 4274 2784 4345 scripta
2819 4264 3151 4345 perlegerai,
3192 4275 3526 4345 eamdemque
3550 4264 3703 4345 Tinam-

539 4347 817 4394 auctorem
847 4351 1008 4412 puto;
1049 4357 1205 4412 quem
1249 4341 1536 4412 Dsbcrnus
1567 4343 1619 4396 in
1667 4343 1982 4411 praefatione
2021 4358 2119 4397 sua
2225 4343 2432 4397 thensis
2467 4343 2669 4412 passim
2697 4341 3013 4398 describere
3057 4345 3196 4398 solet
3227 4345 3278 4398 in
3315 4341 3525 4412 Historia
3551 4341 3702 4412 ςυξῐξῖξ-

545 4421 630 4463 res
668 4397 866 4482 gestas‘
905 4397 1164 4466 Dunstaui
1211 4411 1349 4484 stylo
1401 4410 1596 4468 festivo
1643 4397 1851 4482 pariter
1895 4421 1950 4468 et
1983 4414 2120 4468 bene
2223 4412 2318 4469 lib.
2341 4397 2526 4480 xx:,in
2549 4427 2653 4483 qua
2680 4397 2946 4483 prolixam
2975 4397 3110 4470 satis
3140 4397 3400 4470 DunStani
3429 4409 3572 4464 Vitam
3595 4397 3702 4456 dedit-

1915 4606 2144 4684 Expficit
2171 4613 2440 4685 profugus.
2471 4683 2474 4686 Α

1379 5163 1383 5168 _
1480 5052 1492 5058 -
1580 4977 2167 5164 INCIPIT
2263 4979 2702 5172 VITA.

606 5253 806 5310 Beatus
833 5269 964 5326 ergo
985 5255 1318 5318 Dunstanus.
1349 5271 1415 5310 ex
1443 5255 1776 5312 nobilissima
1803 5259 1980 5328 gentis
2005 5259 2116 5314 An-
2143 5239 2195 5300 Ῐ)
2225 5258 2324 5314 tris
2370 5257 2464 5314 Dei
2517 5255 2746 5312 festivus
2777 5253 2972 5310 illuxit.
3001 5251 3290 5310 Multitudo
3321 5251 3474 5324 igitur
3505 5243 3704 5338 atria-“lii

537 5344 748 5412 glorum
798 5347 1047 5418 prosapia
1100 5348 1366 5419 originem
1416 5347 1641 5415 ducens,
1673 5364 1737 5404 eo
1794 5351 2027 5406 nobilius
2059 5353 2112 5406 in
2221 5365 2384 5407 sexus
2438 5351 2718 5405 hominum
2776 5363 2878 5420 pro
2931 5351 3250 5406 excellentia
3292 5355 3446 5402 tanta!
3483 5335 3702 5428 festivitasis

537 5433 696 5507 hujus
740 5439 924 5494 mundi
965 5439 1306 5495 latitudinem
1353 5440 1554 5510 prodiit
1599 5453 1708 5506 quo
1735 5439 1837 5494 sub
1881 5443 2113 5497 materni
2221 5443 2644 5512 circumquaque
2675 5452 2867 5497 coacta
2909 5440 3064 5496 ﬂuxit
3089 5442 3152 5496 ad
3173 5440 3473 5500 ecclesiam,
3504 5431 3704 5502 quaealia-

534 5530 686 5594 ﬁnus
738 5535 857 5604 ipso
895 5534 1070 5589 adhuc
1125 5538 1370 5602 angustia
1402 5535 1585 5588 clauso
1620 5533 1804 5587 divino
1854 5517 2116 5588 miraculo
2219 5533 2402 5604 quitus
2426 5533 2720 5589 Glastonize
2748 5534 2814 5589 de
2846 5533 3008 5604 lignis
3029 5533 3290 5590 :rdilicata
3321 5533 3372 5586 in
3395 5519 3700 5614 ιιοηοῐεηξςηί

533 5623 874 5694 designatum
916 5634 1000 5681 est
1046 5624 1368 5696 praeclarum
1399 5628 1600 5682 mundo
1645 5641 1743 5696 per
1781 5640 1906 5682 eum
1937 5625 2113 5678 lumen
2218 5625 2457 5700 ejusdem
2515 5626 2609 5680 Dei
2637 5625 2928 5704 Genitricis
2973 5635 3316 5704 consecrata.
3337 5623 3391 5678 In
3415 5633 3506 5690 qua
3532 5609 3702 5668 multitu-

535 5713 842 5770 oriturum.
893 5715 1028 5771 Cum
1080 5717 1280 5772 etenim
1329 5725 1504 5771 mater
1533 5718 1650 5787 ejus
1675 5731 1740 5772 eo
1773 5717 1988 5786 gravida
2021 5731 2116 5786 spe
2183 5715 2188 5722 ’
2220 5718 2348 5773 dine
2381 5717 2578 5774 multos
2603 5701 2887 5775 nobilitate
2911 5718 3280 5790 dignitateque
3303 5701 3578 5786 pmcellens
3600 5705 3704 5770 Pii"

537 5801 706 5882 prolis
726 5801 915 5862 futurae
935 5805 1227 5867 laetaretur.
1251 5807 1366 5870 dies
1389 5805 1786 5870 Puriftcationis
1809 5807 1980 5866 beatae
2003 5805 2114 5860 ΜΩ·
2220 5811 2391 5868 sancti
2453 5809 2741 5878 Dunstani,
2785 5811 3086 5870 Herslanus
3139 5809 3374 5875 nomine,
3387 5811 3400 5816 ”
3419 5817 3524 5862 cum
3553 5794 3700 5862 Ch!“
