3870 6304
141 303 252 363 789

143 420 332 477 tlritha
357 423 526 472 matre
553 414 669 486 ejus
692 413 757 468 ad
785 415 876 471 Dei
902 414 1176 470 scrxitium
1203 417 1548 486 properabat,
1574 417 1733 470 :ttttlm

144 528 340 568 cereos
367 525 502 580 quos
530 525 625 579 pro
663 509 769 564 ritu
805 508 976 579 ipsius
1023 509 1127 564 dici
1158 508 1268 565 Deo
1294 509 1552 564 offerrent
1581 510 1728 565 defe-

142 612 348 659 rentes.
379 600 498 657 Jam
521 601 702 656 missae
725 598 958 656 officium
981 599 1243 656 celebrari
1267 611 1527 671 coeperat,
1553 613 1658 658 ctc.

215 715 593 786 (Prosequitur
633 714 919 769 Historiam
955 714 1247 770 Eadmerus
1275 714 1407 785 siglo
1434 715 1596 770 uberi.
1635 717 1732 771 Res

142 798 318 859 gestas
330 788 531 853 eodem,
546 804 645 858 quo
662 786 936 859 iOsbernns
963 786 1041 852 (5f
1058 786 1096 856 ),
1122 797 1302 859 narrat
1317 787 1529 859 ordine;
1552 790 1732 841 ear/rut

144 856 566 924 eodemquefoco'
585 858 742 926 refert
765 859 1045 926 miracula,
1069 856 1202 926 siglo
1226 867 1397 910 tamen
1424 857 1576 926 longe
1605 859 1730 911 alio.

145 927 452 996 Simplicem
483 940 527 982 et
551 924 855 981 historicum
890 924 1182 981 Endntertts
1209 929 1438 992 adhibet,
1466 924 1732 982 Osbcrnns

145 999 315 1068 nwgis
346 999 645 1066 u/fectatnm
678 1009 721 1050 et
744 1000 896 1066 quasi
919 998 1376 1051 declamatorium.
1429 997 1514 1050 Ea:
1559 1015 1731 1068 rerum

145 1079 192 1122 et
218 1067 424 1122 ordinis
455 1070 809 1122 convenientia
838 1069 1027 1136 conjici
1069 1069 1253 1135 poterit
1283 1080 1556 1136 utrumque
1584 1067 1733 1122 Dun-

142 1140 284 1192 stnni
309 1147 454 1207 gesta
476 1155 540 1192 ea:
571 1140 749 1192 eodem
783 1141 948 1206 tome,
998 1138 1218 1206 Anglico
1244 1139 1436 1191 scilicet
1468 1137 1728 1202 Historia,

142 1208 475 1278 potissimum
529 1210 787 1264 hausisse.
840 1207 920 1261 Ne
969 1208 1141 1261 inutili
1207 1209 1370 1277 igitur
1433 1209 1734 1276 repet-itione
1779 1215 1786 1223 "

147 1282 394 1331 lectorem
443 1295 737 1349 gravantis,
791 1279 1043 1332 It'atlmeri
1085 1279 1260 1331 omnia
1290 1279 1733 1346 pt'a'terntiltentlrt

143 1349 418 1414 duximus,
451 1350 549 1402 nisi
585 1367 701 1412 grue
742 1350 963 1403 aliorum
995 1349 1318 1402 narrationes
1349 1359 1438 1401 aut
1470 1349 1732 1418 corrigunt

143 1427 233 1472 aut
291 1420 498 1489 egregie
553 1420 834 1482 illustrem,
892 1419 1106 1487 pratfati
1149 1419 1473 1489 solummodo
1502 1428 1650 1472 notas
1679 1421 1732 1471 in

146 1487 384 1557 margine
413 1487 605 1560 codicis
636 1490 928 1560 antiquitus
951 1490 1214 1558 appositus
1241 1487 1436 1543 Edrctli
1479 1489 1610 1560 regis
1637 1489 1731 1542 ob—

143 1560 272 1613 itum
303 1577 445 1614 anno
479 1559 608 1626 953i,
637 1559 807 1614 Edwii
829 1558 955 1625 958,
985 1560 1274 1630 reponere.)

228 1694 369 1749 Exin
426 1695 682 1751 defuncto
723 1695 979 1766 episcopo
1028 1693 1416 1764 Lundoniensi,
1451 1697 1736 1767 quresitum
1782 1767 1787 1772 .

1429 349 1432 353 ,
1475 299 1629 355 VITA
1673 300 1729 356 S.
1763 297 2128 356 DUNSTAXI.

3316 302 3425 362 790

1914 415 2216 470 Memorato
2245 413 2433 470 Odouc
2463 395 2872 485 archiepisc0po
2904 412 3322 490 Cantuariorum
3354 424 3422 477 ad
3455 484 3457 486 η

1833 507 2086 576 perennis
2114 505 2237 560 vita:
2260 505 2451 576 gaudia
2501 503 2784 569 translato,
2818 505 3143 562 immensum
3170 511 3424 568 ouutibus

1833 600 2134 671 Anglorum
2176 597 2438 654 Ecciesiis
2492 597 2694 652 luctum
2741 612 2870 654 suus
2920 599 3181 657 transitus
3220 602 3420 670 intulit,

1833 703 1889 767 et
1934 691 2253 746 innumeros
2313 689 2541 760 pepulos
2591 689 2789 745 acerbo
2843 703 3079 746 mterorc
3131 694 3418 762 percussit.

1835 783 2144 840 Postulatus
2165 784 2478 838 Dunstanus
2505 782 2675 839 Odoni
2711 782 2765 837 in
2817 783 3241 854 patriarchatum
3277 787 3422 842 sedis

1833 876 2130 947 Anglorum
2191 873 2482 930 succedere
2532 874 2805 945 abnegat,
2855 877 3085 948 suscepti
3143 879 3420 950 regiminis

1833 985 1970 1025 onus
1993 969 2128 1024 satis
2152 983 2318 1039 grave
2366 965 2468 1022 sibi
2513 967 2579 1020 ad
2629 966 3217 1036 portandum,'nedum
3247 972 3420 1041 majus

1833 1059 2247 1131 superaddatur,
2299 1073 2420 1114 esse
2449 1066 2778 1132 protestatus.
2816 1059 2964 1115 Unde
2985 1059 3234 1118 rElffiuus
3258 1061 3420 1117 ch-

1835 1161 1976 1208 tante
1997 1152 2145 1208 urbis
2174 1153 2401 1206 antistes
2428 1165 2524 1220 per
2549 1149 2696 1220 regni
2719 1149 3010 1221 principes,
3037 1169 3267 1224 quorum
3287 1154 3422 1209 alios

1834 1259 1896 1300 re
1926 1242 2298 1315 praesentium,
2350 1241 2485 1298 alios
2529 1257 2625 1311 spe
2657 1257 2945 1296 munerum
2997 1236 3301 1300 futurorum
3354 1248 3420 1299 ad

1834 1335 1938 1390 hoc
1977 1334 2076 1388 sibi
2126 1333 2366 1410 fautores
2407 1332 2682 1400 effecerat,
2720 1333 3245 1404 archiepiscopatum
3299 1352 3422 1406 rege

1835 1423 2109 1480 annuente
2139 1425 2390 1479 obtinuit.
2424 1423 2524 1490 Qui
2564 1433 2684 1492 post
2721 1423 2928 1494 aliquot
2955 1425 3164 1495 adepta:
3193 1426 3422 1507 dignita~

1837 1519 1906 1574 tis
1958 1518 2072 1574 dies
2115 1517 2342 1572 Romam
2383 1532 2478 1587 pro
2505 1515 3003 1588 archiepiscopatus
3041 1517 3178 1572 stola
3207 1527 3421 1587 petens.

1837 1611 1891 1666 in
1922 1608 2148 1680 Alpibus
2187 1609 2352 1664 nimia
2385 1609 2604 1680 frigoris
2650 1607 2944 1676 asperitate
2973 1617 3258 1679 correptus
3293 1608 3420 1662 ulti-

1836 1716 1984 1756 mum
2031 1699 2219 1754 flatum
2260 1699 2458 1754 ibidem
2507 1699 2707 1755 emisit.
2736 1701 2865 1755 Post
2887 1714 3046 1769 quem
3097 1698 3421 1754 substitutus

147 1787 269 1860 quis
300 1787 354 1842 in
393 1789 762 1859 episcopatum
793 1789 953 1859 digne
975 1792 1268 1846 succedere
1291 1799 1490 1861 posset.
1515 1791 1580 1846 Et
1612 1807 1734 1846 cum
1767 1791 1810 1847 B
1836 1791 1989 1847 estin
2011 1806 2284 1848 summum
2309 1791 2566 1847 Ecclesiae
2589 1791 3019 1872 Dorobernensis
3039 1777 3418 1862 pentificatuut

145 1881 196 1934 in
223 1879 327 1936 hoc
351 1880 688 1950 aliquantum
721 1881 982 1952 temporis
1029 1883 1449 1953 expenderetur,
1483 1898 1584 1939 nec
1609 1899 1729 1954 pcr-

147 1985 275 2026 sona
312 1973 519 2028 decens
566 1981 616 2028 et
646 1973 840 2028 idonea
901 1975 1256 2045 reperiretur,
1284 1975 1498 2031 tandem
1539 1975 1731 2031 electio

147 2065 389 2120 omnium
422 2080 586 2135 super
616 2066 956 2122 Dunstanum
986 2083 1141 2123 versa
1183 2077 1287 2134 est,
1319 2078 1376 2124 et
1401 2068 1515 2138 ipse
1555 2070 1731 2139 ponti-

146 2154 364 2212 ficatum
389 2157 661 2227 praedicta:
695 2156 955 2213 Ecclesia:
979 2157 1259 2228 suscipere
1290 2159 1563 2214 communi
1591 2174 1726 2212 cun-

143 2254 352 2300 ctorum
410 2247 797 2304 acclamatione
849 2258 1072 2305 coactus
1129 2256 1233 2302 est.
1281 2246 1521 2318 Utraque
1568 2249 1732 2319 igitur

145 2335 409 2401 Ecclesia,
437 2337 814 2409 Wigorncnsis
840 2339 1092 2395 videlicet
1134 2349 1191 2394 et
1224 2339 1637 2405 Lundoniensis,
1666 2357 1731 2396 eo

148 2428 374 2498 prmsule
406 2429 762 2499 gloriabatur,
787 2431 1224 2502 quandoquidem
1256 2447 1463 2487 summa
1494 2433 1732 2488 necessi-

146 2527 250 2575 tate
305 2519 627 2591 compulsus
662 2521 950 2592 utriusque
995 2521 1236 2592 pontifex
1281 2539 1377 2593 per
1415 2525 1730 2579 nonnullum

145 2609 407 2680 temporis
460 2610 695 2682 spatium
727 2621 874 2679 erat,
932 2613 1148 2684 utrique
1197 2612 1576 2668 sollicitudinis
1623 2629 1732 2668 sua:

145 2716 327 2758 curam
386 2702 724 2774 impendens,
753 2712 1040 2775 utramque
1069 2704 1213 2761 intus
1238 2714 1295 2761 et
1329 2715 1484 2762 extra
1519 2721 1616 2761 sua
1639 2705 1732 2762 de-

145 2795 389 2850 fensione
417 2803 607 2851 contra
635 2809 827 2850 omnes
851 2795 1073 2851 aemulos
1103 2796 1374 2862 muniens,
1416 2785 1470 2851 in
1498 2805 1731 2866 utraque

143 2885 380 2942 ofﬁcium
412 2885 720 2956 pontificale
763 2896 1064 2958 opportuno
1109 2899 1351 2960 tempore
1399 2891 1618 2946 sedulus
1639 2906 1732 2946 ex-

145 2995 399 3049 sequens.
429 2980 507 3036 En
535 2982 692 3047 visio,
718 2998 881 3053 quam
922 2999 1083 3055 supra
1108 2984 1515 3055 descripsimus,
1539 2985 1593 3038 in
1622 2983 1734 3054 gla-

143 3069 241 3127 diis
263 3073 640 3143 apostolorum
667 3076 868 3147 partim
898 3075 1118 3146 impleta
1153 3084 1256 3143 est,
1289 3091 1413 3132 cum
1444 3077 1497 3132 in
1519 3077 1732 3147 episco-

1836 1884 2167 1940 Birhtelmus
2209 1885 2551 1940 Dorsatensis
2576 1885 2760 1956 populi
2810 1883 3027 1955 praesul,
3057 1883 3140 1952 yir
3169 1891 3312 1940 totus
3354 1900 3421 1938 cx

1835 1975 2269 2043 mansuetudine,
2293 1975 2595 2030 humilitate
2622 1984 2676 2031 et
2702 1975 2964 2032 modestia
2994 1973 3190 2054 factus.
3220 1976 3418 2030 Verum

1836 2069 1924 2124 ubi
1975 2081 2311 2139 compertum
2341 2076 2424 2123 est
2450 2067 2582 2122 nihil
2617 2068 2668 2122 in
2722 2067 3058 2144 corrigendis
3088 2055 3256 2136 vitiis,
3287 2063 3421 2123 nihil

1836 2159 1888 2214 in
1911 2159 2231 2216 exercendis
2254 2159 2642 2215 ecclesiasticis
2674 2159 2996 2230 disciplinis,
3027 2159 3164 2213 nihil
3191 2159 3420 2230 denique

1834 2251 2052 2307 virtutis
2073 2267 2168 2307 seu
2191 2254 2511 2308 constantia:
2543 2252 2594 2307 in
2625 2267 2690 2307 eo
2729 2266 2849 2306 esse
2878 2251 2946 2306 ad
2987 2251 3218 2306 tuendos
3247 2251 3422 2306 bonos

1837 2340 1922 2396 vel
1969 2341 2302 2398 coercendos
2348 2340 2549 2406 malos,
2592 2341 2657 2396 ad
2697 2340 2996 2396 Ecclesium
3037 2355 3191 2396 suam
3237 2340 3421 2410 jussus

1837 2433 2017 2489 rediit.
2079 2433 2145 2488 Et
2179 2435 2249 2488 ita
2285 2434 2444 2490 sedes
2481 2432 2889 2490 Cantuariensis
2942 2447 2972 2487 a
3015 2433 3276 2504 pontifice
3324 2433 3424 2486 ali-

1835 2527 2054 2596 quantis
2075 2527 2263 2582 diebus
2286 2541 2453 2582 vacua
2477 2527 2638 2583 sedit.
2666 2534 2668 2536 ’
2871 2551 2875 2556 '
3263 2597 3266 2599 _

1906 2619 2091 2690 Itaque
2113 2618 2384 2673 unanimis
2403 2618 2645 2674 omnium
2667 2618 2861 2675 electio
2888 2617 3226 2674 Dunstanum
3259 2617 3426 2673 incla-

1836 2707 2014 2775 mitat,
2055 2706 2203 2762 illum
2231 2707 2406 2764 solum
2437 2721 2497 2763 se
2534 2721 2695 2763 nosse
2723 2706 3051 2774 vociferans,
3084 2722 3246 2778 quem
3274 2714 3422 2760 tanta

1835 2800 1993 2856 sedes
2027 2799 2249 2872 dignum
2301 2798 2513 2854 valeret
2555 2797 2759 2854 habere
2788 2788 3077 2863 rectorem,
3120 2791 3423 2867 praesertim
3457 2832 3464 2838 -

1835 2905 1960 2946 cum
1986 2905 2014 2944 a
2041 2890 2301 2961 primaevo
2339 2888 2518 2945 aetatis
2551 2887 2685 2944 flore
2730 2888 2856 2943 vita:
2890 2875 3176 2949 Sanctitas,
3209 2901 3422 2940 morum

1836 2984 2096 3056 gravitas,
2128 2995 2183 3038 et
2213 2982 2300 3039 cui
2328 2996 2489 3038 nemo
2525 2981 2823 3038 coutrairet
2860 2993 2982 3035 eum
3013 2969 3427 3049 perlustraverit

1837 3077 2058 3143 invicta,
2104 3084 2365 3132 constans
2405 3084 2462 3130 et
2489 3073 2766 3145 sequenda
2795 3073 3113 3128 auctoritas.
3154 3070 3265 3126 Hac
3295 3083 3424 3141 ergo

145 3172 261 3232 patu
286 3164 688 3232 Lundoniensi,
715 3168 807 3236 qui
833 3183 901 3224 ex
923 3168 1141 3224 nomine
1162 3167 1460 3224 beatissimi
1501 3167 1730 3239 apostoli
1761 3174 1802 3232 C
1835 3171 2148 3227 Dunstanus
2171 3168 2559 3225 acclamatione
2581 3166 2736 3238 quasi
2783 3180 2914 3221 voce
2935 3153 3063 3220 vere
3091 3163 3274 3219 divina
3297 3177 3426 3218 cou-

145 3252 290 3310 Pauli
319 3256 560 3312 celebris
604 3257 856 3324 habetur,
898 3256 1212 3316 Dunstanus
1237 3262 1594 3317 coutirmatus
1622 3270 1728 3316 est.

145 3346 397 3406 Profecto
437 3363 670 3420 namque
709 3350 946 3421 gladium
1005 3352 1174 3422 ipsius
1227 3352 1454 3423 apostoli
1494 3353 1594 3423 ipsi
1632 3353 1732 3408 Ec-

145 3439 317 3497 clesia:
373 3441 626 3512 praelatus
673 3442 1082 3513 aceepit‘,tquia
1133 3443 1496 3499 verbum-Dei
1524 3460 1732 3500 morem

146 3531 280 3589 illius
308 3537 538 3591 secutus
579 3536 919 3592 subditorum
947 3537 1201 3592 cordibus
1235 3538 1567 3594 excellenter
1591 3539 1733 3593 infu-

148 3624 240 3693 dit,
280 3635 348 3680 ει
397 3636 688 3697 potestate,
716 3642 822 3697 qua
853 3627 943 3681 ille
969 3628 1022 3682 in
1049 3628 1252 3684 virtute
1290 3628 1502 3685 Domini
1525 3630 1732 3685 Christi

147 3714 410 3786 gloriatus
468 3725 574 3784 est,
615 3717 731 3788 ipse
760 3718 828 3774 ad
858 3719 1138 3775 terrendos
1166 3719 1383 3792 impios,
1433 3720 1500 3774 ad
1528 3719 1732 3776 demul-

146 3812 378 3865 cendum
425 3809 544 3880 pios
587 3810 1014 3881 circumquaque
1067 3827 1200 3868 usus
1254 3822 1356 3866 est.
1390 3809 1544 3878 Quod
1581 3820 1637 3867 et
1677 3812 1732 3867 in

137 3902 392 3960 Ecclesia
420 3903 794 3978 ~Wigornensi
827 3914 1084 3962 strenuus
1117 3907 1246 3978 egit,
1273 3921 1436 3977 quam
1460 3907 1514 3962 in
1554 3905 1730 3976 gladio

149 3996 285 4052 beati
310 3997 462 4052 Petri
513 3998 804 4068 regendam
833 3999 1095 4069 suscepit.
1145 3997 1422 4068 Siquidem
1451 3999 1732 4069 episcopa-

151 4097 231 4143 tus
254 4088 399 4144 idem
421 4104 520 4160 per
547 4089 600 4145 id
649 4089 907 4161 temporis
952 4090 1007 4144 in
1035 4091 1296 4146 honorem
1321 4089 1490 4160 ipsius
1511 4089 1731 4161 gloriosi

150 4182 373 4250 apostoli
399 4180 654 4238 fundatus
684 4179 1008 4239 habebatur.
1037 4182 1142 4238 Sed
1172 4182 1476 4247 Oswaldus,
1499 4184 1583 4236 vir
1607 4197 1734 4236 san-

150 4281 261 4328 ctus
289 4282 346 4331 et
384 4273 690 4345 religiosus,
743 4289 904 4346 quem
934 4276 989 4331 in
1011 4277 1251 4348 regimen
1284 4275 1450 4346 ipsius
1475 4274 1734 4330 Ecclesiae

151 4368 334 4424 beatus
389 4367 705 4424 Dunstanus
761 4368 991 4425 antistes
1043 4368 1454 4424 Cantuariensis
1508 4366 1734 4424 effectus

152 4459 247 4515 sibi
286 4461 584 4517 succedere
618 4460 769 4528 fecit,
796 4450 936 4532 'quia
965 4461 1195 4518 clericos
1225 4462 1299 4517 ibi
1342 4461 1599 4532 degentes
1633 4476 1734 4517 nec

152 4565 179 4602 a
206 4551 468 4620 pravitate
488 4567 583 4607 sua
609 4561 952 4619 convertere,
975 4567 1074 4608 nec
1097 4553 1221 4608 inde
1241 4568 1327 4620 eo,
1351 4554 1494 4622 quod
1521 4553 1730 4609 nobiles
1763 4535 1826 4598 υ-

145 4638 294 4708 juxta
337 4641 596 4697 saeculum
633 4651 796 4712 atque
831 4651 1086 4713 potentes
1115 4653 1292 4710 erant,
1349 4645 1536 4714 quibat
1558 4645 1732 4700 elimi-

152 4746 300 4799 nare,
327 4733 634 4788 construxit
656 4747 794 4804 pene
817 4735 1129 4803 contiguam
1157 4735 1257 4805 ipsi
1289 4734 1538 4791 ecclesiae
1560 4735 1733 4791 eccle-

157 4823 287 4878 siam
325 4825 498 4881 beatae
529 4825 623 4881 Dei
678 4825 1179 4898 genitrici‘Marite,
1220 4828 1274 4883 in
1309 4843 1414 4898 qua
1446 4826 1561 4899 ipse
1611 4844 1733 4885 cum

153 4915 450 4983 monachis,
477 4931 616 4987 quos
637 4931 697 4973 se
727 4926 1084 4988 proposuerat
1105 4918 1491 4982 adunaturum,
1520 4917 1737 4974 Christo

153 5006 398 5064 serviret.
425 5007 578 5076 Quod
607 5017 663 5064 et
700 5007 903 5066 factum
939 5017 1044 5064 est.
1084 5008 1292 5079 Religio
1322 5009 1506 5078 itaque
1543 5024 1734 5064 mona-

156 5095 377 5153 chorum
414 5106 802 5170 -contemptum
845 5099 1059 5155 clericis
1081 5099 1310 5170 peperit,
1350 5107 1406 5154 et
1427 5097 1570 5168 vulgi
1600 5113 1730 5153 cou-

157 5196 372 5242 ventnm
409 5189 477 5245 ab
508 5189 588 5244 eis
623 5189 923 5244 alienatum
964 5189 1065 5245 sibi
1097 5188 1374 5244 assiduum
1416 5187 1565 5244 fecit.
1598 5187 1738 5255 Quid

159 5275 307 5346 plura
335 5281 358 5332 ?
385 5278 656 5336 Numerus
701 5279 1025 5336 clericorum
1057 5277 1260 5349 passim
1292 5278 1574 5341 minuitur,
1625 5291 1738 5330 nio-

160 5369 780 5430 nachorum'conventus
805 5373 857 5426 in
903 5371 1019 5427 dies
1045 5378 1290 5442 augetur.
1328 5368 1559 5438 Quidam
1589 5369 1734 5422 insu-

159 5473 251 5529 per
272 5479 338 5518 εχ
363 5463 490 5534 ipsis
540 5464 755 5520 clericis
784 5464 1028 5520 conversi
1062 5457 1287 5519 numero
1325 5463 1547 5519 illorum
1567 5457 1732 5516 additi

162 5563 300 5609 sunt.
333 5555 442 5612 Hoc
469 5558 631 5612 modo
663 5557 820 5612 sedes
847 5556 1173 5626 pontiﬁcalis
1216 5563 1420 5610 mutata
1450 5563 1532 5610 est
1559 5554 1611 5607 in
1641 5567 1730 5609 ec-

167 5643 374 5702 clcsiam
401 5649 579 5706 Beatae'
601 5650 783 5705 Mariae
820 5661 1034 5725 semper
1064 5647 1312 5719 Virginis.

1837 3263 2061 3320 strictus
2090 3261 2375 3332 primatem
2402 3259 2569 3316 totius
2595 3258 2895 3313 Britannias
2920 3255 3102 3312 sedem
3131 3254 3424 3326 regendam

1838 3357 2102 3426 suscepit,
2129 3363 2184 3410 et
2215 3369 2335 3410 eam
2364 3353 2628 3409 immensa
2657 3353 2900 3409 omnium
2934 3337 3428 3432 adiacentiumEc-

1837 3449 2128 3505 etesiarum
2173 3463 2237 3504 ac
2261 3448 2579 3520 populorum
2604 3446 2967 3503 exsultatione
2995 3455 3048 3501 et
3070 3444 3238 3517 gloria
3264 3444 3427 3500 dedu-

1837 3549 1960 3594 ctus
2018 3539 2282 3595 ascendit.
2343 3537 2476 3593 Post
2521 3538 2636 3593 haec
2695 3535 2957 3606 temporis
3017 3534 3426 3605 opportunitate

1837 3630 2536 3701 accepta'beatissimorum
2580 3629 2947 3700 apostolorum
3009 3626 3154 3682 Petri
3194 3637 3248 3681 et
3274 3626 3423 3680 Pauli

1835 3723 2020 3779 limina
2043 3722 2220 3794 petiit,
2253 3730 2308 3776 ct
2337 3736 2462 3777 eum
2510 3735 2737 3776 summae
2772 3720 2915 3775 sedis
2944 3717 3186 3788 pontifex
3229 3731 3426 3786 magno

1837 3805 2066 3874 sincerae
2122 3814 2431 3871 dilectionis
2478 3812 2674 3870 affectu
2715 3811 2808 3867 illo
2829 3811 3155 3866 Venientemi
3187 3797 3422 3878 excepit,

1835 3926 2128 3982 secumque
2153 3919 2336 3982 postea
2375 3907 2699 3962 familiarius
2745 3919 2933 3976 agens,
2967 3913 3020 3958 et
3052 3903 3259 3974 agendo
3294 3912 3426 3956 tem-

1816 4003 1984 4074 plum
2023 4001 2200 4057 sancti
2225 3987 2468 4070 Spiritus
2494 4010 2618 4053 esse
2673 3993 3068 4050 indubitanter
3099 4007 3423 4060 agnoscens.

1814 4091 2126 4165 magnifice
2149 4091 2298 4146 illum
2328 4079 2644 4154 honoravit,
2680 4101 2744 4142 ac
2781 4085 3030 4165 stola‘sui
3066 4083 3425 4165 apostolatus,

1835 4158 1956 4257 pro.
1981 4199 2087 4255 qua
2111 4171 2366 4246 venerat,
2423 4178 2811 4236 decentissime
2866 4158 3167 4234 decoravit.
3225 4175 3427 4246 Sicque

1816 4277 2094 4348 delegata
2118 4277 2168 4332 ei
2207 4275 2476 4348 legatione
2526 4272 2838 4345 apostolicae
2863 4271 3010 4328 sedis
3045 4261 3191 4343 genti
3219 4269 3425 4342 Anglo-

1839 4385 1958 4425 rum
1985 4359 2264 4440 pastorem
2298 4380 2362 4420 ac
2396 4364 2588 4421 salutis
2638 4355 2829 4421 eorum
2877 4362 3212 4434 provisorcm
3260 4361 3430 4417 desti—

1840 4463 2008 4518 navit.
2039 4461 2232 4532 Itaque
2247 4461 2334 4516 vir
2367 4458 2461 4515 Dei
2506 4459 2677 4513 Roma
2713 4455 3162 4522 reversus,'et-in
3194 4454 3430 4525 patriar-

1836 4555 2054 4611 cltatum
2079 4553 2268 4623 primae
2284 4550 2428 4607 sedis
2445 4548 2850 4604 Britanniarum
2873 4555 3143 4616 receptus,
3173 4546 3225 4598 in
3252 4545 3426 4627 ipsum

1836 4647 2020 4702 mundi
2051 4645 2352 4715 principem
2377 4643 2528 4712 quasi
2562 4641 2714 4712 gigas
2729 4639 2988 4705 surrexit,
3013 4645 3066 4692 ct
3091 4645 3427 4690 armaturam

1838 4740 1989 4797 vorbi
2017 4740 2111 4795 Dei
2145 4759 2163 4791 ι
2201 4754 2230 4791 a
2255 4735 2462 4793 dextris
2506 4743 2561 4791 et
2603 4750 2633 4789 a
2670 4732 2909 4789 sinistris
2944 4749 2962 4783 ι
2990 4728 3076 4801 (II
3108 4728 3232 4783 Cor.
3262 4744 3337 4794 γι,
3371 4727 3426 4797 7)

1819 4829 2110 4890 constanti
2157 4825 2359 4886 virtute
2388 4829 2442 4884 in
2475 4841 2612 4884 eum
2643 4827 2882 4891 vibrare,
2930 4833 2983 4878 et
3023 4821 3266 4878 membra
3308 4821 3426 4892 ejus

1841 4926 2268 4994 circumquaque
2294 4920 2587 4985 debellare,
2622 4911 2967 4989 prosternere
2996 4915 3162 4987 coepit
3189 4926 3244 4971 et
3265 4903 3430 4972 ener-

1837 5031 1990 5071 vare.
2217 5011 2219 5013 ’
2919 5011 2926 5020 “
3127 5002 3153 5025 ³
3243 5019 3246 5022 ’

1912 5108 2056 5162 Inter
2087 5107 2202 5162 bare
2228 5106 2518 5170 visionem,
2546 5118 2708 5174 quam
2759 5101 2860 5158 sibi
2906 5101 2959 5154 iu
2993 5098 3265 5155 oblatione
3294 5109 3427 5168 apo-

1841 5199 2046 5257 stolicae
2076 5207 2369 5253 armatura:
2419 5197 2619 5254 dudum
2675 5194 2994 5266 apparuisse
3018 5182 3426 5262 descripsimus.

1844 5300 2024 5347 mente
2059 5289 2364 5356 revolvens,
2415 5298 2469 5344 et
2520 5303 2642 5344 eam
2689 5288 2802 5358 jam
2850 5288 2902 5341 iu
2955 5283 3429 5339 administratione

1844 5385 2122 5457 regiminis
2175 5383 2401 5440 duarum
2433 5381 2823 5444 Ecclesiardm,
2875 5375 3249 5448 Wigornensis
3276 5373 3427 5428 vide-

1844 5478 1972 5534 licet
2026 5487 2080 5532 et
2109 5475 2525 5540 Lundoniensis,
2572 5472 2726 5526 firme
2765 5467 3038 5541 impletam
3067 5465 3426 5536 conspiciens,

1847 5572 2134 5627 dicendum
2166 5557 2422 5626 existimo
2455 5573 2560 5640 per
2581 5555 2711 5637 quid
2760 5563 3256 5632 archiepiscopatus
3289 5557 3422 5613 Canv

1817 5686 1820 5687 ν
1849 5664 2157 5731 tuariensis,
2189 5665 2279 5735 qui
2303 5667 2401 5722 hos
2447 5665 2706 5737 dignitate
2732 5662 2984 5736 prtccedit
3010 5669 3064 5716 et
3088 5659 3142 5716 in
3182 5669 3288 5730 quo
3315 5644 3422 5728 ipsi

244 5785 350 5856 (5f)
387 5787 515 5842 Vide
562 5787 884 5858 l‘atrologia:
920 5794 1048 5843 tom.
1081 5783 1509 5854 CXXX\’II,col.
1543 5783 1668 5852 407,
1697 5784 1750 5837 in
1783 5782 1838 5837 S.
1875 5780 2170 5836 Duustano.
