  <div class='ocr_page' id='page_1' title='image "/cluster/home/n/w/nwhite01/storage/ocr_20150623/159/hvd.32044024236648/403.png"; bbox 0 0 3870 6304; ppageno 0'>
   <div class='ocr_carea' id='block_1_1' title="bbox 518 281 3710 360">
    <p class='ocr_par' dir='ltr' id='par_1_1' title="bbox 518 281 3710 360">
     <span class='ocr_line' id='line_1_1' title="bbox 518 281 3710 360; baseline 0.002 -23"><span class='ocrx_word' id='word_1_1' title='bbox 518 281 612 342; x_wconf 68' lang='lat'><strong>79&#39;</strong></span> <span class='ocrx_word' id='word_1_2' title='bbox 1200 312 1204 316; x_wconf 84' lang='lat'><strong><em>-</em></strong></span> <span class='ocrx_word' id='word_1_3' title='bbox 1505 285 1806 341; x_wconf 71' lang='lat' dir='ltr'><strong>EADMEBI</strong></span> <span class='ocrx_word' id='word_1_4' title='bbox 1846 281 2401 342; x_wconf 72' lang='lat' dir='ltr'><strong>CAN&#39;I‘UARIENSIS</strong></span> <span class='ocrx_word' id='word_1_5' title='bbox 2434 284 2750 343; x_wconf 75' lang='lat' dir='ltr'><strong>MONACHI</strong></span> <span class='ocrx_word' id='word_1_6' title='bbox 3639 303 3710 360; x_wconf 58' lang='grc' dir='ltr'><strong>τῃ</strong></span> 
     </span>
    </p>
   </div>
   <div class='ocr_carea' id='block_1_2' title="bbox 518 395 3711 475">
    <p class='ocr_par' dir='ltr' id='par_1_2' title="bbox 518 395 3711 475">
     <span class='ocr_line' id='line_1_2' title="bbox 518 395 3711 475; baseline 0.005 -24"><span class='ocrx_word' id='word_1_7' title='bbox 518 395 878 454; x_wconf 77' lang='lat' dir='ltr'><strong>excellentius</strong></span> <span class='ocrx_word' id='word_1_8' title='bbox 927 397 1091 461; x_wconf 83' lang='lat' dir='ltr'><strong>sedit,</strong></span> <span class='ocrx_word' id='word_1_9' title='bbox 1136 398 1184 454; x_wconf 83' lang='lat' dir='ltr'><strong>ei</strong></span> <span class='ocrx_word' id='word_1_10' title='bbox 1211 400 1569 471; x_wconf 70' lang='lat' dir='ltr'><strong>praesiguatus</strong></span> <span class='ocrx_word' id='word_1_11' title='bbox 1598 401 1688 458; x_wconf 89' lang='lat' dir='ltr'><strong>sit.</strong></span> <span class='ocrx_word' id='word_1_12' title='bbox 1725 402 1987 459; x_wconf 85' lang='lat' dir='ltr'><strong>Nimirum</strong></span> <span class='ocrx_word' id='word_1_13' title='bbox 2014 419 2110 475; x_wconf 83' lang='lat' dir='ltr'><strong>per</strong></span> <span class='ocrx_word' id='word_1_14' title='bbox 2139 396 2184 452; x_wconf 75' lang='grc' dir='ltr'><strong>Α</strong></span> <span class='ocrx_word' id='word_1_15' title='bbox 2211 397 2364 466; x_wconf 87' lang='lat' dir='ltr'><strong>cujus</strong></span> <span class='ocrx_word' id='word_1_16' title='bbox 2411 399 2671 456; x_wconf 76' lang='lat' dir='ltr'><strong>momenti</strong></span> <span class='ocrx_word' id='word_1_17' title='bbox 2718 407 2998 470; x_wconf 86' lang='lat' dir='ltr'><strong>reputans,</strong></span> <span class='ocrx_word' id='word_1_18' title='bbox 3045 401 3111 457; x_wconf 87' lang='lat' dir='ltr'><strong>ad</strong></span> <span class='ocrx_word' id='word_1_19' title='bbox 3163 403 3267 457; x_wconf 89' lang='lat' dir='ltr'><strong>huc</strong></span> <span class='ocrx_word' id='word_1_20' title='bbox 3319 403 3482 462; x_wconf 75' lang='lat' dir='ltr'><strong>solum</strong></span> <span class='ocrx_word' id='word_1_21' title='bbox 3515 420 3711 473; x_wconf 68' lang='lat' dir='ltr'><strong>actutum</strong></span> 
     </span>
    </p>
   </div>
   <div class='ocr_carea' id='block_1_3' title="bbox 523 489 2104 564">
    <p class='ocr_par' dir='ltr' id='par_1_3' title="bbox 523 489 2104 564">
     <span class='ocr_line' id='line_1_3' title="bbox 523 489 2104 564; baseline 0.005 -22"><span class='ocrx_word' id='word_1_22' title='bbox 523 489 752 546; x_wconf 82' lang='lat' dir='ltr'><strong>verbum</strong></span> <span class='ocrx_word' id='word_1_23' title='bbox 786 489 899 558; x_wconf 85' lang='lat' dir='ltr'><strong>Dei,</strong></span> <span class='ocrx_word' id='word_1_24' title='bbox 930 491 1074 561; x_wconf 91' lang='lat' dir='ltr'><strong>quod</strong></span> <span class='ocrx_word' id='word_1_25' title='bbox 1131 492 1391 562; x_wconf 90' lang='lat' dir='ltr'><strong>scriptum</strong></span> <span class='ocrx_word' id='word_1_26' title='bbox 1423 493 1661 564; x_wconf 89' lang='lat' dir='ltr'><strong>snsccpit</strong></span> <span class='ocrx_word' id='word_1_27' title='bbox 1698 494 1750 548; x_wconf 88' lang='lat' dir='ltr'><strong>in</strong></span> <span class='ocrx_word' id='word_1_28' title='bbox 1780 495 1957 564; x_wconf 84' lang='lat' dir='ltr'><strong>gladio</strong></span> <span class='ocrx_word' id='word_1_29' title='bbox 1981 496 2104 552; x_wconf 87' lang='lat' dir='ltr'><strong>hea-</strong></span> 
     </span>
    </p>
   </div>
   <div class='ocr_carea' id='block_1_4' title="bbox 521 581 2109 653">
    <p class='ocr_par' dir='ltr' id='par_1_4' title="bbox 521 581 2109 653">
     <span class='ocr_line' id='line_1_4' title="bbox 521 581 2109 653; baseline 0.004 -17"><span class='ocrx_word' id='word_1_30' title='bbox 521 581 718 638; x_wconf 92' lang='lat' dir='ltr'><strong>tissimi</strong></span> <span class='ocrx_word' id='word_1_31' title='bbox 745 581 914 646; x_wconf 83' lang='lat' dir='ltr'><strong>Petri,</strong></span> <span class='ocrx_word' id='word_1_32' title='bbox 944 582 1240 637; x_wconf 86' lang='lat' dir='ltr'><strong>secundum</strong></span> <span class='ocrx_word' id='word_1_33' title='bbox 1289 584 1433 653; x_wconf 92' lang='lat' dir='ltr'><strong>quod</strong></span> <span class='ocrx_word' id='word_1_34' title='bbox 1467 582 1593 638; x_wconf 87' lang='lat' dir='ltr'><strong>illud</strong></span> <span class='ocrx_word' id='word_1_35' title='bbox 1619 599 1710 638; x_wconf 82' lang='lat' dir='ltr'><strong>rex</strong></span> <span class='ocrx_word' id='word_1_36' title='bbox 1747 585 1989 642; x_wconf 86' lang='lat' dir='ltr'><strong>Edredus</strong></span> <span class='ocrx_word' id='word_1_37' title='bbox 2011 601 2109 642; x_wconf 82' lang='lat' dir='ltr'><strong>ex-</strong></span> 
     </span>
    </p>
   </div>
   <div class='ocr_carea' id='block_1_5' title="bbox 520 671 2102 744">
    <p class='ocr_par' dir='ltr' id='par_1_5' title="bbox 520 671 2102 744">
     <span class='ocr_line' id='line_1_5' title="bbox 520 671 2102 744; baseline 0.003 -17"><span class='ocrx_word' id='word_1_38' title='bbox 520 673 720 744; x_wconf 86' lang='lat' dir='ltr'><strong>posuit,</strong></span> <span class='ocrx_word' id='word_1_39' title='bbox 771 671 991 741; x_wconf 84' lang='lat' dir='ltr'><strong>quando</strong></span> <span class='ocrx_word' id='word_1_40' title='bbox 1033 671 1082 727; x_wconf 92' lang='lat' dir='ltr'><strong>ei</strong></span> <span class='ocrx_word' id='word_1_41' title='bbox 1115 671 1378 729; x_wconf 84' lang='lat' dir='ltr'><strong>visionem</strong></span> <span class='ocrx_word' id='word_1_42' title='bbox 1410 675 1580 742; x_wconf 89' lang='lat' dir='ltr'><strong>ipsam</strong></span> <span class='ocrx_word' id='word_1_43' title='bbox 1625 675 1740 744; x_wconf 90' lang='lat' dir='ltr'><strong>ipse</strong></span> <span class='ocrx_word' id='word_1_44' title='bbox 1769 675 2102 744; x_wconf 86' lang='lat' dir='ltr'><strong>Dunstanus,</strong></span> 
     </span>
    </p>
   </div>
   <div class='ocr_carea' id='block_1_6' title="bbox 521 761 2105 839">
    <p class='ocr_par' dir='ltr' id='par_1_6' title="bbox 521 761 2105 839">
     <span class='ocr_line' id='line_1_6' title="bbox 521 761 2105 839; baseline 0.005 -22"><span class='ocrx_word' id='word_1_45' title='bbox 521 774 582 819; x_wconf 88' lang='lat' dir='ltr'><strong>ut</strong></span> <span class='ocrx_word' id='word_1_46' title='bbox 622 761 997 835; x_wconf 81' lang='lat' dir='ltr'><strong>praediximus,</strong></span> <span class='ocrx_word' id='word_1_47' title='bbox 1041 765 1244 821; x_wconf 87' lang='lat' dir='ltr'><strong>retulit.</strong></span> <span class='ocrx_word' id='word_1_48' title='bbox 1278 765 1478 837; x_wconf 78' lang='lat' dir='ltr'><strong>Sicque</strong></span> <span class='ocrx_word' id='word_1_49' title='bbox 1521 766 1730 839; x_wconf 81' lang='lat' dir='ltr'><strong>gladius</strong></span> <span class='ocrx_word' id='word_1_50' title='bbox 1757 767 1900 824; x_wconf 87' lang='lat' dir='ltr'><strong>Petri</strong></span> <span class='ocrx_word' id='word_1_51' title='bbox 1937 769 2105 826; x_wconf 89' lang='lat' dir='ltr'><strong>eccle-</strong></span> 
     </span>
    </p>
   </div>
   <div class='ocr_carea' id='block_1_7' title="bbox 520 853 2104 928">
    <p class='ocr_par' dir='ltr' id='par_1_7' title="bbox 520 853 2104 928">
     <span class='ocr_line' id='line_1_7' title="bbox 520 853 2104 928; baseline 0.003 -19"><span class='ocrx_word' id='word_1_52' title='bbox 520 857 657 910; x_wconf 87' lang='lat' dir='ltr'><strong>siam</strong></span> <span class='ocrx_word' id='word_1_53' title='bbox 685 853 852 918; x_wconf 87' lang='lat' dir='ltr'><strong>Petri,</strong></span> <span class='ocrx_word' id='word_1_54' title='bbox 875 864 929 911; x_wconf 90' lang='lat' dir='ltr'><strong>et</strong></span> <span class='ocrx_word' id='word_1_55' title='bbox 953 859 1176 914; x_wconf 85' lang='lat' dir='ltr'><strong>verbum</strong></span> <span class='ocrx_word' id='word_1_56' title='bbox 1207 858 1302 914; x_wconf 89' lang='lat' dir='ltr'><strong>Dei</strong></span> <span class='ocrx_word' id='word_1_57' title='bbox 1339 858 1628 913; x_wconf 77' lang='lat' dir='ltr'><strong>ecclesiam</strong></span> <span class='ocrx_word' id='word_1_58' title='bbox 1666 857 1824 914; x_wconf 85' lang='lat' dir='ltr'><strong>Verbi</strong></span> <span class='ocrx_word' id='word_1_59' title='bbox 1857 858 1950 915; x_wconf 89' lang='lat' dir='ltr'><strong>Dei</strong></span> <span class='ocrx_word' id='word_1_60' title='bbox 1987 874 2104 928; x_wconf 70' lang='lat' dir='ltr'><strong>quae</strong></span> 
     </span>
    </p>
   </div>
   <div class='ocr_carea' id='block_1_8' title="bbox 524 948 2105 1022">
    <p class='ocr_par' dir='ltr' id='par_1_8' title="bbox 524 948 2105 1022">
     <span class='ocr_line' id='line_1_8' title="bbox 524 948 2105 1022; baseline 0.003 -18"><span class='ocrx_word' id='word_1_61' title='bbox 524 948 831 1007; x_wconf 70' lang='lat' dir='ltr'><strong>Cantuaria:</strong></span> <span class='ocrx_word' id='word_1_62' title='bbox 851 952 953 1008; x_wconf 82' lang='lat' dir='ltr'><strong>sita</strong></span> <span class='ocrx_word' id='word_1_63' title='bbox 977 960 1083 1018; x_wconf 87' lang='lat' dir='ltr'><strong>est,</strong></span> <span class='ocrx_word' id='word_1_64' title='bbox 1109 950 1453 1022; x_wconf 82' lang='lat' dir='ltr'><strong>signiﬁcavit.</strong></span> <span class='ocrx_word' id='word_1_65' title='bbox 1481 950 1618 1005; x_wconf 79' lang='lat' dir='ltr'><strong>Exin</strong></span> <span class='ocrx_word' id='word_1_66' title='bbox 1639 951 1856 1007; x_wconf 87' lang='lat' dir='ltr'><strong>videtur</strong></span> <span class='ocrx_word' id='word_1_67' title='bbox 1877 950 2105 1008; x_wconf 85' lang='lat' dir='ltr'><strong>rationis</strong></span> 
     </span>
    </p>
   </div>
   <div class='ocr_carea' id='block_1_9' title="bbox 519 1040 2104 1116">
    <p class='ocr_par' dir='ltr' id='par_1_9' title="bbox 519 1040 2104 1116">
     <span class='ocr_line' id='line_1_9' title="bbox 519 1040 2104 1116; baseline 0.003 -20"><span class='ocrx_word' id='word_1_68' title='bbox 519 1040 705 1097; x_wconf 83' lang='lat' dir='ltr'><strong>dicere</strong></span> <span class='ocrx_word' id='word_1_69' title='bbox 726 1042 854 1114; x_wconf 90' lang='lat' dir='ltr'><strong>quid</strong></span> <span class='ocrx_word' id='word_1_70' title='bbox 879 1041 1088 1116; x_wconf 75' lang='lat' dir='ltr'><strong>gladius</strong></span> <span class='ocrx_word' id='word_1_71' title='bbox 1109 1043 1252 1097; x_wconf 84' lang='lat' dir='ltr'><strong>beati</strong></span> <span class='ocrx_word' id='word_1_72' title='bbox 1270 1041 1499 1097; x_wconf 85' lang='lat' dir='ltr'><strong>Andreae</strong></span> <span class='ocrx_word' id='word_1_73' title='bbox 1521 1057 1641 1097; x_wconf 87' lang='lat' dir='ltr'><strong>cum</strong></span> <span class='ocrx_word' id='word_1_74' title='bbox 1664 1043 1876 1098; x_wconf 67' lang='lat' dir='ltr'><strong>caeteris</strong></span> <span class='ocrx_word' id='word_1_75' title='bbox 1892 1043 2104 1100; x_wconf 89' lang='lat' dir='ltr'><strong>oblatus</strong></span> 
     </span>
    </p>
   </div>
   <div class='ocr_carea' id='block_1_10' title="bbox 521 1134 2102 1205">
    <p class='ocr_par' dir='ltr' id='par_1_10' title="bbox 521 1134 2102 1205">
     <span class='ocr_line' id='line_1_10' title="bbox 521 1134 2102 1205; baseline 0.003 -18"><span class='ocrx_word' id='word_1_76' title='bbox 521 1135 894 1201; x_wconf 73' lang='lat' dir='ltr'><strong>prmtenderit,</strong></span> <span class='ocrx_word' id='word_1_77' title='bbox 936 1134 1375 1205; x_wconf 81' lang='lat' dir='ltr'><strong>quandoquidem</strong></span> <span class='ocrx_word' id='word_1_78' title='bbox 1429 1134 1544 1205; x_wconf 90' lang='lat' dir='ltr'><strong>ipse</strong></span> <span class='ocrx_word' id='word_1_79' title='bbox 1590 1135 1644 1190; x_wconf 90' lang='lat' dir='ltr'><strong>in</strong></span> <span class='ocrx_word' id='word_1_80' title='bbox 1681 1134 1824 1189; x_wconf 90' lang='lat' dir='ltr'><strong>nulla</strong></span> <span class='ocrx_word' id='word_1_81' title='bbox 1871 1134 2102 1192; x_wconf 88' lang='lat' dir='ltr'><strong>ecclesia</strong></span> 
     </span>
    </p>
   </div>
   <div class='ocr_carea' id='block_1_11' title="bbox 521 1227 2100 1299">
    <p class='ocr_par' dir='ltr' id='par_1_11' title="bbox 521 1227 2100 1299">
     <span class='ocr_line' id='line_1_11' title="bbox 521 1227 2100 1299; baseline 0.003 -19"><span class='ocrx_word' id='word_1_82' title='bbox 521 1241 643 1296; x_wconf 74' lang='lat' dir='ltr'><strong>quze</strong></span> <span class='ocrx_word' id='word_1_83' title='bbox 689 1227 791 1283; x_wconf 85' lang='lat' dir='ltr'><strong>sub</strong></span> <span class='ocrx_word' id='word_1_84' title='bbox 841 1229 1060 1284; x_wconf 87' lang='lat' dir='ltr'><strong>nomine</strong></span> <span class='ocrx_word' id='word_1_85' title='bbox 1120 1229 1287 1299; x_wconf 87' lang='lat' dir='ltr'><strong>ipsius</strong></span> <span class='ocrx_word' id='word_1_86' title='bbox 1345 1228 1573 1298; x_wconf 87' lang='lat' dir='ltr'><strong>apostoli</strong></span> <span class='ocrx_word' id='word_1_87' title='bbox 1643 1240 1958 1286; x_wconf 86' lang='lat' dir='ltr'><strong>consecrata</strong></span> <span class='ocrx_word' id='word_1_88' title='bbox 2010 1231 2100 1297; x_wconf 86' lang='lat' dir='ltr'><strong>sit,</strong></span> 
     </span>
    </p>
   </div>
   <div class='ocr_carea' id='block_1_12' title="bbox 519 1319 2103 1390">
    <p class='ocr_par' dir='ltr' id='par_1_12' title="bbox 519 1319 2103 1390">
     <span class='ocr_line' id='line_1_12' title="bbox 519 1319 2103 1390; baseline 0.002 -16"><span class='ocrx_word' id='word_1_89' title='bbox 519 1319 662 1375; x_wconf 84' lang='lat' dir='ltr'><strong>sicut</strong></span> <span class='ocrx_word' id='word_1_90' title='bbox 714 1320 770 1375; x_wconf 90' lang='lat' dir='ltr'><strong>in</strong></span> <span class='ocrx_word' id='word_1_91' title='bbox 825 1320 1098 1390; x_wconf 81' lang='lat' dir='ltr'><strong>praedictis</strong></span> <span class='ocrx_word' id='word_1_92' title='bbox 1151 1320 1322 1376; x_wconf 89' lang='lat' dir='ltr'><strong>tribus</strong></span> <span class='ocrx_word' id='word_1_93' title='bbox 1379 1321 1625 1377; x_wconf 89' lang='lat' dir='ltr'><strong>ccclesiis</strong></span> <span class='ocrx_word' id='word_1_94' title='bbox 1671 1322 1895 1377; x_wconf 86' lang='lat' dir='ltr'><strong>sederit.</strong></span> <span class='ocrx_word' id='word_1_95' title='bbox 1949 1321 2103 1390; x_wconf 88' lang='lat' dir='ltr'><strong>Quod</strong></span> 
     </span>
    </p>
   </div>
   <div class='ocr_carea' id='block_1_13' title="bbox 519 1411 2105 1485">
    <p class='ocr_par' dir='ltr' id='par_1_13' title="bbox 519 1411 2105 1485">
     <span class='ocr_line' id='line_1_13' title="bbox 519 1411 2105 1485; baseline 0.004 -22"><span class='ocrx_word' id='word_1_96' title='bbox 519 1411 764 1481; x_wconf 86' lang='lat' dir='ltr'><strong>quidem,</strong></span> <span class='ocrx_word' id='word_1_97' title='bbox 820 1420 1085 1480; x_wconf 87' lang='lat' dir='ltr'><strong>quantum</strong></span> <span class='ocrx_word' id='word_1_98' title='bbox 1146 1413 1341 1467; x_wconf 87' lang='lat' dir='ltr'><strong>attinet</strong></span> <span class='ocrx_word' id='word_1_99' title='bbox 1377 1412 1446 1467; x_wconf 90' lang='lat' dir='ltr'><strong>ad</strong></span> <span class='ocrx_word' id='word_1_100' title='bbox 1491 1427 1591 1468; x_wconf 87' lang='lat' dir='ltr'><strong>nos</strong></span> <span class='ocrx_word' id='word_1_101' title='bbox 1638 1412 1862 1485; x_wconf 82' lang='lat' dir='ltr'><strong>Anglos,</strong></span> <span class='ocrx_word' id='word_1_102' title='bbox 1907 1413 2105 1483; x_wconf 79' lang='lat' dir='ltr'><strong>quibus</strong></span> 
     </span>
    </p>
   </div>
   <div class='ocr_carea' id='block_1_14' title="bbox 521 1503 2105 1575">
    <p class='ocr_par' dir='ltr' id='par_1_14' title="bbox 521 1503 2105 1575">
     <span class='ocr_line' id='line_1_14' title="bbox 521 1503 2105 1575; baseline 0.004 -20"><span class='ocrx_word' id='word_1_103' title='bbox 521 1503 650 1572; x_wconf 87' lang='lat' dir='ltr'><strong>quid</strong></span> <span class='ocrx_word' id='word_1_104' title='bbox 676 1503 778 1558; x_wconf 88' lang='lat' dir='ltr'><strong>hoc</strong></span> <span class='ocrx_word' id='word_1_105' title='bbox 801 1503 874 1558; x_wconf 88' lang='lat' dir='ltr'><strong>sit</strong></span> <span class='ocrx_word' id='word_1_106' title='bbox 900 1503 1020 1559; x_wconf 90' lang='lat' dir='ltr'><strong>luce</strong></span> <span class='ocrx_word' id='word_1_107' title='bbox 1039 1503 1239 1560; x_wconf 89' lang='lat' dir='ltr'><strong>clarius</strong></span> <span class='ocrx_word' id='word_1_108' title='bbox 1259 1513 1431 1575; x_wconf 89' lang='lat' dir='ltr'><strong>patet,</strong></span> <span class='ocrx_word' id='word_1_109' title='bbox 1459 1503 1791 1574; x_wconf 80' lang='lat' dir='ltr'><strong>superﬂuum</strong></span> <span class='ocrx_word' id='word_1_110' title='bbox 1817 1521 1939 1560; x_wconf 89' lang='lat' dir='ltr'><strong>reor</strong></span> <span class='ocrx_word' id='word_1_111' title='bbox 1958 1505 2105 1562; x_wconf 88' lang='lat' dir='ltr'><strong>dicto</strong></span> 
     </span>
    </p>
   </div>
   <div class='ocr_carea' id='block_1_15' title="bbox 519 1597 2102 1670">
    <p class='ocr_par' dir='ltr' id='par_1_15' title="bbox 519 1597 2102 1670">
     <span class='ocr_line' id='line_1_15' title="bbox 519 1597 2102 1670; baseline 0.001 -20"><span class='ocrx_word' id='word_1_112' title='bbox 519 1611 950 1654; x_wconf 86' lang='lat' dir='ltr'><strong>commemorare</strong></span> <span class='ocrx_word' id='word_1_113' title='bbox 978 1597 1061 1652; x_wconf 87' lang='lat' dir='ltr'><strong>vel</strong></span> <span class='ocrx_word' id='word_1_114' title='bbox 1101 1597 1325 1669; x_wconf 88' lang='lat' dir='ltr'><strong>scripto.</strong></span> <span class='ocrx_word' id='word_1_115' title='bbox 1363 1599 1592 1670; x_wconf 84' lang='lat' dir='ltr'><strong>Pmpter</strong></span> <span class='ocrx_word' id='word_1_116' title='bbox 1615 1609 1872 1656; x_wconf 80' lang='lat' dir='ltr'><strong>externos</strong></span> <span class='ocrx_word' id='word_1_117' title='bbox 1898 1608 2102 1666; x_wconf 89' lang='lat' dir='ltr'><strong>tamen,</strong></span> 
     </span>
    </p>
   </div>
   <div class='ocr_carea' id='block_1_16' title="bbox 520 1685 2106 1760">
    <p class='ocr_par' dir='ltr' id='par_1_16' title="bbox 520 1685 2106 1760">
     <span class='ocr_line' id='line_1_16' title="bbox 520 1685 2106 1760; baseline 0.004 -20"><span class='ocrx_word' id='word_1_118' title='bbox 520 1688 568 1741; x_wconf 78' lang='lat' dir='ltr'><strong>si</strong></span> <span class='ocrx_word' id='word_1_119' title='bbox 595 1686 736 1743; x_wconf 78' lang='lat' dir='ltr'><strong>forte</strong></span> <span class='ocrx_word' id='word_1_120' title='bbox 763 1688 1055 1758; x_wconf 86' lang='lat' dir='ltr'><strong>aliquando</strong></span> <span class='ocrx_word' id='word_1_121' title='bbox 1081 1689 1265 1760; x_wconf 89' lang='lat' dir='ltr'><strong>aliquo</strong></span> <span class='ocrx_word' id='word_1_122' title='bbox 1293 1706 1422 1746; x_wconf 90' lang='lat' dir='ltr'><strong>casu</strong></span> <span class='ocrx_word' id='word_1_123' title='bbox 1453 1685 1554 1746; x_wconf 79' lang='lat' dir='ltr'><strong>ista</strong></span> <span class='ocrx_word' id='word_1_124' title='bbox 1583 1691 1723 1746; x_wconf 87' lang='lat' dir='ltr'><strong>inter</strong></span> <span class='ocrx_word' id='word_1_125' title='bbox 1760 1705 1855 1746; x_wconf 90' lang='lat' dir='ltr'><strong>eos</strong></span> <span class='ocrx_word' id='word_1_126' title='bbox 1893 1691 2106 1746; x_wconf 59' lang='lat' dir='ltr'><strong>occide.</strong></span> 
     </span>
    </p>
   </div>
   <div class='ocr_carea' id='block_1_17' title="bbox 522 1755 2180 1856">
    <p class='ocr_par' dir='ltr' id='par_1_17' title="bbox 522 1755 2180 1856">
     <span class='ocr_line' id='line_1_17' title="bbox 522 1755 2180 1856; baseline 0.003 -21"><span class='ocrx_word' id='word_1_127' title='bbox 522 1779 653 1846; x_wconf 82' lang='lat' dir='ltr'><strong>rint,</strong></span> <span class='ocrx_word' id='word_1_128' title='bbox 706 1755 950 1838; x_wconf 46' lang='lat' dir='ltr'><strong>brevi—ter</strong></span> <span class='ocrx_word' id='word_1_129' title='bbox 977 1782 1099 1839; x_wconf 88' lang='lat' dir='ltr'><strong>dico</strong></span> <span class='ocrx_word' id='word_1_130' title='bbox 1145 1755 1294 1840; x_wconf 81' lang='lat' dir='ltr'><strong>illum</strong></span> <span class='ocrx_word' id='word_1_131' title='bbox 1343 1785 1538 1840; x_wconf 89' lang='lat' dir='ltr'><strong>merito</strong></span> <span class='ocrx_word' id='word_1_132' title='bbox 1565 1800 1688 1840; x_wconf 87' lang='lat' dir='ltr'><strong>cum</strong></span> <span class='ocrx_word' id='word_1_133' title='bbox 1730 1783 1912 1856; x_wconf 86' lang='lat' dir='ltr'><strong>gladio</strong></span> <span class='ocrx_word' id='word_1_134' title='bbox 1953 1785 2102 1840; x_wconf 88' lang='lat' dir='ltr'><strong>Petri</strong></span> <span class='ocrx_word' id='word_1_135' title='bbox 2135 1755 2180 1815; x_wconf 73' lang='grc' dir='ltr'><strong>Β</strong></span> 
     </span>
    </p>
   </div>
   <div class='ocr_carea' id='block_1_18' title="bbox 517 1869 2100 1947">
    <p class='ocr_par' dir='ltr' id='par_1_18' title="bbox 517 1869 2100 1947">
     <span class='ocr_line' id='line_1_18' title="bbox 517 1869 2100 1947; baseline 0.005 -21"><span class='ocrx_word' id='word_1_136' title='bbox 517 1869 690 1928; x_wconf 73' lang='lat' dir='ltr'><strong>verbo</strong></span> <span class='ocrx_word' id='word_1_137' title='bbox 743 1873 836 1930; x_wconf 88' lang='lat' dir='ltr'><strong>Dei</strong></span> <span class='ocrx_word' id='word_1_138' title='bbox 881 1875 1143 1946; x_wconf 88' lang='lat' dir='ltr'><strong>inscripto</strong></span> <span class='ocrx_word' id='word_1_139' title='bbox 1200 1876 1436 1946; x_wconf 80' lang='lat' dir='ltr'><strong>gladium</strong></span> <span class='ocrx_word' id='word_1_140' title='bbox 1491 1878 1796 1947; x_wconf 80' lang='lat' dir='ltr'><strong>suscepisse</strong></span> <span class='ocrx_word' id='word_1_141' title='bbox 1848 1878 2100 1934; x_wconf 75' lang='lat' dir='ltr'><strong>Andrem.</strong></span> 
     </span>
    </p>
   </div>
   <div class='ocr_carea' id='block_1_19' title="bbox 515 1959 2104 2036">
    <p class='ocr_par' dir='ltr' id='par_1_19' title="bbox 515 1959 2104 2036">
     <span class='ocr_line' id='line_1_19' title="bbox 515 1959 2104 2036; baseline 0.003 -20"><span class='ocrx_word' id='word_1_142' title='bbox 515 1959 654 2016; x_wconf 81' lang='lat' dir='ltr'><strong>Nam</strong></span> <span class='ocrx_word' id='word_1_143' title='bbox 709 1963 802 2034; x_wconf 88' lang='lat' dir='ltr'><strong>qui</strong></span> <span class='ocrx_word' id='word_1_144' title='bbox 852 1963 1112 2020; x_wconf 73' lang='lat' dir='ltr'><strong>Ecclesiae</strong></span> <span class='ocrx_word' id='word_1_145' title='bbox 1164 1966 1543 2022; x_wconf 88' lang='lat' dir='ltr'><strong>Cantuariensi</strong></span> <span class='ocrx_word' id='word_1_146' title='bbox 1589 1982 1684 2036; x_wconf 88' lang='lat' dir='ltr'><strong>per</strong></span> <span class='ocrx_word' id='word_1_147' title='bbox 1730 1967 2104 2036; x_wconf 82' lang='lat' dir='ltr'><strong>pontiﬁcatum</strong></span> 
     </span>
    </p>
   </div>
   <div class='ocr_carea' id='block_1_20' title="bbox 517 2053 2103 2132">
    <p class='ocr_par' dir='ltr' id='par_1_20' title="bbox 517 2053 2103 2132">
     <span class='ocr_line' id='line_1_20' title="bbox 517 2053 2103 2132; baseline 0.002 -26"><span class='ocrx_word' id='word_1_148' title='bbox 517 2053 792 2132; x_wconf 66' lang='lat' dir='ltr'><strong>praesidet,</strong></span> <span class='ocrx_word' id='word_1_149' title='bbox 835 2053 1053 2111; x_wconf 78' lang='lat' dir='ltr'><strong>Rolensi</strong></span> <span class='ocrx_word' id='word_1_150' title='bbox 1082 2055 1328 2111; x_wconf 79' lang='lat' dir='ltr'><strong>ecclesia:</strong></span> <span class='ocrx_word' id='word_1_151' title='bbox 1349 2070 1470 2127; x_wconf 72' lang='lat' dir='ltr'><strong>qua:</strong></span> <span class='ocrx_word' id='word_1_152' title='bbox 1501 2056 1603 2110; x_wconf 85' lang='lat' dir='ltr'><strong>sub</strong></span> <span class='ocrx_word' id='word_1_153' title='bbox 1631 2055 1934 2127; x_wconf 90' lang='lat' dir='ltr'><strong>patrocinio</strong></span> <span class='ocrx_word' id='word_1_154' title='bbox 1963 2056 2103 2110; x_wconf 86' lang='lat' dir='ltr'><strong>beati</strong></span> 
     </span>
    </p>
   </div>
   <div class='ocr_carea' id='block_1_21' title="bbox 516 2145 2106 2220">
    <p class='ocr_par' dir='ltr' id='par_1_21' title="bbox 516 2145 2106 2220">
     <span class='ocr_line' id='line_1_21' title="bbox 516 2145 2106 2220; baseline 0.002 -23"><span class='ocrx_word' id='word_1_155' title='bbox 516 2145 754 2202; x_wconf 68' lang='lat' dir='ltr'><strong>Andreae</strong></span> <span class='ocrx_word' id='word_1_156' title='bbox 795 2147 1047 2203; x_wconf 72' lang='lat' dir='ltr'><strong>subsistit</strong></span> <span class='ocrx_word' id='word_1_157' title='bbox 1101 2163 1198 2218; x_wconf 88' lang='lat' dir='ltr'><strong>per</strong></span> <span class='ocrx_word' id='word_1_158' title='bbox 1245 2149 1481 2220; x_wconf 88' lang='lat' dir='ltr'><strong>episcopi</strong></span> <span class='ocrx_word' id='word_1_159' title='bbox 1540 2149 1962 2212; x_wconf 83' lang='lat' dir='ltr'><strong>institutionem,</strong></span> <span class='ocrx_word' id='word_1_160' title='bbox 2011 2163 2106 2218; x_wconf 90' lang='lat' dir='ltr'><strong>per</strong></span> 
     </span>
    </p>
   </div>
   <div class='ocr_carea' id='block_1_22' title="bbox 517 2237 2109 2312">
    <p class='ocr_par' dir='ltr' id='par_1_22' title="bbox 517 2237 2109 2312">
     <span class='ocr_line' id='line_1_22' title="bbox 517 2237 2109 2312; baseline 0.001 -20"><span class='ocrx_word' id='word_1_161' title='bbox 517 2237 714 2293; x_wconf 88' lang='lat' dir='ltr'><strong>horum</strong></span> <span class='ocrx_word' id='word_1_162' title='bbox 744 2247 800 2295; x_wconf 89' lang='lat' dir='ltr'><strong>et</strong></span> <span class='ocrx_word' id='word_1_163' title='bbox 822 2239 1016 2295; x_wconf 89' lang='lat' dir='ltr'><strong>horum</strong></span> <span class='ocrx_word' id='word_1_164' title='bbox 1044 2241 1189 2296; x_wconf 91' lang='lat' dir='ltr'><strong>intus</strong></span> <span class='ocrx_word' id='word_1_165' title='bbox 1210 2251 1265 2296; x_wconf 90' lang='lat' dir='ltr'><strong>et</strong></span> <span class='ocrx_word' id='word_1_166' title='bbox 1290 2250 1442 2296; x_wconf 75' lang='lat' dir='ltr'><strong>extra</strong></span> <span class='ocrx_word' id='word_1_167' title='bbox 1475 2257 1596 2296; x_wconf 91' lang='lat' dir='ltr'><strong>cum</strong></span> <span class='ocrx_word' id='word_1_168' title='bbox 1622 2257 1709 2296; x_wconf 92' lang='lat' dir='ltr'><strong>res</strong></span> <span class='ocrx_word' id='word_1_169' title='bbox 1738 2241 1908 2312; x_wconf 80' lang='lat' dir='ltr'><strong>exigit</strong></span> <span class='ocrx_word' id='word_1_170' title='bbox 1928 2241 2109 2311; x_wconf 89' lang='lat' dir='ltr'><strong>dispo-</strong></span> 
     </span>
    </p>
   </div>
   <div class='ocr_carea' id='block_1_23' title="bbox 519 2328 1718 2402">
    <p class='ocr_par' dir='ltr' id='par_1_23' title="bbox 519 2328 1718 2402">
     <span class='ocr_line' id='line_1_23' title="bbox 519 2328 1718 2402; baseline 0.001 -21"><span class='ocrx_word' id='word_1_171' title='bbox 519 2328 796 2395; x_wconf 76' lang='lat' dir='ltr'><strong>sitionem,</strong></span> <span class='ocrx_word' id='word_1_172' title='bbox 827 2339 1015 2400; x_wconf 87' lang='lat' dir='ltr'><strong>utpute</strong></span> <span class='ocrx_word' id='word_1_173' title='bbox 1046 2347 1144 2386; x_wconf 92' lang='lat' dir='ltr'><strong>suo</strong></span> <span class='ocrx_word' id='word_1_174' title='bbox 1178 2332 1416 2386; x_wconf 87' lang='lat' dir='ltr'><strong>dominio</strong></span> <span class='ocrx_word' id='word_1_175' title='bbox 1447 2332 1718 2402; x_wconf 76' lang='lat' dir='ltr'><strong>prmsidet.</strong></span> 
     </span>
    </p>
   </div>
   <div class='ocr_carea' id='block_1_24' title="bbox 592 2420 2108 2495">
    <p class='ocr_par' dir='ltr' id='par_1_24' title="bbox 592 2420 2108 2495">
     <span class='ocr_line' id='line_1_24' title="bbox 592 2420 2108 2495; baseline 0.004 -23"><span class='ocrx_word' id='word_1_176' title='bbox 592 2420 726 2486; x_wconf 81' lang='lat' dir='ltr'><strong>Quis</strong></span> <span class='ocrx_word' id='word_1_177' title='bbox 769 2421 933 2492; x_wconf 85' lang='lat' dir='ltr'><strong>igitur</strong></span> <span class='ocrx_word' id='word_1_178' title='bbox 979 2422 1034 2477; x_wconf 89' lang='lat' dir='ltr'><strong>in</strong></span> <span class='ocrx_word' id='word_1_179' title='bbox 1079 2423 1293 2478; x_wconf 87' lang='lat' dir='ltr'><strong>cunctis</strong></span> <span class='ocrx_word' id='word_1_180' title='bbox 1346 2438 1466 2493; x_wconf 77' lang='lat' dir='ltr'><strong>qum</strong></span> <span class='ocrx_word' id='word_1_181' title='bbox 1515 2423 1763 2494; x_wconf 83' lang='lat' dir='ltr'><strong>religioni</strong></span> <span class='ocrx_word' id='word_1_182' title='bbox 1796 2433 2108 2495; x_wconf 89' lang='lat' dir='ltr'><strong>competunt</strong></span> 
     </span>
    </p>
   </div>
   <div class='ocr_carea' id='block_1_25' title="bbox 521 2510 2108 2581">
    <p class='ocr_par' dir='ltr' id='par_1_25' title="bbox 521 2510 2108 2581">
     <span class='ocr_line' id='line_1_25' title="bbox 521 2510 2108 2581; baseline 0.003 -16"><span class='ocrx_word' id='word_1_183' title='bbox 521 2510 839 2568; x_wconf 88' lang='lat' dir='ltr'><strong>Dunstanus</strong></span> <span class='ocrx_word' id='word_1_184' title='bbox 879 2513 1064 2579; x_wconf 77' lang='lat' dir='ltr'><strong>fuerit,</strong></span> <span class='ocrx_word' id='word_1_185' title='bbox 1109 2513 1361 2568; x_wconf 87' lang='lat' dir='ltr'><strong>videlicet</strong></span> <span class='ocrx_word' id='word_1_186' title='bbox 1389 2512 1542 2581; x_wconf 86' lang='lat' dir='ltr'><strong>cujus</strong></span> <span class='ocrx_word' id='word_1_187' title='bbox 1570 2515 1791 2570; x_wconf 88' lang='lat' dir='ltr'><strong>virtutis</strong></span> <span class='ocrx_word' id='word_1_188' title='bbox 1821 2514 1889 2570; x_wconf 89' lang='lat' dir='ltr'><strong>ad</strong></span> <span class='ocrx_word' id='word_1_189' title='bbox 1918 2529 2108 2570; x_wconf 90' lang='lat' dir='ltr'><strong>omnes</strong></span> 
     </span>
    </p>
   </div>
   <div class='ocr_carea' id='block_1_26' title="bbox 523 2603 2107 2676">
    <p class='ocr_par' dir='ltr' id='par_1_26' title="bbox 523 2603 2107 2676">
     <span class='ocr_line' id='line_1_26' title="bbox 523 2603 2107 2676; baseline 0.003 -21"><span class='ocrx_word' id='word_1_190' title='bbox 523 2603 770 2657; x_wconf 89' lang='lat' dir='ltr'><strong>omnium</strong></span> <span class='ocrx_word' id='word_1_191' title='bbox 826 2619 1185 2674; x_wconf 91' lang='lat' dir='ltr'><strong>personarum</strong></span> <span class='ocrx_word' id='word_1_192' title='bbox 1233 2604 1524 2674; x_wconf 85' lang='lat' dir='ltr'><strong>injustitias</strong></span> <span class='ocrx_word' id='word_1_193' title='bbox 1571 2605 1984 2676; x_wconf 86' lang='lat' dir='ltr'><strong>deprimendas,</strong></span> <span class='ocrx_word' id='word_1_194' title='bbox 2040 2607 2107 2660; x_wconf 92' lang='lat' dir='ltr'><strong>ad</strong></span> 
     </span>
    </p>
   </div>
   <div class='ocr_carea' id='block_1_27' title="bbox 520 2692 2107 2772">
    <p class='ocr_par' dir='ltr' id='par_1_27' title="bbox 520 2692 2107 2772">
     <span class='ocr_line' id='line_1_27' title="bbox 520 2692 2107 2772; baseline 0.004 -24"><span class='ocrx_word' id='word_1_195' title='bbox 520 2692 663 2749; x_wconf 86' lang='lat' dir='ltr'><strong>bona</strong></span> <span class='ocrx_word' id='word_1_196' title='bbox 691 2711 920 2772; x_wconf 79' lang='lat' dir='ltr'><strong>quaeque</strong></span> <span class='ocrx_word' id='word_1_197' title='bbox 941 2712 1107 2772; x_wconf 88' lang='lat' dir='ltr'><strong>opera</strong></span> <span class='ocrx_word' id='word_1_198' title='bbox 1142 2698 1372 2756; x_wconf 81' lang='lat' dir='ltr'><strong>fovenda</strong></span> <span class='ocrx_word' id='word_1_199' title='bbox 1405 2708 1460 2754; x_wconf 91' lang='lat' dir='ltr'><strong>et</strong></span> <span class='ocrx_word' id='word_1_200' title='bbox 1487 2699 1780 2754; x_wconf 90' lang='lat' dir='ltr'><strong>munienda</strong></span> <span class='ocrx_word' id='word_1_201' title='bbox 1815 2699 2107 2766; x_wconf 83' lang='lat' dir='ltr'><strong>exstiterit,</strong></span> 
     </span>
    </p>
   </div>
   <div class='ocr_carea' id='block_1_28' title="bbox 520 2788 2108 2861">
    <p class='ocr_par' dir='ltr' id='par_1_28' title="bbox 520 2788 2108 2861">
     <span class='ocr_line' id='line_1_28' title="bbox 520 2788 2108 2861; baseline 0.005 -22"><span class='ocrx_word' id='word_1_202' title='bbox 520 2799 692 2856; x_wconf 89' lang='lat' dir='ltr'><strong>usque</strong></span> <span class='ocrx_word' id='word_1_203' title='bbox 714 2788 874 2842; x_wconf 80' lang='lat' dir='ltr'><strong>hodie</strong></span> <span class='ocrx_word' id='word_1_204' title='bbox 899 2798 1008 2843; x_wconf 88' lang='lat' dir='ltr'><strong>tota</strong></span> <span class='ocrx_word' id='word_1_205' title='bbox 1028 2789 1232 2860; x_wconf 69' lang='lat' dir='ltr'><strong>Anglia</strong></span> <span class='ocrx_word' id='word_1_206' title='bbox 1280 2790 1459 2858; x_wconf 86' lang='lat' dir='ltr'><strong>canit,</strong></span> <span class='ocrx_word' id='word_1_207' title='bbox 1505 2806 1608 2848; x_wconf 89' lang='lat' dir='ltr'><strong>nec</strong></span> <span class='ocrx_word' id='word_1_208' title='bbox 1645 2806 1782 2861; x_wconf 92' lang='lat' dir='ltr'><strong>opus</strong></span> <span class='ocrx_word' id='word_1_209' title='bbox 1812 2806 1932 2848; x_wconf 89' lang='lat' dir='ltr'><strong>esse</strong></span> <span class='ocrx_word' id='word_1_210' title='bbox 1959 2791 2108 2847; x_wconf 88' lang='lat' dir='ltr'><strong>arbi-</strong></span> 
     </span>
    </p>
   </div>
   <div class='ocr_carea' id='block_1_29' title="bbox 521 2881 2106 2956">
    <p class='ocr_par' dir='ltr' id='par_1_29' title="bbox 521 2881 2106 2956">
     <span class='ocr_line' id='line_1_29' title="bbox 521 2881 2106 2956; baseline 0.004 -23"><span class='ocrx_word' id='word_1_211' title='bbox 521 2889 640 2936; x_wconf 90' lang='lat' dir='ltr'><strong>tror</strong></span> <span class='ocrx_word' id='word_1_212' title='bbox 670 2889 728 2935; x_wconf 95' lang='lat' dir='ltr'><strong>ut</strong></span> <span class='ocrx_word' id='word_1_213' title='bbox 759 2897 844 2938; x_wconf 90' lang='lat' dir='ltr'><strong>me</strong></span> <span class='ocrx_word' id='word_1_214' title='bbox 869 2883 922 2937; x_wconf 92' lang='lat' dir='ltr'><strong>in</strong></span> <span class='ocrx_word' id='word_1_215' title='bbox 956 2881 1060 2938; x_wconf 90' lang='lat' dir='ltr'><strong>illis</strong></span> <span class='ocrx_word' id='word_1_216' title='bbox 1100 2885 1404 2940; x_wconf 87' lang='lat' dir='ltr'><strong>scribendis</strong></span> <span class='ocrx_word' id='word_1_217' title='bbox 1440 2883 1629 2956; x_wconf 79' lang='lat' dir='ltr'><strong>fatiget</strong></span> <span class='ocrx_word' id='word_1_218' title='bbox 1661 2885 1886 2956; x_wconf 89' lang='lat' dir='ltr'><strong>grandis</strong></span> <span class='ocrx_word' id='word_1_219' title='bbox 1933 2885 2106 2942; x_wconf 89' lang='lat' dir='ltr'><strong>labor.</strong></span> 
     </span>
    </p>
   </div>
   <div class='ocr_carea' id='block_1_30' title="bbox 519 2971 2110 3050">
    <p class='ocr_par' dir='ltr' id='par_1_30' title="bbox 519 2971 2110 3050">
     <span class='ocr_line' id='line_1_30' title="bbox 519 2971 2110 3050; baseline 0.004 -22"><span class='ocrx_word' id='word_1_220' title='bbox 519 2971 788 3038; x_wconf 74' lang='lat' dir='ltr'><strong>Nonnulla</strong></span> <span class='ocrx_word' id='word_1_221' title='bbox 833 2982 1038 3042; x_wconf 89' lang='lat' dir='ltr'><strong>tamen,</strong></span> <span class='ocrx_word' id='word_1_222' title='bbox 1089 2992 1211 3047; x_wconf 85' lang='lat' dir='ltr'><strong>quae</strong></span> <span class='ocrx_word' id='word_1_223' title='bbox 1246 2977 1315 3032; x_wconf 87' lang='lat' dir='ltr'><strong>ab</strong></span> <span class='ocrx_word' id='word_1_224' title='bbox 1359 2976 1466 3033; x_wconf 88' lang='lat' dir='ltr'><strong>illis</strong></span> <span class='ocrx_word' id='word_1_225' title='bbox 1497 2978 1588 3048; x_wconf 91' lang='lat' dir='ltr'><strong>qui</strong></span> <span class='ocrx_word' id='word_1_226' title='bbox 1624 2994 1691 3034; x_wconf 85' lang='lat' dir='ltr'><strong>ex</strong></span> <span class='ocrx_word' id='word_1_227' title='bbox 1719 2979 1836 3050; x_wconf 87' lang='lat' dir='ltr'><strong>ejus</strong></span> <span class='ocrx_word' id='word_1_228' title='bbox 1867 2989 2110 3050; x_wconf 89' lang='lat' dir='ltr'><strong>tempore</strong></span> 
     </span>
    </p>
   </div>
   <div class='ocr_carea' id='block_1_31' title="bbox 519 3063 2111 3140">
    <p class='ocr_par' dir='ltr' id='par_1_31' title="bbox 519 3063 2111 3140">
     <span class='ocr_line' id='line_1_31' title="bbox 519 3063 2111 3140; baseline 0.004 -21"><span class='ocrx_word' id='word_1_229' title='bbox 519 3077 694 3132; x_wconf 84' lang='lat' dir='ltr'><strong>usque</strong></span> <span class='ocrx_word' id='word_1_230' title='bbox 736 3063 802 3119; x_wconf 84' lang='lat' dir='ltr'><strong>ad</strong></span> <span class='ocrx_word' id='word_1_231' title='bbox 825 3079 922 3121; x_wconf 89' lang='lat' dir='ltr'><strong>nos</strong></span> <span class='ocrx_word' id='word_1_232' title='bbox 947 3080 1043 3134; x_wconf 89' lang='lat' dir='ltr'><strong>per</strong></span> <span class='ocrx_word' id='word_1_233' title='bbox 1073 3081 1357 3124; x_wconf 87' lang='lat' dir='ltr'><strong>successus</strong></span> <span class='ocrx_word' id='word_1_234' title='bbox 1398 3076 1619 3124; x_wconf 75' lang='lat' dir='ltr'><strong>mtatum</strong></span> <span class='ocrx_word' id='word_1_235' title='bbox 1657 3068 1861 3124; x_wconf 72' lang='lat' dir='ltr'><strong>uinxere</strong></span> <span class='ocrx_word' id='word_1_236' title='bbox 1899 3071 2111 3140; x_wconf 88' lang='lat' dir='ltr'><strong>accepi-</strong></span> 
     </span>
    </p>
   </div>
   <div class='ocr_carea' id='block_1_32' title="bbox 521 3157 2111 3235">
    <p class='ocr_par' dir='ltr' id='par_1_32' title="bbox 521 3157 2111 3235">
     <span class='ocr_line' id='line_1_32' title="bbox 521 3157 2111 3235; baseline 0.008 -27"><span class='ocrx_word' id='word_1_237' title='bbox 521 3170 665 3221; x_wconf 86' lang='lat' dir='ltr'><strong>mus,</strong></span> <span class='ocrx_word' id='word_1_238' title='bbox 691 3157 1080 3227; x_wconf 88' lang='lat' dir='ltr'><strong>compendioso</strong></span> <span class='ocrx_word' id='word_1_239' title='bbox 1118 3159 1293 3228; x_wconf 85' lang='lat' dir='ltr'><strong>relatu</strong></span> <span class='ocrx_word' id='word_1_240' title='bbox 1336 3162 1644 3234; x_wconf 86' lang='lat' dir='ltr'><strong>subjiciam,</strong></span> <span class='ocrx_word' id='word_1_241' title='bbox 1686 3174 1953 3235; x_wconf 87' lang='lat' dir='ltr'><strong>quatenus</strong></span> <span class='ocrx_word' id='word_1_242' title='bbox 1987 3165 2111 3221; x_wconf 90' lang='lat' dir='ltr'><strong>inde</strong></span> 
     </span>
    </p>
   </div>
   <div class='ocr_carea' id='block_1_33' title="bbox 522 3244 2108 3326">
    <p class='ocr_par' dir='ltr' id='par_1_33' title="bbox 522 3244 2108 3326">
     <span class='ocr_line' id='line_1_33' title="bbox 522 3244 2108 3326; baseline 0.008 -27"><span class='ocrx_word' id='word_1_243' title='bbox 522 3244 860 3317; x_wconf 83' lang='lat' dir='ltr'><strong>percipiatur</strong></span> <span class='ocrx_word' id='word_1_244' title='bbox 908 3247 1114 3304; x_wconf 89' lang='lat' dir='ltr'><strong>veritas</strong></span> <span class='ocrx_word' id='word_1_245' title='bbox 1179 3251 1468 3307; x_wconf 82' lang='lat' dir='ltr'><strong>verborum</strong></span> <span class='ocrx_word' id='word_1_246' title='bbox 1529 3268 1650 3324; x_wconf 70' lang='lat' dir='ltr'><strong>qua:</strong></span> <span class='ocrx_word' id='word_1_247' title='bbox 1705 3255 2108 3326; x_wconf 90' lang='lat' dir='ltr'><strong>proposuimus.</strong></span> 
     </span>
    </p>
   </div>
   <div class='ocr_carea' id='block_1_34' title="bbox 521 3337 2112 3418">
    <p class='ocr_par' dir='ltr' id='par_1_34' title="bbox 521 3337 2112 3418">
     <span class='ocr_line' id='line_1_34' title="bbox 521 3337 2112 3418; baseline 0.008 -27"><span class='ocrx_word' id='word_1_248' title='bbox 521 3337 722 3393; x_wconf 84' lang='lat' dir='ltr'><strong>Comes</strong></span> <span class='ocrx_word' id='word_1_249' title='bbox 775 3341 995 3410; x_wconf 83' lang='lat' dir='ltr'><strong>quidam</strong></span> <span class='ocrx_word' id='word_1_250' title='bbox 1047 3355 1356 3415; x_wconf 74' lang='lat' dir='ltr'><strong>prmpotens</strong></span> <span class='ocrx_word' id='word_1_251' title='bbox 1395 3357 1681 3418; x_wconf 85' lang='lat' dir='ltr'><strong>cognatam</strong></span> <span class='ocrx_word' id='word_1_252' title='bbox 1729 3363 1882 3403; x_wconf 89' lang='lat' dir='ltr'><strong>suam</strong></span> <span class='ocrx_word' id='word_1_253' title='bbox 1926 3347 2112 3404; x_wconf 93' lang='lat' dir='ltr'><strong>illicito</strong></span> 
     </span>
    </p>
   </div>
   <div class='ocr_carea' id='block_1_35' title="bbox 524 3429 2110 3508">
    <p class='ocr_par' dir='ltr' id='par_1_35' title="bbox 524 3429 2110 3508">
     <span class='ocr_line' id='line_1_35' title="bbox 524 3429 2110 3508; baseline 0.006 -23"><span class='ocrx_word' id='word_1_254' title='bbox 524 3429 629 3486; x_wconf 89' lang='lat' dir='ltr'><strong>sibi</strong></span> <span class='ocrx_word' id='word_1_255' title='bbox 656 3432 1004 3494; x_wconf 87' lang='lat' dir='ltr'><strong>matrimonio</strong></span> <span class='ocrx_word' id='word_1_256' title='bbox 1040 3437 1404 3507; x_wconf 82' lang='lat' dir='ltr'><strong>copulaverat;</strong></span> <span class='ocrx_word' id='word_1_257' title='bbox 1442 3449 1497 3495; x_wconf 87' lang='lat' dir='ltr'><strong>et</strong></span> <span class='ocrx_word' id='word_1_258' title='bbox 1524 3455 1552 3494; x_wconf 80' lang='lat' dir='ltr'><strong>a</strong></span> <span class='ocrx_word' id='word_1_259' title='bbox 1582 3440 1861 3498; x_wconf 81' lang='lat' dir='ltr'><strong>Dunstano</strong></span> <span class='ocrx_word' id='word_1_260' title='bbox 1911 3443 2110 3508; x_wconf 85' lang='lat' dir='ltr'><strong>semel,</strong></span> 
     </span>
    </p>
   </div>
   <div class='ocr_carea' id='block_1_36' title="bbox 522 3525 2110 3603">
    <p class='ocr_par' dir='ltr' id='par_1_36' title="bbox 522 3525 2110 3603">
     <span class='ocr_line' id='line_1_36' title="bbox 522 3525 2110 3603; baseline 0.009 -25"><span class='ocrx_word' id='word_1_261' title='bbox 522 3525 764 3583; x_wconf 86' lang='lat' dir='ltr'><strong>secundo</strong></span> <span class='ocrx_word' id='word_1_262' title='bbox 803 3535 858 3584; x_wconf 91' lang='lat' dir='ltr'><strong>et</strong></span> <span class='ocrx_word' id='word_1_263' title='bbox 901 3529 1060 3586; x_wconf 90' lang='lat' dir='ltr'><strong>tertio</strong></span> <span class='ocrx_word' id='word_1_264' title='bbox 1109 3533 1461 3603; x_wconf 84' lang='lat' dir='ltr'><strong>redargutus,</strong></span> <span class='ocrx_word' id='word_1_265' title='bbox 1508 3534 1774 3592; x_wconf 86' lang='lat' dir='ltr'><strong>incestum</strong></span> <span class='ocrx_word' id='word_1_266' title='bbox 1819 3552 1975 3593; x_wconf 86' lang='lat' dir='ltr'><strong>suum</strong></span> <span class='ocrx_word' id='word_1_267' title='bbox 2027 3539 2110 3592; x_wconf 89' lang='lat' dir='ltr'><strong>di-</strong></span> 
     </span>
    </p>
   </div>
   <div class='ocr_carea' id='block_1_37' title="bbox 525 3617 2114 3701">
    <p class='ocr_par' dir='ltr' id='par_1_37' title="bbox 525 3617 2114 3701">
     <span class='ocr_line' id='line_1_37' title="bbox 525 3617 2114 3701; baseline 0.01 -30"><span class='ocrx_word' id='word_1_268' title='bbox 525 3617 703 3674; x_wconf 86' lang='lat' dir='ltr'><strong>vortio</strong></span> <span class='ocrx_word' id='word_1_269' title='bbox 737 3621 959 3687; x_wconf 74' lang='lat' dir='ltr'><strong>expiare</strong></span> <span class='ocrx_word' id='word_1_270' title='bbox 1004 3623 1242 3681; x_wconf 90' lang='lat' dir='ltr'><strong>nolebat.</strong></span> <span class='ocrx_word' id='word_1_271' title='bbox 1290 3627 1632 3699; x_wconf 83' lang='lat' dir='ltr'><strong>Quapropter</strong></span> <span class='ocrx_word' id='word_1_272' title='bbox 1663 3629 1846 3700; x_wconf 90' lang='lat' dir='ltr'><strong>gladio</strong></span> <span class='ocrx_word' id='word_1_273' title='bbox 1875 3629 2114 3701; x_wconf 83' lang='lat' dir='ltr'><strong>Spiritus</strong></span> 
     </span>
    </p>
   </div>
   <div class='ocr_carea' id='block_1_38' title="bbox 523 3711 2103 3789">
    <p class='ocr_par' dir='ltr' id='par_1_38' title="bbox 523 3711 2103 3789">
     <span class='ocr_line' id='line_1_38' title="bbox 523 3711 2103 3789; baseline 0.008 -26"><span class='ocrx_word' id='word_1_274' title='bbox 523 3711 696 3766; x_wconf 80' lang='lat' dir='ltr'><strong>sancti</strong></span> <span class='ocrx_word' id='word_1_275' title='bbox 729 3725 760 3766; x_wconf 93' lang='lat' dir='ltr'><strong>a</strong></span> <span class='ocrx_word' id='word_1_276' title='bbox 785 3712 903 3768; x_wconf 87' lang='lat' dir='ltr'><strong>viro</strong></span> <span class='ocrx_word' id='word_1_277' title='bbox 948 3714 1041 3769; x_wconf 86' lang='lat' dir='ltr'><strong>Dei</strong></span> <span class='ocrx_word' id='word_1_278' title='bbox 1083 3729 1395 3789; x_wconf 87' lang='lat' dir='ltr'><strong>percussus,</strong></span> <span class='ocrx_word' id='word_1_279' title='bbox 1425 3734 1452 3772; x_wconf 89' lang='lat' dir='ltr'><strong>a</strong></span> <span class='ocrx_word' id='word_1_280' title='bbox 1485 3719 1764 3781; x_wconf 87' lang='lat' dir='ltr'><strong>liminibus</strong></span> <span class='ocrx_word' id='word_1_281' title='bbox 1791 3730 1876 3776; x_wconf 90' lang='lat' dir='ltr'><strong>est</strong></span> <span class='ocrx_word' id='word_1_282' title='bbox 1899 3731 2103 3780; x_wconf 66' lang='lat' dir='ltr'><strong>sanctae</strong></span> 
     </span>
    </p>
   </div>
   <div class='ocr_carea' id='block_1_39' title="bbox 522 3800 2094 3883">
    <p class='ocr_par' dir='ltr' id='par_1_39' title="bbox 522 3800 2094 3883">
     <span class='ocr_line' id='line_1_39' title="bbox 522 3800 2094 3883; baseline 0.007 -27"><span class='ocrx_word' id='word_1_283' title='bbox 522 3800 782 3858; x_wconf 75' lang='lat' dir='ltr'><strong>Ecclesia:</strong></span> <span class='ocrx_word' id='word_1_284' title='bbox 825 3815 1128 3877; x_wconf 87' lang='lat' dir='ltr'><strong>separatus.</strong></span> <span class='ocrx_word' id='word_1_285' title='bbox 1155 3808 1256 3878; x_wconf 77' lang='lat' dir='ltr'><strong>Qui</strong></span> <span class='ocrx_word' id='word_1_286' title='bbox 1292 3817 1413 3882; x_wconf 80' lang='lat' dir='ltr'><strong>typo</strong></span> <span class='ocrx_word' id='word_1_287' title='bbox 1445 3818 1684 3867; x_wconf 89' lang='lat' dir='ltr'><strong>attactus</strong></span> <span class='ocrx_word' id='word_1_288' title='bbox 1711 3813 1978 3883; x_wconf 74' lang='lat' dir='ltr'><strong>superbiae</strong></span> <span class='ocrx_word' id='word_1_289' title='bbox 2010 3827 2094 3867; x_wconf 82' lang='lat' dir='ltr'><strong>re-</strong></span> 
     </span>
    </p>
   </div>
   <div class='ocr_carea' id='block_1_40' title="bbox 523 3895 2102 3975">
    <p class='ocr_par' dir='ltr' id='par_1_40' title="bbox 523 3895 2102 3975">
     <span class='ocr_line' id='line_1_40' title="bbox 523 3895 2102 3975; baseline 0.006 -27"><span class='ocrx_word' id='word_1_290' title='bbox 523 3909 646 3965; x_wconf 85' lang='lat' dir='ltr'><strong>gem</strong></span> <span class='ocrx_word' id='word_1_291' title='bbox 671 3895 804 3962; x_wconf 91' lang='lat' dir='ltr'><strong>adit,</strong></span> <span class='ocrx_word' id='word_1_292' title='bbox 831 3895 1170 3955; x_wconf 87' lang='lat' dir='ltr'><strong>Dnnstanum</strong></span> <span class='ocrx_word' id='word_1_293' title='bbox 1201 3901 1573 3958; x_wconf 63' lang='lat' dir='ltr'><strong>immoderata:</strong></span> <span class='ocrx_word' id='word_1_294' title='bbox 1599 3913 1653 3958; x_wconf 92' lang='lat' dir='ltr'><strong>et</strong></span> <span class='ocrx_word' id='word_1_295' title='bbox 1683 3904 1860 3975; x_wconf 73' lang='lat' dir='ltr'><strong>impia:</strong></span> <span class='ocrx_word' id='word_1_296' title='bbox 1895 3905 2102 3960; x_wconf 82' lang='lat' dir='ltr'><strong>severi-</strong></span> 
     </span>
    </p>
   </div>
   <div class='ocr_carea' id='block_1_41' title="bbox 523 3987 2178 4067">
    <p class='ocr_par' dir='ltr' id='par_1_41' title="bbox 523 3987 2178 4067">
     <span class='ocr_line' id='line_1_41' title="bbox 523 3987 2178 4067; baseline 0.009 -29"><span class='ocrx_word' id='word_1_297' title='bbox 523 3987 654 4041; x_wconf 85' lang='lat' dir='ltr'><strong>tatis</strong></span> <span class='ocrx_word' id='word_1_298' title='bbox 684 3997 927 4055; x_wconf 90' lang='lat' dir='ltr'><strong>accusat,</strong></span> <span class='ocrx_word' id='word_1_299' title='bbox 953 3991 1102 4061; x_wconf 88' lang='lat' dir='ltr'><strong>regia</strong></span> <span class='ocrx_word' id='word_1_300' title='bbox 1132 3993 1417 4049; x_wconf 87' lang='lat' dir='ltr'><strong>sanctione</strong></span> <span class='ocrx_word' id='word_1_301' title='bbox 1453 4009 1512 4050; x_wconf 89' lang='lat' dir='ltr'><strong>se</strong></span> <span class='ocrx_word' id='word_1_302' title='bbox 1549 3994 1618 4051; x_wconf 90' lang='lat' dir='ltr'><strong>ab</strong></span> <span class='ocrx_word' id='word_1_303' title='bbox 1657 3993 1776 4064; x_wconf 88' lang='lat' dir='ltr'><strong>ejus</strong></span> <span class='ocrx_word' id='word_1_304' title='bbox 1826 3994 2115 4067; x_wconf 85' lang='lat' dir='ltr'><strong>tyrannide</strong></span> <span class='ocrx_word' id='word_1_305' title='bbox 2175 4055 2178 4058; x_wconf 67' lang='grc'><em>,</em></span> 
     </span>
    </p>
   </div>
   <div class='ocr_carea' id='block_1_42' title="bbox 522 4076 2117 4157">
    <p class='ocr_par' dir='ltr' id='par_1_42' title="bbox 522 4076 2117 4157">
     <span class='ocr_line' id='line_1_42' title="bbox 522 4076 2117 4157; baseline 0.007 -26"><span class='ocrx_word' id='word_1_306' title='bbox 522 4076 758 4134; x_wconf 85' lang='lat' dir='ltr'><strong>liberum</strong></span> <span class='ocrx_word' id='word_1_307' title='bbox 802 4083 1058 4137; x_wconf 87' lang='lat' dir='ltr'><strong>constitui</strong></span> <span class='ocrx_word' id='word_1_308' title='bbox 1105 4083 1388 4154; x_wconf 72' lang='lat' dir='ltr'><strong>quer-elusa</strong></span> <span class='ocrx_word' id='word_1_309' title='bbox 1427 4100 1560 4141; x_wconf 91' lang='lat' dir='ltr'><strong>voce</strong></span> <span class='ocrx_word' id='word_1_310' title='bbox 1589 4095 1844 4157; x_wconf 87' lang='lat' dir='ltr'><strong>precatur</strong></span> <span class='ocrx_word' id='word_1_311' title='bbox 1874 4095 1930 4143; x_wconf 91' lang='lat' dir='ltr'><strong>et</strong></span> <span class='ocrx_word' id='word_1_312' title='bbox 1957 4088 2117 4144; x_wconf 81' lang='lat' dir='ltr'><strong>obsc-</strong></span> 
     </span>
    </p>
   </div>
   <div class='ocr_carea' id='block_1_43' title="bbox 523 4170 2118 4248">
    <p class='ocr_par' dir='ltr' id='par_1_43' title="bbox 523 4170 2118 4248">
     <span class='ocr_line' id='line_1_43' title="bbox 523 4170 2118 4248; baseline 0.008 -25"><span class='ocrx_word' id='word_1_313' title='bbox 523 4177 658 4226; x_wconf 85' lang='lat' dir='ltr'><strong>erat.</strong></span> <span class='ocrx_word' id='word_1_314' title='bbox 706 4170 875 4241; x_wconf 88' lang='lat' dir='ltr'><strong>Cujus</strong></span> <span class='ocrx_word' id='word_1_315' title='bbox 912 4175 1094 4232; x_wconf 85' lang='lat' dir='ltr'><strong>verbis</strong></span> <span class='ocrx_word' id='word_1_316' title='bbox 1123 4191 1217 4232; x_wconf 80' lang='lat' dir='ltr'><strong>rex</strong></span> <span class='ocrx_word' id='word_1_317' title='bbox 1247 4177 1619 4248; x_wconf 88' lang='lat' dir='ltr'><strong>acquiescens,</strong></span> <span class='ocrx_word' id='word_1_318' title='bbox 1655 4179 1933 4235; x_wconf 88' lang='lat' dir='ltr'><strong>Dunstano</strong></span> <span class='ocrx_word' id='word_1_319' title='bbox 1967 4196 2118 4238; x_wconf 88' lang='lat' dir='ltr'><strong>man-</strong></span> 
     </span>
    </p>
   </div>
   <div class='ocr_carea' id='block_1_44' title="bbox 525 4261 2114 4346">
    <p class='ocr_par' dir='ltr' id='par_1_44' title="bbox 525 4261 2114 4346">
     <span class='ocr_line' id='line_1_44' title="bbox 525 4261 2114 4346; baseline 0.01 -32"><span class='ocrx_word' id='word_1_320' title='bbox 525 4261 618 4315; x_wconf 90' lang='lat' dir='ltr'><strong>dat</strong></span> <span class='ocrx_word' id='word_1_321' title='bbox 646 4272 704 4317; x_wconf 90' lang='lat' dir='ltr'><strong>ut</strong></span> <span class='ocrx_word' id='word_1_322' title='bbox 730 4264 1006 4321; x_wconf 86' lang='lat' dir='ltr'><strong>hominem</strong></span> <span class='ocrx_word' id='word_1_323' title='bbox 1032 4283 1155 4323; x_wconf 79' lang='lat' dir='ltr'><strong>etim</strong></span> <span class='ocrx_word' id='word_1_324' title='bbox 1191 4283 1253 4323; x_wconf 90' lang='lat' dir='ltr'><strong>ea</strong></span> <span class='ocrx_word' id='word_1_325' title='bbox 1283 4285 1448 4340; x_wconf 90' lang='lat' dir='ltr'><strong>quam</strong></span> <span class='ocrx_word' id='word_1_326' title='bbox 1475 4272 1708 4328; x_wconf 81' lang='lat' dir='ltr'><strong>duxerat</strong></span> <span class='ocrx_word' id='word_1_327' title='bbox 1745 4273 1798 4329; x_wconf 90' lang='lat' dir='ltr'><strong>in</strong></span> <span class='ocrx_word' id='word_1_328' title='bbox 1835 4289 1971 4346; x_wconf 89' lang='lat' dir='ltr'><strong>pace</strong></span> <span class='ocrx_word' id='word_1_329' title='bbox 2000 4289 2114 4330; x_wconf 90' lang='lat' dir='ltr'><strong>ma-</strong></span> 
     </span>
    </p>
   </div>
   <div class='ocr_carea' id='block_1_45' title="bbox 530 4356 2116 4433">
    <p class='ocr_par' dir='ltr' id='par_1_45' title="bbox 530 4356 2116 4433">
     <span class='ocr_line' id='line_1_45' title="bbox 530 4356 2116 4433; baseline 0.013 -29"><span class='ocrx_word' id='word_1_330' title='bbox 530 4367 661 4408; x_wconf 83' lang='lat' dir='ltr'><strong>nere</strong></span> <span class='ocrx_word' id='word_1_331' title='bbox 687 4356 850 4420; x_wconf 87' lang='lat' dir='ltr'><strong>sinat,</strong></span> <span class='ocrx_word' id='word_1_332' title='bbox 880 4365 936 4412; x_wconf 91' lang='lat' dir='ltr'><strong>et</strong></span> <span class='ocrx_word' id='word_1_333' title='bbox 959 4373 989 4413; x_wconf 92' lang='lat' dir='ltr'><strong>a</strong></span> <span class='ocrx_word' id='word_1_334' title='bbox 1020 4360 1217 4429; x_wconf 89' lang='lat' dir='ltr'><strong>quibus</strong></span> <span class='ocrx_word' id='word_1_335' title='bbox 1248 4364 1605 4433; x_wconf 89' lang='lat' dir='ltr'><strong>suspenderat</strong></span> <span class='ocrx_word' id='word_1_336' title='bbox 1635 4365 1915 4423; x_wconf 90' lang='lat' dir='ltr'><strong>liminibus</strong></span> <span class='ocrx_word' id='word_1_337' title='bbox 1943 4369 2116 4425; x_wconf 88' lang='lat' dir='ltr'><strong>sacris</strong></span> 
     </span>
    </p>
   </div>
   <div class='ocr_carea' id='block_1_46' title="bbox 2209 490 3708 563">
    <p class='ocr_par' dir='ltr' id='par_1_46' title="bbox 2209 490 3708 563">
     <span class='ocr_line' id='line_1_46' title="bbox 2209 490 3708 563; baseline 0.013 -19"><span class='ocrx_word' id='word_1_338' title='bbox 2209 490 2465 546; x_wconf 84' lang='lat' dir='ltr'><strong>studebat</strong></span> <span class='ocrx_word' id='word_1_339' title='bbox 2501 492 2812 563; x_wconf 85' lang='lat' dir='ltr'><strong>impendere</strong></span> <span class='ocrx_word' id='word_1_340' title='bbox 2838 504 2897 547; x_wconf 90' lang='lat' dir='ltr'><strong>ut</strong></span> <span class='ocrx_word' id='word_1_341' title='bbox 2937 495 3219 550; x_wconf 84' lang='lat' dir='ltr'><strong>Dunstano</strong></span> <span class='ocrx_word' id='word_1_342' title='bbox 3254 497 3503 555; x_wconf 79' lang='lat' dir='ltr'><strong>excitaret</strong></span> <span class='ocrx_word' id='word_1_343' title='bbox 3534 508 3708 563; x_wconf 79' lang='lat' dir='ltr'><strong>scanda-</strong></span> 
     </span>
    </p>
   </div>
   <div class='ocr_carea' id='block_1_47' title="bbox 2208 580 3710 659">
    <p class='ocr_par' dir='ltr' id='par_1_47' title="bbox 2208 580 3710 659">
     <span class='ocr_line' id='line_1_47' title="bbox 2208 580 3710 659; baseline 0.015 -25"><span class='ocrx_word' id='word_1_344' title='bbox 2208 580 2339 646; x_wconf 87' lang='lat' dir='ltr'><strong>lum,</strong></span> <span class='ocrx_word' id='word_1_345' title='bbox 2372 593 2427 639; x_wconf 91' lang='lat' dir='ltr'><strong>et</strong></span> <span class='ocrx_word' id='word_1_346' title='bbox 2455 583 2780 641; x_wconf 79' lang='lat' dir='ltr'><strong>Christiana:</strong></span> <span class='ocrx_word' id='word_1_347' title='bbox 2827 584 2962 658; x_wconf 87' lang='lat' dir='ltr'><strong>legis</strong></span> <span class='ocrx_word' id='word_1_348' title='bbox 3003 585 3216 657; x_wconf 85' lang='lat' dir='ltr'><strong>jugum,</strong></span> <span class='ocrx_word' id='word_1_349' title='bbox 3248 604 3356 659; x_wconf 91' lang='lat' dir='ltr'><strong>quo</strong></span> <span class='ocrx_word' id='word_1_350' title='bbox 3386 607 3412 645; x_wconf 91' lang='lat' dir='ltr'><strong>a</strong></span> <span class='ocrx_word' id='word_1_351' title='bbox 3437 608 3523 648; x_wconf 82' lang='lat' dir='ltr'><strong>sua</strong></span> <span class='ocrx_word' id='word_1_352' title='bbox 3548 595 3710 658; x_wconf 76' lang='lat' dir='ltr'><strong>libidine</strong></span> 
     </span>
    </p>
   </div>
   <div class='ocr_carea' id='block_1_48' title="bbox 2207 676 3709 758">
    <p class='ocr_par' dir='ltr' id='par_1_48' title="bbox 2207 676 3709 758">
     <span class='ocr_line' id='line_1_48' title="bbox 2207 676 3709 758; baseline 0.009 -27"><span class='ocrx_word' id='word_1_353' title='bbox 2207 676 2582 743; x_wconf 88' lang='lat' dir='ltr'><strong>coercebatur,</strong></span> <span class='ocrx_word' id='word_1_354' title='bbox 2637 677 2739 732; x_wconf 90' lang='lat' dir='ltr'><strong>sibi</strong></span> <span class='ocrx_word' id='word_1_355' title='bbox 2782 676 2991 734; x_wconf 78' lang='lat' dir='ltr'><strong>faceret</strong></span> <span class='ocrx_word' id='word_1_356' title='bbox 3041 679 3304 734; x_wconf 87' lang='lat' dir='ltr'><strong>alienum.</strong></span> <span class='ocrx_word' id='word_1_357' title='bbox 3347 679 3557 753; x_wconf 82' lang='lat' dir='ltr'><strong>Legatus</strong></span> <span class='ocrx_word' id='word_1_358' title='bbox 3577 687 3709 758; x_wconf 74' lang='lat' dir='ltr'><strong>itaque</strong></span> 
     </span>
    </p>
   </div>
   <div class='ocr_carea' id='block_1_49' title="bbox 2206 766 3712 845">
    <p class='ocr_par' dir='ltr' id='par_1_49' title="bbox 2206 766 3712 845">
     <span class='ocr_line' id='line_1_49' title="bbox 2206 766 3712 845; baseline 0.009 -23"><span class='ocrx_word' id='word_1_359' title='bbox 2206 782 2334 822; x_wconf 88' lang='lat' dir='ltr'><strong>suos</strong></span> <span class='ocrx_word' id='word_1_360' title='bbox 2384 766 2612 821; x_wconf 82' lang='lat' dir='ltr'><strong>Romam</strong></span> <span class='ocrx_word' id='word_1_361' title='bbox 2663 768 2924 836; x_wconf 88' lang='lat' dir='ltr'><strong>destinat,</strong></span> <span class='ocrx_word' id='word_1_362' title='bbox 2967 779 3021 825; x_wconf 89' lang='lat' dir='ltr'><strong>et</strong></span> <span class='ocrx_word' id='word_1_363' title='bbox 3060 770 3263 828; x_wconf 86' lang='lat' dir='ltr'><strong>talibus</strong></span> <span class='ocrx_word' id='word_1_364' title='bbox 3297 785 3504 829; x_wconf 84' lang='lat' dir='ltr'><strong>assueta</strong></span> <span class='ocrx_word' id='word_1_365' title='bbox 3521 791 3712 845; x_wconf 75' lang='lat' dir='ltr'><strong>quorum—</strong></span> 
     </span>
    </p>
   </div>
   <div class='ocr_carea' id='block_1_50' title="bbox 2207 857 3710 943">
    <p class='ocr_par' dir='ltr' id='par_1_50' title="bbox 2207 857 3710 943">
     <span class='ocr_line' id='line_1_50' title="bbox 2207 857 3710 943; baseline 0.009 -29"><span class='ocrx_word' id='word_1_366' title='bbox 2207 859 2329 914; x_wconf 89' lang='lat' dir='ltr'><strong>dam</strong></span> <span class='ocrx_word' id='word_1_367' title='bbox 2358 857 2728 913; x_wconf 81' lang='lat' dir='ltr'><strong>Romanornm</strong></span> <span class='ocrx_word' id='word_1_368' title='bbox 2754 861 2923 915; x_wconf 89' lang='lat' dir='ltr'><strong>corda</strong></span> <span class='ocrx_word' id='word_1_369' title='bbox 2945 871 2996 916; x_wconf 90' lang='lat' dir='ltr'><strong>et</strong></span> <span class='ocrx_word' id='word_1_370' title='bbox 3023 875 3120 916; x_wconf 89' lang='lat' dir='ltr'><strong>ora</strong></span> <span class='ocrx_word' id='word_1_371' title='bbox 3155 862 3208 916; x_wconf 94' lang='lat' dir='ltr'><strong>in</strong></span> <span class='ocrx_word' id='word_1_372' title='bbox 3229 877 3384 918; x_wconf 88' lang='lat' dir='ltr'><strong>suam</strong></span> <span class='ocrx_word' id='word_1_373' title='bbox 3405 869 3710 943; x_wconf 72' lang='lat' dir='ltr'><strong>causamlargo</strong></span> 
     </span>
    </p>
   </div>
   <div class='ocr_carea' id='block_1_51' title="bbox 2207 950 3711 1024">
    <p class='ocr_par' dir='ltr' id='par_1_51' title="bbox 2207 950 3711 1024">
     <span class='ocr_line' id='line_1_51' title="bbox 2207 950 3711 1024; baseline 0.008 -19"><span class='ocrx_word' id='word_1_374' title='bbox 2207 965 2431 1006; x_wconf 90' lang='lat' dir='ltr'><strong>munere</strong></span> <span class='ocrx_word' id='word_1_375' title='bbox 2474 950 2695 1022; x_wconf 88' lang='lat' dir='ltr'><strong>largiori</strong></span> <span class='ocrx_word' id='word_1_376' title='bbox 2736 952 3028 1022; x_wconf 87' lang='lat' dir='ltr'><strong>sponsione</strong></span> <span class='ocrx_word' id='word_1_377' title='bbox 3067 963 3363 1023; x_wconf 87' lang='lat' dir='ltr'><strong>permutat.</strong></span> <span class='ocrx_word' id='word_1_378' title='bbox 3401 955 3526 1024; x_wconf 84' lang='lat' dir='ltr'><strong>Quid</strong></span> <span class='ocrx_word' id='word_1_379' title='bbox 3553 960 3711 1017; x_wconf 77' lang='lat' dir='ltr'><strong>deinde?</strong></span> 
     </span>
    </p>
   </div>
   <div class='ocr_carea' id='block_1_52' title="bbox 2205 1041 3716 1118">
    <p class='ocr_par' dir='ltr' id='par_1_52' title="bbox 2205 1041 3716 1118">
     <span class='ocr_line' id='line_1_52' title="bbox 2205 1041 3716 1118; baseline 0.008 -20"><span class='ocrx_word' id='word_1_380' title='bbox 2205 1041 2414 1098; x_wconf 74' lang='lat' dir='ltr'><strong>Prmsul</strong></span> <span class='ocrx_word' id='word_1_381' title='bbox 2446 1042 2758 1113; x_wconf 86' lang='lat' dir='ltr'><strong>apostolicae</strong></span> <span class='ocrx_word' id='word_1_382' title='bbox 2784 1045 2931 1101; x_wconf 88' lang='lat' dir='ltr'><strong>sedis</strong></span> <span class='ocrx_word' id='word_1_383' title='bbox 2967 1045 3249 1102; x_wconf 85' lang='lat' dir='ltr'><strong>Dunstano</strong></span> <span class='ocrx_word' id='word_1_384' title='bbox 3273 1050 3529 1118; x_wconf 89' lang='lat' dir='ltr'><strong>peccaturi</strong></span> <span class='ocrx_word' id='word_1_385' title='bbox 3565 1042 3716 1110; x_wconf 74' lang='lat' dir='ltr'><strong>homini</strong></span> 
     </span>
    </p>
   </div>
   <div class='ocr_carea' id='block_1_53' title="bbox 2207 1135 3708 1210">
    <p class='ocr_par' dir='ltr' id='par_1_53' title="bbox 2207 1135 3708 1210">
     <span class='ocr_line' id='line_1_53' title="bbox 2207 1135 3708 1210; baseline 0.009 -20"><span class='ocrx_word' id='word_1_386' title='bbox 2207 1135 2641 1192; x_wconf 88' lang='lat' dir='ltr'><strong>condescendere</strong></span> <span class='ocrx_word' id='word_1_387' title='bbox 2691 1137 2874 1194; x_wconf 84' lang='lat' dir='ltr'><strong>verbis</strong></span> <span class='ocrx_word' id='word_1_388' title='bbox 2932 1153 2993 1195; x_wconf 87' lang='lat' dir='ltr'><strong>ac</strong></span> <span class='ocrx_word' id='word_1_389' title='bbox 3032 1139 3233 1195; x_wconf 87' lang='lat' dir='ltr'><strong>litteris</strong></span> <span class='ocrx_word' id='word_1_390' title='bbox 3284 1141 3511 1210; x_wconf 86' lang='lat' dir='ltr'><strong>mandat,</strong></span> <span class='ocrx_word' id='word_1_391' title='bbox 3552 1156 3708 1203; x_wconf 83' lang='lat' dir='ltr'><strong>etcum</strong></span> 
     </span>
    </p>
   </div>
   <div class='ocr_carea' id='block_1_54' title="bbox 2206 1226 3708 1306">
    <p class='ocr_par' dir='ltr' id='par_1_54' title="bbox 2206 1226 3708 1306">
     <span class='ocr_line' id='line_1_54' title="bbox 2206 1226 3708 1306; baseline 0.009 -26"><span class='ocrx_word' id='word_1_392' title='bbox 2206 1226 2463 1282; x_wconf 67' lang='lat' dir='ltr'><strong>Ecclesiae</strong></span> <span class='ocrx_word' id='word_1_393' title='bbox 2483 1227 2690 1297; x_wconf 88' lang='lat' dir='ltr'><strong>gremio</strong></span> <span class='ocrx_word' id='word_1_394' title='bbox 2722 1228 2932 1298; x_wconf 90' lang='lat' dir='ltr'><strong>integre</strong></span> <span class='ocrx_word' id='word_1_395' title='bbox 2953 1228 3250 1284; x_wconf 86' lang='lat' dir='ltr'><strong>conciliare</strong></span> <span class='ocrx_word' id='word_1_396' title='bbox 3289 1241 3484 1296; x_wconf 89' lang='lat' dir='ltr'><strong>monet,</strong></span> <span class='ocrx_word' id='word_1_397' title='bbox 3512 1232 3708 1306; x_wconf 74' lang='lat' dir='ltr'><strong>hortatur,</strong></span> 
     </span>
    </p>
   </div>
   <div class='ocr_carea' id='block_1_55' title="bbox 2210 1317 3710 1395">
    <p class='ocr_par' dir='ltr' id='par_1_55' title="bbox 2210 1317 3710 1395">
     <span class='ocr_line' id='line_1_55' title="bbox 2210 1317 3710 1395; baseline 0.001 -23"><span class='ocrx_word' id='word_1_398' title='bbox 2210 1318 2461 1388; x_wconf 90' lang='lat' dir='ltr'><strong>imperat.</strong></span> <span class='ocrx_word' id='word_1_399' title='bbox 2505 1317 2586 1372; x_wconf 87' lang='lat' dir='ltr'><strong>Ad</strong></span> <span class='ocrx_word' id='word_1_400' title='bbox 2635 1333 2757 1389; x_wconf 72' lang='lat' dir='ltr'><strong>qua:</strong></span> <span class='ocrx_word' id='word_1_401' title='bbox 2800 1318 3115 1374; x_wconf 90' lang='lat' dir='ltr'><strong>Dunstanus</strong></span> <span class='ocrx_word' id='word_1_402' title='bbox 3143 1320 3218 1374; x_wconf 88' lang='lat' dir='ltr'><strong>ita</strong></span> <span class='ocrx_word' id='word_1_403' title='bbox 3243 1323 3508 1389; x_wconf 87' lang='lat' dir='ltr'><strong>respondit</strong></span> <span class='ocrx_word' id='word_1_404' title='bbox 3534 1341 3546 1377; x_wconf 87' lang='lat'>:</span> <span class='ocrx_word' id='word_1_405' title='bbox 3574 1325 3710 1395; x_wconf 72' lang='lat' dir='ltr'><strong>(Equi.</strong></span> 
     </span>
    </p>
   </div>
   <div class='ocr_carea' id='block_1_56' title="bbox 2205 1409 3710 1486">
    <p class='ocr_par' dir='ltr' id='par_1_56' title="bbox 2205 1409 3710 1486">
     <span class='ocr_line' id='line_1_56' title="bbox 2205 1409 3710 1486; baseline 0.004 -20"><span class='ocrx_word' id='word_1_406' title='bbox 2205 1411 2325 1466; x_wconf 89' lang='lat' dir='ltr'><strong>dem</strong></span> <span class='ocrx_word' id='word_1_407' title='bbox 2354 1426 2476 1465; x_wconf 91' lang='lat' dir='ltr'><strong>cum</strong></span> <span class='ocrx_word' id='word_1_408' title='bbox 2511 1409 2659 1466; x_wconf 90' lang='lat' dir='ltr'><strong>illum</strong></span> <span class='ocrx_word' id='word_1_409' title='bbox 2701 1411 2769 1466; x_wconf 92' lang='lat' dir='ltr'><strong>de</strong></span> <span class='ocrx_word' id='word_1_410' title='bbox 2804 1426 2912 1481; x_wconf 92' lang='lat' dir='ltr'><strong>quo</strong></span> <span class='ocrx_word' id='word_1_411' title='bbox 2950 1411 3131 1482; x_wconf 88' lang='lat' dir='ltr'><strong>agitur</strong></span> <span class='ocrx_word' id='word_1_412' title='bbox 3159 1413 3247 1468; x_wconf 88' lang='lat' dir='ltr'><strong>sui</strong></span> <span class='ocrx_word' id='word_1_413' title='bbox 3297 1413 3471 1469; x_wconf 86' lang='lat' dir='ltr'><strong>delicti</strong></span> <span class='ocrx_word' id='word_1_414' title='bbox 3499 1418 3710 1486; x_wconf 67' lang='lat' dir='ltr'><strong>plenitudi-</strong></span> 
     </span>
    </p>
   </div>
   <div class='ocr_carea' id='block_1_57' title="bbox 2207 1499 3708 1574">
    <p class='ocr_par' dir='ltr' id='par_1_57' title="bbox 2207 1499 3708 1574">
     <span class='ocr_line' id='line_1_57' title="bbox 2207 1499 3708 1574; baseline 0.005 -20"><span class='ocrx_word' id='word_1_415' title='bbox 2207 1515 2328 1554; x_wconf 90' lang='lat' dir='ltr'><strong>nem</strong></span> <span class='ocrx_word' id='word_1_416' title='bbox 2355 1514 2546 1570; x_wconf 84' lang='lat' dir='ltr'><strong>gerere</strong></span> <span class='ocrx_word' id='word_1_417' title='bbox 2587 1499 2795 1564; x_wconf 92' lang='lat' dir='ltr'><strong>videro,</strong></span> <span class='ocrx_word' id='word_1_418' title='bbox 2849 1501 3136 1571; x_wconf 67' lang='lat' dir='ltr'><strong>praeceptis</strong></span> <span class='ocrx_word' id='word_1_419' title='bbox 3175 1502 3380 1556; x_wconf 89' lang='lat' dir='ltr'><strong>domini</strong></span> <span class='ocrx_word' id='word_1_420' title='bbox 3429 1518 3563 1574; x_wconf 67' lang='lat' dir='ltr'><strong>papae</strong></span> <span class='ocrx_word' id='word_1_421' title='bbox 3593 1506 3708 1564; x_wconf 72' lang='lat' dir='ltr'><strong>libent</strong></span> 
     </span>
    </p>
   </div>
   <div class='ocr_carea' id='block_1_58' title="bbox 2205 1590 3708 1662">
    <p class='ocr_par' dir='ltr' id='par_1_58' title="bbox 2205 1590 3708 1662">
     <span class='ocr_line' id='line_1_58' title="bbox 2205 1590 3708 1662; baseline 0.006 -19"><span class='ocrx_word' id='word_1_422' title='bbox 2205 1591 2429 1662; x_wconf 83' lang='lat' dir='ltr'><strong>parebo.</strong></span> <span class='ocrx_word' id='word_1_423' title='bbox 2479 1590 2586 1646; x_wconf 90' lang='lat' dir='ltr'><strong>Sed</strong></span> <span class='ocrx_word' id='word_1_424' title='bbox 2628 1603 2686 1645; x_wconf 94' lang='lat' dir='ltr'><strong>ut</strong></span> <span class='ocrx_word' id='word_1_425' title='bbox 2759 1590 2874 1662; x_wconf 88' lang='lat' dir='ltr'><strong>ipse</strong></span> <span class='ocrx_word' id='word_1_426' title='bbox 2912 1590 2963 1646; x_wconf 91' lang='lat' dir='ltr'><strong>in</strong></span> <span class='ocrx_word' id='word_1_427' title='bbox 3003 1602 3232 1661; x_wconf 89' lang='lat' dir='ltr'><strong>peccato</strong></span> <span class='ocrx_word' id='word_1_428' title='bbox 3262 1592 3562 1662; x_wconf 85' lang='lat' dir='ltr'><strong>suojaceat,</strong></span> <span class='ocrx_word' id='word_1_429' title='bbox 3587 1606 3629 1652; x_wconf 90' lang='lat' dir='ltr'><strong>et</strong></span> <span class='ocrx_word' id='word_1_430' title='bbox 3649 1599 3708 1652; x_wconf 76' lang='lat' dir='ltr'><strong>iui-</strong></span> 
     </span>
    </p>
   </div>
   <div class='ocr_carea' id='block_1_59' title="bbox 2213 1681 3709 1754">
    <p class='ocr_par' dir='ltr' id='par_1_59' title="bbox 2213 1681 3709 1754">
     <span class='ocr_line' id='line_1_59' title="bbox 2213 1681 3709 1754; baseline 0.005 -17"><span class='ocrx_word' id='word_1_431' title='bbox 2213 1683 2396 1738; x_wconf 90' lang='lat' dir='ltr'><strong>munis</strong></span> <span class='ocrx_word' id='word_1_432' title='bbox 2431 1683 2500 1738; x_wconf 89' lang='lat' dir='ltr'><strong>ah</strong></span> <span class='ocrx_word' id='word_1_433' title='bbox 2528 1683 2911 1739; x_wconf 85' lang='lat' dir='ltr'><strong>Ecclesiastica</strong></span> <span class='ocrx_word' id='word_1_434' title='bbox 2953 1681 3243 1754; x_wconf 85' lang='lat' dir='ltr'><strong>disciplina</strong></span> <span class='ocrx_word' id='word_1_435' title='bbox 3285 1685 3441 1742; x_wconf 89' lang='lat' dir='ltr'><strong>nobis</strong></span> <span class='ocrx_word' id='word_1_436' title='bbox 3481 1688 3653 1744; x_wconf 87' lang='lat' dir='ltr'><strong>insultet</strong></span> <span class='ocrx_word' id='word_1_437' title='bbox 3676 1702 3709 1746; x_wconf 78' lang='lat' dir='ltr'><strong>et</strong></span> 
     </span>
    </p>
   </div>
   <div class='ocr_carea' id='block_1_60' title="bbox 2209 1774 3706 1847">
    <p class='ocr_par' dir='ltr' id='par_1_60' title="bbox 2209 1774 3706 1847">
     <span class='ocr_line' id='line_1_60' title="bbox 2209 1774 3706 1847; baseline 0.004 -17"><span class='ocrx_word' id='word_1_438' title='bbox 2209 1775 2407 1831; x_wconf 80' lang='lat' dir='ltr'><strong>exinde</strong></span> <span class='ocrx_word' id='word_1_439' title='bbox 2429 1775 2688 1847; x_wconf 86' lang='lat' dir='ltr'><strong>gaudeat,</strong></span> <span class='ocrx_word' id='word_1_440' title='bbox 2717 1774 2851 1830; x_wconf 90' lang='lat' dir='ltr'><strong>nolit</strong></span> <span class='ocrx_word' id='word_1_441' title='bbox 2880 1775 3049 1831; x_wconf 90' lang='lat' dir='ltr'><strong>Deus.</strong></span> <span class='ocrx_word' id='word_1_442' title='bbox 3106 1776 3339 1832; x_wconf 84' lang='lat' dir='ltr'><strong>Avertat</strong></span> <span class='ocrx_word' id='word_1_443' title='bbox 3376 1777 3526 1832; x_wconf 86' lang='lat' dir='ltr'><strong>etiam</strong></span> <span class='ocrx_word' id='word_1_444' title='bbox 3562 1777 3706 1836; x_wconf 69' lang='lat' dir='ltr'><strong>Deus:</strong></span> 
     </span>
    </p>
   </div>
   <div class='ocr_carea' id='block_1_61' title="bbox 2209 1867 3706 1941">
    <p class='ocr_par' dir='ltr' id='par_1_61' title="bbox 2209 1867 3706 1941">
     <span class='ocr_line' id='line_1_61' title="bbox 2209 1867 3706 1941; baseline 0.003 -19"><span class='ocrx_word' id='word_1_445' title='bbox 2209 1881 2297 1922; x_wconf 88' lang='lat' dir='ltr'><strong>me</strong></span> <span class='ocrx_word' id='word_1_446' title='bbox 2330 1875 2389 1922; x_wconf 93' lang='lat' dir='ltr'><strong>ut</strong></span> <span class='ocrx_word' id='word_1_447' title='bbox 2415 1881 2517 1938; x_wconf 86' lang='lat' dir='ltr'><strong>ego</strong></span> <span class='ocrx_word' id='word_1_448' title='bbox 2545 1883 2709 1923; x_wconf 89' lang='lat' dir='ltr'><strong>causa</strong></span> <span class='ocrx_word' id='word_1_449' title='bbox 2754 1867 2986 1939; x_wconf 89' lang='lat' dir='ltr'><strong>alicujus</strong></span> <span class='ocrx_word' id='word_1_450' title='bbox 3031 1867 3284 1924; x_wconf 87' lang='lat' dir='ltr'><strong>mortalis</strong></span> <span class='ocrx_word' id='word_1_451' title='bbox 3325 1870 3540 1925; x_wconf 87' lang='lat' dir='ltr'><strong>hominis</strong></span> <span class='ocrx_word' id='word_1_452' title='bbox 3567 1871 3706 1941; x_wconf 59' lang='grc' dir='ltr'><strong>τύνη</strong></span> 
     </span>
    </p>
   </div>
   <div class='ocr_carea' id='block_1_62' title="bbox 2209 1958 3705 2034">
    <p class='ocr_par' dir='ltr' id='par_1_62' title="bbox 2209 1958 3705 2034">
     <span class='ocr_line' id='line_1_62' title="bbox 2209 1958 3705 2034; baseline 0.003 -20"><span class='ocrx_word' id='word_1_453' title='bbox 2209 1958 2580 2028; x_wconf 89' lang='lat' dir='ltr'><strong>redemptione</strong></span> <span class='ocrx_word' id='word_1_454' title='bbox 2629 1959 2825 2029; x_wconf 88' lang='lat' dir='ltr'><strong>capitis</strong></span> <span class='ocrx_word' id='word_1_455' title='bbox 2868 1959 2974 2014; x_wconf 91' lang='lat' dir='ltr'><strong>mei</strong></span> <span class='ocrx_word' id='word_1_456' title='bbox 3031 1971 3357 2030; x_wconf 82' lang='lat' dir='ltr'><strong>postponam</strong></span> <span class='ocrx_word' id='word_1_457' title='bbox 3412 1960 3561 2032; x_wconf 83' lang='lat' dir='ltr'><strong>legem</strong></span> <span class='ocrx_word' id='word_1_458' title='bbox 3598 1977 3705 2034; x_wconf 80' lang='lat' dir='ltr'><strong>qua</strong></span> 
     </span>
    </p>
   </div>
   <div class='ocr_carea' id='block_1_63' title="bbox 2208 2051 3707 2111">
    <p class='ocr_par' dir='ltr' id='par_1_63' title="bbox 2208 2051 3707 2111">
     <span class='ocr_line' id='line_1_63' title="bbox 2208 2051 3707 2111; baseline 0.003 -5"><span class='ocrx_word' id='word_1_459' title='bbox 2208 2051 2534 2107; x_wconf 88' lang='lat' dir='ltr'><strong>servandam</strong></span> <span class='ocrx_word' id='word_1_460' title='bbox 2581 2052 2776 2108; x_wconf 87' lang='lat' dir='ltr'><strong>statuit</strong></span> <span class='ocrx_word' id='word_1_461' title='bbox 2823 2051 2880 2107; x_wconf 87' lang='lat' dir='ltr'><strong>in</strong></span> <span class='ocrx_word' id='word_1_462' title='bbox 2921 2066 3020 2108; x_wconf 88' lang='lat' dir='ltr'><strong>sua</strong></span> <span class='ocrx_word' id='word_1_463' title='bbox 3068 2052 3321 2108; x_wconf 87' lang='lat' dir='ltr'><strong>Ecclesia</strong></span> <span class='ocrx_word' id='word_1_464' title='bbox 3366 2053 3496 2110; x_wconf 90' lang='lat' dir='ltr'><strong>idem</strong></span> <span class='ocrx_word' id='word_1_465' title='bbox 3524 2055 3707 2111; x_wconf 73' lang='lat' dir='ltr'><strong>Dominus</strong></span> 
     </span>
    </p>
   </div>
   <div class='ocr_carea' id='block_1_64' title="bbox 2210 2141 3710 2204">
    <p class='ocr_par' dir='ltr' id='par_1_64' title="bbox 2210 2141 3710 2204">
     <span class='ocr_line' id='line_1_64' title="bbox 2210 2141 3710 2204; baseline 0.005 -7"><span class='ocrx_word' id='word_1_466' title='bbox 2210 2157 2366 2198; x_wconf 88' lang='lat' dir='ltr'><strong>meus</strong></span> <span class='ocrx_word' id='word_1_467' title='bbox 2398 2142 2654 2198; x_wconf 88' lang='lat' dir='ltr'><strong>Christus</strong></span> <span class='ocrx_word' id='word_1_468' title='bbox 2703 2141 2875 2200; x_wconf 85' lang='lat' dir='ltr'><strong>Filius</strong></span> <span class='ocrx_word' id='word_1_469' title='bbox 2929 2143 3057 2199; x_wconf 85' lang='lat' dir='ltr'><strong>Dei!</strong></span> <span class='ocrx_word' id='word_1_470' title='bbox 3097 2161 3119 2198; x_wconf 73' lang='grc' dir='ltr'><strong><em>ι</em></strong></span> <span class='ocrx_word' id='word_1_471' title='bbox 3172 2143 3307 2201; x_wconf 67' lang='lat' dir='ltr'><strong>Haec</strong></span> <span class='ocrx_word' id='word_1_472' title='bbox 3353 2145 3452 2201; x_wconf 90' lang='lat' dir='ltr'><strong>sibi</strong></span> <span class='ocrx_word' id='word_1_473' title='bbox 3492 2145 3623 2202; x_wconf 74' lang='lat' dir='ltr'><strong>relata</strong></span> <span class='ocrx_word' id='word_1_474' title='bbox 3652 2148 3710 2204; x_wconf 72' lang='grc' dir='ltr'><strong>ἱυι</strong></span> 
     </span>
    </p>
   </div>
   <div class='ocr_carea' id='block_1_65' title="bbox 2208 2233 3707 2306">
    <p class='ocr_par' dir='ltr' id='par_1_65' title="bbox 2208 2233 3707 2306">
     <span class='ocr_line' id='line_1_65' title="bbox 2208 2233 3707 2306; baseline 0.002 -17"><span class='ocrx_word' id='word_1_475' title='bbox 2208 2236 2457 2302; x_wconf 89' lang='lat' dir='ltr'><strong>audiens,</strong></span> <span class='ocrx_word' id='word_1_476' title='bbox 2484 2243 2541 2291; x_wconf 88' lang='lat' dir='ltr'><strong>et</strong></span> <span class='ocrx_word' id='word_1_477' title='bbox 2576 2236 2914 2291; x_wconf 84' lang='lat' dir='ltr'><strong>Dunstauum</strong></span> <span class='ocrx_word' id='word_1_478' title='bbox 2945 2233 3014 2290; x_wconf 90' lang='lat' dir='ltr'><strong>ab</strong></span> <span class='ocrx_word' id='word_1_479' title='bbox 3055 2235 3124 2291; x_wconf 90' lang='lat' dir='ltr'><strong>iis</strong></span> <span class='ocrx_word' id='word_1_480' title='bbox 3152 2250 3280 2306; x_wconf 72' lang='lat' dir='ltr'><strong>qua:</strong></span> <span class='ocrx_word' id='word_1_481' title='bbox 3293 2247 3440 2293; x_wconf 84' lang='lat' dir='ltr'><strong>certo</strong></span> <span class='ocrx_word' id='word_1_482' title='bbox 3463 2237 3626 2294; x_wconf 84' lang='lat' dir='ltr'><strong>diceret</strong></span> <span class='ocrx_word' id='word_1_483' title='bbox 3655 2240 3707 2292; x_wconf 89' lang='lat' dir='ltr'><strong>in-</strong></span> 
     </span>
    </p>
   </div>
   <div class='ocr_carea' id='block_1_66' title="bbox 2208 2326 3707 2394">
    <p class='ocr_par' dir='ltr' id='par_1_66' title="bbox 2208 2326 3707 2394">
     <span class='ocr_line' id='line_1_66' title="bbox 2208 2326 3707 2394; baseline 0 -12"><span class='ocrx_word' id='word_1_484' title='bbox 2208 2326 2498 2382; x_wconf 83' lang='lat' dir='ltr'><strong>ﬂexibilem</strong></span> <span class='ocrx_word' id='word_1_485' title='bbox 2527 2340 2650 2382; x_wconf 90' lang='lat' dir='ltr'><strong>esse</strong></span> <span class='ocrx_word' id='word_1_486' title='bbox 2674 2327 2982 2383; x_wconf 88' lang='lat' dir='ltr'><strong>certissime</strong></span> <span class='ocrx_word' id='word_1_487' title='bbox 3029 2326 3234 2394; x_wconf 89' lang='lat' dir='ltr'><strong>sciens,</strong></span> <span class='ocrx_word' id='word_1_488' title='bbox 3284 2329 3707 2383; x_wconf 68' lang='lat' dir='ltr'><strong>excommunicatie</strong></span> 
     </span>
    </p>
   </div>
   <div class='ocr_carea' id='block_1_67' title="bbox 2208 2421 3707 2493">
    <p class='ocr_par' dir='ltr' id='par_1_67' title="bbox 2208 2421 3707 2493">
     <span class='ocr_line' id='line_1_67' title="bbox 2208 2421 3707 2493; baseline -0.002 -16"><span class='ocrx_word' id='word_1_489' title='bbox 2208 2423 2292 2477; x_wconf 91' lang='lat' dir='ltr'><strong>nis</strong></span> <span class='ocrx_word' id='word_1_490' title='bbox 2315 2437 2426 2478; x_wconf 86' lang='lat' dir='ltr'><strong>suae</strong></span> <span class='ocrx_word' id='word_1_491' title='bbox 2449 2435 2610 2492; x_wconf 87' lang='lat' dir='ltr'><strong>poena</strong></span> <span class='ocrx_word' id='word_1_492' title='bbox 2632 2437 2756 2478; x_wconf 90' lang='lat' dir='ltr'><strong>cum</strong></span> <span class='ocrx_word' id='word_1_493' title='bbox 2775 2421 3056 2476; x_wconf 89' lang='lat' dir='ltr'><strong>hominum</strong></span> <span class='ocrx_word' id='word_1_494' title='bbox 3086 2423 3298 2493; x_wconf 89' lang='lat' dir='ltr'><strong>pudore</strong></span> <span class='ocrx_word' id='word_1_495' title='bbox 3318 2422 3615 2486; x_wconf 88' lang='lat' dir='ltr'><strong>constrictus,</strong></span> <span class='ocrx_word' id='word_1_496' title='bbox 3634 2431 3707 2475; x_wconf 78' lang='lat' dir='ltr'><strong>tum</strong></span> 
     </span>
    </p>
   </div>
   <div class='ocr_carea' id='block_1_68' title="bbox 2212 2513 3707 2588">
    <p class='ocr_par' dir='ltr' id='par_1_68' title="bbox 2212 2513 3707 2588">
     <span class='ocr_line' id='line_1_68' title="bbox 2212 2513 3707 2588; baseline -0.003 -18"><span class='ocrx_word' id='word_1_497' title='bbox 2212 2516 2404 2570; x_wconf 88' lang='lat' dir='ltr'><strong>timore</strong></span> <span class='ocrx_word' id='word_1_498' title='bbox 2437 2514 2805 2588; x_wconf 89' lang='lat' dir='ltr'><strong>periculorum</strong></span> <span class='ocrx_word' id='word_1_499' title='bbox 2849 2528 2972 2584; x_wconf 88' lang='lat' dir='ltr'><strong>quae</strong></span> <span class='ocrx_word' id='word_1_500' title='bbox 3019 2513 3224 2569; x_wconf 87' lang='lat' dir='ltr'><strong>talibus</strong></span> <span class='ocrx_word' id='word_1_501' title='bbox 3250 2529 3596 2584; x_wconf 88' lang='lat' dir='ltr'><strong>nonnunquam</strong></span> <span class='ocrx_word' id='word_1_502' title='bbox 3617 2515 3707 2568; x_wconf 81' lang='lat' dir='ltr'><strong>acci-</strong></span> 
     </span>
    </p>
   </div>
   <div class='ocr_carea' id='block_1_69' title="bbox 2209 2604 3704 2676">
    <p class='ocr_par' dir='ltr' id='par_1_69' title="bbox 2209 2604 3704 2676">
     <span class='ocr_line' id='line_1_69' title="bbox 2209 2604 3704 2676; baseline -0.001 -15"><span class='ocrx_word' id='word_1_503' title='bbox 2209 2607 2340 2663; x_wconf 89' lang='lat' dir='ltr'><strong>dere</strong></span> <span class='ocrx_word' id='word_1_504' title='bbox 2377 2606 2554 2662; x_wconf 89' lang='lat' dir='ltr'><strong>solent</strong></span> <span class='ocrx_word' id='word_1_505' title='bbox 2593 2604 3318 2676; x_wconf 86' lang='lat' dir='ltr'><strong>perterritus,ohstlnaciam</strong></span> <span class='ocrx_word' id='word_1_506' title='bbox 3346 2622 3452 2663; x_wconf 63' lang='lat' dir='ltr'><strong>sua:</strong></span> <span class='ocrx_word' id='word_1_507' title='bbox 3476 2606 3629 2662; x_wconf 83' lang='lat' dir='ltr'><strong>mentis</strong></span> <span class='ocrx_word' id='word_1_508' title='bbox 3645 2605 3704 2660; x_wconf 80' lang='lat' dir='ltr'><strong>de-</strong></span> 
     </span>
    </p>
   </div>
   <div class='ocr_carea' id='block_1_70' title="bbox 2211 2696 3705 2770">
    <p class='ocr_par' dir='ltr' id='par_1_70' title="bbox 2211 2696 3705 2770">
     <span class='ocr_line' id='line_1_70' title="bbox 2211 2696 3705 2770; baseline 0 -20"><span class='ocrx_word' id='word_1_509' title='bbox 2211 2698 2410 2768; x_wconf 87' lang='lat' dir='ltr'><strong>posuit,</strong></span> <span class='ocrx_word' id='word_1_510' title='bbox 2441 2708 2516 2764; x_wconf 91' lang='lat' dir='ltr'><strong>et,</strong></span> <span class='ocrx_word' id='word_1_511' title='bbox 2541 2697 2793 2754; x_wconf 88' lang='lat' dir='ltr'><strong>abdicato</strong></span> <span class='ocrx_word' id='word_1_512' title='bbox 2820 2696 3010 2752; x_wconf 90' lang='lat' dir='ltr'><strong>illicito</strong></span> <span class='ocrx_word' id='word_1_513' title='bbox 3035 2697 3317 2770; x_wconf 88' lang='lat' dir='ltr'><strong>conjugio.</strong></span> <span class='ocrx_word' id='word_1_514' title='bbox 3345 2698 3627 2770; x_wconf 71' lang='lat' dir='ltr'><strong>pmniteutia</strong></span> <span class='ocrx_word' id='word_1_515' title='bbox 3642 2698 3705 2752; x_wconf 84' lang='lat' dir='ltr'><strong>siti</strong></span> 
     </span>
    </p>
   </div>
   <div class='ocr_carea' id='block_1_71' title="bbox 2210 2789 3704 2862">
    <p class='ocr_par' dir='ltr' id='par_1_71' title="bbox 2210 2789 3704 2862">
     <span class='ocr_line' id='line_1_71' title="bbox 2210 2789 3704 2862; baseline -0.002 -15"><span class='ocrx_word' id='word_1_516' title='bbox 2210 2791 2415 2847; x_wconf 91' lang='lat' dir='ltr'><strong>cultum</strong></span> <span class='ocrx_word' id='word_1_517' title='bbox 2463 2789 2742 2862; x_wconf 89' lang='lat' dir='ltr'><strong>imposuit.</strong></span> <span class='ocrx_word' id='word_1_518' title='bbox 2776 2789 3060 2846; x_wconf 90' lang='lat' dir='ltr'><strong>Dunstano</strong></span> <span class='ocrx_word' id='word_1_519' title='bbox 3093 2807 3336 2862; x_wconf 89' lang='lat' dir='ltr'><strong>namque</strong></span> <span class='ocrx_word' id='word_1_520' title='bbox 3360 2791 3576 2862; x_wconf 83' lang='lat' dir='ltr'><strong>generale</strong></span> <span class='ocrx_word' id='word_1_521' title='bbox 3597 2791 3704 2846; x_wconf 76' lang='lat' dir='ltr'><strong>totius</strong></span> 
     </span>
    </p>
   </div>
   <div class='ocr_carea' id='block_1_72' title="bbox 2212 2881 3706 2951">
    <p class='ocr_par' dir='ltr' id='par_1_72' title="bbox 2212 2881 3706 2951">
     <span class='ocr_line' id='line_1_72' title="bbox 2212 2881 3706 2951; baseline 0.001 -17"><span class='ocrx_word' id='word_1_522' title='bbox 2212 2881 2364 2951; x_wconf 87' lang='lat' dir='ltr'><strong>regni</strong></span> <span class='ocrx_word' id='word_1_523' title='bbox 2393 2881 2683 2937; x_wconf 90' lang='lat' dir='ltr'><strong>concilium</strong></span> <span class='ocrx_word' id='word_1_524' title='bbox 2703 2883 2781 2937; x_wconf 88' lang='lat' dir='ltr'><strong>&#39;de</strong></span> <span class='ocrx_word' id='word_1_525' title='bbox 2809 2882 3159 2938; x_wconf 86' lang='lat' dir='ltr'><strong>observantia</strong></span> <span class='ocrx_word' id='word_1_526' title='bbox 3192 2881 3587 2939; x_wconf 82' lang='lat' dir='ltr'><strong>Christianitatis</strong></span> <span class='ocrx_word' id='word_1_527' title='bbox 3615 2881 3706 2935; x_wconf 79' lang='lat' dir='ltr'><strong>cele-</strong></span> 
     </span>
    </p>
   </div>
   <div class='ocr_carea' id='block_1_73' title="bbox 2183 2971 3703 3045">
    <p class='ocr_par' dir='ltr' id='par_1_73' title="bbox 2183 2971 3703 3045">
     <span class='ocr_line' id='line_1_73' title="bbox 2183 2971 3703 3045; baseline -0.006 -12"><span class='ocrx_word' id='word_1_528' title='bbox 2183 2974 2422 3040; x_wconf 84' lang='lat' dir='ltr'><strong>brante,</strong></span> <span class='ocrx_word' id='word_1_529' title='bbox 2477 2975 2595 3045; x_wconf 86' lang='lat' dir='ltr'><strong>ipse</strong></span> <span class='ocrx_word' id='word_1_530' title='bbox 2644 2974 2855 3030; x_wconf 88' lang='lat' dir='ltr'><strong>suimet</strong></span> <span class='ocrx_word' id='word_1_531' title='bbox 2902 2974 3127 3040; x_wconf 89' lang='lat' dir='ltr'><strong>oblitus,</strong></span> <span class='ocrx_word' id='word_1_532' title='bbox 3157 2973 3324 3030; x_wconf 90' lang='lat' dir='ltr'><strong>nudis</strong></span> <span class='ocrx_word' id='word_1_533' title='bbox 3349 2974 3564 3045; x_wconf 87' lang='lat' dir='ltr'><strong>pedibus,</strong></span> <span class='ocrx_word' id='word_1_534' title='bbox 3592 2971 3703 3025; x_wconf 78' lang='lat' dir='ltr'><strong>laneis</strong></span> 
     </span>
    </p>
   </div>
   <div class='ocr_carea' id='block_1_74' title="bbox 2216 3064 3704 3138">
    <p class='ocr_par' dir='ltr' id='par_1_74' title="bbox 2216 3064 3704 3138">
     <span class='ocr_line' id='line_1_74' title="bbox 2216 3064 3704 3138; baseline -0.005 -17"><span class='ocrx_word' id='word_1_535' title='bbox 2216 3066 2548 3123; x_wconf 87' lang='lat' dir='ltr'><strong>indumentis</strong></span> <span class='ocrx_word' id='word_1_536' title='bbox 2568 3080 2768 3136; x_wconf 90' lang='lat' dir='ltr'><strong>corpus</strong></span> <span class='ocrx_word' id='word_1_537' title='bbox 2789 3066 3040 3130; x_wconf 87' lang='lat' dir='ltr'><strong>amictus,</strong></span> <span class='ocrx_word' id='word_1_538' title='bbox 3059 3067 3248 3138; x_wconf 85' lang='lat' dir='ltr'><strong>virgas</strong></span> <span class='ocrx_word' id='word_1_539' title='bbox 3273 3081 3426 3122; x_wconf 87' lang='lat' dir='ltr'><strong>manu</strong></span> <span class='ocrx_word' id='word_1_540' title='bbox 3448 3064 3609 3127; x_wconf 81' lang='lat' dir='ltr'><strong>ferens,</strong></span> <span class='ocrx_word' id='word_1_541' title='bbox 3627 3078 3704 3116; x_wconf 85' lang='lat' dir='ltr'><strong>con-</strong></span> 
     </span>
    </p>
   </div>
   <div class='ocr_carea' id='block_1_75' title="bbox 2217 3155 3701 3230">
    <p class='ocr_par' dir='ltr' id='par_1_75' title="bbox 2217 3155 3701 3230">
     <span class='ocr_line' id='line_1_75' title="bbox 2217 3155 3701 3230; baseline -0.007 -15"><span class='ocrx_word' id='word_1_542' title='bbox 2217 3159 2343 3215; x_wconf 91' lang='lat' dir='ltr'><strong>cilio</strong></span> <span class='ocrx_word' id='word_1_543' title='bbox 2377 3173 2501 3215; x_wconf 87' lang='lat' dir='ltr'><strong>sese</strong></span> <span class='ocrx_word' id='word_1_544' title='bbox 2542 3159 2781 3216; x_wconf 89' lang='lat' dir='ltr'><strong>medium</strong></span> <span class='ocrx_word' id='word_1_545' title='bbox 2827 3159 3075 3230; x_wconf 82' lang='lat' dir='ltr'><strong>ingessit,</strong></span> <span class='ocrx_word' id='word_1_546' title='bbox 3109 3167 3164 3214; x_wconf 90' lang='lat' dir='ltr'><strong>et</strong></span> <span class='ocrx_word' id='word_1_547' title='bbox 3197 3167 3326 3215; x_wconf 88' lang='lat' dir='ltr'><strong>ante</strong></span> <span class='ocrx_word' id='word_1_548' title='bbox 3345 3159 3495 3230; x_wconf 88' lang='lat' dir='ltr'><strong>pedes</strong></span> <span class='ocrx_word' id='word_1_549' title='bbox 3519 3155 3701 3210; x_wconf 78' lang='lat' dir='ltr'><strong>Dunstaui</strong></span> 
     </span>
    </p>
   </div>
   <div class='ocr_carea' id='block_1_76' title="bbox 2203 3248 3701 3323">
    <p class='ocr_par' dir='ltr' id='par_1_76' title="bbox 2203 3248 3701 3323">
     <span class='ocr_line' id='line_1_76' title="bbox 2203 3248 3701 3323; baseline -0.004 -17"><span class='ocrx_word' id='word_1_550' title='bbox 2203 3251 2589 3323; x_wconf 85' lang='lat' dir='ltr'><strong>gemebundus</strong></span> <span class='ocrx_word' id='word_1_551' title='bbox 2617 3261 2673 3307; x_wconf 90' lang='lat' dir='ltr'><strong>ct</strong></span> <span class='ocrx_word' id='word_1_552' title='bbox 2699 3250 2910 3322; x_wconf 84' lang='lat' dir='ltr'><strong>ejulans</strong></span> <span class='ocrx_word' id='word_1_553' title='bbox 2939 3252 3174 3307; x_wconf 87' lang='lat' dir='ltr'><strong>corruit.</strong></span> <span class='ocrx_word' id='word_1_554' title='bbox 3216 3251 3333 3318; x_wconf 88' lang='lat' dir='ltr'><strong>Quo</strong></span> <span class='ocrx_word' id='word_1_555' title='bbox 3360 3252 3468 3306; x_wconf 85' lang='lat' dir='ltr'><strong>viso</strong></span> <span class='ocrx_word' id='word_1_556' title='bbox 3498 3248 3599 3304; x_wconf 90' lang='lat' dir='ltr'><strong>moti</strong></span> <span class='ocrx_word' id='word_1_557' title='bbox 3620 3256 3701 3302; x_wconf 81' lang='lat' dir='ltr'><strong>sunt</strong></span> 
     </span>
    </p>
   </div>
   <div class='ocr_carea' id='block_1_77' title="bbox 2212 3341 3699 3415">
    <p class='ocr_par' dir='ltr' id='par_1_77' title="bbox 2212 3341 3699 3415">
     <span class='ocr_line' id='line_1_77' title="bbox 2212 3341 3699 3415; baseline -0.003 -17"><span class='ocrx_word' id='word_1_558' title='bbox 2212 3358 2404 3399; x_wconf 88' lang='lat' dir='ltr'><strong>omnes</strong></span> <span class='ocrx_word' id='word_1_559' title='bbox 2447 3344 2540 3413; x_wconf 89' lang='lat' dir='ltr'><strong>qui</strong></span> <span class='ocrx_word' id='word_1_560' title='bbox 2588 3345 2819 3399; x_wconf 90' lang='lat' dir='ltr'><strong>aderant</strong></span> <span class='ocrx_word' id='word_1_561' title='bbox 2845 3343 2912 3398; x_wconf 89' lang='lat' dir='ltr'><strong>ad</strong></span> <span class='ocrx_word' id='word_1_562' title='bbox 2949 3345 3236 3414; x_wconf 88' lang='lat' dir='ltr'><strong>pietatem,</strong></span> <span class='ocrx_word' id='word_1_563' title='bbox 3270 3353 3324 3399; x_wconf 89' lang='lat' dir='ltr'><strong>et</strong></span> <span class='ocrx_word' id='word_1_564' title='bbox 3351 3345 3457 3415; x_wconf 89' lang='lat' dir='ltr'><strong>ipse</strong></span> <span class='ocrx_word' id='word_1_565' title='bbox 3483 3341 3608 3396; x_wconf 83' lang='lat' dir='ltr'><strong>Pater</strong></span> <span class='ocrx_word' id='word_1_566' title='bbox 3625 3354 3699 3394; x_wconf 79' lang='lat' dir='ltr'><strong>out-</strong></span> 
     </span>
    </p>
   </div>
   <div class='ocr_carea' id='block_1_78' title="bbox 2213 3429 3698 3507">
    <p class='ocr_par' dir='ltr' id='par_1_78' title="bbox 2213 3429 3698 3507">
     <span class='ocr_line' id='line_1_78' title="bbox 2213 3429 3698 3507; baseline -0.007 -17"><span class='ocrx_word' id='word_1_567' title='bbox 2213 3435 2362 3490; x_wconf 89' lang='lat' dir='ltr'><strong>nium</strong></span> <span class='ocrx_word' id='word_1_568' title='bbox 2390 3435 2582 3507; x_wconf 85' lang='lat' dir='ltr'><strong>majori</strong></span> <span class='ocrx_word' id='word_1_569' title='bbox 2608 3451 2720 3507; x_wconf 78' lang='lat' dir='ltr'><strong>prae</strong></span> <span class='ocrx_word' id='word_1_570' title='bbox 2747 3437 2961 3492; x_wconf 71' lang='lat' dir='ltr'><strong>caeteris</strong></span> <span class='ocrx_word' id='word_1_571' title='bbox 2987 3437 3191 3507; x_wconf 85' lang='lat' dir='ltr'><strong>pietate</strong></span> <span class='ocrx_word' id='word_1_572' title='bbox 3225 3445 3399 3491; x_wconf 90' lang='lat' dir='ltr'><strong>motus</strong></span> <span class='ocrx_word' id='word_1_573' title='bbox 3421 3443 3512 3490; x_wconf 90' lang='lat' dir='ltr'><strong>est.</strong></span> <span class='ocrx_word' id='word_1_574' title='bbox 3534 3431 3579 3486; x_wconf 90' lang='lat' dir='ltr'><strong>ln</strong></span> <span class='ocrx_word' id='word_1_575' title='bbox 3601 3429 3698 3484; x_wconf 82' lang='lat' dir='ltr'><strong>vultu</strong></span> 
     </span>
    </p>
   </div>
   <div class='ocr_carea' id='block_1_79' title="bbox 2217 3525 3700 3601">
    <p class='ocr_par' dir='ltr' id='par_1_79' title="bbox 2217 3525 3700 3601">
     <span class='ocr_line' id='line_1_79' title="bbox 2217 3525 3700 3601; baseline -0.007 -14"><span class='ocrx_word' id='word_1_576' title='bbox 2217 3541 2396 3590; x_wconf 88' lang='lat' dir='ltr'><strong>tamen</strong></span> <span class='ocrx_word' id='word_1_577' title='bbox 2443 3539 2660 3587; x_wconf 90' lang='lat' dir='ltr'><strong>servato</strong></span> <span class='ocrx_word' id='word_1_578' title='bbox 2699 3529 3000 3600; x_wconf 68' lang='lat' dir='ltr'><strong>disciplina:</strong></span> <span class='ocrx_word' id='word_1_579' title='bbox 3047 3530 3258 3601; x_wconf 88' lang='lat' dir='ltr'><strong>rigore,</strong></span> <span class='ocrx_word' id='word_1_580' title='bbox 3301 3537 3472 3600; x_wconf 87' lang='lat' dir='ltr'><strong>utpote</strong></span> <span class='ocrx_word' id='word_1_581' title='bbox 3507 3525 3700 3582; x_wconf 81' lang='lat' dir='ltr'><strong>hominem</strong></span> 
     </span>
    </p>
   </div>
   <div class='ocr_carea' id='block_1_80' title="bbox 2214 3613 3701 3692">
    <p class='ocr_par' dir='ltr' id='par_1_80' title="bbox 2214 3613 3701 3692">
     <span class='ocr_line' id='line_1_80' title="bbox 2214 3613 3701 3692; baseline -0.002 -17"><span class='ocrx_word' id='word_1_582' title='bbox 2214 3622 2447 3692; x_wconf 85' lang='lat' dir='ltr'><strong>pleniter</strong></span> <span class='ocrx_word' id='word_1_583' title='bbox 2477 3622 2586 3680; x_wconf 86' lang='lat' dir='ltr'><strong>Deo</strong></span> <span class='ocrx_word' id='word_1_584' title='bbox 2619 3622 2975 3678; x_wconf 90' lang='lat' dir='ltr'><strong>reconciliare</strong></span> <span class='ocrx_word' id='word_1_585' title='bbox 3007 3623 3351 3690; x_wconf 85' lang='lat' dir='ltr'><strong>desiderans,</strong></span> <span class='ocrx_word' id='word_1_586' title='bbox 3389 3613 3701 3689; x_wconf 73' lang='lat' dir='ltr'><strong>lacrymasejns</strong></span> 
     </span>
    </p>
   </div>
   <div class='ocr_carea' id='block_1_81' title="bbox 2215 3711 3702 3777">
    <p class='ocr_par' dir='ltr' id='par_1_81' title="bbox 2215 3711 3702 3777">
     <span class='ocr_line' id='line_1_81' title="bbox 2215 3711 3702 3777; baseline -0.006 -11"><span class='ocrx_word' id='word_1_587' title='bbox 2215 3713 2280 3766; x_wconf 88' lang='lat' dir='ltr'><strong>ad</strong></span> <span class='ocrx_word' id='word_1_588' title='bbox 2316 3714 2508 3768; x_wconf 89' lang='lat' dir='ltr'><strong>horam</strong></span> <span class='ocrx_word' id='word_1_589' title='bbox 2551 3726 2778 3767; x_wconf 88' lang='lat' dir='ltr'><strong>severus</strong></span> <span class='ocrx_word' id='word_1_590' title='bbox 2807 3711 3089 3777; x_wconf 89' lang='lat' dir='ltr'><strong>sustinuit,</strong></span> <span class='ocrx_word' id='word_1_591' title='bbox 3125 3727 3193 3767; x_wconf 91' lang='lat' dir='ltr'><strong>ac</strong></span> <span class='ocrx_word' id='word_1_592' title='bbox 3230 3712 3485 3767; x_wconf 89' lang='lat' dir='ltr'><strong>demuma</strong></span> <span class='ocrx_word' id='word_1_593' title='bbox 3511 3714 3702 3761; x_wconf 77' lang='lat' dir='ltr'><strong>totocon-</strong></span> 
     </span>
    </p>
   </div>
   <div class='ocr_carea' id='block_1_82' title="bbox 2215 3793 3698 3875">
    <p class='ocr_par' dir='ltr' id='par_1_82' title="bbox 2215 3793 3698 3875">
     <span class='ocr_line' id='line_1_82' title="bbox 2215 3793 3698 3875; baseline -0.009 -16"><span class='ocrx_word' id='word_1_594' title='bbox 2215 3804 2338 3859; x_wconf 92' lang='lat' dir='ltr'><strong>cilio</strong></span> <span class='ocrx_word' id='word_1_595' title='bbox 2369 3802 2691 3874; x_wconf 85' lang='lat' dir='ltr'><strong>postulatus,</strong></span> <span class='ocrx_word' id='word_1_596' title='bbox 2723 3803 3035 3875; x_wconf 74' lang='lat' dir='ltr'><strong>lacrymans</strong></span> <span class='ocrx_word' id='word_1_597' title='bbox 3063 3810 3119 3857; x_wconf 91' lang='lat' dir='ltr'><strong>et</strong></span> <span class='ocrx_word' id='word_1_598' title='bbox 3155 3803 3274 3874; x_wconf 88' lang='lat' dir='ltr'><strong>ipse</strong></span> <span class='ocrx_word' id='word_1_599' title='bbox 3307 3801 3502 3870; x_wconf 85' lang='lat' dir='ltr'><strong>culpam</strong></span> <span class='ocrx_word' id='word_1_600' title='bbox 3531 3793 3698 3852; x_wconf 80' lang='lat' dir='ltr'><strong>indulsit.</strong></span> 
     </span>
    </p>
   </div>
   <div class='ocr_carea' id='block_1_83' title="bbox 2217 3884 3700 3966">
    <p class='ocr_par' dir='ltr' id='par_1_83' title="bbox 2217 3884 3700 3966">
     <span class='ocr_line' id='line_1_83' title="bbox 2217 3884 3700 3966; baseline -0.009 -16"><span class='ocrx_word' id='word_1_601' title='bbox 2217 3897 2409 3966; x_wconf 88' lang='lat' dir='ltr'><strong>Itaque</strong></span> <span class='ocrx_word' id='word_1_602' title='bbox 2471 3896 2538 3952; x_wconf 90' lang='lat' dir='ltr'><strong>ab</strong></span> <span class='ocrx_word' id='word_1_603' title='bbox 2599 3895 3190 3952; x_wconf 84' lang='lat' dir='ltr'><strong>cxcommunicationis</strong></span> <span class='ocrx_word' id='word_1_604' title='bbox 3240 3893 3443 3950; x_wconf 84' lang='lat' dir='ltr'><strong>vinculo</strong></span> <span class='ocrx_word' id='word_1_605' title='bbox 3483 3884 3700 3944; x_wconf 80' lang='lat' dir='ltr'><strong>absolutum</strong></span> 
     </span>
    </p>
   </div>
   <div class='ocr_carea' id='block_1_84' title="bbox 2215 3982 3698 4059">
    <p class='ocr_par' dir='ltr' id='par_1_84' title="bbox 2215 3982 3698 4059">
     <span class='ocr_line' id='line_1_84' title="bbox 2215 3982 3698 4059; baseline -0.005 -17"><span class='ocrx_word' id='word_1_606' title='bbox 2215 3985 2585 4042; x_wconf 89' lang='lat' dir='ltr'><strong>communioni</strong></span> <span class='ocrx_word' id='word_1_607' title='bbox 2629 3986 2866 4043; x_wconf 72' lang='lat' dir='ltr'><strong>fidelium</strong></span> <span class='ocrx_word' id='word_1_608' title='bbox 2914 3986 3278 4059; x_wconf 81' lang='lat' dir='ltr'><strong>gaudentibus</strong></span> <span class='ocrx_word' id='word_1_609' title='bbox 3309 3982 3503 4040; x_wconf 88' lang='lat' dir='ltr'><strong>cunctis</strong></span> <span class='ocrx_word' id='word_1_610' title='bbox 3531 3991 3624 4034; x_wconf 83' lang='lat' dir='ltr'><strong>eum</strong></span> <span class='ocrx_word' id='word_1_611' title='bbox 3642 3983 3698 4029; x_wconf 75' lang='grc' dir='ltr'><strong>η·</strong></span> 
     </span>
    </p>
   </div>
   <div class='ocr_carea' id='block_1_85' title="bbox 2217 4083 2414 4140">
    <p class='ocr_par' dir='ltr' id='par_1_85' title="bbox 2217 4083 2414 4140">
     <span class='ocr_line' id='line_1_85' title="bbox 2217 4083 2414 4140; baseline -0.02 0"><span class='ocrx_word' id='word_1_612' title='bbox 2217 4083 2414 4140; x_wconf 84' lang='lat' dir='ltr'><strong>stituit.</strong></span> 
     </span>
    </p>
   </div>
   <div class='ocr_carea' id='block_1_86' title="bbox 2289 4162 3698 4245">
    <p class='ocr_par' dir='ltr' id='par_1_86' title="bbox 2289 4162 3698 4245">
     <span class='ocr_line' id='line_1_86' title="bbox 2289 4162 3698 4245; baseline -0.009 -17"><span class='ocrx_word' id='word_1_613' title='bbox 2289 4174 2408 4228; x_wconf 82' lang='lat' dir='ltr'><strong>Alio</strong></span> <span class='ocrx_word' id='word_1_614' title='bbox 2465 4183 2710 4245; x_wconf 88' lang='lat' dir='ltr'><strong>tempore</strong></span> <span class='ocrx_word' id='word_1_615' title='bbox 2763 4171 3055 4227; x_wconf 90' lang='lat' dir='ltr'><strong>monetarii</strong></span> <span class='ocrx_word' id='word_1_616' title='bbox 3107 4179 3262 4237; x_wconf 87' lang='lat' dir='ltr'><strong>tres,</strong></span> <span class='ocrx_word' id='word_1_617' title='bbox 3313 4166 3473 4240; x_wconf 89' lang='lat' dir='ltr'><strong>quiin</strong></span> <span class='ocrx_word' id='word_1_618' title='bbox 3513 4162 3698 4232; x_wconf 63' lang='lat' dir='ltr'><strong>potestate</strong></span> 
     </span>
    </p>
   </div>
   <div class='ocr_carea' id='block_1_87' title="bbox 2217 4246 3696 4335">
    <p class='ocr_par' dir='ltr' id='par_1_87' title="bbox 2217 4246 3696 4335">
     <span class='ocr_line' id='line_1_87' title="bbox 2217 4246 3696 4335; baseline -0.015 -10"><span class='ocrx_word' id='word_1_619' title='bbox 2217 4270 2321 4325; x_wconf 87' lang='lat' dir='ltr'><strong>viri</strong></span> <span class='ocrx_word' id='word_1_620' title='bbox 2361 4277 2546 4335; x_wconf 91' lang='lat' dir='ltr'><strong>erant,</strong></span> <span class='ocrx_word' id='word_1_621' title='bbox 2597 4280 2720 4321; x_wconf 90' lang='lat' dir='ltr'><strong>cum</strong></span> <span class='ocrx_word' id='word_1_622' title='bbox 2767 4262 2902 4320; x_wconf 81' lang='lat' dir='ltr'><strong>falsa</strong></span> <span class='ocrx_word' id='word_1_623' title='bbox 2943 4271 3162 4318; x_wconf 84' lang='lat' dir='ltr'><strong>moneta</strong></span> <span class='ocrx_word' id='word_1_624' title='bbox 3189 4259 3331 4332; x_wconf 85' lang='lat' dir='ltr'><strong>capti</strong></span> <span class='ocrx_word' id='word_1_625' title='bbox 3361 4257 3422 4313; x_wconf 89' lang='lat' dir='ltr'><strong>ad</strong></span> <span class='ocrx_word' id='word_1_626' title='bbox 3450 4246 3696 4310; x_wconf 71' lang='lat' dir='ltr'><strong>subeundam</strong></span> 
     </span>
    </p>
   </div>
   <div class='ocr_carea' id='block_1_88' title="bbox 2217 4347 3695 4434">
    <p class='ocr_par' dir='ltr' id='par_1_88' title="bbox 2217 4347 3695 4434">
     <span class='ocr_line' id='line_1_88' title="bbox 2217 4347 3695 4434; baseline -0.019 -14"><span class='ocrx_word' id='word_1_627' title='bbox 2217 4377 2437 4434; x_wconf 67' lang='lat' dir='ltr'><strong>poenam</strong></span> <span class='ocrx_word' id='word_1_628' title='bbox 2481 4356 2792 4429; x_wconf 74' lang='lat' dir='ltr'><strong>huiusmodi</strong></span> <span class='ocrx_word' id='word_1_629' title='bbox 2840 4353 3155 4410; x_wconf 89' lang='lat' dir='ltr'><strong>hominibus</strong></span> <span class='ocrx_word' id='word_1_630' title='bbox 3207 4367 3304 4424; x_wconf 90' lang='lat' dir='ltr'><strong>per</strong></span> <span class='ocrx_word' id='word_1_631' title='bbox 3357 4357 3506 4404; x_wconf 89' lang='lat' dir='ltr'><strong>totum</strong></span> <span class='ocrx_word' id='word_1_632' title='bbox 3542 4347 3695 4434; x_wconf 60' lang='lat' dir='ltr'><strong>regnum</strong></span> 
     </span>
    </p>
   </div>
   <div class='ocr_carea' id='block_1_89' title="bbox 530 4427 3694 4545">
    <p class='ocr_par' dir='ltr' id='par_1_89' title="bbox 530 4427 3694 4545">
     <span class='ocr_line' id='line_1_89' title="bbox 530 4427 3694 4545; baseline 0.01 -46"><span class='ocrx_word' id='word_1_633' title='bbox 530 4446 706 4514; x_wconf 89' lang='lat' dir='ltr'><strong>ipsum</strong></span> <span class='ocrx_word' id='word_1_634' title='bbox 740 4448 1011 4505; x_wconf 91' lang='lat' dir='ltr'><strong>restituat.</strong></span> <span class='ocrx_word' id='word_1_635' title='bbox 1038 4427 1270 4507; x_wconf 77' lang='lat' dir='ltr'><strong>liliratur</strong></span> <span class='ocrx_word' id='word_1_636' title='bbox 1294 4427 1382 4510; x_wconf 75' lang='lat' dir='ltr'><strong>ille</strong></span> <span class='ocrx_word' id='word_1_637' title='bbox 1411 4457 1479 4511; x_wconf 92' lang='lat' dir='ltr'><strong>ad</strong></span> <span class='ocrx_word' id='word_1_638' title='bbox 1502 4459 1706 4526; x_wconf 91' lang='lat' dir='ltr'><strong>audita,</strong></span> <span class='ocrx_word' id='word_1_639' title='bbox 1738 4469 1789 4515; x_wconf 91' lang='lat' dir='ltr'><strong>et</strong></span> <span class='ocrx_word' id='word_1_640' title='bbox 1817 4460 1960 4518; x_wconf 89' lang='lat' dir='ltr'><strong>dolet</strong></span> <span class='ocrx_word' id='word_1_641' title='bbox 1988 4462 2115 4518; x_wconf 88' lang='lat' dir='ltr'><strong>reli-</strong></span> <span class='ocrx_word' id='word_1_642' title='bbox 2139 4482 2194 4545; x_wconf 74' lang='grc' dir='ltr'>υ</span> <span class='ocrx_word' id='word_1_643' title='bbox 2220 4427 2612 4526; x_wconf 52' lang='lat' dir='ltr'><strong>Dromulgatal“</strong></span> <span class='ocrx_word' id='word_1_644' title='bbox 2641 4457 2770 4545; x_wconf 58' lang='lat'><strong>50&quot;}</strong></span> <span class='ocrx_word' id='word_1_645' title='bbox 2810 4447 3057 4545; x_wconf 53' lang='lat' dir='ltr'><strong>inllif‘va‘i-</strong></span> <span class='ocrx_word' id='word_1_646' title='bbox 3088 4447 3220 4513; x_wconf 52' lang='lat' dir='ltr'><strong>Qum</strong></span> <span class='ocrx_word' id='word_1_647' title='bbox 3241 4459 3335 4545; x_wconf 64' lang='grc'><strong>[⁸⁸</strong></span> <span class='ocrx_word' id='word_1_648' title='bbox 3357 4427 3694 4545; x_wconf 56' lang='lat' dir='ltr'><strong>P&quot;“‘_‘_‘_&quot;°f:</strong></span> 
     </span>
    </p>
   </div>
   <div class='ocr_carea' id='block_1_90' title="bbox 527 4538 2115 4624">
    <p class='ocr_par' dir='ltr' id='par_1_90' title="bbox 527 4538 2115 4624">
     <span class='ocr_line' id='line_1_90' title="bbox 527 4538 2115 4624; baseline 0.013 -33"><span class='ocrx_word' id='word_1_649' title='bbox 527 4538 740 4607; x_wconf 79' lang='lat' dir='ltr'><strong>giosum</strong></span> <span class='ocrx_word' id='word_1_650' title='bbox 773 4553 950 4612; x_wconf 87' lang='lat' dir='ltr'><strong>regem</strong></span> <span class='ocrx_word' id='word_1_651' title='bbox 981 4559 1078 4615; x_wconf 88' lang='lat' dir='ltr'><strong>per</strong></span> <span class='ocrx_word' id='word_1_652' title='bbox 1103 4547 1417 4603; x_wconf 90' lang='lat' dir='ltr'><strong>mendaeem</strong></span> <span class='ocrx_word' id='word_1_653' title='bbox 1444 4549 1677 4607; x_wconf 89' lang='lat' dir='ltr'><strong>hominis</strong></span> <span class='ocrx_word' id='word_1_654' title='bbox 1712 4551 1948 4624; x_wconf 87' lang='lat' dir='ltr'><strong>linguam</strong></span> <span class='ocrx_word' id='word_1_655' title='bbox 1986 4563 2115 4612; x_wconf 84' lang='lat' dir='ltr'><strong>ante</strong></span> 
     </span>
    </p>
   </div>
   <div class='ocr_carea' id='block_1_91' title="bbox 529 4634 2112 4706">
    <p class='ocr_par' dir='ltr' id='par_1_91' title="bbox 529 4634 2112 4706">
     <span class='ocr_line' id='line_1_91' title="bbox 529 4634 2112 4706; baseline 0.009 -18"><span class='ocrx_word' id='word_1_656' title='bbox 529 4635 607 4690; x_wconf 91' lang='lat' dir='ltr'><strong>rei</strong></span> <span class='ocrx_word' id='word_1_657' title='bbox 640 4634 1050 4706; x_wconf 90' lang='lat' dir='ltr'><strong>inquisitionem</strong></span> <span class='ocrx_word' id='word_1_658' title='bbox 1083 4648 1138 4696; x_wconf 90' lang='lat' dir='ltr'><strong>et</strong></span> <span class='ocrx_word' id='word_1_659' title='bbox 1165 4643 1623 4700; x_wconf 82' lang='lat' dir='ltr'><strong>examinatiunem</strong></span> <span class='ocrx_word' id='word_1_660' title='bbox 1655 4660 1778 4702; x_wconf 84' lang='lat' dir='ltr'><strong>esse</strong></span> <span class='ocrx_word' id='word_1_661' title='bbox 1807 4647 2112 4705; x_wconf 88' lang='lat' dir='ltr'><strong>seductum.</strong></span> 
     </span>
    </p>
   </div>
   <div class='ocr_carea' id='block_1_92' title="bbox 521 4727 2115 4810">
    <p class='ocr_par' dir='ltr' id='par_1_92' title="bbox 521 4727 2115 4810">
     <span class='ocr_line' id='line_1_92' title="bbox 521 4727 2115 4810; baseline 0.006 -26"><span class='ocrx_word' id='word_1_662' title='bbox 521 4727 690 4784; x_wconf 84' lang='lat' dir='ltr'><strong>Ponit</strong></span> <span class='ocrx_word' id='word_1_663' title='bbox 740 4737 917 4788; x_wconf 86' lang='lat' dir='ltr'><strong>tamen</strong></span> <span class='ocrx_word' id='word_1_664' title='bbox 962 4731 1240 4790; x_wconf 87' lang='lat' dir='ltr'><strong>hominem</strong></span> <span class='ocrx_word' id='word_1_665' title='bbox 1290 4735 1357 4790; x_wconf 90' lang='lat' dir='ltr'><strong>ad</strong></span> <span class='ocrx_word' id='word_1_666' title='bbox 1403 4735 1693 4805; x_wconf 89' lang='lat' dir='ltr'><strong>rationem,</strong></span> <span class='ocrx_word' id='word_1_667' title='bbox 1757 4745 1813 4793; x_wconf 89' lang='lat' dir='ltr'><strong>et</strong></span> <span class='ocrx_word' id='word_1_668' title='bbox 1865 4745 1976 4794; x_wconf 88' lang='lat' dir='ltr'><strong>tam</strong></span> <span class='ocrx_word' id='word_1_669' title='bbox 2017 4754 2115 4810; x_wconf 88' lang='lat' dir='ltr'><strong>pro</strong></span> 
     </span>
    </p>
   </div>
   <div class='ocr_carea' id='block_1_93' title="bbox 527 4823 2114 4902">
    <p class='ocr_par' dir='ltr' id='par_1_93' title="bbox 527 4823 2114 4902">
     <span class='ocr_line' id='line_1_93' title="bbox 527 4823 2114 4902; baseline 0.007 -25"><span class='ocrx_word' id='word_1_670' title='bbox 527 4823 824 4879; x_wconf 87' lang='lat' dir='ltr'><strong>commisso</strong></span> <span class='ocrx_word' id='word_1_671' title='bbox 865 4824 1096 4880; x_wconf 88' lang='lat' dir='ltr'><strong>crimine</strong></span> <span class='ocrx_word' id='word_1_672' title='bbox 1129 4840 1292 4895; x_wconf 87' lang='lat' dir='ltr'><strong>quam</strong></span> <span class='ocrx_word' id='word_1_673' title='bbox 1339 4837 1398 4883; x_wconf 90' lang='lat' dir='ltr'><strong>et</strong></span> <span class='ocrx_word' id='word_1_674' title='bbox 1444 4837 1667 4899; x_wconf 90' lang='lat' dir='ltr'><strong>propter</strong></span> <span class='ocrx_word' id='word_1_675' title='bbox 1718 4830 1972 4902; x_wconf 87' lang='lat' dir='ltr'><strong>injustam</strong></span> <span class='ocrx_word' id='word_1_676' title='bbox 2031 4832 2114 4888; x_wconf 91' lang='lat' dir='ltr'><strong>sui</strong></span> 
     </span>
    </p>
   </div>
   <div class='ocr_carea' id='block_1_94' title="bbox 482 4913 2115 4994">
    <p class='ocr_par' dir='ltr' id='par_1_94' title="bbox 482 4913 2115 4994">
     <span class='ocr_line' id='line_1_94' title="bbox 482 4913 2115 4994; baseline 0.006 -25"><span class='ocrx_word' id='word_1_677' title='bbox 482 4945 484 4954; x_wconf 66' lang='grc' dir='ltr'><strong>ι</strong></span> <span class='ocrx_word' id='word_1_678' title='bbox 529 4913 965 4972; x_wconf 87' lang='lat' dir='ltr'><strong>criminationem</strong></span> <span class='ocrx_word' id='word_1_679' title='bbox 1017 4917 1161 4987; x_wconf 89' lang='lat' dir='ltr'><strong>apud</strong></span> <span class='ocrx_word' id='word_1_680' title='bbox 1201 4917 1502 4989; x_wconf 88' lang='lat' dir='ltr'><strong>principem</strong></span> <span class='ocrx_word' id='word_1_681' title='bbox 1536 4929 1694 4978; x_wconf 85' lang='lat' dir='ltr'><strong>terrae</strong></span> <span class='ocrx_word' id='word_1_682' title='bbox 1729 4920 1930 4978; x_wconf 80' lang='lat' dir='ltr'><strong>factam</strong></span> <span class='ocrx_word' id='word_1_683' title='bbox 1954 4922 2115 4994; x_wconf 90' lang='lat' dir='ltr'><strong>paulo</strong></span> 
     </span>
    </p>
   </div>
   <div class='ocr_carea' id='block_1_95' title="bbox 528 5006 2114 5084">
    <p class='ocr_par' dir='ltr' id='par_1_95' title="bbox 528 5006 2114 5084">
     <span class='ocr_line' id='line_1_95' title="bbox 528 5006 2114 5084; baseline 0.006 -23"><span class='ocrx_word' id='word_1_684' title='bbox 528 5006 716 5062; x_wconf 88' lang='lat' dir='ltr'><strong>durius</strong></span> <span class='ocrx_word' id='word_1_685' title='bbox 765 5006 1034 5080; x_wconf 89' lang='lat' dir='ltr'><strong>increpat,</strong></span> <span class='ocrx_word' id='word_1_686' title='bbox 1082 5009 1308 5079; x_wconf 86' lang='lat' dir='ltr'><strong>cupiens</strong></span> <span class='ocrx_word' id='word_1_687' title='bbox 1354 5025 1419 5066; x_wconf 91' lang='lat' dir='ltr'><strong>eo</strong></span> <span class='ocrx_word' id='word_1_688' title='bbox 1457 5010 1617 5068; x_wconf 91' lang='lat' dir='ltr'><strong>modo</strong></span> <span class='ocrx_word' id='word_1_689' title='bbox 1647 5013 1714 5068; x_wconf 92' lang='lat' dir='ltr'><strong>ad</strong></span> <span class='ocrx_word' id='word_1_690' title='bbox 1738 5013 2114 5084; x_wconf 75' lang='lat' dir='ltr'><strong>paenitentiam</strong></span> 
     </span>
    </p>
   </div>
   <div class='ocr_carea' id='block_1_96' title="bbox 527 5099 2116 5162">
    <p class='ocr_par' dir='ltr' id='par_1_96' title="bbox 527 5099 2116 5162">
     <span class='ocr_line' id='line_1_96' title="bbox 527 5099 2116 5162; baseline 0.006 -10"><span class='ocrx_word' id='word_1_691' title='bbox 527 5107 584 5152; x_wconf 90' lang='lat' dir='ltr'><strong>et</strong></span> <span class='ocrx_word' id='word_1_692' title='bbox 629 5099 1027 5156; x_wconf 88' lang='lat' dir='ltr'><strong>correctionem</strong></span> <span class='ocrx_word' id='word_1_693' title='bbox 1069 5115 1166 5157; x_wconf 91' lang='lat' dir='ltr'><strong>cor</strong></span> <span class='ocrx_word' id='word_1_694' title='bbox 1213 5101 1359 5158; x_wconf 89' lang='lat' dir='ltr'><strong>illius</strong></span> <span class='ocrx_word' id='word_1_695' title='bbox 1408 5102 1670 5161; x_wconf 89' lang='lat' dir='ltr'><strong>emollire.</strong></span> <span class='ocrx_word' id='word_1_696' title='bbox 1723 5104 1793 5159; x_wconf 85' lang='lat' dir='ltr'><strong>At</strong></span> <span class='ocrx_word' id='word_1_697' title='bbox 1842 5105 1932 5161; x_wconf 91' lang='lat' dir='ltr'><strong>ubi</strong></span> <span class='ocrx_word' id='word_1_698' title='bbox 1978 5106 2116 5162; x_wconf 88' lang='lat' dir='ltr'><strong>vidit</strong></span> 
     </span>
    </p>
   </div>
   <div class='ocr_carea' id='block_1_97' title="bbox 529 5186 2115 5260">
    <p class='ocr_par' dir='ltr' id='par_1_97' title="bbox 529 5186 2115 5260">
     <span class='ocr_line' id='line_1_97' title="bbox 529 5186 2115 5260; baseline 0.005 -18"><span class='ocrx_word' id='word_1_699' title='bbox 529 5186 710 5256; x_wconf 87' lang='lat' dir='ltr'><strong>ipsum</strong></span> <span class='ocrx_word' id='word_1_700' title='bbox 755 5203 861 5244; x_wconf 92' lang='lat' dir='ltr'><strong>non</strong></span> <span class='ocrx_word' id='word_1_701' title='bbox 903 5189 1079 5246; x_wconf 88' lang='lat' dir='ltr'><strong>solum</strong></span> <span class='ocrx_word' id='word_1_702' title='bbox 1125 5191 1311 5248; x_wconf 89' lang='lat' dir='ltr'><strong>verbis</strong></span> <span class='ocrx_word' id='word_1_703' title='bbox 1354 5192 1470 5248; x_wconf 90' lang='lat' dir='ltr'><strong>suis</strong></span> <span class='ocrx_word' id='word_1_704' title='bbox 1506 5208 1611 5248; x_wconf 91' lang='lat' dir='ltr'><strong>non</strong></span> <span class='ocrx_word' id='word_1_705' title='bbox 1650 5196 1980 5260; x_wconf 86' lang='lat' dir='ltr'><strong>consentire,</strong></span> <span class='ocrx_word' id='word_1_706' title='bbox 2019 5197 2115 5252; x_wconf 88' lang='lat' dir='ltr'><strong>sed</strong></span> 
     </span>
    </p>
   </div>
   <div class='ocr_carea' id='block_1_98' title="bbox 529 5279 2114 5353">
    <p class='ocr_par' dir='ltr' id='par_1_98' title="bbox 529 5279 2114 5353">
     <span class='ocr_line' id='line_1_98' title="bbox 529 5279 2114 5353; baseline 0.006 -22"><span class='ocrx_word' id='word_1_707' title='bbox 529 5279 752 5348; x_wconf 90' lang='lat' dir='ltr'><strong>insuper</strong></span> <span class='ocrx_word' id='word_1_708' title='bbox 773 5281 1080 5336; x_wconf 90' lang='lat' dir='ltr'><strong>contumaci</strong></span> <span class='ocrx_word' id='word_1_709' title='bbox 1111 5283 1303 5353; x_wconf 90' lang='lat' dir='ltr'><strong>spiritu</strong></span> <span class='ocrx_word' id='word_1_710' title='bbox 1342 5293 1531 5340; x_wconf 90' lang='lat' dir='ltr'><strong>contra</strong></span> <span class='ocrx_word' id='word_1_711' title='bbox 1570 5299 1629 5342; x_wconf 88' lang='lat' dir='ltr'><strong>se</strong></span> <span class='ocrx_word' id='word_1_712' title='bbox 1667 5285 1851 5341; x_wconf 77' lang='lat' dir='ltr'><strong>furere</strong></span> <span class='ocrx_word' id='word_1_713' title='bbox 1890 5288 2114 5342; x_wconf 79' lang='lat' dir='ltr'><strong>minari-</strong></span> 
     </span>
    </p>
   </div>
   <div class='ocr_carea' id='block_1_99' title="bbox 529 5370 2113 5448">
    <p class='ocr_par' dir='ltr' id='par_1_99' title="bbox 529 5370 2113 5448">
     <span class='ocr_line' id='line_1_99' title="bbox 529 5370 2113 5448; baseline 0.009 -28"><span class='ocrx_word' id='word_1_714' title='bbox 529 5381 658 5438; x_wconf 88' lang='lat' dir='ltr'><strong>que,</strong></span> <span class='ocrx_word' id='word_1_715' title='bbox 706 5383 867 5440; x_wconf 87' lang='lat' dir='ltr'><strong>supra</strong></span> <span class='ocrx_word' id='word_1_716' title='bbox 901 5370 952 5426; x_wconf 93' lang='lat' dir='ltr'><strong>id</strong></span> <span class='ocrx_word' id='word_1_717' title='bbox 989 5373 1132 5442; x_wconf 90' lang='lat' dir='ltr'><strong>quod</strong></span> <span class='ocrx_word' id='word_1_718' title='bbox 1184 5388 1308 5429; x_wconf 93' lang='lat' dir='ltr'><strong>eum</strong></span> <span class='ocrx_word' id='word_1_719' title='bbox 1360 5375 1428 5429; x_wconf 86' lang='lat' dir='ltr'><strong>ab</strong></span> <span class='ocrx_word' id='word_1_720' title='bbox 1479 5375 1727 5448; x_wconf 89' lang='lat' dir='ltr'><strong>ingressu</strong></span> <span class='ocrx_word' id='word_1_721' title='bbox 1778 5378 1989 5435; x_wconf 84' lang='lat' dir='ltr'><strong>domus</strong></span> <span class='ocrx_word' id='word_1_722' title='bbox 2019 5379 2113 5434; x_wconf 90' lang='lat' dir='ltr'><strong>Dei</strong></span> 
     </span>
    </p>
   </div>
   <div class='ocr_carea' id='block_1_100' title="bbox 529 5460 2116 5538">
    <p class='ocr_par' dir='ltr' id='par_1_100' title="bbox 529 5460 2116 5538">
     <span class='ocr_line' id='line_1_100' title="bbox 529 5460 2116 5538; baseline 0.008 -26"><span class='ocrx_word' id='word_1_723' title='bbox 529 5460 910 5528; x_wconf 84' lang='lat' dir='ltr'><strong>suspenderat,</strong></span> <span class='ocrx_word' id='word_1_724' title='bbox 946 5471 1006 5516; x_wconf 94' lang='lat' dir='ltr'><strong>ut</strong></span> <span class='ocrx_word' id='word_1_725' title='bbox 1031 5463 1160 5528; x_wconf 75' lang='lat' dir='ltr'><strong>dixi,</strong></span> <span class='ocrx_word' id='word_1_726' title='bbox 1190 5479 1406 5522; x_wconf 89' lang='lat' dir='ltr'><strong>omnem</strong></span> <span class='ocrx_word' id='word_1_727' title='bbox 1435 5467 1484 5522; x_wconf 89' lang='lat' dir='ltr'><strong>ei</strong></span> <span class='ocrx_word' id='word_1_728' title='bbox 1514 5469 1950 5538; x_wconf 86' lang='lat' dir='ltr'><strong>communionem</strong></span> <span class='ocrx_word' id='word_1_729' title='bbox 1985 5469 2116 5525; x_wconf 84' lang='lat' dir='ltr'><strong>tide-</strong></span> 
     </span>
    </p>
   </div>
   <div class='ocr_carea' id='block_1_101' title="bbox 528 5553 2111 5626">
    <p class='ocr_par' dir='ltr' id='par_1_101' title="bbox 528 5553 2111 5626">
     <span class='ocr_line' id='line_1_101' title="bbox 528 5553 2111 5626; baseline 0.006 -18"><span class='ocrx_word' id='word_1_730' title='bbox 528 5553 662 5608; x_wconf 88' lang='lat' dir='ltr'><strong>lium</strong></span> <span class='ocrx_word' id='word_1_731' title='bbox 713 5556 888 5613; x_wconf 91' lang='lat' dir='ltr'><strong>donec</strong></span> <span class='ocrx_word' id='word_1_732' title='bbox 937 5573 968 5610; x_wconf 91' lang='lat' dir='ltr'><strong>a</strong></span> <span class='ocrx_word' id='word_1_733' title='bbox 1003 5571 1099 5612; x_wconf 89' lang='lat' dir='ltr'><strong>sua</strong></span> <span class='ocrx_word' id='word_1_734' title='bbox 1142 5560 1412 5626; x_wconf 86' lang='lat' dir='ltr'><strong>pravitate</strong></span> <span class='ocrx_word' id='word_1_735' title='bbox 1462 5563 1766 5619; x_wconf 87' lang='lat' dir='ltr'><strong>discederet</strong></span> <span class='ocrx_word' id='word_1_736' title='bbox 1816 5563 2111 5620; x_wconf 78' lang='lat' dir='ltr'><strong>interdixit.</strong></span> 
     </span>
    </p>
   </div>
   <div class='ocr_carea' id='block_1_102' title="bbox 533 5645 2115 5729">
    <p class='ocr_par' dir='ltr' id='par_1_102' title="bbox 533 5645 2115 5729">
     <span class='ocr_line' id='line_1_102' title="bbox 533 5645 2115 5729; baseline 0.004 -23"><span class='ocrx_word' id='word_1_737' title='bbox 533 5645 686 5707; x_wconf 79' lang='lat' dir='ltr'><strong>Tunc</strong></span> <span class='ocrx_word' id='word_1_738' title='bbox 739 5652 850 5720; x_wconf 87' lang='lat' dir='ltr'><strong>ille,</strong></span> <span class='ocrx_word' id='word_1_739' title='bbox 898 5655 1079 5725; x_wconf 89' lang='lat' dir='ltr'><strong>scipso</strong></span> <span class='ocrx_word' id='word_1_740' title='bbox 1102 5653 1341 5718; x_wconf 89' lang='lat' dir='ltr'><strong>deterior</strong></span> <span class='ocrx_word' id='word_1_741' title='bbox 1383 5655 1626 5729; x_wconf 80' lang='lat' dir='ltr'><strong>cﬂ‘ectus,</strong></span> <span class='ocrx_word' id='word_1_742' title='bbox 1671 5658 1892 5714; x_wconf 89' lang='lat' dir='ltr'><strong>immani</strong></span> <span class='ocrx_word' id='word_1_743' title='bbox 1921 5667 2004 5714; x_wconf 87' lang='lat' dir='ltr'><strong>est</strong></span> <span class='ocrx_word' id='word_1_744' title='bbox 2032 5657 2115 5712; x_wconf 79' lang='lat' dir='ltr'><strong>fu-</strong></span> 
     </span>
    </p>
   </div>
   <div class='ocr_carea' id='block_1_103' title="bbox 529 5749 2112 5832">
    <p class='ocr_par' dir='ltr' id='par_1_103' title="bbox 529 5749 2112 5832">
     <span class='ocr_line' id='line_1_103' title="bbox 529 5749 2112 5832; baseline 0.001 -26"><span class='ocrx_word' id='word_1_745' title='bbox 529 5757 654 5806; x_wconf 76' lang='lat' dir='ltr'><strong>rere</strong></span> <span class='ocrx_word' id='word_1_746' title='bbox 683 5757 994 5821; x_wconf 83' lang='lat' dir='ltr'><strong>correptus,</strong></span> <span class='ocrx_word' id='word_1_747' title='bbox 1025 5758 1077 5806; x_wconf 88' lang='lat' dir='ltr'><strong>et</strong></span> <span class='ocrx_word' id='word_1_748' title='bbox 1122 5749 1251 5808; x_wconf 88' lang='lat' dir='ltr'><strong>nihil</strong></span> <span class='ocrx_word' id='word_1_749' title='bbox 1295 5765 1479 5809; x_wconf 87' lang='lat' dir='ltr'><strong>eorum</strong></span> <span class='ocrx_word' id='word_1_750' title='bbox 1519 5767 1638 5825; x_wconf 68' lang='lat' dir='ltr'><strong>qua:</strong></span> <span class='ocrx_word' id='word_1_751' title='bbox 1667 5753 1976 5832; x_wconf 75' lang='lat' dir='ltr'><strong>possidebat</strong></span> <span class='ocrx_word' id='word_1_752' title='bbox 2009 5751 2112 5807; x_wconf 80' lang='lat' dir='ltr'><strong>ali-</strong></span> 
     </span>
    </p>
   </div>
   <div class='ocr_carea' id='block_1_104' title="bbox 2215 4519 3693 4612">
    <p class='ocr_par' dir='ltr' id='par_1_104' title="bbox 2215 4519 3693 4612">
     <span class='ocr_line' id='line_1_104' title="bbox 2215 4519 3693 4612; baseline -0.016 -10"><span class='ocrx_word' id='word_1_753' title='bbox 2215 4519 2374 4604; x_wconf 72' lang='lat' dir='ltr'><strong>cundi</strong></span> <span class='ocrx_word' id='word_1_754' title='bbox 2432 4519 2539 4598; x_wconf 74' lang='lat' dir='ltr'><strong>non</strong></span> <span class='ocrx_word' id='word_1_755' title='bbox 2602 4540 2798 4612; x_wconf 91' lang='lat' dir='ltr'><strong>potuit.</strong></span> <span class='ocrx_word' id='word_1_756' title='bbox 2883 4538 2982 4593; x_wconf 88' lang='lat' dir='ltr'><strong>Die</strong></span> <span class='ocrx_word' id='word_1_757' title='bbox 3035 4551 3167 4607; x_wconf 86' lang='lat' dir='ltr'><strong>ergo</strong></span> <span class='ocrx_word' id='word_1_758' title='bbox 3239 4535 3554 4590; x_wconf 80' lang='lat' dir='ltr'><strong>Pentecostes</strong></span> <span class='ocrx_word' id='word_1_759' title='bbox 3603 4519 3693 4573; x_wconf 65' lang='lat' dir='ltr'><strong>id?!“</strong></span> 
     </span>
    </p>
   </div>
   <div class='ocr_carea' id='block_1_105' title="bbox 2218 4625 3694 4715">
    <p class='ocr_par' dir='ltr' id='par_1_105' title="bbox 2218 4625 3694 4715">
     <span class='ocr_line' id='line_1_105' title="bbox 2218 4625 3694 4715; baseline -0.02 -18"><span class='ocrx_word' id='word_1_760' title='bbox 2218 4640 2378 4696; x_wconf 80' lang='lat' dir='ltr'><strong>Pater</strong></span> <span class='ocrx_word' id='word_1_761' title='bbox 2442 4637 2732 4695; x_wconf 87' lang='lat' dir='ltr'><strong>missarum</strong></span> <span class='ocrx_word' id='word_1_762' title='bbox 2796 4633 3062 4691; x_wconf 85' lang='lat' dir='ltr'><strong>solemnia</strong></span> <span class='ocrx_word' id='word_1_763' title='bbox 3129 4629 3482 4687; x_wconf 86' lang='lat' dir='ltr'><strong>celebraturus</strong></span> <span class='ocrx_word' id='word_1_764' title='bbox 3535 4625 3694 4715; x_wconf 34' lang='lat' dir='ltr'><strong>perunt:</strong></span> 
     </span>
    </p>
   </div>
   <div class='ocr_carea' id='block_1_106' title="bbox 2217 4713 3692 4798">
    <p class='ocr_par' dir='ltr' id='par_1_106' title="bbox 2217 4713 3692 4798">
     <span class='ocr_line' id='line_1_106' title="bbox 2217 4713 3692 4798; baseline -0.013 -8"><span class='ocrx_word' id='word_1_765' title='bbox 2217 4742 2396 4790; x_wconf 89' lang='lat' dir='ltr'><strong>ctatur</strong></span> <span class='ocrx_word' id='word_1_766' title='bbox 2441 4738 2620 4786; x_wconf 91' lang='lat' dir='ltr'><strong>utrum</strong></span> <span class='ocrx_word' id='word_1_767' title='bbox 2669 4728 2766 4784; x_wconf 87' lang='lat' dir='ltr'><strong>Dei</strong></span> <span class='ocrx_word' id='word_1_768' title='bbox 2803 4727 3000 4798; x_wconf 92' lang='lat' dir='ltr'><strong>populo</strong></span> <span class='ocrx_word' id='word_1_769' title='bbox 3043 4732 3246 4780; x_wconf 84' lang='lat' dir='ltr'><strong>statuta</strong></span> <span class='ocrx_word' id='word_1_770' title='bbox 3293 4717 3482 4790; x_wconf 88' lang='lat' dir='ltr'><strong>justitia</strong></span> <span class='ocrx_word' id='word_1_771' title='bbox 3521 4713 3573 4765; x_wconf 81' lang='lat' dir='ltr'><strong>de</strong></span> <span class='ocrx_word' id='word_1_772' title='bbox 3608 4713 3692 4771; x_wconf 57' lang='lat' dir='ltr'><strong>Ws“</strong></span> 
     </span>
    </p>
   </div>
   <div class='ocr_carea' id='block_1_107' title="bbox 2219 4807 3688 4883">
    <p class='ocr_par' dir='ltr' id='par_1_107' title="bbox 2219 4807 3688 4883">
     <span class='ocr_line' id='line_1_107' title="bbox 2219 4807 3688 4883; baseline -0.018 -3"><span class='ocrx_word' id='word_1_773' title='bbox 2219 4823 2537 4881; x_wconf 85' lang='lat' dir='ltr'><strong>monetariis</strong></span> <span class='ocrx_word' id='word_1_774' title='bbox 2572 4820 2715 4876; x_wconf 79' lang='lat' dir='ltr'><strong>facta</strong></span> <span class='ocrx_word' id='word_1_775' title='bbox 2748 4819 2912 4875; x_wconf 78' lang='lat' dir='ltr'><strong>fuerit</strong></span> <span class='ocrx_word' id='word_1_776' title='bbox 2955 4833 3025 4872; x_wconf 89' lang='lat' dir='ltr'><strong>an</strong></span> <span class='ocrx_word' id='word_1_777' title='bbox 3057 4817 3210 4873; x_wconf 77' lang='lat' dir='ltr'><strong>nuit?</strong></span> <span class='ocrx_word' id='word_1_778' title='bbox 3246 4807 3574 4883; x_wconf 81' lang='lat' dir='ltr'><strong>Respondetur</strong></span> <span class='ocrx_word' id='word_1_779' title='bbox 3609 4807 3688 4848; x_wconf 63' lang='lat' dir='ltr'><strong>eam</strong></span> 
     </span>
    </p>
   </div>
   <div class='ocr_carea' id='block_1_108' title="bbox 2219 4894 3689 4982">
    <p class='ocr_par' dir='ltr' id='par_1_108' title="bbox 2219 4894 3689 4982">
     <span class='ocr_line' id='line_1_108' title="bbox 2219 4894 3689 4982; baseline -0.022 -10"><span class='ocrx_word' id='word_1_780' title='bbox 2219 4917 2290 4974; x_wconf 92' lang='lat' dir='ltr'><strong>ob</strong></span> <span class='ocrx_word' id='word_1_781' title='bbox 2350 4914 2709 4971; x_wconf 88' lang='lat' dir='ltr'><strong>reverentiam</strong></span> <span class='ocrx_word' id='word_1_782' title='bbox 2769 4911 2906 4968; x_wconf 87' lang='lat' dir='ltr'><strong>tanti</strong></span> <span class='ocrx_word' id='word_1_783' title='bbox 2956 4910 3063 4966; x_wconf 90' lang='lat' dir='ltr'><strong>diei</strong></span> <span class='ocrx_word' id='word_1_784' title='bbox 3118 4910 3174 4963; x_wconf 93' lang='lat' dir='ltr'><strong>in</strong></span> <span class='ocrx_word' id='word_1_785' title='bbox 3237 4905 3394 4960; x_wconf 88' lang='lat' dir='ltr'><strong>alium</strong></span> <span class='ocrx_word' id='word_1_786' title='bbox 3455 4898 3568 4953; x_wconf 82' lang='lat' dir='ltr'><strong>diem</strong></span> <span class='ocrx_word' id='word_1_787' title='bbox 3611 4894 3689 4982; x_wconf 50' lang='lat' dir='ltr'><strong>esst</strong></span> 
     </span>
    </p>
   </div>
   <div class='ocr_carea' id='block_1_109' title="bbox 2221 4987 3688 5084">
    <p class='ocr_par' dir='ltr' id='par_1_109' title="bbox 2221 4987 3688 5084">
     <span class='ocr_line' id='line_1_109' title="bbox 2221 4987 3688 5084; baseline -0.019 -18"><span class='ocrx_word' id='word_1_788' title='bbox 2221 5009 2467 5066; x_wconf 91' lang='lat' dir='ltr'><strong>dilatam.</strong></span> <span class='ocrx_word' id='word_1_789' title='bbox 2519 5027 2538 5059; x_wconf 81' lang='grc' dir='ltr'>ι</span> <span class='ocrx_word' id='word_1_790' title='bbox 2569 5005 2948 5075; x_wconf 81' lang='lat' dir='ltr'><strong>Nequaquam,</strong></span> <span class='ocrx_word' id='word_1_791' title='bbox 2996 5002 3196 5072; x_wconf 87' lang='lat' dir='ltr'><strong>inquit,</strong></span> <span class='ocrx_word' id='word_1_792' title='bbox 3243 5001 3314 5056; x_wconf 83' lang='lat' dir='ltr'><strong>ita</strong></span> <span class='ocrx_word' id='word_1_793' title='bbox 3351 4996 3452 5051; x_wconf 85' lang='lat' dir='ltr'><strong>liet.</strong></span> <span class='ocrx_word' id='word_1_794' title='bbox 3488 4987 3688 5084; x_wconf 49' lang='lat' dir='ltr'><strong>Monetae!</strong></span> 
     </span>
    </p>
   </div>
   <div class='ocr_carea' id='block_1_110' title="bbox 2219 5077 3684 5169">
    <p class='ocr_par' dir='ltr' id='par_1_110' title="bbox 2219 5077 3684 5169">
     <span class='ocr_line' id='line_1_110' title="bbox 2219 5077 3684 5169; baseline -0.023 -13"><span class='ocrx_word' id='word_1_795' title='bbox 2219 5113 2433 5169; x_wconf 90' lang='lat' dir='ltr'><strong>nempe,</strong></span> <span class='ocrx_word' id='word_1_796' title='bbox 2479 5099 2572 5169; x_wconf 91' lang='lat' dir='ltr'><strong>qui</strong></span> <span class='ocrx_word' id='word_1_797' title='bbox 2614 5097 2783 5153; x_wconf 81' lang='lat' dir='ltr'><strong>falsos</strong></span> <span class='ocrx_word' id='word_1_798' title='bbox 2829 5111 2898 5152; x_wconf 82' lang='lat' dir='ltr'><strong>ex</strong></span> <span class='ocrx_word' id='word_1_799' title='bbox 2943 5093 3215 5152; x_wconf 81' lang='lat' dir='ltr'><strong>industria</strong></span> <span class='ocrx_word' id='word_1_800' title='bbox 3259 5085 3488 5146; x_wconf 86' lang='lat' dir='ltr'><strong>denarios</strong></span> <span class='ocrx_word' id='word_1_801' title='bbox 3525 5077 3684 5169; x_wconf 70' lang='lat' dir='ltr'><strong>faciunt,</strong></span> 
     </span>
    </p>
   </div>
   <div class='ocr_carea' id='block_1_111' title="bbox 2219 5168 3688 5254">
    <p class='ocr_par' dir='ltr' id='par_1_111' title="bbox 2219 5168 3688 5254">
     <span class='ocr_line' id='line_1_111' title="bbox 2219 5168 3688 5254; baseline -0.022 -8"><span class='ocrx_word' id='word_1_802' title='bbox 2219 5168 2370 5246; x_wconf 79' lang='lat' dir='ltr'><strong>fures</strong></span> <span class='ocrx_word' id='word_1_803' title='bbox 2408 5168 2558 5254; x_wconf 87' lang='lat' dir='ltr'><strong>sunt,</strong></span> <span class='ocrx_word' id='word_1_804' title='bbox 2601 5197 2657 5245; x_wconf 90' lang='lat' dir='ltr'><strong>et</strong></span> <span class='ocrx_word' id='word_1_805' title='bbox 2685 5201 2872 5243; x_wconf 89' lang='lat' dir='ltr'><strong>eorum</strong></span> <span class='ocrx_word' id='word_1_806' title='bbox 2915 5185 3063 5242; x_wconf 76' lang='lat' dir='ltr'><strong>furto</strong></span> <span class='ocrx_word' id='word_1_807' title='bbox 3111 5182 3311 5240; x_wconf 86' lang='lat' dir='ltr'><strong>nullum</strong></span> <span class='ocrx_word' id='word_1_808' title='bbox 3345 5169 3582 5234; x_wconf 84' lang='lat' dir='ltr'><strong>nocentius</strong></span> <span class='ocrx_word' id='word_1_809' title='bbox 3611 5168 3688 5215; x_wconf 45' lang='lat' dir='ltr'><strong>esse</strong></span> 
     </span>
    </p>
   </div>
   <div class='ocr_carea' id='block_1_112' title="bbox 2217 5260 3684 5354">
    <p class='ocr_par' dir='ltr' id='par_1_112' title="bbox 2217 5260 3684 5354">
     <span class='ocr_line' id='line_1_112' title="bbox 2217 5260 3684 5354; baseline -0.009 -17"><span class='ocrx_word' id='word_1_810' title='bbox 2217 5295 2510 5350; x_wconf 83' lang='lat' dir='ltr'><strong>cognosco.</strong></span> <span class='ocrx_word' id='word_1_811' title='bbox 2542 5277 2677 5335; x_wconf 82' lang='lat' dir='ltr'><strong>Nam</strong></span> <span class='ocrx_word' id='word_1_812' title='bbox 2703 5277 2757 5333; x_wconf 93' lang='lat' dir='ltr'><strong>in</strong></span> <span class='ocrx_word' id='word_1_813' title='bbox 2780 5276 2915 5331; x_wconf 80' lang='lat' dir='ltr'><strong>falsa</strong></span> <span class='ocrx_word' id='word_1_814' title='bbox 2946 5283 3169 5331; x_wconf 88' lang='lat' dir='ltr'><strong>moneta</strong></span> <span class='ocrx_word' id='word_1_815' title='bbox 3202 5284 3358 5343; x_wconf 88' lang='lat' dir='ltr'><strong>quam</strong></span> <span class='ocrx_word' id='word_1_816' title='bbox 3386 5260 3684 5354; x_wconf 36' lang='lat' dir='ltr'><strong>facienti???</strong></span> 
     </span>
    </p>
   </div>
   <div class='ocr_carea' id='block_1_113' title="bbox 2221 5345 3682 5452">
    <p class='ocr_par' dir='ltr' id='par_1_113' title="bbox 2221 5345 3682 5452">
     <span class='ocr_line' id='line_1_113' title="bbox 2221 5345 3682 5452; baseline -0.002 -24"><span class='ocrx_word' id='word_1_817' title='bbox 2221 5345 2426 5429; x_wconf 78' lang='lat' dir='ltr'><strong>terram</strong></span> <span class='ocrx_word' id='word_1_818' title='bbox 2461 5369 2718 5442; x_wconf 87' lang='lat' dir='ltr'><strong>spoliant,</strong></span> <span class='ocrx_word' id='word_1_819' title='bbox 2759 5367 3047 5433; x_wconf 89' lang='lat' dir='ltr'><strong>seducunt,</strong></span> <span class='ocrx_word' id='word_1_820' title='bbox 3074 5361 3400 5436; x_wconf 88' lang='lat' dir='ltr'><strong>perturbant.</strong></span> <span class='ocrx_word' id='word_1_821' title='bbox 3427 5345 3682 5452; x_wconf 41' lang='grc' dir='ltr'><strong>Ιβδίιάίξξξῗς</strong></span> 
     </span>
    </p>
   </div>
   <div class='ocr_carea' id='block_1_114' title="bbox 2219 5435 3677 5536">
    <p class='ocr_par' dir='ltr' id='par_1_114' title="bbox 2219 5435 3677 5536">
     <span class='ocr_line' id='line_1_114' title="bbox 2219 5435 3677 5536; baseline -0.013 -15"><span class='ocrx_word' id='word_1_822' title='bbox 2219 5465 2322 5536; x_wconf 91' lang='lat' dir='ltr'><strong>ipsi</strong></span> <span class='ocrx_word' id='word_1_823' title='bbox 2374 5435 2700 5528; x_wconf 75' lang='lat' dir='ltr'><strong>mediocres,</strong></span> <span class='ocrx_word' id='word_1_824' title='bbox 2731 5460 2833 5532; x_wconf 89' lang='lat' dir='ltr'><strong>ipsi</strong></span> <span class='ocrx_word' id='word_1_825' title='bbox 2862 5473 3128 5532; x_wconf 85' lang='lat' dir='ltr'><strong>pauperes</strong></span> <span class='ocrx_word' id='word_1_826' title='bbox 3156 5457 3209 5511; x_wconf 92' lang='lat' dir='ltr'><strong>in</strong></span> <span class='ocrx_word' id='word_1_827' title='bbox 3237 5457 3493 5510; x_wconf 83' lang='lat' dir='ltr'><strong>commune</strong></span> <span class='ocrx_word' id='word_1_828' title='bbox 3515 5435 3677 5536; x_wconf 50' lang='grc' dir='ltr'><strong>Ιεξδξωξδ</strong></span> 
     </span>
    </p>
   </div>
   <div class='ocr_carea' id='block_1_115' title="bbox 2219 5530 3678 5627">
    <p class='ocr_par' dir='ltr' id='par_1_115' title="bbox 2219 5530 3678 5627">
     <span class='ocr_line' id='line_1_115' title="bbox 2219 5530 3678 5627; baseline -0.008 -11"><span class='ocrx_word' id='word_1_829' title='bbox 2219 5530 2276 5617; x_wconf 77' lang='lat' dir='ltr'><strong>et</strong></span> <span class='ocrx_word' id='word_1_830' title='bbox 2301 5572 2513 5624; x_wconf 88' lang='lat' dir='ltr'><strong>omnes,</strong></span> <span class='ocrx_word' id='word_1_831' title='bbox 2540 5530 2803 5627; x_wconf 79' lang='lat' dir='ltr'><strong>quantum</strong></span> <span class='ocrx_word' id='word_1_832' title='bbox 2828 5530 2926 5611; x_wconf 85' lang='lat' dir='ltr'><strong>sua</strong></span> <span class='ocrx_word' id='word_1_833' title='bbox 2965 5553 3212 5615; x_wconf 89' lang='lat' dir='ltr'><strong>interest,</strong></span> <span class='ocrx_word' id='word_1_834' title='bbox 3236 5545 3388 5603; x_wconf 87' lang='lat' dir='ltr'><strong>ant-in</strong></span> <span class='ocrx_word' id='word_1_835' title='bbox 3409 5530 3678 5627; x_wconf 44' lang='grc' dir='ltr'><strong>ορριποδτξξξλ</strong></span> 
     </span>
    </p>
   </div>
   <div class='ocr_carea' id='block_1_116' title="bbox 2217 5615 3678 5729">
    <p class='ocr_par' dir='ltr' id='par_1_116' title="bbox 2217 5615 3678 5729">
     <span class='ocr_line' id='line_1_116' title="bbox 2217 5615 3678 5729; baseline -0.003 -21"><span class='ocrx_word' id='word_1_836' title='bbox 2217 5615 2397 5710; x_wconf 79' lang='lat' dir='ltr'><strong>autin</strong></span> <span class='ocrx_word' id='word_1_837' title='bbox 2433 5615 2754 5721; x_wconf 65' lang='lat' dir='ltr'><strong>egestatem,</strong></span> <span class='ocrx_word' id='word_1_838' title='bbox 2812 5655 2908 5702; x_wconf 86' lang='lat' dir='ltr'><strong>aut</strong></span> <span class='ocrx_word' id='word_1_839' title='bbox 2955 5645 3010 5702; x_wconf 93' lang='lat' dir='ltr'><strong>in</strong></span> <span class='ocrx_word' id='word_1_840' title='bbox 3058 5643 3284 5699; x_wconf 89' lang='lat' dir='ltr'><strong>nihilum</strong></span> <span class='ocrx_word' id='word_1_841' title='bbox 3330 5615 3678 5729; x_wconf 36' lang='lat' dir='ltr'><strong>redimiit}:</strong></span> 
     </span>
    </p>
   </div>
   <div class='ocr_carea' id='block_1_117' title="bbox 2220 5703 3676 5821">
    <p class='ocr_par' dir='ltr' id='par_1_117' title="bbox 2220 5703 3676 5821">
     <span class='ocr_line' id='line_1_117' title="bbox 2220 5703 3676 5821; baseline -0.04 -9"><span class='ocrx_word' id='word_1_842' title='bbox 2220 5757 2439 5821; x_wconf 80' lang='lat' dir='ltr'><strong>propter</strong></span> <span class='ocrx_word' id='word_1_843' title='bbox 2468 5703 2736 5804; x_wconf 57' lang='lat' dir='ltr'><strong>hoverilis</strong></span> <span class='ocrx_word' id='word_1_844' title='bbox 2779 5755 2905 5797; x_wconf 85' lang='lat' dir='ltr'><strong>auta</strong></span> <span class='ocrx_word' id='word_1_845' title='bbox 2949 5753 3049 5808; x_wconf 77' lang='lat' dir='ltr'><strong>ego</strong></span> <span class='ocrx_word' id='word_1_846' title='bbox 3093 5734 3246 5792; x_wconf 87' lang='lat' dir='ltr'><strong>hodie</strong></span> <span class='ocrx_word' id='word_1_847' title='bbox 3279 5728 3340 5784; x_wconf 84' lang='lat' dir='ltr'><strong>ad</strong></span> <span class='ocrx_word' id='word_1_848' title='bbox 3366 5703 3676 5782; x_wconf 74' lang='lat' dir='ltr'><strong>sacriﬁcandum</strong></span> 
     </span>
    </p>
   </div>
  </div>
