3870 6304
62 369 146 427 793
1364 354 1518 412 VITA
1565 355 1622 411 S.
1669 354 2036 413 DUNSTANI.

3166 314 3272 421 ni

61 488 150 540 Deo
195 494 290 535 non
340 475 614 539 accedam,
664 473 764 529 nisi
820 473 994 543 primo
1036 471 1110 526 illi
1142 472 1233 542 qui
1259 470 1577 540 deprehensi
1608 472 1660 530 Α
1755 467 1860 525 Per
1886 469 1938 524 id
1965 468 2135 525 ferme
2163 469 2419 539 temporis
2448 476 2713 541 rogatusa
2743 470 2978 541 quodam
3008 470 3127 529 viro
3167 491 3270 529 no-

59 582 179 639 sunt,
208 584 319 626 eam
364 581 522 636 quam
554 566 607 620 in
635 565 951 620 seductione
975 564 1138 618 totius
1160 564 1339 633 populi
1373 578 1585 631 prome-

61 673 251 723 ruerunt
292 659 552 714 subierint
590 671 829 728 poenam.
870 656 927 711 Si
956 657 1099 711 enim
1126 656 1179 710 iu
1215 655 1418 710 ultione
1448 653 1582 707 tanti

59 755 157 811 mali
186 767 295 807 cum
327 749 598 819 negotium
634 763 720 803 me
758 747 1015 818 reSpiciat
1047 748 1214 802 Deum
1244 748 1461 817 placare
1493 762 1581 800 suc

57 844 296 915 persedeo,
324 840 595 911 quomodo
637 840 788 895 illum
817 842 885 896 de
911 839 1163 894 manibus
1198 839 1335 894 meis
1376 838 1583 894 sacriﬁ-

52 939 171 991 cium
196 941 560 1003 suscepturum
592 947 815 1001 sperare
838 933 1017 1002 queo?
1045 931 1149 986 Sed
1178 932 1293 986 hare
1317 932 1441 985 licet
1465 946 1584 992 cru-

54 1026 219 1081 delilali
256 1022 460 1093 possint
507 1022 730 1086 ascribi,
790 1022 896 1077 Deo
940 1031 1116 1078 tamen
1159 1032 1307 1092 patet
1350 1021 1581 1076 intentio

54 1134 165 1171 mea.
209 1116 495 1185 Lacrymte,
537 1113 774 1181 gemitus
821 1123 986 1183 atque
1027 1115 1260 1183 suspiria
1292 1115 1576 1167 viduarum

52 1225 99 1263 ac
135 1205 455 1277 pupillorum,
496 1205 703 1258 clamor
728 1218 948 1275 quoque
970 1204 1115 1275 vulgi
1143 1205 1308 1258 totius
1340 1204 1470 1258 mihi
1504 1205 1578 1258 in-

50 1297 236 1357 cumbit,
263 1294 728 1349 etvcorrectionem
762 1294 921 1363 hujus
968 1294 1094 1348 mali
1133 1294 1399 1363 deposcit.
1434 1293 1580 1360 Quo-

51 1402 142 1440 rum
182 1384 510 1441 aﬂlictionem
562 1386 629 1450 si,
675 1398 937 1456 quantum
986 1386 1038 1440 in
1079 1401 1166 1441 me
1205 1394 1290 1441 est
1326 1386 1578 1455 mitigare

50 1492 132 1530 non
157 1475 380 1540 intendo,
398 1485 454 1531 et
476 1477 639 1530 Deum
667 1476 759 1547 qui
785 1476 1073 1547 gemitibus
1095 1492 1284 1532 eorum
1306 1478 1575 1547 compati-

50 1580 119 1624 tur
141 1569 283 1624 nimis
304 1565 540 1633 offendo,
570 1578 624 1624 et
652 1570 789 1624 alios
818 1570 886 1623 ad
917 1570 1056 1625 idem
1091 1570 1292 1624 malum
1321 1583 1580 1623 exercen-

48 1661 147 1715 dum
172 1661 522 1729 promptiores
550 1668 605 1712 et
634 1659 957 1714 audaciores
984 1658 1147 1715 facio.
1181 1679 1199 1712 ι
1242 1661 1487 1725 Dixerat,
1519 1668 1577 1714 et

47 1767 122 1822 pro
139 1766 278 1823 poena
303 1750 516 1807 illorum
538 1753 630 1822 qui
667 1766 862 1808 manus
888 1761 1046 1808 erant
1076 1753 1339 1823 perdituri
1370 1753 1575 1825 pietate

1689 562 1781 618 bili
1815 572 1872 619 et
1911 562 2187 633 religioso,
2228 562 2500 617 dedicavit
2528 562 2576 617 ei
2606 562 2913 633 ecclesiam,
2967 579 3129 635 quam
3160 566 3273 637 ipse

1686 656 1740 710 in
1770 669 1868 711 suo
1892 652 2059 709 fundo
2086 662 2462 710 contruxerat.
2511 652 2611 710 Ubi
2640 654 2707 709 ad
2731 654 3089 712 ministerium
3131 675 3271 729 aqua

1682 747 1988 811 deﬁciente,
2019 753 2073 801 et
2099 746 2168 800 ob
2194 744 2297 800 hoc
2319 745 2591 800 hominem
2619 747 2873 801 nonnulla
2908 748 3275 804 mmstitudiue

1682 841 2031 911 corripiente,
2066 838 2305 894 famulus
2331 837 2424 894 Dei
2455 840 2702 909 praemisa
2738 856 2898 911 prece
2934 852 3134 898 terram
3180 845 3272 899 ha.

1683 935 1805 991 culo
1822 934 2113 1005 percussit,
2140 933 2391 1005 illicoque
2409 933 2532 988 fons
2549 933 2955 1003 limpidissimus
2983 950 3274 1008 erumpens

1682 1035 1870 1076 omnes
1896 1020 1988 1091 qui
2023 1030 2314 1091 praesentes
2336 1030 2494 1076 erant
2522 1035 2626 1074 non
2658 1022 2926 1077 modicum
2958 1022 3269 1080 lmtiﬁcavit.

1682 1113 1783 1181 Qui
1822 1112 1942 1169 fons
1969 1129 2138 1183 usque
2173 1113 2335 1169 hodie
2376 1127 2603 1168 manans
2651 1114 2913 1168 Dnnstani
2973 1130 3169 1172 nomen
3218 1128 3274 1173 et

1680 1206 1935 1261 meritum
1973 1206 2186 1263 celebre
2220 1206 2371 1263 facit.
2401 1206 2547 1262 Idem
2588 1205 2770 1269 Pater,
2823 1222 2854 1261 a
2904 1207 3193 1264 Cantuaria
3221 1213 3273 1265 in

1680 1300 2001 1355 remotiores
2059 1299 2213 1355 villas
2255 1315 2381 1356 suas
2427 1299 2748 1370 opportunis
2798 1299 2988 1368 spatiis
3043 1300 3275 1369 hospitia

1679 1409 1775 1448 sua
1803 1393 2115 1463 disponens,
2157 1393 2299 1463 apud
2327 1392 2713 1464 Magaveldam,
2743 1394 2886 1447 sicut
2937 1400 2993 1447 et
3048 1393 3100 1447 iu
3154 1392 3276 1447 aliis

1678 1485 2035 1556 li0spitiorum
2065 1500 2286 1540 suorum
2319 1484 2473 1549 locis,
2506 1484 2741 1555 ligneam
2770 1483 3056 1538 ecclesiam
3110 1482 3277 1538 fabri-

1677 1576 1841 1630 cavit.
1880 1576 2051 1643 Quam
2076 1575 2303 1644 ipsemet
2325 1574 2596 1638 dedicans,
2625 1574 2749 1628 dum
2774 1588 2838 1626 ex
2866 1587 3015 1627 more
3042 1572 3277 1627 circurn-

1678 1670 1781 1725 iret
1814 1677 1868 1723 ct
1898 1684 2017 1723 eam
2070 1668 2137 1722 ad
2181 1665 2621 1737 :equinoctialem
2666 1664 2796 1719 solis
2833 1674 3012 1718 ortum
3055 1664 3276 1718 minime

1681 1775 1890 1815 versam
1947 1759 2296 1830 perciperet,
2348 1758 2520 1813 fertur
2569 1756 2713 1827 quod
2740 1755 3009 1812 transiens
3047 1756 3276 1811 humero

46 1855 206 1911 motus,
236 1844 486 1916 lacrymis
510 1854 717 1909 manat,
745 1853 804 1900 ut
833 1845 966 1902 satis
994 1856 1138 1900 esset
1168 1846 1350 1901 videre
1373 1848 1439 1901 de
1467 1861 1573 1915 quo
1604 1834 1649 1894 Β
1677 1868 1774 1907 suo
1796 1850 1942 1907 illam
1990 1851 2385 1922 aliquantulum
2411 1849 2610 1920 pressit
2636 1890 2652 1915 ,
2681 1863 2917 1919 moxque
2946 1856 3208 1902 mutatam
3240 1862 3270 1901 a

49 1936 166 1990 fonte
191 1937 515 2005 procedebat
550 1937 960 2007 edietumquod
993 1938 1265 1993 nonnullis
1289 1937 1575 1993 videbatur

45 2027 239 2082 crudele.
296 2026 391 2083 Ubi
458 2042 588 2082 vero
637 2029 844 2084 audivit
892 2029 1253 2100 przestitutam
1304 2028 1573 2099 justitiam

46 2119 229 2186 factam,
259 2119 522 2189 surrexit,
569 2136 635 2177 ac
664 2121 774 2176 lota
809 2120 948 2175 facie
980 2122 1045 2175 ad
1074 2122 1373 2177 oratorium
1421 2121 1576 2177 exhi-

44 2206 182 2262 larato
218 2209 355 2265 vultu
406 2211 599 2267 abiens
640 2212 718 2267 ait
750 2228 764 2266 :
802 2229 821 2264 ι
868 2211 1006 2281 Quia
1053 2213 1223 2267 Deum
1256 2214 1575 2268 .obedieudo

42 2300 213 2355 statutis
251 2299 477 2368 justitite
502 2301 711 2371 legibus
758 2303 939 2357 audivi
969 2302 1148 2368 hodie,
1185 2304 1401 2359 conﬁdo
1427 2306 1571 2374 quod

42 2400 83 2443 et
117 2391 215 2461 ipse
256 2408 347 2463 per
391 2394 830 2451 misericordiam
885 2410 1039 2450 suam
1110 2395 1443 2451 sacriﬁcium
1504 2398 1569 2451 de

42 2497 169 2538 manu
211 2501 321 2541 mea
359 2489 626 2559 suscipiet
656 2489 835 2544 hodie.
870 2508 888 2543 ι
929 2488 1093 2561 Cujus
1117 2489 1459 2545 conﬁdentiae
1489 2493 1547 2545 ef
1552 2521 1572 2531 -

42 2575 152 2628 fectu
185 2578 422 2646 privatus
456 2594 562 2635 non
589 2589 695 2635 est.
717 2579 793 2635 Eo
838 2581 1036 2650 quippe
1062 2580 1202 2634 inter
1230 2589 1575 2635 sacrosancta

40 2668 277 2724 missarum
322 2671 596 2727 solemnia
645 2687 830 2728 sacras
879 2674 1472 2738 manusextendente,
1523 2681 1578 2728 et

40 2755 172 2811 Deum
215 2760 432 2816 Patrem
480 2763 907 2834 omnipotentem
962 2774 1021 2818 ut
1069 2764 1368 2818 Ecclesium
1419 2779 1573 2819 suam

36 2844 311 2906 catholicam
360 2872 377 2905 ‹
416 2853 732 2922 paeilieare,
779 2855 1075 2921 custodire,
1124 2856 1365 2910 adunare
1397 2865 1454 2909 et
1491 2871 1577 2911 re-

36 2957 135 3010 gere
167 2945 482 3015 dignaretur
532 2957 643 3001 toto
685 2948 821 3002 orbe
869 2955 1138 3003 terrarum
1177 2948 1573 3018 interpellante,

36 3032 156 3087 nivea
177 3036 413 3091 columba
446 3036 629 3094 multis
648 3038 979 3095 intuentibus
1013 3040 1078 3094 de
1104 3039 1243 3095 coelo
1266 3040 1572 3104 descendit,

38 3134 77 3175 et
103 3126 251 3181 donec
288 3128 621 3184 sacriﬁcium
664 3139 1043 3199 consumptum
1076 3140 1241 3197 esset,
1286 3145 1449 3202 super
1484 3146 1576 3186 ca-

1674 1943 1895 2015 pr0prio
1917 1952 2062 1999 statu
2091 1943 2145 1997 in
2187 1942 2422 1998 medium
2461 1940 2691 1997 orientis
2715 1940 2988 1995 tramitem
3022 1956 3122 2010 pro
3147 1950 3275 1996 voto

1676 2036 1961 2092 convertit.
2004 2034 2157 2103 Quod
2188 2035 2365 2106 ipsum
2396 2033 2561 2089 facile
2588 2033 2829 2105 potuisse
2853 2032 3070 2087 efﬁcere
3112 2048 3274 2088 nemo

1674 2129 1919 2199 ambigit,
1949 2128 2051 2183 nisi
2074 2128 2165 2198 qui
2198 2126 2377 2183 verbis
2407 2126 2617 2182 Domini
2646 2125 2870 2191 Christi,
2895 2126 3092 2196 quibus
3115 2125 3274 2181 ﬁdem

1674 2220 1813 2275 sicut
1834 2234 2057 2290 granum
2082 2219 2286 2289 sinapis
2306 2218 2633 2274 habentibus
2651 2217 2916 2290 promittit
2941 2220 3083 2289 quod
3108 2219 3275 2274 etiam

1676 2319 1913 2364 montem
1946 2308 2092 2373 dicto
2126 2307 2457 2363 transferant
2484 2307 2635 2378 (Luc.
2666 2324 2800 2371 xvu,
2825 2307 2905 2377 6),
2949 2308 3268 2363 incredulus

1675 2410 1878 2464 existit.
1930 2408 2078 2464 Inter
2130 2405 2436 2477 huiusmodi
2500 2420 2663 2476 opera
2729 2404 3038 2479 Dnnstanus
3103 2404 3272 2460 Deum

1676 2514 1890 2568 semper
1919 2499 1971 2552 iu
2010 2507 2191 2552 mente
2218 2496 2439 2561 habere,
2488 2495 2599 2551 Deo
2627 2495 2888 2565 quidquid
2941 2495 3066 2550 boni
3101 2494 3269 2551 facie-

1678 2590 1765 2644 bat
1793 2606 1895 2643 uon
1926 2589 2026 2643 sibi
2061 2589 2362 2653 ascribere,
2390 2602 2645 2659 maguum
2698 2586 3023 2643 humilitatis
3050 2628 3067 2654 ,
3108 2588 3274 2643 mini-

1678 2695 1825 2734 mum
1859 2679 2113 2734 elationis
2151 2693 2248 2734 cor
2285 2693 2382 2749 per
2423 2678 2604 2732 omnia
2637 2686 2693 2733 et
2734 2677 2787 2731 in
2810 2677 3061 2733 omnibus
3102 2678 3276 2748 possi-

1676 2771 1824 2826 dere.

1750 2860 1885 2916 Cum
1927 2870 2109 2914 autem
2133 2873 2162 2913 a
2200 2855 2542 2914 saecularium
2572 2855 2913 2927 negotiorum
2966 2858 3269 2926 occupatio-

1676 2951 1836 3005 nibus
1853 2950 1901 3004 ei
1924 2948 2078 3020 quies
2100 2950 2396 3016 arridebat,
2424 2947 2587 3002 modo
2610 2946 3047 3017 contemplationi
3080 2946 3277 3004 divinae

1676 3048 1731 3096 et
1753 3038 2092 3094 orationibus
2118 3038 2485 3104 incumbebat,
2514 3039 2675 3092 modo
2703 3052 2983 3093 sacrarum
3018 3036 3271 3108 Scriptu-

1680 3146 1863 3186 rarum
1896 3130 2113 3186 lectioni
2155 3141 2210 3185 et
2254 3144 2441 3184 earum
2467 3127 2899 3198 expositionibus
2933 3127 3270 3195 intendebat,

39 3228 112 3284 put
139 3220 241 3289 ejus
262 3222 520 3290 expansis
537 3230 594 3275 et
618 3223 774 3291 quasi
810 3222 1049 3278 immotis
1084 3222 1185 3278 alis
1220 3226 1322 3278 sub
1357 3224 1573 3278 silentio
1600 3191 1647 3254 Ο
1679 3227 1837 3280 modo
1864 3223 2088 3280 fratrum
2114 3211 2477 3280 exhortationi
2509 3238 2603 3278 seu
2630 3222 2892 3277 librorum
2907 3222 3274 3278 emendationi

42 3313 220 3364 mansit.
250 3310 391 3369 Inter
421 3314 546 3368 lucc
593 3313 722 3383 quid
764 3314 931 3370 animi
976 3325 1187 3385 gereret
1219 3331 1410 3371 servus
1439 3316 1575 3371 Dei?

39 3398 129 3463 Quo
167 3418 365 3470 amore,
416 3420 528 3474 qua
564 3404 868 3469 dulcedine,
902 3422 1009 3474 quo
1037 3406 1307 3461 desiderio
1334 3418 1488 3477 putas
1518 3408 1570 3461 in

38 3487 121 3542 Deo
165 3495 500 3561 pascebatur,
551 3497 639 3565 qui
691 3510 759 3549 ex
805 3497 1051 3565 praesenti
1114 3497 1287 3567 gratia
1342 3498 1434 3553 Dei
1479 3497 1571 3552 tali

37 3578 301 3639 visitatione
354 3584 695 3641 fovebatur?
742 3584 1075 3656 Consmnpto
1122 3588 1426 3652 sacriﬁcio,
1477 3604 1572 3643 co.

35 3669 180 3729 luniba
198 3678 379 3732 eadem
410 3678 469 3732 in
495 3676 789 3733 australem
819 3678 1005 3732 altaris
1026 3686 1233 3747 partem
1266 3678 1571 3746 declinavit,

32 3772 73 3819 et
110 3783 255 3840 super
300 3772 548 3827 tumbam
594 3771 737 3826 beati
784 3770 1011 3837 Odonis,
1043 3772 1197 3841 cujus
1221 3788 1383 3844 supra
1416 3789 1571 3829 men-

34 3856 196 3915 tionem
243 3863 493 3926 fecimus,
542 3879 601 3919 se
648 3864 959 3931 reclinavit,
990 3864 1092 3921 alis
1122 3866 1235 3921 suis
1265 3867 1409 3921 illam
1448 3867 1572 3921 hinc

32 3948 129 4006 inde
154 3955 522 4026 complexans,
551 3965 605 4011 et
632 3956 785 4025 quasi
818 3967 997 4013 rostro
1029 3958 1370 4014 deosculaus.
1414 3959 1569 4027 Quod

30 4040 183 4100 beatus
211 4046 521 4104 Dunstanus
545 4050 780 4114 intuens,
808 4057 863 4104 et
883 4050 1085 4106 exinde
1109 4052 1361 4106 meritum
1382 4051 1571 4120 jacen-

32 4133 84 4188 tis
125 4142 439 4209 appendens,
495 4140 550 4197 in
606 4150 755 4196 tanta
801 4156 922 4198 eum
964 4142 1218 4215 deinceps
1268 4144 1567 4199 reverentia

30 4223 186 4284 habuit
222 4241 278 4287 ut
321 4233 541 4304 quoties
576 4249 761 4290 coram
813 4235 1062 4305 sepulcro
1100 4236 1243 4292 illius
1286 4235 1570 4301 transibat,

28 4332 169 4383 getnta
217 4322 483 4381 ﬂecteret.
548 4326 883 4397 Cognomine
926 4341 1142 4398 quoque
1189 4326 1322 4383 Boni
1362 4327 1414 4381 in
1457 4344 1572 4382 ma-

26 4417 149 4465 terna
198 4414 373 4486 lingua
419 4426 548 4489 post
572 4418 685 4474 haec
726 4434 850 4473 eum
880 4434 1096 4489 semper
1128 4420 1412 4476 nominare
1442 4434 1572 4475 con-

26 4501 186 4566 suevit,
210 4505 462 4562 videlicet
490 4506 605 4563 Odo
630 4506 858 4578 Segode,
886 4509 1029 4578 quod
1053 4508 1242 4565 Latine
1268 4522 1427 4565 sonat
1452 4508 1568 4565 Odo

25 4586 193 4651 Bonus.
242 4598 360 4666 Quo
406 4600 734 4671 cognomine
782 4616 847 4656 ex
890 4617 956 4657 eo
1006 4611 1251 4672 tempore
1303 4618 1476 4674 usque
1504 4604 1569 4658 ad

26 4680 141 4739 hanc
175 4699 411 4745 nostram
437 4701 655 4747 aetatem
711 4692 848 4747 solet
887 4694 956 4747 ab
996 4693 1205 4765 Anglis,
1239 4698 1475 4752 maxime
1499 4706 1576 4751 ta-

23 4785 122 4830 men
158 4794 186 4833 a
227 4779 583 4849 Cantuaritis,
642 4785 961 4854 nuncupari.
1002 4786 1329 4843 Pereantata
1388 4790 1573 4856 missa,

24 4862 299 4927 Dunstanus
323 4873 393 4928 ab
417 4873 579 4929 altari
604 4875 922 4946 digreditur.
964 4877 1228 4934 Ministris
1253 4891 1431 4935 autem
1458 4881 1575 4952 ejus

23 4970 98 5023 [πο
125 4960 288 5032 signo,
316 4966 467 5036 quod
497 4969 787 5036 acciderat,
835 4970 921 5024 his
960 4978 1015 5024 et
1051 4970 1159 5026 illis
1203 4971 1573 5038 iunuentibus,

23 5055 65 5100 et
99 5051 223 5110 alios
251 5071 318 5111 ex
368 5058 634 5115 fratribus
680 5060 987 5117 ministerio
1010 5063 1283 5134 pqntiﬁcis
1313 5063 1576 5121 all'uturos

23 5144 419 5217 suspicantibus,
462 5150 561 5221 ipsi
604 5166 663 5208 se
709 5153 764 5207 in
802 5152 1020 5210 diversa
1050 5155 1268 5222 tollunt,
1304 5172 1367 5212 ac
1395 5157 1572 5212 virum

25 5230 173 5287 adhuc
218 5236 503 5296 immensis
539 5257 608 5297 ex
645 5246 937 5313 praesentia
959 5250 1148 5316 gratim
1182 5248 1275 5304 Dei
1304 5250 1575 5320 lacryma-

25 5333 117 5376 rum
155 5325 419 5387 imbribus
449 5333 753 5391 madentem
785 5337 960 5392 solum
986 5339 1319 5409 relinquunt.
1355 5340 1423 5397 Et
1450 5354 1576 5395 ecce

25 5412 126 5469 dum
170 5423 430 5492 casulam,
474 5441 577 5496 qua
609 5428 751 5484 inter
776 5445 930 5487 sacra
952 5433 1304 5500 vestiebatur,
1337 5435 1573 5504 depone-

27 5514 106 5573 rei.
154 5528 250 5571 nec
304 5515 452 5575 ullus
492 5519 707 5577 adesset
762 5524 855 5594 qui
912 5539 1031 5581 eam
1095 5527 1416 5597 susciperet,
1464 5527 1575 5582 dis-

28 5612 222 5664 ponente
281 5610 395 5666 Deo
453 5626 714 5683 suspensa
762 5615 1017 5687 pependit
1058 5617 1113 5674 in
1167 5632 1321 5683 aere,
1378 5633 1447 5674 ne
1488 5635 1575 5674 ca-

28 5688 132 5789 llens
168 5696 219 5754 in
258 5709 467 5759 terram
509 5720 726 5763 servum
781 5707 873 5762 Dei
912 5723 941 5763 a
971 5720 1067 5763 sua
1116 5709 1360 5767 turbaret
1396 5707 1571 5766 inten-

27 5788 165 5840 tione.
241 5812 247 5821 -

1676 3317 1899 3371 sedulus
1921 3331 2143 3387 operam
2175 3315 2542 3385 impendebat.
2582 3315 2638 3369 In
2679 3314 3098 3386 compunctione
3144 3330 3277 3370 vero

1677 3409 2038 3481 lacrymarum
2073 3418 2220 3463 tanta
2268 3407 2445 3479 gratia
2491 3407 2752 3477 prmditus
2797 3414 2915 3462 erat
2951 3416 3012 3462 ut
3065 3407 3277 3477 quoties

1674 3514 1798 3555 eum
1828 3500 2000 3556 sacris
2029 3499 2294 3555 altaribus
2333 3497 2454 3554 sisti
2494 3498 2577 3553 vel
2614 3498 2798 3569 aliquo
2846 3496 3023 3553 ofﬁcio
3052 3499 3277 3569 pontiﬁ-

1675 3591 1779 3646 cali
1823 3591 1973 3662 fungi
2003 3592 2371 3662 conspiceres,
2420 3588 2657 3660 Spiritus
2680 3589 2854 3645 sancti
2881 3589 3096 3645 fervore
3124 3606 3276 3646 meu-

1681 3690 1788 3737 tem
1816 3681 1932 3751 ejus
1953 3681 2199 3747 accendi,
2239 3688 2295 3735 et
2315 3694 2435 3750 quae
2468 3678 2556 3733 ille
2582 3678 2825 3733 exterius
2858 3678 3276 3733 administrabat

1675 3776 1848 3847 ipsum
1876 3774 2107 3831 interius
2140 3773 2356 3844 Operari
2400 3787 2497 3843 per
2526 3772 2731 3828 indices
2782 3786 2853 3827 ex
2909 3770 3081 3828 oculis
3129 3769 3276 3825 illius

1673 3872 2031 3927 decurrentes
2067 3867 2338 3940 lacrymas
2365 3882 2473 3922 non
2520 3867 2790 3923 dubitare.
2832 3864 2959 3921 ﬂare
3002 3864 3143 3920 inter
3172 3862 3274 3919 sibi

1672 3973 1725 4019 et
1757 3962 2164 4018 successoribus
2208 3960 2321 4015 suis
2343 3958 2705 4028 competentia
2736 3967 2844 4013 tam
2894 3957 3035 4011 infra
3086 3971 3274 4012 nmros

1678 4054 1831 4109 urbis
1859 4068 2021 4123 quam
2062 4061 2119 4105 et
2146 4050 2200 4105 in
2232 4050 2535 4121 quibusque
2564 4048 2705 4104 villis
2727 4049 2794 4103 ad
2838 4047 3279 4118 archiepiscopa-

1675 4156 1785 4202 tum
1830 4141 2229 4216 pertinentibus
2260 4141 2485 4196 acdilleia
2508 4140 2799 4207 constitui,
2841 4139 2926 4196 vel
2960 4126 3276 4208 constituta,

1673 4237 1717 4292 si
1745 4251 1850 4306 qua
1881 4249 1949 4292 ex
1977 4242 2133 4304 parte
2158 4232 2337 4288 diruta
2380 4240 2585 4298 essent,
2617 4231 2869 4287 renovari
2911 4230 3168 4296 faciebat,
3218 4245 3287 4289 se

1674 4326 1882 4382 scilicet
1909 4326 1963 4380 in
1990 4323 2110 4379 istis
2145 4338 2252 4379 non
2287 4323 2448 4378 modo
2471 4322 2596 4389 sibi,
2623 4323 2717 4378 sed
2757 4330 2813 4378 et
2844 4323 3137 4378 multorum
3171 4325 3277 4377 uti-

1673 4419 1808 4474 litati
1832 4425 2014 4473 natum
2041 4415 2330 4486 vivereque
2358 4414 2718 4485 perpendens.
2742 4413 3015 4470 Praeterea
3042 4423 3269 4470 cuncta-

1677 4527 1798 4566 rum
1829 4508 2193 4565 Ecelesiarum
2237 4507 2402 4563 totius
2442 4505 2740 4561 Britanniae
2791 4505 3270 4575 adjacentiumque

1680 4602 1978 4659 insularum
2022 4600 2442 4657 sollicitudinem
2472 4607 2728 4655 strenuus
2775 4599 3042 4670 gerebat,
3088 4612 3279 4653 earum

1678 4710 1893 4762 causas,
1925 4709 2045 4765 quas
2070 4694 2135 4749 ad
2166 4708 2290 4749 eum
2311 4693 2453 4749 sicut
2505 4693 2572 4746 ad
2600 4693 2884 4762 primatem
2934 4699 2990 4747 et
3035 4692 3276 4761 patriar-

1678 4789 1834 4842 cham
1857 4786 2042 4856 quotie
2067 4783 2400 4847 ferebantur,
2431 4781 2771 4852 disponebat.
2798 4780 2865 4834 Et
2886 4779 3007 4848 quia
3036 4780 3278 4851 vigilanti

1678 4879 1856 4933 studio
1885 4877 2109 4932 Domino
2136 4875 2354 4931 Christo
2376 4888 2471 4945 per
2499 4874 2681 4927 omnia
2710 4870 3099 4937 famulabatur,
3134 4887 3282 4943 saepe

1677 4984 2034 5042 supernorum
2058 4969 2256 5024 civium
2297 4966 2509 5039 gaudiis
2539 4974 2702 5033 atque
2750 4963 3105 5019 concentibus
3137 5006 3151 5030 ,
3208 4964 3277 5022 ad

1678 5078 1815 5135 quos
1842 5062 2004 5116 anxie
2033 5057 2361 5131 suspirabat,
2389 5056 2751 5121 miscebatur,
2809 5054 3099 5125 aliquando
3151 5070 3275 5109 cor-

1680 5171 1811 5227 pore
1844 5154 2110 5222 vigilans,
2140 5150 2432 5221 aliquando
2472 5158 2665 5206 sancto
2710 5164 2905 5220 sopore
2964 5148 3272 5220 quiescens.
3320 5136 3325 5141 ’

1680 5248 1941 5317 Quodque
1987 5246 2238 5303 fortassis
2270 5260 2379 5301 non
2426 5246 2607 5300 minus
2661 5253 2880 5314 stupeas
2908 5286 2921 5311 ,
2966 5258 3064 5313 per
3099 5243 3275 5299 visum

1677 5339 1921 5410 quredam
1944 5352 1973 5391 a
1997 5336 2172 5391 beatis
2194 5335 2477 5407 spiritibus
2505 5333 2668 5389 didici
2697 5349 2819 5405 qua:
2848 5334 2963 5404 ipse
3009 5341 3199 5406 postea
3223 5335 3275 5391 in

1677 5430 1898 5488 servitio
1924 5428 2017 5484 Dei
2060 5426 2303 5484 canenda
2335 5441 2464 5483 suos
2497 5425 2732 5481 edocuit.

1748 5543 2042 5614 (Sequitur
2080 5542 2319 5614 Historia
2366 5538 2582 5593 visionis
2613 5540 2676 5592 de
2723 5546 2894 5614 matre
2928 5555 3023 5614 sua
3063 5538 3274 5614 quidam

1678 5606 1783 5685 regi
1822 5606 2179 5686 potentissimo
2217 5610 2581 5679 desponsata;
2647 5624 2804 5679 quam
2862 5608 3019 5662 habes
3068 5608 3121 5660 in
3176 5606 3276 5662 Οεο

1678 5684 1853 5742 tam.
1878 5684 1897 5755 )

1754 5801 1871 5858 Alio
1917 5814 2148 5871 quorum
2178 5806 2421 5868 tempore
2455 5812 2546 5853 rex
2596 5795 2650 5851 in
2685 5795 2771 5852 die
2803 5795 3083 5853 Dominica
3117 5805 3277 5848 mane
