  <div class='ocr_page' id='page_1' title='image "/cluster/home/n/w/nwhite01/storage/ocr_20150623/159/hvd.32044024236648/405.png"; bbox 0 0 3870 6304; ppageno 0'>
   <div class='ocr_carea' id='block_1_1' title="bbox 633 333 740 391">
    <p class='ocr_par' dir='ltr' id='par_1_1' title="bbox 633 333 740 391">
     <span class='ocr_line' id='line_1_1' title="bbox 633 333 740 391; baseline 0.019 -2"><span class='ocrx_word' id='word_1_1' title='bbox 633 333 740 391; x_wconf 70' lang='lat'><strong>735</strong></span> 
     </span>
    </p>
   </div>
   <div class='ocr_carea' id='block_1_2' title="bbox 1663 321 3762 388">
    <p class='ocr_par' dir='ltr' id='par_1_2' title="bbox 1663 321 3762 388">
     <span class='ocr_line' id='line_1_2' title="bbox 1663 321 3762 388; baseline -0.003 -8"><span class='ocrx_word' id='word_1_2' title='bbox 1663 323 1966 380; x_wconf 70' lang='lat' dir='ltr'><strong>EADMERI</strong></span> <span class='ocrx_word' id='word_1_3' title='bbox 2007 321 2565 382; x_wconf 68' lang='lat' dir='ltr'><strong>(IANTUABIENSIS</strong></span> <span class='ocrx_word' id='word_1_4' title='bbox 2605 321 2908 379; x_wconf 77' lang='lat' dir='ltr'><strong>MONACHI</strong></span> <span class='ocrx_word' id='word_1_5' title='bbox 3700 333 3762 388; x_wconf 62' lang='grc' dir='ltr'><strong>τετε</strong></span> 
     </span>
    </p>
   </div>
   <div class='ocr_carea' id='block_1_3' title="bbox 631 436 3760 509">
    <p class='ocr_par' dir='ltr' id='par_1_3' title="bbox 631 436 3760 509">
     <span class='ocr_line' id='line_1_3' title="bbox 631 436 3760 509; baseline -0.001 -9"><span class='ocrx_word' id='word_1_6' title='bbox 631 452 886 500; x_wconf 88' lang='lat' dir='ltr'><strong>venatum</strong></span> <span class='ocrx_word' id='word_1_7' title='bbox 917 441 1028 506; x_wconf 88' lang='lat' dir='ltr'><strong>ivit,</strong></span> <span class='ocrx_word' id='word_1_8' title='bbox 1056 448 1110 496; x_wconf 88' lang='lat' dir='ltr'><strong>et</strong></span> <span class='ocrx_word' id='word_1_9' title='bbox 1156 439 1510 504; x_wconf 86' lang='lat' dir='ltr'><strong>Dunstanum,</strong></span> <span class='ocrx_word' id='word_1_10' title='bbox 1555 437 1646 507; x_wconf 91' lang='lat' dir='ltr'><strong>qui</strong></span> <span class='ocrx_word' id='word_1_11' title='bbox 1685 445 1811 492; x_wconf 88' lang='lat' dir='ltr'><strong>tunc</strong></span> <span class='ocrx_word' id='word_1_12' title='bbox 1859 436 1998 492; x_wconf 85' lang='lat' dir='ltr'><strong>torte</strong></span> <span class='ocrx_word' id='word_1_13' title='bbox 2039 451 2222 493; x_wconf 70' lang='lat' dir='ltr'><strong>secum</strong></span> <span class='ocrx_word' id='word_1_14' title='bbox 2253 442 2297 500; x_wconf 70' lang='grc' dir='ltr'><strong>Α</strong></span> <span class='ocrx_word' id='word_1_15' title='bbox 2328 436 2472 504; x_wconf 87' lang='lat' dir='ltr'><strong>Quos</strong></span> <span class='ocrx_word' id='word_1_16' title='bbox 2495 452 2683 496; x_wconf 90' lang='lat' dir='ltr'><strong>versus</strong></span> <span class='ocrx_word' id='word_1_17' title='bbox 2704 439 2904 494; x_wconf 89' lang='lat' dir='ltr'><strong>chorus</strong></span> <span class='ocrx_word' id='word_1_18' title='bbox 2927 436 3192 509; x_wconf 78' lang='lat' dir='ltr'><strong>virginum</strong></span> <span class='ocrx_word' id='word_1_19' title='bbox 3213 436 3508 492; x_wconf 88' lang='lat' dir='ltr'><strong>resumendo</strong></span> <span class='ocrx_word' id='word_1_20' title='bbox 3525 453 3760 508; x_wconf 66' lang='lat' dir='ltr'><strong>Perfdilhtls,</strong></span> 
     </span>
    </p>
   </div>
   <div class='ocr_carea' id='block_1_4' title="bbox 631 528 2214 602">
    <p class='ocr_par' dir='ltr' id='par_1_4' title="bbox 631 528 2214 602">
     <span class='ocr_line' id='line_1_4' title="bbox 631 528 2214 602; baseline -0.005 -10"><span class='ocrx_word' id='word_1_21' title='bbox 631 547 774 602; x_wconf 90' lang='lat' dir='ltr'><strong>erat,</strong></span> <span class='ocrx_word' id='word_1_22' title='bbox 804 536 1024 590; x_wconf 87' lang='lat' dir='ltr'><strong>missam</strong></span> <span class='ocrx_word' id='word_1_23' title='bbox 1073 548 1224 588; x_wconf 87' lang='lat' dir='ltr'><strong>suam</strong></span> <span class='ocrx_word' id='word_1_24' title='bbox 1275 532 1448 586; x_wconf 90' lang='lat' dir='ltr'><strong>donec</strong></span> <span class='ocrx_word' id='word_1_25' title='bbox 1494 528 1962 588; x_wconf 81' lang='lat' dir='ltr'><strong>rediret.diil&#39;erre</strong></span> <span class='ocrx_word' id='word_1_26' title='bbox 2006 530 2214 598; x_wconf 85' lang='lat' dir='ltr'><strong>petivit.</strong></span> 
     </span>
    </p>
   </div>
   <div class='ocr_carea' id='block_1_5' title="bbox 631 619 2222 697">
    <p class='ocr_par' dir='ltr' id='par_1_5' title="bbox 631 619 2222 697">
     <span class='ocr_line' id='line_1_5' title="bbox 631 619 2222 697; baseline -0.005 -15"><span class='ocrx_word' id='word_1_27' title='bbox 631 625 1110 697; x_wconf 75' lang='lat' dir='ltr'><strong>Appropinquante</strong></span> <span class='ocrx_word' id='word_1_28' title='bbox 1137 621 1298 691; x_wconf 79' lang='lat' dir='ltr'><strong>igitur</strong></span> <span class='ocrx_word' id='word_1_29' title='bbox 1323 621 1456 676; x_wconf 90' lang='lat' dir='ltr'><strong>hora</strong></span> <span class='ocrx_word' id='word_1_30' title='bbox 1486 620 1666 686; x_wconf 88' lang='lat' dir='ltr'><strong>tertia,</strong></span> <span class='ocrx_word' id='word_1_31' title='bbox 1703 619 1788 674; x_wconf 80' lang='lat' dir='ltr'><strong>vir</strong></span> <span class='ocrx_word' id='word_1_32' title='bbox 1830 619 1922 674; x_wconf 89' lang='lat' dir='ltr'><strong>Dei</strong></span> <span class='ocrx_word' id='word_1_33' title='bbox 1950 620 2016 674; x_wconf 91' lang='lat' dir='ltr'><strong>ad</strong></span> <span class='ocrx_word' id='word_1_34' title='bbox 2053 620 2222 674; x_wconf 86' lang='lat' dir='ltr'><strong>eccle-</strong></span> 
     </span>
    </p>
   </div>
   <div class='ocr_carea' id='block_1_6' title="bbox 629 713 2219 786">
    <p class='ocr_par' dir='ltr' id='par_1_6' title="bbox 629 713 2219 786">
     <span class='ocr_line' id='line_1_6' title="bbox 629 713 2219 786; baseline -0.005 -14"><span class='ocrx_word' id='word_1_35' title='bbox 629 721 766 772; x_wconf 80' lang='lat' dir='ltr'><strong>siam</strong></span> <span class='ocrx_word' id='word_1_36' title='bbox 817 717 1086 786; x_wconf 91' lang='lat' dir='ltr'><strong>procedit,</strong></span> <span class='ocrx_word' id='word_1_37' title='bbox 1127 724 1182 770; x_wconf 92' lang='lat' dir='ltr'><strong>et</strong></span> <span class='ocrx_word' id='word_1_38' title='bbox 1215 714 1432 770; x_wconf 90' lang='lat' dir='ltr'><strong>indutus</strong></span> <span class='ocrx_word' id='word_1_39' title='bbox 1483 715 1656 770; x_wconf 89' lang='lat' dir='ltr'><strong>sacris</strong></span> <span class='ocrx_word' id='word_1_40' title='bbox 1695 713 1956 780; x_wconf 81' lang='lat' dir='ltr'><strong>vestibus,</strong></span> <span class='ocrx_word' id='word_1_41' title='bbox 2018 728 2219 784; x_wconf 73' lang='lat' dir='ltr'><strong>regem,</strong></span> 
     </span>
    </p>
   </div>
   <div class='ocr_carea' id='block_1_7' title="bbox 635 805 2224 878">
    <p class='ocr_par' dir='ltr' id='par_1_7' title="bbox 635 805 2224 878">
     <span class='ocr_line' id='line_1_7' title="bbox 635 805 2224 878; baseline -0.001 -16"><span class='ocrx_word' id='word_1_42' title='bbox 635 811 800 873; x_wconf 80' lang='lat' dir='ltr'><strong>sicut,</strong></span> <span class='ocrx_word' id='word_1_43' title='bbox 829 809 878 862; x_wconf 90' lang='lat' dir='ltr'><strong>ei</strong></span> <span class='ocrx_word' id='word_1_44' title='bbox 930 807 1274 876; x_wconf 77' lang='lat' dir='ltr'><strong>promiserat,</strong></span> <span class='ocrx_word' id='word_1_45' title='bbox 1327 807 1697 878; x_wconf 84' lang='lat' dir='ltr'><strong>exspectabat.</strong></span> <span class='ocrx_word' id='word_1_46' title='bbox 1745 805 1926 862; x_wconf 91' lang='lat' dir='ltr'><strong>Stabat</strong></span> <span class='ocrx_word' id='word_1_47' title='bbox 1958 823 2087 876; x_wconf 82' lang='lat' dir='ltr'><strong>ergo</strong></span> <span class='ocrx_word' id='word_1_48' title='bbox 2129 823 2224 861; x_wconf 89' lang='lat' dir='ltr'><strong>cu-</strong></span> 
     </span>
    </p>
   </div>
   <div class='ocr_carea' id='block_1_8' title="bbox 633 897 2218 968">
    <p class='ocr_par' dir='ltr' id='par_1_8' title="bbox 633 897 2218 968">
     <span class='ocr_line' id='line_1_8' title="bbox 633 897 2218 968; baseline 0.001 -14"><span class='ocrx_word' id='word_1_49' title='bbox 633 900 762 956; x_wconf 87' lang='lat' dir='ltr'><strong>bitis</strong></span> <span class='ocrx_word' id='word_1_50' title='bbox 809 900 1026 954; x_wconf 76' lang='lat' dir='ltr'><strong>innixus</strong></span> <span class='ocrx_word' id='word_1_51' title='bbox 1059 898 1251 964; x_wconf 83' lang='lat' dir='ltr'><strong>altari,</strong></span> <span class='ocrx_word' id='word_1_52' title='bbox 1289 898 1528 958; x_wconf 82' lang='lat' dir='ltr'><strong>orationi</strong></span> <span class='ocrx_word' id='word_1_53' title='bbox 1567 913 1633 954; x_wconf 90' lang='lat' dir='ltr'><strong>ac</strong></span> <span class='ocrx_word' id='word_1_54' title='bbox 1683 897 1936 968; x_wconf 82' lang='lat' dir='ltr'><strong>laerymis</strong></span> <span class='ocrx_word' id='word_1_55' title='bbox 1985 899 2218 954; x_wconf 86' lang='lat' dir='ltr'><strong>deditus.</strong></span> 
     </span>
    </p>
   </div>
   <div class='ocr_carea' id='block_1_9' title="bbox 633 987 2221 1058">
    <p class='ocr_par' dir='ltr' id='par_1_9' title="bbox 633 987 2221 1058">
     <span class='ocr_line' id='line_1_9' title="bbox 633 987 2221 1058; baseline -0.003 -14"><span class='ocrx_word' id='word_1_56' title='bbox 633 989 768 1044; x_wconf 88' lang='lat' dir='ltr'><strong>Tum</strong></span> <span class='ocrx_word' id='word_1_57' title='bbox 795 991 971 1044; x_wconf 88' lang='lat' dir='ltr'><strong>subito</strong></span> <span class='ocrx_word' id='word_1_58' title='bbox 1005 1002 1198 1058; x_wconf 88' lang='lat' dir='ltr'><strong>sopore</strong></span> <span class='ocrx_word' id='word_1_59' title='bbox 1225 987 1418 1042; x_wconf 91' lang='lat' dir='ltr'><strong>leniter</strong></span> <span class='ocrx_word' id='word_1_60' title='bbox 1443 1003 1698 1056; x_wconf 79' lang='lat' dir='ltr'><strong>pressus,</strong></span> <span class='ocrx_word' id='word_1_61' title='bbox 1737 988 1790 1042; x_wconf 89' lang='lat' dir='ltr'><strong>in</strong></span> <span class='ocrx_word' id='word_1_62' title='bbox 1827 987 2020 1042; x_wconf 86' lang='lat' dir='ltr'><strong>coelum</strong></span> <span class='ocrx_word' id='word_1_63' title='bbox 2075 987 2221 1058; x_wconf 87' lang='lat' dir='ltr'><strong>rapi-</strong></span> 
     </span>
    </p>
   </div>
   <div class='ocr_carea' id='block_1_10' title="bbox 2325 527 3759 604">
    <p class='ocr_par' dir='ltr' id='par_1_10' title="bbox 2325 527 3759 604">
     <span class='ocr_line' id='line_1_10' title="bbox 2325 527 3759 604; baseline 0.009 -23"><span class='ocrx_word' id='word_1_64' title='bbox 2325 530 2598 600; x_wconf 72' lang='lat' dir='ltr'><strong>prredictte</strong></span> <span class='ocrx_word' id='word_1_65' title='bbox 2643 532 2786 586; x_wconf 71' lang='lat' dir='ltr'><strong>binm</strong></span> <span class='ocrx_word' id='word_1_66' title='bbox 2835 530 3107 604; x_wconf 78' lang='lat' dir='ltr'><strong>cantrices</strong></span> <span class='ocrx_word' id='word_1_67' title='bbox 3155 527 3310 586; x_wconf 88' lang='lat' dir='ltr'><strong>binos</strong></span> <span class='ocrx_word' id='word_1_68' title='bbox 3353 528 3438 599; x_wconf 87' lang='lat' dir='ltr'><strong>qui</strong></span> <span class='ocrx_word' id='word_1_69' title='bbox 3477 543 3698 600; x_wconf 83' lang='lat' dir='ltr'><strong>sequantur</strong></span> <span class='ocrx_word' id='word_1_70' title='bbox 3731 543 3759 594; x_wconf 77' lang='lat' dir='ltr'><strong>tu</strong></span> 
     </span>
    </p>
   </div>
   <div class='ocr_carea' id='block_1_11' title="bbox 2323 620 3245 693">
    <p class='ocr_par' dir='ltr' id='par_1_11' title="bbox 2323 620 3245 693">
     <span class='ocr_line' id='line_1_11' title="bbox 2323 620 3245 693; baseline 0.002 -19"><span class='ocrx_word' id='word_1_71' title='bbox 2323 620 2512 676; x_wconf 86' lang='lat' dir='ltr'><strong>ordine</strong></span> <span class='ocrx_word' id='word_1_72' title='bbox 2539 637 2728 677; x_wconf 85' lang='lat' dir='ltr'><strong>versus</strong></span> <span class='ocrx_word' id='word_1_73' title='bbox 2759 630 3058 693; x_wconf 67' lang='lat' dir='ltr'><strong>prosecuta:</strong></span> <span class='ocrx_word' id='word_1_74' title='bbox 3077 630 3204 676; x_wconf 91' lang='lat' dir='ltr'><strong>sunt</strong></span> <span class='ocrx_word' id='word_1_75' title='bbox 3232 639 3245 676; x_wconf 93' lang='lat'><strong>:</strong></span> 
     </span>
    </p>
   </div>
   <div class='ocr_carea' id='block_1_12' title="bbox 2393 709 3651 786">
    <p class='ocr_par' dir='ltr' id='par_1_12' title="bbox 2393 709 3651 786">
     <span class='ocr_line' id='line_1_12' title="bbox 2393 709 3651 786; baseline 0.007 -22"><span class='ocrx_word' id='word_1_76' title='bbox 2393 709 2612 768; x_wconf 78' lang='lat' dir='ltr'><strong>Primus</strong></span> <span class='ocrx_word' id='word_1_77' title='bbox 2641 715 2710 768; x_wconf 85' lang='lat' dir='ltr'><strong>ad</strong></span> <span class='ocrx_word' id='word_1_78' title='bbox 2733 717 2843 769; x_wconf 90' lang='lat' dir='ltr'><strong>ima</strong></span> <span class='ocrx_word' id='word_1_79' title='bbox 2873 716 2977 768; x_wconf 83' lang='lat' dir='ltr'><strong>ruit</strong></span> <span class='ocrx_word' id='word_1_80' title='bbox 3011 731 3202 786; x_wconf 81' lang='lat' dir='ltr'><strong>magna</strong></span> <span class='ocrx_word' id='word_1_81' title='bbox 3221 715 3284 768; x_wconf 81' lang='lat' dir='ltr'><strong>de</strong></span> <span class='ocrx_word' id='word_1_82' title='bbox 3307 714 3416 770; x_wconf 81' lang='lat' dir='ltr'><strong>luce</strong></span> <span class='ocrx_word' id='word_1_83' title='bbox 3436 719 3651 786; x_wconf 72' lang='lat' dir='ltr'><strong>superbus.</strong></span> 
     </span>
    </p>
   </div>
   <div class='ocr_carea' id='block_1_13' title="bbox 2461 801 3660 876">
    <p class='ocr_par' dir='ltr' id='par_1_13' title="bbox 2461 801 3660 876">
     <span class='ocr_line' id='line_1_13' title="bbox 2461 801 3660 876; baseline 0.004 -19"><span class='ocrx_word' id='word_1_84' title='bbox 2461 801 2549 858; x_wconf 85' lang='lat' dir='ltr'><strong>Sic</strong></span> <span class='ocrx_word' id='word_1_85' title='bbox 2579 805 2733 860; x_wconf 83' lang='lat' dir='ltr'><strong>homo</strong></span> <span class='ocrx_word' id='word_1_86' title='bbox 2763 821 2882 860; x_wconf 85' lang='lat' dir='ltr'><strong>cum</strong></span> <span class='ocrx_word' id='word_1_87' title='bbox 2911 807 3122 872; x_wconf 79' lang='lat' dir='ltr'><strong>tumuit,</strong></span> <span class='ocrx_word' id='word_1_88' title='bbox 3149 807 3352 876; x_wconf 82' lang='lat' dir='ltr'><strong>primus</strong></span> <span class='ocrx_word' id='word_1_89' title='bbox 3373 807 3436 860; x_wconf 81' lang='lat' dir='ltr'><strong>ad</strong></span> <span class='ocrx_word' id='word_1_90' title='bbox 3463 809 3550 862; x_wconf 84' lang='lat' dir='ltr'><strong>ima</strong></span> <span class='ocrx_word' id='word_1_91' title='bbox 3573 811 3660 862; x_wconf 83' lang='lat' dir='ltr'><strong>ruit.</strong></span> 
     </span>
    </p>
   </div>
   <div class='ocr_carea' id='block_1_14' title="bbox 2323 895 3760 970">
    <p class='ocr_par' dir='ltr' id='par_1_14' title="bbox 2323 895 3760 970">
     <span class='ocr_line' id='line_1_14' title="bbox 2323 895 3760 970; baseline 0.006 -20"><span class='ocrx_word' id='word_1_92' title='bbox 2323 895 2522 965; x_wconf 84' lang='lat' dir='ltr'><strong>Sicque</strong></span> <span class='ocrx_word' id='word_1_93' title='bbox 2553 897 2724 952; x_wconf 90' lang='lat' dir='ltr'><strong>donec</strong></span> <span class='ocrx_word' id='word_1_94' title='bbox 2752 899 2836 952; x_wconf 88' lang='lat' dir='ltr'><strong>vir</strong></span> <span class='ocrx_word' id='word_1_95' title='bbox 2865 897 2955 952; x_wconf 90' lang='lat' dir='ltr'><strong>Dei</strong></span> <span class='ocrx_word' id='word_1_96' title='bbox 2988 898 3278 966; x_wconf 84' lang='lat' dir='ltr'><strong>perductus</strong></span> <span class='ocrx_word' id='word_1_97' title='bbox 3317 898 3370 952; x_wconf 91' lang='lat' dir='ltr'><strong>in</strong></span> <span class='ocrx_word' id='word_1_98' title='bbox 3407 901 3646 955; x_wconf 79' lang='lat' dir='ltr'><strong>oratorium</strong></span> <span class='ocrx_word' id='word_1_99' title='bbox 3665 919 3760 970; x_wconf 71' lang='lat' dir='ltr'><strong>esset,</strong></span> 
     </span>
    </p>
   </div>
   <div class='ocr_carea' id='block_1_15' title="bbox 2321 987 3760 1060">
    <p class='ocr_par' dir='ltr' id='par_1_15' title="bbox 2321 987 3760 1060">
     <span class='ocr_line' id='line_1_15' title="bbox 2321 987 3760 1060; baseline 0.01 -22"><span class='ocrx_word' id='word_1_100' title='bbox 2321 987 2597 1056; x_wconf 83' lang='lat' dir='ltr'><strong>virgineus</strong></span> <span class='ocrx_word' id='word_1_101' title='bbox 2643 989 2846 1042; x_wconf 90' lang='lat' dir='ltr'><strong>chorus</strong></span> <span class='ocrx_word' id='word_1_102' title='bbox 2887 989 3092 1056; x_wconf 86' lang='lat' dir='ltr'><strong>primas</strong></span> <span class='ocrx_word' id='word_1_103' title='bbox 3133 997 3189 1044; x_wconf 91' lang='lat' dir='ltr'><strong>et</strong></span> <span class='ocrx_word' id='word_1_104' title='bbox 3233 989 3462 1060; x_wconf 75' lang='lat' dir='ltr'><strong>virgines</strong></span> <span class='ocrx_word' id='word_1_105' title='bbox 3505 992 3614 1046; x_wconf 78' lang='lat' dir='ltr'><strong>bime</strong></span> <span class='ocrx_word' id='word_1_106' title='bbox 3650 995 3760 1060; x_wconf 81' lang='lat' dir='ltr'><strong>binos,</strong></span> 
     </span>
    </p>
   </div>
   <div class='ocr_carea' id='block_1_16' title="bbox 633 1077 3760 1150">
    <p class='ocr_par' dir='ltr' id='par_1_16' title="bbox 633 1077 3760 1150">
     <span class='ocr_line' id='line_1_16' title="bbox 633 1077 3760 1150; baseline 0.002 -16"><span class='ocrx_word' id='word_1_107' title='bbox 633 1091 739 1148; x_wconf 89' lang='lat' dir='ltr'><strong>tur,</strong></span> <span class='ocrx_word' id='word_1_108' title='bbox 769 1091 824 1138; x_wconf 89' lang='lat' dir='ltr'><strong>et</strong></span> <span class='ocrx_word' id='word_1_109' title='bbox 844 1081 1017 1136; x_wconf 88' lang='lat' dir='ltr'><strong>beatis</strong></span> <span class='ocrx_word' id='word_1_110' title='bbox 1045 1079 1359 1149; x_wconf 79' lang='lat' dir='ltr'><strong>angelorum</strong></span> <span class='ocrx_word' id='word_1_111' title='bbox 1384 1081 1690 1150; x_wconf 79' lang='lat' dir='ltr'><strong>agminibus</strong></span> <span class='ocrx_word' id='word_1_112' title='bbox 1715 1080 2036 1145; x_wconf 85' lang='lat' dir='ltr'><strong>associatus,</strong></span> <span class='ocrx_word' id='word_1_113' title='bbox 2069 1081 2222 1136; x_wconf 85' lang='lat' dir='ltr'><strong>audit</strong></span> <span class='ocrx_word' id='word_1_114' title='bbox 2316 1077 2472 1148; x_wconf 81' lang='lat' dir='ltr'><strong>juxta</strong></span> <span class='ocrx_word' id='word_1_115' title='bbox 2505 1079 2647 1148; x_wconf 89' lang='lat' dir='ltr'><strong>quod</strong></span> <span class='ocrx_word' id='word_1_116' title='bbox 2678 1081 2850 1135; x_wconf 87' lang='lat' dir='ltr'><strong>series</strong></span> <span class='ocrx_word' id='word_1_117' title='bbox 2897 1080 3083 1150; x_wconf 82' lang='lat' dir='ltr'><strong>hymni</strong></span> <span class='ocrx_word' id='word_1_118' title='bbox 3129 1094 3250 1136; x_wconf 88' lang='lat' dir='ltr'><strong>sese</strong></span> <span class='ocrx_word' id='word_1_119' title='bbox 3281 1081 3464 1146; x_wconf 89' lang='lat' dir='ltr'><strong>habet,</strong></span> <span class='ocrx_word' id='word_1_120' title='bbox 3483 1097 3632 1138; x_wconf 88' lang='lat' dir='ltr'><strong>versus</strong></span> <span class='ocrx_word' id='word_1_121' title='bbox 3653 1091 3760 1142; x_wconf 82' lang='lat' dir='ltr'><strong>modu-</strong></span> 
     </span>
    </p>
   </div>
   <div class='ocr_carea' id='block_1_17' title="bbox 631 1170 2221 1231">
    <p class='ocr_par' dir='ltr' id='par_1_17' title="bbox 631 1170 2221 1231">
     <span class='ocr_line' id='line_1_17' title="bbox 631 1170 2221 1231; baseline 0.001 -5"><span class='ocrx_word' id='word_1_122' title='bbox 631 1187 727 1226; x_wconf 91' lang='lat' dir='ltr'><strong>cos</strong></span> <span class='ocrx_word' id='word_1_123' title='bbox 758 1185 986 1231; x_wconf 84' lang='lat' dir='ltr'><strong>summae</strong></span> <span class='ocrx_word' id='word_1_124' title='bbox 1029 1170 1282 1225; x_wconf 88' lang='lat' dir='ltr'><strong>Trinitati</strong></span> <span class='ocrx_word' id='word_1_125' title='bbox 1331 1171 1384 1226; x_wconf 90' lang='lat' dir='ltr'><strong>in</strong></span> <span class='ocrx_word' id='word_1_126' title='bbox 1435 1170 1648 1226; x_wconf 89' lang='lat' dir='ltr'><strong>laudem</strong></span> <span class='ocrx_word' id='word_1_127' title='bbox 1681 1170 1969 1226; x_wconf 80' lang='lat' dir='ltr'><strong>modulatis</strong></span> <span class='ocrx_word' id='word_1_128' title='bbox 1998 1172 2221 1228; x_wconf 76' lang='lat' dir='ltr'><strong>vocibus</strong></span> 
     </span>
    </p>
   </div>
   <div class='ocr_carea' id='block_1_18' title="bbox 631 1260 2216 1332">
    <p class='ocr_par' dir='ltr' id='par_1_18' title="bbox 631 1260 2216 1332">
     <span class='ocr_line' id='line_1_18' title="bbox 631 1260 2216 1332; baseline 0.002 -17"><span class='ocrx_word' id='word_1_129' title='bbox 631 1262 986 1318; x_wconf 87' lang='lat' dir='ltr'><strong>decantantes</strong></span> <span class='ocrx_word' id='word_1_130' title='bbox 1001 1270 1162 1331; x_wconf 87' lang='lat' dir='ltr'><strong>atque</strong></span> <span class='ocrx_word' id='word_1_131' title='bbox 1177 1262 1412 1318; x_wconf 86' lang='lat' dir='ltr'><strong>dicentes</strong></span> <span class='ocrx_word' id='word_1_132' title='bbox 1427 1260 1589 1332; x_wconf 80' lang='lat' dir='ltr'><strong>Kyrie</strong></span> <span class='ocrx_word' id='word_1_133' title='bbox 1608 1261 1820 1329; x_wconf 84' lang='lat' dir='ltr'><strong>eleison,</strong></span> <span class='ocrx_word' id='word_1_134' title='bbox 1831 1261 1992 1332; x_wconf 78' lang='lat' dir='ltr'><strong>Kyrie</strong></span> <span class='ocrx_word' id='word_1_135' title='bbox 2002 1263 2216 1331; x_wconf 84' lang='lat' dir='ltr'><strong>eleison,</strong></span> 
     </span>
    </p>
   </div>
   <div class='ocr_carea' id='block_1_19' title="bbox 633 1353 2217 1424">
    <p class='ocr_par' dir='ltr' id='par_1_19' title="bbox 633 1353 2217 1424">
     <span class='ocr_line' id='line_1_19' title="bbox 633 1353 2217 1424; baseline 0.001 -16"><span class='ocrx_word' id='word_1_136' title='bbox 633 1353 684 1408; x_wconf 83' lang='grc' dir='ltr'><em>Κ</em></span> <span class='ocrx_word' id='word_1_137' title='bbox 689 1356 800 1424; x_wconf 81' lang='lat' dir='ltr'><strong>yrie</strong></span> <span class='ocrx_word' id='word_1_138' title='bbox 827 1357 1039 1409; x_wconf 82' lang='lat' dir='ltr'><strong>eleisou.</strong></span> <span class='ocrx_word' id='word_1_139' title='bbox 1067 1355 1310 1422; x_wconf 84' lang='lat' dir='ltr'><strong>Quorum</strong></span> <span class='ocrx_word' id='word_1_140' title='bbox 1333 1354 1616 1410; x_wconf 85' lang='lat' dir='ltr'><strong>tnelodiam</strong></span> <span class='ocrx_word' id='word_1_141' title='bbox 1645 1354 1948 1416; x_wconf 80' lang='lat' dir='ltr'><strong>ccclestium</strong></span> <span class='ocrx_word' id='word_1_142' title='bbox 1973 1365 2217 1412; x_wconf 89' lang='lat' dir='ltr'><strong>contem-</strong></span> 
     </span>
    </p>
   </div>
   <div class='ocr_carea' id='block_1_20' title="bbox 633 1445 2216 1516">
    <p class='ocr_par' dir='ltr' id='par_1_20' title="bbox 633 1445 2216 1516">
     <span class='ocr_line' id='line_1_20' title="bbox 633 1445 2216 1516; baseline 0.003 -18"><span class='ocrx_word' id='word_1_143' title='bbox 633 1445 815 1516; x_wconf 78' lang='lat' dir='ltr'><strong>platur</strong></span> <span class='ocrx_word' id='word_1_144' title='bbox 850 1447 1094 1510; x_wconf 86' lang='lat' dir='ltr'><strong>edoctus,</strong></span> <span class='ocrx_word' id='word_1_145' title='bbox 1117 1447 1184 1500; x_wconf 87' lang='lat' dir='ltr'><strong>ad</strong></span> <span class='ocrx_word' id='word_1_146' title='bbox 1207 1463 1265 1504; x_wconf 83' lang='lat' dir='ltr'><strong>se</strong></span> <span class='ocrx_word' id='word_1_147' title='bbox 1295 1461 1548 1502; x_wconf 78' lang='lat' dir='ltr'><strong>reversus</strong></span> <span class='ocrx_word' id='word_1_148' title='bbox 1581 1455 1684 1502; x_wconf 90' lang='lat' dir='ltr'><strong>est.</strong></span> <span class='ocrx_word' id='word_1_149' title='bbox 1729 1447 1797 1504; x_wconf 88' lang='lat' dir='ltr'><strong>Et</strong></span> <span class='ocrx_word' id='word_1_150' title='bbox 1821 1462 2120 1503; x_wconf 90' lang='lat' dir='ltr'><strong>conversus</strong></span> <span class='ocrx_word' id='word_1_151' title='bbox 2151 1447 2216 1504; x_wconf 88' lang='lat' dir='ltr'><strong>ad</strong></span> 
     </span>
    </p>
   </div>
   <div class='ocr_carea' id='block_1_21' title="bbox 631 1535 2218 1606">
    <p class='ocr_par' dir='ltr' id='par_1_21' title="bbox 631 1535 2218 1606">
     <span class='ocr_line' id='line_1_21' title="bbox 631 1535 2218 1606; baseline 0.003 -18"><span class='ocrx_word' id='word_1_152' title='bbox 631 1550 762 1590; x_wconf 88' lang='lat' dir='ltr'><strong>suos</strong></span> <span class='ocrx_word' id='word_1_153' title='bbox 787 1535 1084 1606; x_wconf 80' lang='lat' dir='ltr'><strong>interrogat</strong></span> <span class='ocrx_word' id='word_1_154' title='bbox 1114 1536 1299 1591; x_wconf 80' lang='lat' dir='ltr'><strong>Reme</strong></span> <span class='ocrx_word' id='word_1_155' title='bbox 1339 1537 1568 1605; x_wconf 82' lang='lat' dir='ltr'><strong>venerit,</strong></span> <span class='ocrx_word' id='word_1_156' title='bbox 1601 1552 1668 1592; x_wconf 84' lang='lat' dir='ltr'><strong>an</strong></span> <span class='ocrx_word' id='word_1_157' title='bbox 1697 1552 1825 1592; x_wconf 88' lang='lat' dir='ltr'><strong>non.</strong></span> <span class='ocrx_word' id='word_1_158' title='bbox 1855 1539 1929 1592; x_wconf 86' lang='lat' dir='ltr'><strong>At</strong></span> <span class='ocrx_word' id='word_1_159' title='bbox 1973 1537 2066 1592; x_wconf 90' lang='lat' dir='ltr'><strong>ubi</strong></span> <span class='ocrx_word' id='word_1_160' title='bbox 2093 1553 2218 1592; x_wconf 88' lang='lat' dir='ltr'><strong>eum</strong></span> 
     </span>
    </p>
   </div>
   <div class='ocr_carea' id='block_1_22' title="bbox 633 1627 2216 1700">
    <p class='ocr_par' dir='ltr' id='par_1_22' title="bbox 633 1627 2216 1700">
     <span class='ocr_line' id='line_1_22' title="bbox 633 1627 2216 1700; baseline 0.001 -20"><span class='ocrx_word' id='word_1_161' title='bbox 633 1627 869 1682; x_wconf 87' lang='lat' dir='ltr'><strong>nondum</strong></span> <span class='ocrx_word' id='word_1_162' title='bbox 909 1627 1120 1682; x_wconf 86' lang='lat' dir='ltr'><strong>venisse</strong></span> <span class='ocrx_word' id='word_1_163' title='bbox 1159 1628 1400 1698; x_wconf 88' lang='lat' dir='ltr'><strong>accepit,</strong></span> <span class='ocrx_word' id='word_1_164' title='bbox 1445 1628 1512 1682; x_wconf 88' lang='lat' dir='ltr'><strong>ad</strong></span> <span class='ocrx_word' id='word_1_165' title='bbox 1545 1644 1673 1684; x_wconf 92' lang='lat' dir='ltr'><strong>suas</strong></span> <span class='ocrx_word' id='word_1_166' title='bbox 1710 1643 1898 1700; x_wconf 84' lang='lat' dir='ltr'><strong>preces</strong></span> <span class='ocrx_word' id='word_1_167' title='bbox 1929 1644 2051 1684; x_wconf 89' lang='lat' dir='ltr'><strong>sese</strong></span> <span class='ocrx_word' id='word_1_168' title='bbox 2091 1643 2216 1683; x_wconf 86' lang='lat' dir='ltr'><strong>con-</strong></span> 
     </span>
    </p>
   </div>
   <div class='ocr_carea' id='block_1_23' title="bbox 631 1718 2214 1792">
    <p class='ocr_par' dir='ltr' id='par_1_23' title="bbox 631 1718 2214 1792">
     <span class='ocr_line' id='line_1_23' title="bbox 631 1718 2214 1792; baseline 0 -20"><span class='ocrx_word' id='word_1_169' title='bbox 631 1718 814 1774; x_wconf 83' lang='lat' dir='ltr'><strong>vertit.</strong></span> <span class='ocrx_word' id='word_1_170' title='bbox 845 1718 1122 1790; x_wconf 87' lang='lat' dir='ltr'><strong>Faetoque</strong></span> <span class='ocrx_word' id='word_1_171' title='bbox 1151 1736 1256 1776; x_wconf 93' lang='lat' dir='ltr'><strong>non</strong></span> <span class='ocrx_word' id='word_1_172' title='bbox 1281 1720 1468 1792; x_wconf 81' lang='lat' dir='ltr'><strong>grandi</strong></span> <span class='ocrx_word' id='word_1_173' title='bbox 1503 1719 1810 1784; x_wconf 88' lang='lat' dir='ltr'><strong>intervallo,</strong></span> <span class='ocrx_word' id='word_1_174' title='bbox 1839 1720 2036 1776; x_wconf 89' lang='lat' dir='ltr'><strong>iterum</strong></span> <span class='ocrx_word' id='word_1_175' title='bbox 2061 1729 2214 1776; x_wconf 84' lang='lat' dir='ltr'><strong>extra</strong></span> 
     </span>
    </p>
   </div>
   <div class='ocr_carea' id='block_1_24' title="bbox 2323 1169 3760 1240">
    <p class='ocr_par' dir='ltr' id='par_1_24' title="bbox 2323 1169 3760 1240">
     <span class='ocr_line' id='line_1_24' title="bbox 2323 1169 3760 1240; baseline 0.007 -18"><span class='ocrx_word' id='word_1_176' title='bbox 2323 1169 2446 1224; x_wconf 75' lang='lat' dir='ltr'><strong>lata:</strong></span> <span class='ocrx_word' id='word_1_177' title='bbox 2475 1181 2622 1224; x_wconf 89' lang='lat' dir='ltr'><strong>sunt.</strong></span> <span class='ocrx_word' id='word_1_178' title='bbox 2653 1169 2884 1240; x_wconf 85' lang='lat' dir='ltr'><strong>Propter</strong></span> <span class='ocrx_word' id='word_1_179' title='bbox 2911 1173 3024 1226; x_wconf 68' lang='lat' dir='ltr'><strong>haec</strong></span> <span class='ocrx_word' id='word_1_180' title='bbox 3054 1181 3108 1224; x_wconf 88' lang='lat' dir='ltr'><strong>et</strong></span> <span class='ocrx_word' id='word_1_181' title='bbox 3153 1173 3345 1228; x_wconf 87' lang='lat' dir='ltr'><strong>horum</strong></span> <span class='ocrx_word' id='word_1_182' title='bbox 3389 1173 3556 1228; x_wconf 85' lang='lat' dir='ltr'><strong>similia</strong></span> <span class='ocrx_word' id='word_1_183' title='bbox 3577 1175 3760 1232; x_wconf 70' lang='lat' dir='ltr'><strong>iacuiss-</strong></span> 
     </span>
    </p>
   </div>
   <div class='ocr_carea' id='block_1_25' title="bbox 2321 1261 3758 1336">
    <p class='ocr_par' dir='ltr' id='par_1_25' title="bbox 2321 1261 3758 1336">
     <span class='ocr_line' id='line_1_25' title="bbox 2321 1261 3758 1336; baseline 0.007 -22"><span class='ocrx_word' id='word_1_184' title='bbox 2321 1262 2442 1330; x_wconf 83' lang='lat' dir='ltr'><strong>guis</strong></span> <span class='ocrx_word' id='word_1_185' title='bbox 2478 1261 2638 1317; x_wconf 88' lang='lat' dir='ltr'><strong>Pater</strong></span> <span class='ocrx_word' id='word_1_186' title='bbox 2667 1261 2980 1319; x_wconf 90' lang='lat' dir='ltr'><strong>Dunstanus</strong></span> <span class='ocrx_word' id='word_1_187' title='bbox 3003 1265 3190 1333; x_wconf 82' lang='lat' dir='ltr'><strong>quanti</strong></span> <span class='ocrx_word' id='word_1_188' title='bbox 3227 1265 3443 1320; x_wconf 88' lang='lat' dir='ltr'><strong>honoris</strong></span> <span class='ocrx_word' id='word_1_189' title='bbox 3460 1307 3472 1330; x_wconf 90' lang='lat'><strong>,</strong></span> <span class='ocrx_word' id='word_1_190' title='bbox 3497 1277 3660 1336; x_wconf 76' lang='lat' dir='ltr'><strong>quanta</strong></span> <span class='ocrx_word' id='word_1_191' title='bbox 3677 1285 3758 1324; x_wconf 75' lang='lat' dir='ltr'><strong>reu-</strong></span> 
     </span>
    </p>
   </div>
   <div class='ocr_carea' id='block_1_26' title="bbox 2323 1353 3758 1426">
    <p class='ocr_par' dir='ltr' id='par_1_26' title="bbox 2323 1353 3758 1426">
     <span class='ocr_line' id='line_1_26' title="bbox 2323 1353 3758 1426; baseline 0.006 -21"><span class='ocrx_word' id='word_1_192' title='bbox 2323 1353 2532 1416; x_wconf 66' lang='lat' dir='ltr'><strong>rcutiaa,</strong></span> <span class='ocrx_word' id='word_1_193' title='bbox 2562 1363 2846 1422; x_wconf 62' lang='lat' dir='ltr'><strong>quantave</strong></span> <span class='ocrx_word' id='word_1_194' title='bbox 2889 1356 3308 1426; x_wconf 70' lang='lat' dir='ltr'><strong>magniﬁcentia:</strong></span> <span class='ocrx_word' id='word_1_195' title='bbox 3351 1357 3480 1426; x_wconf 86' lang='lat' dir='ltr'><strong>apud</strong></span> <span class='ocrx_word' id='word_1_196' title='bbox 3505 1373 3648 1412; x_wconf 86' lang='lat' dir='ltr'><strong>omnes</strong></span> <span class='ocrx_word' id='word_1_197' title='bbox 3665 1360 3758 1413; x_wconf 68' lang='lat' dir='ltr'><strong>lunas</strong></span> 
     </span>
    </p>
   </div>
   <div class='ocr_carea' id='block_1_27' title="bbox 2319 1445 3756 1518">
    <p class='ocr_par' dir='ltr' id='par_1_27' title="bbox 2319 1445 3756 1518">
     <span class='ocr_line' id='line_1_27' title="bbox 2319 1445 3756 1518; baseline 0.005 -22"><span class='ocrx_word' id='word_1_198' title='bbox 2319 1445 2610 1508; x_wconf 74' lang='lat' dir='ltr'><strong>exstiterit,</strong></span> <span class='ocrx_word' id='word_1_199' title='bbox 2643 1447 2874 1511; x_wconf 75' lang='lat' dir='ltr'><strong>mstimo,</strong></span> <span class='ocrx_word' id='word_1_200' title='bbox 2907 1446 3050 1516; x_wconf 86' lang='lat' dir='ltr'><strong>quod</strong></span> <span class='ocrx_word' id='word_1_201' title='bbox 3085 1447 3178 1517; x_wconf 90' lang='lat' dir='ltr'><strong>qui</strong></span> <span class='ocrx_word' id='word_1_202' title='bbox 3201 1447 3330 1502; x_wconf 88' lang='lat' dir='ltr'><strong>talia</strong></span> <span class='ocrx_word' id='word_1_203' title='bbox 3360 1446 3448 1503; x_wconf 85' lang='lat' dir='ltr'><strong>Dei</strong></span> <span class='ocrx_word' id='word_1_204' title='bbox 3473 1448 3588 1502; x_wconf 83' lang='lat' dir='ltr'><strong>dona</strong></span> <span class='ocrx_word' id='word_1_205' title='bbox 3609 1453 3756 1518; x_wconf 74' lang='lat' dir='ltr'><strong>amplecti</strong></span> 
     </span>
    </p>
   </div>
   <div class='ocr_carea' id='block_1_28' title="bbox 2321 1535 3758 1604">
    <p class='ocr_par' dir='ltr' id='par_1_28' title="bbox 2321 1535 3758 1604">
     <span class='ocr_line' id='line_1_28' title="bbox 2321 1535 3758 1604; baseline 0.005 -19"><span class='ocrx_word' id='word_1_206' title='bbox 2321 1535 2494 1598; x_wconf 86' lang='lat' dir='ltr'><strong>novit,</strong></span> <span class='ocrx_word' id='word_1_207' title='bbox 2527 1549 2592 1586; x_wconf 83' lang='lat' dir='ltr'><strong>ex</strong></span> <span class='ocrx_word' id='word_1_208' title='bbox 2625 1550 2816 1604; x_wconf 83' lang='lat' dir='ltr'><strong>magna</strong></span> <span class='ocrx_word' id='word_1_209' title='bbox 2869 1545 3024 1603; x_wconf 87' lang='lat' dir='ltr'><strong>parte</strong></span> <span class='ocrx_word' id='word_1_210' title='bbox 3065 1544 3122 1590; x_wconf 93' lang='lat' dir='ltr'><strong>et</strong></span> <span class='ocrx_word' id='word_1_211' title='bbox 3147 1549 3237 1590; x_wconf 87' lang='lat' dir='ltr'><strong>me</strong></span> <span class='ocrx_word' id='word_1_212' title='bbox 3265 1535 3452 1590; x_wconf 88' lang='lat' dir='ltr'><strong>silente</strong></span> <span class='ocrx_word' id='word_1_213' title='bbox 3473 1537 3644 1590; x_wconf 84' lang='lat' dir='ltr'><strong>videbit.</strong></span> <span class='ocrx_word' id='word_1_214' title='bbox 3665 1539 3758 1592; x_wconf 80' lang='lat' dir='ltr'><strong>Aliis</strong></span> 
     </span>
    </p>
   </div>
   <div class='ocr_carea' id='block_1_29' title="bbox 2323 1623 3759 1697">
    <p class='ocr_par' dir='ltr' id='par_1_29' title="bbox 2323 1623 3759 1697">
     <span class='ocr_line' id='line_1_29' title="bbox 2323 1623 3759 1697; baseline 0.007 -25"><span class='ocrx_word' id='word_1_215' title='bbox 2323 1623 2413 1692; x_wconf 89' lang='lat' dir='ltr'><strong>qui</strong></span> <span class='ocrx_word' id='word_1_216' title='bbox 2450 1625 2628 1690; x_wconf 83' lang='lat' dir='ltr'><strong>potius</strong></span> <span class='ocrx_word' id='word_1_217' title='bbox 2661 1625 2713 1678; x_wconf 92' lang='lat' dir='ltr'><strong>in</strong></span> <span class='ocrx_word' id='word_1_218' title='bbox 2742 1624 2948 1678; x_wconf 86' lang='lat' dir='ltr'><strong>malitia</strong></span> <span class='ocrx_word' id='word_1_219' title='bbox 2979 1639 3144 1694; x_wconf 89' lang='lat' dir='ltr'><strong>quam</strong></span> <span class='ocrx_word' id='word_1_220' title='bbox 3171 1624 3228 1678; x_wconf 89' lang='lat' dir='ltr'><strong>in</strong></span> <span class='ocrx_word' id='word_1_221' title='bbox 3259 1625 3486 1680; x_wconf 78' lang='lat' dir='ltr'><strong>bonitate</strong></span> <span class='ocrx_word' id='word_1_222' title='bbox 3520 1625 3646 1680; x_wconf 81' lang='lat' dir='ltr'><strong>vitam</strong></span> <span class='ocrx_word' id='word_1_223' title='bbox 3671 1643 3759 1697; x_wconf 70' lang='lat' dir='ltr'><strong>agere</strong></span> 
     </span>
    </p>
   </div>
   <div class='ocr_carea' id='block_1_30' title="bbox 2321 1715 3760 1786">
    <p class='ocr_par' dir='ltr' id='par_1_30' title="bbox 2321 1715 3760 1786">
     <span class='ocr_line' id='line_1_30' title="bbox 2321 1715 3760 1786; baseline 0.006 -20"><span class='ocrx_word' id='word_1_224' title='bbox 2321 1715 2665 1784; x_wconf 76' lang='lat' dir='ltr'><strong>satagebant,</strong></span> <span class='ocrx_word' id='word_1_225' title='bbox 2712 1717 2994 1772; x_wconf 90' lang='lat' dir='ltr'><strong>horrorem</strong></span> <span class='ocrx_word' id='word_1_226' title='bbox 3046 1725 3208 1786; x_wconf 89' lang='lat' dir='ltr'><strong>atque</strong></span> <span class='ocrx_word' id='word_1_227' title='bbox 3263 1725 3508 1772; x_wconf 91' lang='lat' dir='ltr'><strong>terrorem</strong></span> <span class='ocrx_word' id='word_1_228' title='bbox 3545 1717 3674 1772; x_wconf 85' lang='lat' dir='ltr'><strong>vultus</strong></span> <span class='ocrx_word' id='word_1_229' title='bbox 3699 1721 3760 1786; x_wconf 73' lang='lat' dir='ltr'><strong>tiu</strong></span> 
     </span>
    </p>
   </div>
   <div class='ocr_carea' id='block_1_31' title="bbox 631 1803 3760 1877">
    <p class='ocr_par' dir='ltr' id='par_1_31' title="bbox 631 1803 3760 1877">
     <span class='ocr_line' id='line_1_31' title="bbox 631 1803 3760 1877; baseline -0.001 -11"><span class='ocrx_word' id='word_1_230' title='bbox 631 1825 692 1866; x_wconf 89' lang='lat' dir='ltr'><strong>se</strong></span> <span class='ocrx_word' id='word_1_231' title='bbox 725 1810 918 1868; x_wconf 90' lang='lat' dir='ltr'><strong>ductus</strong></span> <span class='ocrx_word' id='word_1_232' title='bbox 959 1811 1162 1867; x_wconf 85' lang='lat' dir='ltr'><strong>audivit</strong></span> <span class='ocrx_word' id='word_1_233' title='bbox 1197 1814 1254 1872; x_wconf 24' lang='lat' dir='ltr'><strong>in,</strong></span> <span class='ocrx_word' id='word_1_234' title='bbox 1298 1812 1447 1868; x_wconf 86' lang='lat' dir='ltr'><strong>coctis</strong></span> <span class='ocrx_word' id='word_1_235' title='bbox 1481 1811 1710 1868; x_wconf 91' lang='lat' dir='ltr'><strong>altisona</strong></span> <span class='ocrx_word' id='word_1_236' title='bbox 1761 1827 1892 1868; x_wconf 83' lang='lat' dir='ltr'><strong>voce</strong></span> <span class='ocrx_word' id='word_1_237' title='bbox 1921 1811 2024 1868; x_wconf 90' lang='lat' dir='ltr'><strong>dici</strong></span> <span class='ocrx_word' id='word_1_238' title='bbox 2057 1829 2073 1866; x_wconf 87' lang='lat'><strong>:</strong></span> <span class='ocrx_word' id='word_1_239' title='bbox 2117 1811 2217 1876; x_wconf 84' lang='lat' dir='ltr'><strong>Ite,</strong></span> <span class='ocrx_word' id='word_1_240' title='bbox 2255 1803 2297 1860; x_wconf 82' lang='grc' dir='ltr'><strong><em>Β</em></strong></span> <span class='ocrx_word' id='word_1_241' title='bbox 2327 1805 2643 1870; x_wconf 87' lang='lat' dir='ltr'><strong>incutiebat,</strong></span> <span class='ocrx_word' id='word_1_242' title='bbox 2674 1814 2729 1860; x_wconf 91' lang='lat' dir='ltr'><strong>ut</strong></span> <span class='ocrx_word' id='word_1_243' title='bbox 2760 1805 2828 1862; x_wconf 90' lang='lat' dir='ltr'><strong>ab</strong></span> <span class='ocrx_word' id='word_1_244' title='bbox 2856 1821 2922 1862; x_wconf 91' lang='lat' dir='ltr'><strong>eo</strong></span> <span class='ocrx_word' id='word_1_245' title='bbox 2959 1806 3150 1876; x_wconf 82' lang='lat' dir='ltr'><strong>fugere</strong></span> <span class='ocrx_word' id='word_1_246' title='bbox 3190 1823 3353 1877; x_wconf 87' lang='lat' dir='ltr'><strong>quam</strong></span> <span class='ocrx_word' id='word_1_247' title='bbox 3397 1807 3459 1863; x_wconf 86' lang='lat' dir='ltr'><strong>ad</strong></span> <span class='ocrx_word' id='word_1_248' title='bbox 3481 1822 3582 1864; x_wconf 88' lang='lat' dir='ltr'><strong>eum</strong></span> <span class='ocrx_word' id='word_1_249' title='bbox 3605 1809 3760 1865; x_wconf 77' lang='lat' dir='ltr'><strong>accedere</strong></span> 
     </span>
    </p>
   </div>
   <div class='ocr_carea' id='block_1_32' title="bbox 631 1903 2218 1976">
    <p class='ocr_par' dir='ltr' id='par_1_32' title="bbox 631 1903 2218 1976">
     <span class='ocr_line' id='line_1_32' title="bbox 631 1903 2218 1976; baseline 0.001 -19"><span class='ocrx_word' id='word_1_250' title='bbox 631 1905 792 1958; x_wconf 77' lang='lat' dir='ltr'><strong>missa</strong></span> <span class='ocrx_word' id='word_1_251' title='bbox 820 1911 916 1959; x_wconf 79' lang='lat' dir='ltr'><strong>est.</strong></span> <span class='ocrx_word' id='word_1_252' title='bbox 947 1903 1032 1961; x_wconf 80' lang='lat' dir='ltr'><strong>Ad</strong></span> <span class='ocrx_word' id='word_1_253' title='bbox 1081 1905 1222 1974; x_wconf 89' lang='lat' dir='ltr'><strong>quod</strong></span> <span class='ocrx_word' id='word_1_254' title='bbox 1247 1921 1369 1961; x_wconf 91' lang='lat' dir='ltr'><strong>eum</strong></span> <span class='ocrx_word' id='word_1_255' title='bbox 1397 1905 1506 1959; x_wconf 82' lang='lat' dir='ltr'><strong>Dea</strong></span> <span class='ocrx_word' id='word_1_256' title='bbox 1537 1905 1736 1976; x_wconf 80' lang='lat' dir='ltr'><strong>gratias</strong></span> <span class='ocrx_word' id='word_1_257' title='bbox 1777 1903 2218 1974; x_wconf 88' lang='lat' dir='ltr'><strong>responderetur,</strong></span> 
     </span>
    </p>
   </div>
   <div class='ocr_carea' id='block_1_33' title="bbox 631 1995 2220 2068">
    <p class='ocr_par' dir='ltr' id='par_1_33' title="bbox 631 1995 2220 2068">
     <span class='ocr_line' id='line_1_33' title="bbox 631 1995 2220 2068; baseline -0.001 -18"><span class='ocrx_word' id='word_1_258' title='bbox 631 2005 985 2052; x_wconf 75' lang='lat' dir='ltr'><strong>occurrentes</strong></span> <span class='ocrx_word' id='word_1_259' title='bbox 1014 1995 1196 2052; x_wconf 88' lang='lat' dir='ltr'><strong>clerici</strong></span> <span class='ocrx_word' id='word_1_260' title='bbox 1223 1998 1362 2068; x_wconf 88' lang='lat' dir='ltr'><strong>regis</strong></span> <span class='ocrx_word' id='word_1_261' title='bbox 1393 2013 1574 2068; x_wconf 81' lang='lat' dir='ltr'><strong>regem</strong></span> <span class='ocrx_word' id='word_1_262' title='bbox 1605 1997 1796 2052; x_wconf 84' lang='lat' dir='ltr'><strong>adesse</strong></span> <span class='ocrx_word' id='word_1_263' title='bbox 1825 1996 2220 2062; x_wconf 82' lang='lat' dir='ltr'><strong>vociferantur,</strong></span> 
     </span>
    </p>
   </div>
   <div class='ocr_carea' id='block_1_34' title="bbox 631 2086 2221 2150">
    <p class='ocr_par' dir='ltr' id='par_1_34' title="bbox 631 2086 2221 2150">
     <span class='ocr_line' id='line_1_34' title="bbox 631 2086 2221 2150; baseline 0.002 -8"><span class='ocrx_word' id='word_1_264' title='bbox 631 2086 972 2150; x_wconf 83' lang='lat' dir='ltr'><strong>sacerdotem</strong></span> <span class='ocrx_word' id='word_1_265' title='bbox 989 2087 1400 2145; x_wconf 86' lang='lat' dir='ltr'><strong>utl&#39;estinantius</strong></span> <span class='ocrx_word' id='word_1_266' title='bbox 1423 2089 1640 2146; x_wconf 83' lang='lat' dir='ltr'><strong>Missam</strong></span> <span class='ocrx_word' id='word_1_267' title='bbox 1655 2089 1894 2146; x_wconf 89' lang='lat' dir='ltr'><strong>celebret</strong></span> <span class='ocrx_word' id='word_1_268' title='bbox 1906 2090 2221 2146; x_wconf 74' lang='lat' dir='ltr'><strong>obsecrant.</strong></span> 
     </span>
    </p>
   </div>
   <div class='ocr_carea' id='block_1_35' title="bbox 631 2177 2221 2250">
    <p class='ocr_par' dir='ltr' id='par_1_35' title="bbox 631 2177 2221 2250">
     <span class='ocr_line' id='line_1_35' title="bbox 631 2177 2221 2250; baseline 0.004 -20"><span class='ocrx_word' id='word_1_269' title='bbox 631 2177 814 2236; x_wconf 78' lang='lat' dir='ltr'><strong>Atille</strong></span> <span class='ocrx_word' id='word_1_270' title='bbox 843 2193 1030 2234; x_wconf 89' lang='lat' dir='ltr'><strong>versus</strong></span> <span class='ocrx_word' id='word_1_271' title='bbox 1053 2178 1118 2233; x_wconf 91' lang='lat' dir='ltr'><strong>ab</strong></span> <span class='ocrx_word' id='word_1_272' title='bbox 1143 2179 1324 2244; x_wconf 85' lang='lat' dir='ltr'><strong>altari,</strong></span> <span class='ocrx_word' id='word_1_273' title='bbox 1346 2179 1564 2240; x_wconf 80' lang='lat' dir='ltr'><strong>Missam</strong></span> <span class='ocrx_word' id='word_1_274' title='bbox 1589 2194 1646 2234; x_wconf 94' lang='lat' dir='ltr'><strong>se</strong></span> <span class='ocrx_word' id='word_1_275' title='bbox 1675 2179 1876 2236; x_wconf 88' lang='lat' dir='ltr'><strong>habere</strong></span> <span class='ocrx_word' id='word_1_276' title='bbox 1909 2183 2221 2250; x_wconf 85' lang='lat' dir='ltr'><strong>pronuntiat</strong></span> 
     </span>
    </p>
   </div>
   <div class='ocr_carea' id='block_1_36' title="bbox 635 2268 2220 2341">
    <p class='ocr_par' dir='ltr' id='par_1_36' title="bbox 635 2268 2220 2341">
     <span class='ocr_line' id='line_1_36' title="bbox 635 2268 2220 2341; baseline 0.003 -19"><span class='ocrx_word' id='word_1_277' title='bbox 635 2277 692 2322; x_wconf 90' lang='lat' dir='ltr'><strong>et</strong></span> <span class='ocrx_word' id='word_1_278' title='bbox 719 2268 882 2322; x_wconf 88' lang='lat' dir='ltr'><strong>aliam</strong></span> <span class='ocrx_word' id='word_1_279' title='bbox 913 2283 973 2324; x_wconf 89' lang='lat' dir='ltr'><strong>se</strong></span> <span class='ocrx_word' id='word_1_280' title='bbox 999 2283 1061 2323; x_wconf 90' lang='lat' dir='ltr'><strong>ea</strong></span> <span class='ocrx_word' id='word_1_281' title='bbox 1097 2269 1184 2324; x_wconf 89' lang='lat' dir='ltr'><strong>die</strong></span> <span class='ocrx_word' id='word_1_282' title='bbox 1210 2269 1612 2326; x_wconf 87' lang='lat' dir='ltr'><strong>eelebraturum</strong></span> <span class='ocrx_word' id='word_1_283' title='bbox 1638 2271 1892 2340; x_wconf 81' lang='lat' dir='ltr'><strong>abnegat.</strong></span> <span class='ocrx_word' id='word_1_284' title='bbox 1924 2271 2220 2341; x_wconf 88' lang='lat' dir='ltr'><strong>Depositis-</strong></span> 
     </span>
    </p>
   </div>
   <div class='ocr_carea' id='block_1_37' title="bbox 633 2357 2220 2432">
    <p class='ocr_par' dir='ltr' id='par_1_37' title="bbox 633 2357 2220 2432">
     <span class='ocr_line' id='line_1_37' title="bbox 633 2357 2220 2432; baseline 0.004 -23"><span class='ocrx_word' id='word_1_285' title='bbox 633 2373 739 2426; x_wconf 89' lang='lat' dir='ltr'><strong>qne</strong></span> <span class='ocrx_word' id='word_1_286' title='bbox 783 2357 1026 2412; x_wconf 84' lang='lat' dir='ltr'><strong>vestibus</strong></span> <span class='ocrx_word' id='word_1_287' title='bbox 1087 2359 1277 2422; x_wconf 88' lang='lat' dir='ltr'><strong>sacris,</strong></span> <span class='ocrx_word' id='word_1_288' title='bbox 1304 2373 1334 2412; x_wconf 90' lang='lat' dir='ltr'><strong>a</strong></span> <span class='ocrx_word' id='word_1_289' title='bbox 1377 2359 1490 2414; x_wconf 84' lang='lat' dir='ltr'><strong>suis</strong></span> <span class='ocrx_word' id='word_1_290' title='bbox 1531 2359 1598 2414; x_wconf 89' lang='lat' dir='ltr'><strong>de</strong></span> <span class='ocrx_word' id='word_1_291' title='bbox 1626 2374 1684 2414; x_wconf 93' lang='lat' dir='ltr'><strong>re</strong></span> <span class='ocrx_word' id='word_1_292' title='bbox 1727 2359 2046 2429; x_wconf 81' lang='lat' dir='ltr'><strong>inquiritur;</strong></span> <span class='ocrx_word' id='word_1_293' title='bbox 2075 2362 2220 2432; x_wconf 90' lang='lat' dir='ltr'><strong>quod</strong></span> 
     </span>
    </p>
   </div>
   <div class='ocr_carea' id='block_1_38' title="bbox 637 2444 2220 2520">
    <p class='ocr_par' dir='ltr' id='par_1_38' title="bbox 637 2444 2220 2520">
     <span class='ocr_line' id='line_1_38' title="bbox 637 2444 2220 2520; baseline 0.006 -22"><span class='ocrx_word' id='word_1_294' title='bbox 637 2444 840 2500; x_wconf 86' lang='lat' dir='ltr'><strong>latebat</strong></span> <span class='ocrx_word' id='word_1_295' title='bbox 887 2447 1143 2516; x_wconf 87' lang='lat' dir='ltr'><strong>aperitur.</strong></span> <span class='ocrx_word' id='word_1_296' title='bbox 1193 2448 1274 2503; x_wconf 82' lang='lat' dir='ltr'><strong>Ex</strong></span> <span class='ocrx_word' id='word_1_297' title='bbox 1321 2450 1424 2504; x_wconf 92' lang='lat' dir='ltr'><strong>hoc</strong></span> <span class='ocrx_word' id='word_1_298' title='bbox 1473 2450 1656 2518; x_wconf 85' lang='lat' dir='ltr'><strong>itaque</strong></span> <span class='ocrx_word' id='word_1_299' title='bbox 1703 2459 1921 2520; x_wconf 88' lang='lat' dir='ltr'><strong>sumpto</strong></span> <span class='ocrx_word' id='word_1_300' title='bbox 1969 2467 2220 2507; x_wconf 87' lang='lat' dir='ltr'><strong>sermone</strong></span> 
     </span>
    </p>
   </div>
   <div class='ocr_carea' id='block_1_39' title="bbox 639 2537 2220 2614">
    <p class='ocr_par' dir='ltr' id='par_1_39' title="bbox 639 2537 2220 2614">
     <span class='ocr_line' id='line_1_39' title="bbox 639 2537 2220 2614; baseline 0.006 -26"><span class='ocrx_word' id='word_1_301' title='bbox 639 2537 908 2614; x_wconf 83' lang='lat' dir='ltr'><strong>regemin</strong></span> <span class='ocrx_word' id='word_1_302' title='bbox 943 2539 1133 2595; x_wconf 88' lang='lat' dir='ltr'><strong>diebus</strong></span> <span class='ocrx_word' id='word_1_303' title='bbox 1171 2539 1466 2594; x_wconf 87' lang='lat' dir='ltr'><strong>Dominicis</strong></span> <span class='ocrx_word' id='word_1_304' title='bbox 1513 2540 1768 2610; x_wconf 88' lang='lat' dir='ltr'><strong>deinceps</strong></span> <span class='ocrx_word' id='word_1_305' title='bbox 1806 2556 1835 2594; x_wconf 88' lang='lat' dir='ltr'><strong>a</strong></span> <span class='ocrx_word' id='word_1_306' title='bbox 1867 2551 2066 2596; x_wconf 82' lang='lat' dir='ltr'><strong>venatu</strong></span> <span class='ocrx_word' id='word_1_307' title='bbox 2097 2558 2220 2613; x_wconf 87' lang='lat' dir='ltr'><strong>pro-</strong></span> 
     </span>
    </p>
   </div>
   <div class='ocr_carea' id='block_1_40' title="bbox 638 2625 2223 2701">
    <p class='ocr_par' dir='ltr' id='par_1_40' title="bbox 638 2625 2223 2701">
     <span class='ocr_line' id='line_1_40' title="bbox 638 2625 2223 2701; baseline 0.006 -22"><span class='ocrx_word' id='word_1_308' title='bbox 638 2625 832 2682; x_wconf 89' lang='lat' dir='ltr'><strong>hibttit.</strong></span> <span class='ocrx_word' id='word_1_309' title='bbox 877 2627 1071 2699; x_wconf 79' lang='lat' dir='ltr'><strong>Kyrie,</strong></span> <span class='ocrx_word' id='word_1_310' title='bbox 1103 2629 1324 2694; x_wconf 75' lang='lat' dir='ltr'><strong>eleisan,</strong></span> <span class='ocrx_word' id='word_1_311' title='bbox 1356 2645 1485 2690; x_wconf 90' lang='lat' dir='ltr'><strong>vero</strong></span> <span class='ocrx_word' id='word_1_312' title='bbox 1529 2631 1673 2701; x_wconf 89' lang='lat' dir='ltr'><strong>quod</strong></span> <span class='ocrx_word' id='word_1_313' title='bbox 1704 2631 1756 2686; x_wconf 91' lang='lat' dir='ltr'><strong>in</strong></span> <span class='ocrx_word' id='word_1_314' title='bbox 1799 2632 2110 2688; x_wconf 67' lang='lat' dir='ltr'><strong>caelestibus</strong></span> <span class='ocrx_word' id='word_1_315' title='bbox 2145 2634 2223 2688; x_wconf 85' lang='lat' dir='ltr'><strong>di-</strong></span> 
     </span>
    </p>
   </div>
   <div class='ocr_carea' id='block_1_41' title="bbox 637 2717 2222 2794">
    <p class='ocr_par' dir='ltr' id='par_1_41' title="bbox 637 2717 2222 2794">
     <span class='ocr_line' id='line_1_41' title="bbox 637 2717 2222 2794; baseline 0.009 -22"><span class='ocrx_word' id='word_1_316' title='bbox 637 2720 788 2784; x_wconf 87' lang='lat' dir='ltr'><strong>dicit.</strong></span> <span class='ocrx_word' id='word_1_317' title='bbox 819 2738 946 2778; x_wconf 87' lang='lat' dir='ltr'><strong>suos</strong></span> <span class='ocrx_word' id='word_1_318' title='bbox 969 2723 1169 2792; x_wconf 90' lang='lat' dir='ltr'><strong>docuit,</strong></span> <span class='ocrx_word' id='word_1_319' title='bbox 1196 2724 1357 2794; x_wconf 88' lang='lat' dir='ltr'><strong>idque</strong></span> <span class='ocrx_word' id='word_1_320' title='bbox 1383 2717 1566 2779; x_wconf 87' lang='lat' dir='ltr'><strong>multis</strong></span> <span class='ocrx_word' id='word_1_321' title='bbox 1597 2725 1650 2779; x_wconf 92' lang='lat' dir='ltr'><strong>in</strong></span> <span class='ocrx_word' id='word_1_322' title='bbox 1683 2725 1817 2782; x_wconf 92' lang='lat' dir='ltr'><strong>locis</strong></span> <span class='ocrx_word' id='word_1_323' title='bbox 1852 2727 2012 2783; x_wconf 87' lang='lat' dir='ltr'><strong>hodie</strong></span> <span class='ocrx_word' id='word_1_324' title='bbox 2033 2737 2222 2790; x_wconf 82' lang='lat' dir='ltr'><strong>sancta</strong></span> 
     </span>
    </p>
   </div>
   <div class='ocr_carea' id='block_1_42' title="bbox 636 2812 1842 2876">
    <p class='ocr_par' dir='ltr' id='par_1_42' title="bbox 636 2812 1842 2876">
     <span class='ocr_line' id='line_1_42' title="bbox 636 2812 1842 2876; baseline 0.005 -6"><span class='ocrx_word' id='word_1_325' title='bbox 636 2812 876 2870; x_wconf 83' lang='lat' dir='ltr'><strong>Ecclesia</strong></span> <span class='ocrx_word' id='word_1_326' title='bbox 910 2815 1048 2872; x_wconf 92' lang='lat' dir='ltr'><strong>inter</strong></span> <span class='ocrx_word' id='word_1_327' title='bbox 1073 2817 1360 2872; x_wconf 87' lang='lat' dir='ltr'><strong>missarum</strong></span> <span class='ocrx_word' id='word_1_328' title='bbox 1385 2818 1646 2874; x_wconf 87' lang='lat' dir='ltr'><strong>solemnia</strong></span> <span class='ocrx_word' id='word_1_329' title='bbox 1676 2819 1842 2876; x_wconf 88' lang='lat' dir='ltr'><strong>canit.</strong></span> 
     </span>
    </p>
   </div>
   <div class='ocr_carea' id='block_1_43' title="bbox 707 2905 2221 2980">
    <p class='ocr_par' dir='ltr' id='par_1_43' title="bbox 707 2905 2221 2980">
     <span class='ocr_line' id='line_1_43' title="bbox 707 2905 2221 2980; baseline 0.007 -21"><span class='ocrx_word' id='word_1_330' title='bbox 707 2905 870 2962; x_wconf 77' lang='lat' dir='ltr'><strong>lioris</strong></span> <span class='ocrx_word' id='word_1_331' title='bbox 897 2915 1016 2964; x_wconf 88' lang='lat' dir='ltr'><strong>erat</strong></span> <span class='ocrx_word' id='word_1_332' title='bbox 1061 2908 1178 2964; x_wconf 84' lang='lat' dir='ltr'><strong>viro</strong></span> <span class='ocrx_word' id='word_1_333' title='bbox 1227 2909 1345 2964; x_wconf 89' lang='lat' dir='ltr'><strong>loca</strong></span> <span class='ocrx_word' id='word_1_334' title='bbox 1393 2917 1612 2978; x_wconf 88' lang='lat' dir='ltr'><strong>sancta,</strong></span> <span class='ocrx_word' id='word_1_335' title='bbox 1659 2911 1876 2980; x_wconf 88' lang='lat' dir='ltr'><strong>quando</strong></span> <span class='ocrx_word' id='word_1_336' title='bbox 1909 2912 2221 2970; x_wconf 71' lang='lat' dir='ltr'><strong>Cantuarire</strong></span> 
     </span>
    </p>
   </div>
   <div class='ocr_carea' id='block_1_44' title="bbox 633 2999 2222 3066">
    <p class='ocr_par' dir='ltr' id='par_1_44' title="bbox 633 2999 2222 3066">
     <span class='ocr_line' id='line_1_44' title="bbox 633 2999 2222 3066; baseline 0.004 -12"><span class='ocrx_word' id='word_1_337' title='bbox 633 2999 972 3066; x_wconf 85' lang='lat' dir='ltr'><strong>morabatur,</strong></span> <span class='ocrx_word' id='word_1_338' title='bbox 1003 3016 1111 3056; x_wconf 92' lang='lat' dir='ltr'><strong>uno</strong></span> <span class='ocrx_word' id='word_1_339' title='bbox 1145 3009 1352 3058; x_wconf 89' lang='lat' dir='ltr'><strong>tantum</strong></span> <span class='ocrx_word' id='word_1_340' title='bbox 1383 3000 1526 3062; x_wconf 84' lang='lat' dir='ltr'><strong>ﬁdeli</strong></span> <span class='ocrx_word' id='word_1_341' title='bbox 1561 3001 1711 3058; x_wconf 89' lang='lat' dir='ltr'><strong>socio</strong></span> <span class='ocrx_word' id='word_1_342' title='bbox 1739 3003 2032 3060; x_wconf 88' lang='lat' dir='ltr'><strong>comitatus</strong></span> <span class='ocrx_word' id='word_1_343' title='bbox 2063 3013 2222 3060; x_wconf 88' lang='lat' dir='ltr'><strong>noctu</strong></span> 
     </span>
    </p>
   </div>
   <div class='ocr_carea' id='block_1_45' title="bbox 635 3093 2221 3164">
    <p class='ocr_par' dir='ltr' id='par_1_45' title="bbox 635 3093 2221 3164">
     <span class='ocr_line' id='line_1_45' title="bbox 635 3093 2221 3164; baseline 0.006 -21"><span class='ocrx_word' id='word_1_344' title='bbox 635 3105 944 3162; x_wconf 84' lang='lat' dir='ltr'><strong>peragrare,</strong></span> <span class='ocrx_word' id='word_1_345' title='bbox 977 3101 1034 3147; x_wconf 89' lang='lat' dir='ltr'><strong>et</strong></span> <span class='ocrx_word' id='word_1_346' title='bbox 1061 3108 1120 3148; x_wconf 91' lang='lat' dir='ltr'><strong>se</strong></span> <span class='ocrx_word' id='word_1_347' title='bbox 1145 3093 1274 3147; x_wconf 89' lang='lat' dir='ltr'><strong>inibi</strong></span> <span class='ocrx_word' id='word_1_348' title='bbox 1303 3108 1403 3164; x_wconf 86' lang='lat' dir='ltr'><strong>per</strong></span> <span class='ocrx_word' id='word_1_349' title='bbox 1439 3096 1914 3164; x_wconf 82' lang='lat' dir='ltr'><strong>compone-tionem</strong></span> <span class='ocrx_word' id='word_1_350' title='bbox 1939 3106 1994 3152; x_wconf 94' lang='lat' dir='ltr'><strong>et</strong></span> <span class='ocrx_word' id='word_1_351' title='bbox 2018 3097 2221 3152; x_wconf 89' lang='lat' dir='ltr'><strong>contri-</strong></span> 
     </span>
    </p>
   </div>
   <div class='ocr_carea' id='block_1_46' title="bbox 637 3157 2294 3259">
    <p class='ocr_par' dir='ltr' id='par_1_46' title="bbox 637 3157 2294 3259">
     <span class='ocr_line' id='line_1_46' title="bbox 637 3157 2294 3259; baseline 0.005 -21"><span class='ocrx_word' id='word_1_352' title='bbox 637 3157 837 3238; x_wconf 75' lang='lat' dir='ltr'><strong>tionem</strong></span> <span class='ocrx_word' id='word_1_353' title='bbox 881 3185 1062 3240; x_wconf 87' lang='lat' dir='ltr'><strong>cordis</strong></span> <span class='ocrx_word' id='word_1_354' title='bbox 1103 3185 1214 3240; x_wconf 90' lang='lat' dir='ltr'><strong>Deo</strong></span> <span class='ocrx_word' id='word_1_355' title='bbox 1243 3197 1504 3243; x_wconf 87' lang='lat' dir='ltr'><strong>mactare.</strong></span> <span class='ocrx_word' id='word_1_356' title='bbox 1537 3186 1780 3255; x_wconf 86' lang='lat' dir='ltr'><strong>Quadam</strong></span> <span class='ocrx_word' id='word_1_357' title='bbox 1811 3188 1978 3259; x_wconf 81' lang='lat' dir='ltr'><strong>igitur</strong></span> <span class='ocrx_word' id='word_1_358' title='bbox 2008 3189 2126 3246; x_wconf 86' lang='lat' dir='ltr'><strong>vice</strong></span> <span class='ocrx_word' id='word_1_359' title='bbox 2153 3190 2222 3246; x_wconf 88' lang='lat' dir='ltr'><strong>ad</strong></span> <span class='ocrx_word' id='word_1_360' title='bbox 2248 3157 2294 3222; x_wconf 64' lang='grc' dir='ltr'><strong>θ</strong></span> 
     </span>
    </p>
   </div>
   <div class='ocr_carea' id='block_1_47' title="bbox 633 3277 2224 3351">
    <p class='ocr_par' dir='ltr' id='par_1_47' title="bbox 633 3277 2224 3351">
     <span class='ocr_line' id='line_1_47' title="bbox 633 3277 2224 3351; baseline 0.006 -21"><span class='ocrx_word' id='word_1_361' title='bbox 633 3277 1030 3332; x_wconf 83' lang='lat' dir='ltr'><strong>monasterium</strong></span> <span class='ocrx_word' id='word_1_362' title='bbox 1081 3277 1525 3336; x_wconf 83' lang='lat' dir='ltr'><strong>beatissimorum</strong></span> <span class='ocrx_word' id='word_1_363' title='bbox 1576 3281 1948 3351; x_wconf 86' lang='lat' dir='ltr'><strong>apostolorum</strong></span> <span class='ocrx_word' id='word_1_364' title='bbox 1991 3281 2136 3338; x_wconf 87' lang='lat' dir='ltr'><strong>Petri</strong></span> <span class='ocrx_word' id='word_1_365' title='bbox 2167 3292 2224 3340; x_wconf 90' lang='lat' dir='ltr'><strong>et</strong></span> 
     </span>
    </p>
   </div>
   <div class='ocr_carea' id='block_1_48' title="bbox 640 3355 2223 3445">
    <p class='ocr_par' dir='ltr' id='par_1_48' title="bbox 640 3355 2223 3445">
     <span class='ocr_line' id='line_1_48' title="bbox 640 3355 2223 3445; baseline 0.007 -23"><span class='ocrx_word' id='word_1_366' title='bbox 640 3355 816 3433; x_wconf 53' lang='lat' dir='ltr'><strong>Iiauli,</strong></span> <span class='ocrx_word' id='word_1_367' title='bbox 847 3369 898 3424; x_wconf 90' lang='lat' dir='ltr'><strong>in</strong></span> <span class='ocrx_word' id='word_1_368' title='bbox 929 3385 1038 3439; x_wconf 88' lang='lat' dir='ltr'><strong>quo</strong></span> <span class='ocrx_word' id='word_1_369' title='bbox 1065 3371 1258 3428; x_wconf 89' lang='lat' dir='ltr'><strong>beatus</strong></span> <span class='ocrx_word' id='word_1_370' title='bbox 1299 3373 1633 3445; x_wconf 78' lang='lat' dir='ltr'><strong>Augustinus</strong></span> <span class='ocrx_word' id='word_1_371' title='bbox 1661 3381 1716 3430; x_wconf 88' lang='lat' dir='ltr'><strong>et</strong></span> <span class='ocrx_word' id='word_1_372' title='bbox 1763 3375 1852 3430; x_wconf 87' lang='lat' dir='ltr'><strong>alii</strong></span> <span class='ocrx_word' id='word_1_373' title='bbox 1883 3376 2124 3432; x_wconf 89' lang='lat' dir='ltr'><strong>nonnulli</strong></span> <span class='ocrx_word' id='word_1_374' title='bbox 2155 3377 2223 3434; x_wconf 89' lang='lat' dir='ltr'><strong>de</strong></span> 
     </span>
    </p>
   </div>
   <div class='ocr_carea' id='block_1_49' title="bbox 635 3457 2226 3526">
    <p class='ocr_par' dir='ltr' id='par_1_49' title="bbox 635 3457 2226 3526">
     <span class='ocr_line' id='line_1_49' title="bbox 635 3457 2226 3526; baseline 0.009 -14"><span class='ocrx_word' id='word_1_375' title='bbox 635 3457 890 3516; x_wconf 87' lang='lat' dir='ltr'><strong>Patribns</strong></span> <span class='ocrx_word' id='word_1_376' title='bbox 952 3460 1208 3520; x_wconf 69' lang='lat' dir='ltr'><strong>Ecclesia:</strong></span> <span class='ocrx_word' id='word_1_377' title='bbox 1264 3463 1466 3520; x_wconf 88' lang='lat' dir='ltr'><strong>Christi</strong></span> <span class='ocrx_word' id='word_1_378' title='bbox 1521 3465 1926 3526; x_wconf 83' lang='lat' dir='ltr'><strong>Cantuariensis</strong></span> <span class='ocrx_word' id='word_1_379' title='bbox 1975 3469 2226 3526; x_wconf 87' lang='lat' dir='ltr'><strong>tumulati</strong></span> 
     </span>
    </p>
   </div>
   <div class='ocr_carea' id='block_1_50' title="bbox 635 3554 2222 3629">
    <p class='ocr_par' dir='ltr' id='par_1_50' title="bbox 635 3554 2222 3629">
     <span class='ocr_line' id='line_1_50' title="bbox 635 3554 2222 3629; baseline 0.008 -26"><span class='ocrx_word' id='word_1_380' title='bbox 635 3559 783 3616; x_wconf 85' lang='lat' dir='ltr'><strong>sunt,</strong></span> <span class='ocrx_word' id='word_1_381' title='bbox 809 3567 876 3606; x_wconf 78' lang='lat' dir='ltr'><strong>ex</strong></span> <span class='ocrx_word' id='word_1_382' title='bbox 911 3568 1060 3610; x_wconf 87' lang='lat' dir='ltr'><strong>moro</strong></span> <span class='ocrx_word' id='word_1_383' title='bbox 1095 3554 1240 3610; x_wconf 85' lang='lat' dir='ltr'><strong>circa</strong></span> <span class='ocrx_word' id='word_1_384' title='bbox 1281 3556 1472 3612; x_wconf 69' lang='lat' dir='ltr'><strong>mediae</strong></span> <span class='ocrx_word' id='word_1_385' title='bbox 1509 3557 1683 3613; x_wconf 89' lang='lat' dir='ltr'><strong>noctis</strong></span> <span class='ocrx_word' id='word_1_386' title='bbox 1719 3558 1932 3614; x_wconf 87' lang='lat' dir='ltr'><strong>silentia</strong></span> <span class='ocrx_word' id='word_1_387' title='bbox 1961 3561 2222 3629; x_wconf 77' lang='lat' dir='ltr'><strong>perrexit,</strong></span> 
     </span>
    </p>
   </div>
   <div class='ocr_carea' id='block_1_51' title="bbox 638 3641 2225 3721">
    <p class='ocr_par' dir='ltr' id='par_1_51' title="bbox 638 3641 2225 3721">
     <span class='ocr_line' id='line_1_51' title="bbox 638 3641 2225 3721; baseline 0.011 -27"><span class='ocrx_word' id='word_1_388' title='bbox 638 3641 820 3711; x_wconf 83' lang='lat' dir='ltr'><strong>ibique</strong></span> <span class='ocrx_word' id='word_1_389' title='bbox 848 3642 958 3698; x_wconf 91' lang='lat' dir='ltr'><strong>Deo</strong></span> <span class='ocrx_word' id='word_1_390' title='bbox 991 3659 1050 3700; x_wconf 85' lang='lat' dir='ltr'><strong>se</strong></span> <span class='ocrx_word' id='word_1_391' title='bbox 1077 3645 1280 3702; x_wconf 89' lang='lat' dir='ltr'><strong>diutius</strong></span> <span class='ocrx_word' id='word_1_392' title='bbox 1319 3648 1372 3702; x_wconf 91' lang='lat' dir='ltr'><strong>in</strong></span> <span class='ocrx_word' id='word_1_393' title='bbox 1401 3648 1646 3705; x_wconf 87' lang='lat' dir='ltr'><strong>oratione</strong></span> <span class='ocrx_word' id='word_1_394' title='bbox 1686 3652 1996 3720; x_wconf 85' lang='lat' dir='ltr'><strong>prostravit.</strong></span> <span class='ocrx_word' id='word_1_395' title='bbox 2029 3652 2225 3721; x_wconf 85' lang='lat' dir='ltr'><strong>Egres-</strong></span> 
     </span>
    </p>
   </div>
   <div class='ocr_carea' id='block_1_52' title="bbox 635 3735 2224 3814">
    <p class='ocr_par' dir='ltr' id='par_1_52' title="bbox 635 3735 2224 3814">
     <span class='ocr_line' id='line_1_52' title="bbox 635 3735 2224 3814; baseline 0.008 -28"><span class='ocrx_word' id='word_1_396' title='bbox 635 3747 730 3787; x_wconf 86' lang='lat' dir='ltr'><strong>sus</strong></span> <span class='ocrx_word' id='word_1_397' title='bbox 761 3747 892 3790; x_wconf 89' lang='lat' dir='ltr'><strong>vero</strong></span> <span class='ocrx_word' id='word_1_398' title='bbox 919 3735 984 3789; x_wconf 83' lang='lat' dir='ltr'><strong>ad</strong></span> <span class='ocrx_word' id='word_1_399' title='bbox 1010 3737 1308 3793; x_wconf 89' lang='lat' dir='ltr'><strong>oratorium</strong></span> <span class='ocrx_word' id='word_1_400' title='bbox 1351 3738 1524 3794; x_wconf 68' lang='lat' dir='ltr'><strong>beatae</strong></span> <span class='ocrx_word' id='word_1_401' title='bbox 1571 3739 1664 3795; x_wconf 87' lang='lat' dir='ltr'><strong>Dei</strong></span> <span class='ocrx_word' id='word_1_402' title='bbox 1697 3741 1976 3811; x_wconf 87' lang='lat' dir='ltr'><strong>genitricis</strong></span> <span class='ocrx_word' id='word_1_403' title='bbox 2003 3751 2059 3798; x_wconf 90' lang='lat' dir='ltr'><strong>et</strong></span> <span class='ocrx_word' id='word_1_404' title='bbox 2101 3758 2224 3814; x_wconf 89' lang='lat' dir='ltr'><strong>per-</strong></span> 
     </span>
    </p>
   </div>
   <div class='ocr_carea' id='block_1_53' title="bbox 635 3823 2225 3903">
    <p class='ocr_par' dir='ltr' id='par_1_53' title="bbox 635 3823 2225 3903">
     <span class='ocr_line' id='line_1_53' title="bbox 635 3823 2225 3903; baseline 0.008 -28"><span class='ocrx_word' id='word_1_405' title='bbox 635 3831 812 3890; x_wconf 75' lang='lat' dir='ltr'><strong>petua:</strong></span> <span class='ocrx_word' id='word_1_406' title='bbox 849 3823 1084 3897; x_wconf 83' lang='lat' dir='ltr'><strong>Virginis</strong></span> <span class='ocrx_word' id='word_1_407' title='bbox 1107 3827 1308 3892; x_wconf 67' lang='lat' dir='ltr'><strong>Mariae,</strong></span> <span class='ocrx_word' id='word_1_408' title='bbox 1333 3831 1476 3900; x_wconf 90' lang='lat' dir='ltr'><strong>quod</strong></span> <span class='ocrx_word' id='word_1_409' title='bbox 1499 3831 1551 3888; x_wconf 90' lang='lat' dir='ltr'><strong>in</strong></span> <span class='ocrx_word' id='word_1_410' title='bbox 1579 3831 1827 3887; x_wconf 86' lang='lat' dir='ltr'><strong>orientali</strong></span> <span class='ocrx_word' id='word_1_411' title='bbox 1849 3833 2016 3903; x_wconf 88' lang='lat' dir='ltr'><strong>ipsius</strong></span> <span class='ocrx_word' id='word_1_412' title='bbox 2037 3849 2225 3888; x_wconf 85' lang='lat' dir='ltr'><strong>mona-</strong></span> 
     </span>
    </p>
   </div>
   <div class='ocr_carea' id='block_1_54' title="bbox 635 3915 2220 3988">
    <p class='ocr_par' dir='ltr' id='par_1_54' title="bbox 635 3915 2220 3988">
     <span class='ocr_line' id='line_1_54' title="bbox 635 3915 2220 3988; baseline 0.006 -18"><span class='ocrx_word' id='word_1_413' title='bbox 635 3915 788 3970; x_wconf 84' lang='lat' dir='ltr'><strong>sterii</strong></span> <span class='ocrx_word' id='word_1_414' title='bbox 821 3926 974 3988; x_wconf 88' lang='lat' dir='ltr'><strong>parte</strong></span> <span class='ocrx_word' id='word_1_415' title='bbox 1021 3920 1183 3976; x_wconf 90' lang='lat' dir='ltr'><strong>situm</strong></span> <span class='ocrx_word' id='word_1_416' title='bbox 1227 3920 1426 3987; x_wconf 80' lang='lat' dir='ltr'><strong>fuerat,</strong></span> <span class='ocrx_word' id='word_1_417' title='bbox 1469 3923 1658 3980; x_wconf 87' lang='lat' dir='ltr'><strong>eadem</strong></span> <span class='ocrx_word' id='word_1_418' title='bbox 1709 3924 1951 3981; x_wconf 78' lang='lat' dir='ltr'><strong>facturus</strong></span> <span class='ocrx_word' id='word_1_419' title='bbox 1981 3925 2220 3982; x_wconf 91' lang='lat' dir='ltr'><strong>divertit.</strong></span> 
     </span>
    </p>
   </div>
   <div class='ocr_carea' id='block_1_55' title="bbox 635 4004 2222 4086">
    <p class='ocr_par' dir='ltr' id='par_1_55' title="bbox 635 4004 2222 4086">
     <span class='ocr_line' id='line_1_55' title="bbox 635 4004 2222 4086; baseline 0.008 -26"><span class='ocrx_word' id='word_1_420' title='bbox 635 4004 734 4060; x_wconf 76' lang='lat' dir='ltr'><strong>Cui</strong></span> <span class='ocrx_word' id='word_1_421' title='bbox 767 4009 1230 4081; x_wconf 83' lang='lat' dir='ltr'><strong>appropinquans,</strong></span> <span class='ocrx_word' id='word_1_422' title='bbox 1262 4014 1472 4068; x_wconf 88' lang='lat' dir='ltr'><strong>audivit</strong></span> <span class='ocrx_word' id='word_1_423' title='bbox 1500 4015 1646 4070; x_wconf 86' lang='lat' dir='ltr'><strong>intus</strong></span> <span class='ocrx_word' id='word_1_424' title='bbox 1685 4030 1846 4072; x_wconf 85' lang='lat' dir='ltr'><strong>voces</strong></span> <span class='ocrx_word' id='word_1_425' title='bbox 1876 4016 2222 4086; x_wconf 86' lang='lat' dir='ltr'><strong>psallentium</strong></span> 
     </span>
    </p>
   </div>
   <div class='ocr_carea' id='block_1_56' title="bbox 633 4097 2222 4184">
    <p class='ocr_par' dir='ltr' id='par_1_56' title="bbox 633 4097 2222 4184">
     <span class='ocr_line' id='line_1_56' title="bbox 633 4097 2222 4184; baseline 0.006 -34"><span class='ocrx_word' id='word_1_426' title='bbox 633 4105 800 4166; x_wconf 76' lang='lat' dir='ltr'><strong>atque</strong></span> <span class='ocrx_word' id='word_1_427' title='bbox 821 4097 1116 4154; x_wconf 86' lang='lat' dir='ltr'><strong>dicentium</strong></span> <span class='ocrx_word' id='word_1_428' title='bbox 1149 4115 1164 4156; x_wconf 91' lang='lat'><strong>:</strong></span> <span class='ocrx_word' id='word_1_429' title='bbox 1195 4099 1434 4157; x_wconf 82' lang='lat' dir='ltr'><strong>Gaudent</strong></span> <span class='ocrx_word' id='word_1_430' title='bbox 1464 4103 1518 4160; x_wconf 86' lang='lat' dir='ltr'><strong>in</strong></span> <span class='ocrx_word' id='word_1_431' title='bbox 1539 4105 1678 4159; x_wconf 69' lang='lat' dir='ltr'><strong>caelis</strong></span> <span class='ocrx_word' id='word_1_432' title='bbox 1707 4105 1899 4160; x_wconf 75' lang='lat' dir='ltr'><strong>animo:</strong></span> <span class='ocrx_word' id='word_1_433' title='bbox 1920 4115 2222 4184; x_wconf 78' lang='lat' dir='ltr'><strong>sanctorum</strong></span> 
     </span>
    </p>
   </div>
   <div class='ocr_carea' id='block_1_57' title="bbox 633 4187 2224 4269">
    <p class='ocr_par' dir='ltr' id='par_1_57' title="bbox 633 4187 2224 4269">
     <span class='ocr_line' id='line_1_57' title="bbox 633 4187 2224 4269; baseline 0.01 -31"><span class='ocrx_word' id='word_1_434' title='bbox 633 4188 724 4258; x_wconf 78' lang='lat' dir='ltr'><strong>qui</strong></span> <span class='ocrx_word' id='word_1_435' title='bbox 752 4187 942 4244; x_wconf 75' lang='lat' dir='ltr'><strong>Christi</strong></span> <span class='ocrx_word' id='word_1_436' title='bbox 967 4194 1181 4263; x_wconf 75' lang='lat' dir='ltr'><strong>uestigia</strong></span> <span class='ocrx_word' id='word_1_437' title='bbox 1211 4207 1331 4262; x_wconf 78' lang='lat' dir='ltr'><strong>sunt</strong></span> <span class='ocrx_word' id='word_1_438' title='bbox 1362 4198 1543 4260; x_wconf 77' lang='lat' dir='ltr'><strong>secuti,</strong></span> <span class='ocrx_word' id='word_1_439' title='bbox 1571 4208 1621 4254; x_wconf 82' lang='lat' dir='ltr'><strong>et</strong></span> <span class='ocrx_word' id='word_1_440' title='bbox 1645 4199 1768 4269; x_wconf 81' lang='lat' dir='ltr'><strong>quia</strong></span> <span class='ocrx_word' id='word_1_441' title='bbox 1793 4214 1887 4268; x_wconf 80' lang='lat' dir='ltr'><strong>pro</strong></span> <span class='ocrx_word' id='word_1_442' title='bbox 1913 4198 2026 4268; x_wconf 70' lang='lat' dir='ltr'><strong>ejus</strong></span> <span class='ocrx_word' id='word_1_443' title='bbox 2047 4214 2224 4254; x_wconf 85' lang='lat' dir='ltr'><strong>amore</strong></span> 
     </span>
    </p>
   </div>
   <div class='ocr_carea' id='block_1_58' title="bbox 635 4279 2224 4360">
    <p class='ocr_par' dir='ltr' id='par_1_58' title="bbox 635 4279 2224 4360">
     <span class='ocr_line' id='line_1_58' title="bbox 635 4279 2224 4360; baseline 0.009 -30"><span class='ocrx_word' id='word_1_444' title='bbox 635 4279 940 4346; x_wconf 77' lang='lat' dir='ltr'><strong>sanguinem</strong></span> <span class='ocrx_word' id='word_1_445' title='bbox 975 4300 1130 4338; x_wconf 77' lang='lat' dir='ltr'><strong>suurn</strong></span> <span class='ocrx_word' id='word_1_446' title='bbox 1159 4285 1406 4352; x_wconf 81' lang='lat' dir='ltr'><strong>fuderunt</strong></span> <span class='ocrx_word' id='word_1_447' title='bbox 1429 4329 1444 4351; x_wconf 91' lang='lat'><strong>,</strong></span> <span class='ocrx_word' id='word_1_448' title='bbox 1471 4289 1748 4348; x_wconf 75' lang='lat' dir='ltr'><strong>ideocum.</strong></span> <span class='ocrx_word' id='word_1_449' title='bbox 1771 4289 1979 4348; x_wconf 79' lang='lat' dir='ltr'><strong>Christo</strong></span> <span class='ocrx_word' id='word_1_450' title='bbox 2025 4291 2224 4360; x_wconf 81' lang='lat' dir='ltr'><strong>gaude-</strong></span> 
     </span>
    </p>
   </div>
   <div class='ocr_carea' id='block_1_59' title="bbox 642 4366 2226 4451">
    <p class='ocr_par' dir='ltr' id='par_1_59' title="bbox 642 4366 2226 4451">
     <span class='ocr_line' id='line_1_59' title="bbox 642 4366 2226 4451; baseline 0.012 -34"><span class='ocrx_word' id='word_1_451' title='bbox 642 4366 770 4419; x_wconf 71' lang='lat' dir='ltr'><strong>tum</strong></span> <span class='ocrx_word' id='word_1_452' title='bbox 816 4367 870 4422; x_wconf 82' lang='lat' dir='ltr'><strong>in</strong></span> <span class='ocrx_word' id='word_1_453' title='bbox 918 4381 1190 4426; x_wconf 69' lang='lat' dir='ltr'><strong>a&#39;ternum.</strong></span> <span class='ocrx_word' id='word_1_454' title='bbox 1239 4375 1318 4430; x_wconf 77' lang='lat' dir='ltr'><strong>Ad</strong></span> <span class='ocrx_word' id='word_1_455' title='bbox 1367 4377 1480 4434; x_wconf 69' lang='lat' dir='ltr'><strong>lucc</strong></span> <span class='ocrx_word' id='word_1_456' title='bbox 1527 4379 1616 4434; x_wconf 89' lang='lat' dir='ltr'><strong>ille</strong></span> <span class='ocrx_word' id='word_1_457' title='bbox 1667 4380 2020 4451; x_wconf 86' lang='lat' dir='ltr'><strong>stupefactus,</strong></span> <span class='ocrx_word' id='word_1_458' title='bbox 2053 4381 2226 4438; x_wconf 85' lang='lat' dir='ltr'><strong>astitit</strong></span> 
     </span>
    </p>
   </div>
   <div class='ocr_carea' id='block_1_60' title="bbox 2323 1895 3762 1974">
    <p class='ocr_par' dir='ltr' id='par_1_60' title="bbox 2323 1895 3762 1974">
     <span class='ocr_line' id='line_1_60' title="bbox 2323 1895 3762 1974; baseline 0.003 -22"><span class='ocrx_word' id='word_1_459' title='bbox 2323 1895 2566 1952; x_wconf 89' lang='lat' dir='ltr'><strong>mallent.</strong></span> <span class='ocrx_word' id='word_1_460' title='bbox 2593 1895 2802 1960; x_wconf 86' lang='lat' dir='ltr'><strong>Omnes</strong></span> <span class='ocrx_word' id='word_1_461' title='bbox 2825 1913 2976 1964; x_wconf 88' lang='lat' dir='ltr'><strong>vero,</strong></span> <span class='ocrx_word' id='word_1_462' title='bbox 3001 1900 3102 1974; x_wconf 29' lang='lat' dir='ltr'><strong>qui.</strong></span> <span class='ocrx_word' id='word_1_463' title='bbox 3117 1915 3371 1970; x_wconf 74' lang='lat' dir='ltr'><strong>perversa</strong></span> <span class='ocrx_word' id='word_1_464' title='bbox 3391 1908 3498 1956; x_wconf 87' lang='lat' dir='ltr'><strong>aeta</strong></span> <span class='ocrx_word' id='word_1_465' title='bbox 3517 1915 3590 1956; x_wconf 73' lang='lat' dir='ltr'><strong>Sua</strong></span> <span class='ocrx_word' id='word_1_466' title='bbox 3611 1901 3762 1956; x_wconf 70' lang='lat' dir='ltr'><strong>deserta</strong></span> 
     </span>
    </p>
   </div>
   <div class='ocr_carea' id='block_1_61' title="bbox 2322 1987 3759 2062">
    <p class='ocr_par' dir='ltr' id='par_1_61' title="bbox 2322 1987 3759 2062">
     <span class='ocr_line' id='line_1_61' title="bbox 2322 1987 3759 2062; baseline 0.002 -21"><span class='ocrx_word' id='word_1_467' title='bbox 2322 1995 2378 2042; x_wconf 90' lang='lat' dir='ltr'><strong>et</strong></span> <span class='ocrx_word' id='word_1_468' title='bbox 2429 1987 2496 2042; x_wconf 88' lang='lat' dir='ltr'><strong>ad</strong></span> <span class='ocrx_word' id='word_1_469' title='bbox 2550 1995 2696 2044; x_wconf 88' lang='lat' dir='ltr'><strong>recta</strong></span> <span class='ocrx_word' id='word_1_470' title='bbox 2753 2003 2918 2059; x_wconf 83' lang='lat' dir='ltr'><strong>opera</strong></span> <span class='ocrx_word' id='word_1_471' title='bbox 2969 1989 3266 2061; x_wconf 87' lang='lat' dir='ltr'><strong>cupiebant</strong></span> <span class='ocrx_word' id='word_1_472' title='bbox 3313 1991 3662 2062; x_wconf 80' lang='lat' dir='ltr'><strong>transmigrare,</strong></span> <span class='ocrx_word' id='word_1_473' title='bbox 3691 2007 3759 2044; x_wconf 79' lang='lat' dir='ltr'><strong>ven</strong></span> 
     </span>
    </p>
   </div>
   <div class='ocr_carea' id='block_1_62' title="bbox 2321 2081 3760 2152">
    <p class='ocr_par' dir='ltr' id='par_1_62' title="bbox 2321 2081 3760 2152">
     <span class='ocr_line' id='line_1_62' title="bbox 2321 2081 3760 2152; baseline 0.003 -18"><span class='ocrx_word' id='word_1_474' title='bbox 2321 2081 2524 2152; x_wconf 87' lang='lat' dir='ltr'><strong>pietate</strong></span> <span class='ocrx_word' id='word_1_475' title='bbox 2568 2096 2634 2138; x_wconf 92' lang='lat' dir='ltr'><strong>ac</strong></span> <span class='ocrx_word' id='word_1_476' title='bbox 2675 2082 3049 2138; x_wconf 84' lang='lat' dir='ltr'><strong>misericordia</strong></span> <span class='ocrx_word' id='word_1_477' title='bbox 3101 2083 3398 2150; x_wconf 84' lang='lat' dir='ltr'><strong>visceribus</strong></span> <span class='ocrx_word' id='word_1_478' title='bbox 3441 2099 3546 2138; x_wconf 89' lang='lat' dir='ltr'><strong>eum</strong></span> <span class='ocrx_word' id='word_1_479' title='bbox 3577 2083 3760 2138; x_wconf 74' lang='lat' dir='ltr'><strong>redundare</strong></span> 
     </span>
    </p>
   </div>
   <div class='ocr_carea' id='block_1_63' title="bbox 2321 2173 3761 2241">
    <p class='ocr_par' dir='ltr' id='par_1_63' title="bbox 2321 2173 3761 2241">
     <span class='ocr_line' id='line_1_63' title="bbox 2321 2173 3761 2241; baseline -0.001 -13"><span class='ocrx_word' id='word_1_480' title='bbox 2321 2173 2650 2241; x_wconf 89' lang='lat' dir='ltr'><strong>sentiebant,</strong></span> <span class='ocrx_word' id='word_1_481' title='bbox 2685 2183 2743 2230; x_wconf 92' lang='lat' dir='ltr'><strong>et</strong></span> <span class='ocrx_word' id='word_1_482' title='bbox 2783 2174 2923 2230; x_wconf 88' lang='lat' dir='ltr'><strong>ultra</strong></span> <span class='ocrx_word' id='word_1_483' title='bbox 2953 2175 3252 2234; x_wconf 85' lang='lat' dir='ltr'><strong>humanam</strong></span> <span class='ocrx_word' id='word_1_484' title='bbox 3292 2176 3644 2231; x_wconf 83' lang='lat' dir='ltr'><strong>aestimationem</strong></span> <span class='ocrx_word' id='word_1_485' title='bbox 3661 2175 3761 2230; x_wconf 78' lang='lat' dir='ltr'><strong>cousi-</strong></span> 
     </span>
    </p>
   </div>
   <div class='ocr_carea' id='block_1_64' title="bbox 2322 2263 3762 2334">
    <p class='ocr_par' dir='ltr' id='par_1_64' title="bbox 2322 2263 3762 2334">
     <span class='ocr_line' id='line_1_64' title="bbox 2322 2263 3762 2334; baseline 0 -16"><span class='ocrx_word' id='word_1_486' title='bbox 2322 2263 2454 2318; x_wconf 90' lang='lat' dir='ltr'><strong>lium</strong></span> <span class='ocrx_word' id='word_1_487' title='bbox 2486 2264 2738 2330; x_wconf 87' lang='lat' dir='ltr'><strong>simulet</strong></span> <span class='ocrx_word' id='word_1_488' title='bbox 2781 2266 3046 2322; x_wconf 79' lang='lat' dir='ltr'><strong>auxilium</strong></span> <span class='ocrx_word' id='word_1_489' title='bbox 3084 2282 3198 2322; x_wconf 72' lang='lat' dir='ltr'><strong>sua:</strong></span> <span class='ocrx_word' id='word_1_490' title='bbox 3243 2267 3431 2322; x_wconf 89' lang='lat' dir='ltr'><strong>salutis</strong></span> <span class='ocrx_word' id='word_1_491' title='bbox 3472 2267 3594 2322; x_wconf 88' lang='lat' dir='ltr'><strong>ineo</strong></span> <span class='ocrx_word' id='word_1_492' title='bbox 3624 2271 3762 2334; x_wconf 64' lang='grc' dir='ltr'><strong>ηρωεε</strong></span> 
     </span>
    </p>
   </div>
   <div class='ocr_carea' id='block_1_65' title="bbox 2321 2357 3758 2430">
    <p class='ocr_par' dir='ltr' id='par_1_65' title="bbox 2321 2357 3758 2430">
     <span class='ocr_line' id='line_1_65' title="bbox 2321 2357 3758 2430; baseline -0.001 -18"><span class='ocrx_word' id='word_1_493' title='bbox 2321 2357 2472 2412; x_wconf 88' lang='lat' dir='ltr'><strong>bant.</strong></span> <span class='ocrx_word' id='word_1_494' title='bbox 2505 2357 2550 2413; x_wconf 84' lang='lat' dir='ltr'><strong>A</strong></span> <span class='ocrx_word' id='word_1_495' title='bbox 2595 2358 2820 2414; x_wconf 89' lang='lat' dir='ltr'><strong>remotis</strong></span> <span class='ocrx_word' id='word_1_496' title='bbox 2848 2359 3034 2430; x_wconf 91' lang='lat' dir='ltr'><strong>itaque</strong></span> <span class='ocrx_word' id='word_1_497' title='bbox 3076 2367 3353 2416; x_wconf 89' lang='lat' dir='ltr'><strong>terrarum</strong></span> <span class='ocrx_word' id='word_1_498' title='bbox 3393 2359 3598 2430; x_wconf 85' lang='lat' dir='ltr'><strong>partibus</strong></span> <span class='ocrx_word' id='word_1_499' title='bbox 3623 2359 3669 2413; x_wconf 82' lang='lat' dir='ltr'><strong>ad</strong></span> <span class='ocrx_word' id='word_1_500' title='bbox 3692 2373 3758 2411; x_wconf 78' lang='lat' dir='ltr'><strong>tua</strong></span> 
     </span>
    </p>
   </div>
   <div class='ocr_carea' id='block_1_66' title="bbox 2320 2450 3760 2522">
    <p class='ocr_par' dir='ltr' id='par_1_66' title="bbox 2320 2450 3760 2522">
     <span class='ocr_line' id='line_1_66' title="bbox 2320 2450 3760 2522; baseline -0.003 -18"><span class='ocrx_word' id='word_1_501' title='bbox 2320 2450 2520 2520; x_wconf 89' lang='lat' dir='ltr'><strong>passim</strong></span> <span class='ocrx_word' id='word_1_502' title='bbox 2545 2453 2887 2520; x_wconf 89' lang='lat' dir='ltr'><strong>currebatur,</strong></span> <span class='ocrx_word' id='word_1_503' title='bbox 2913 2461 2970 2508; x_wconf 90' lang='lat' dir='ltr'><strong>et</strong></span> <span class='ocrx_word' id='word_1_504' title='bbox 3002 2467 3108 2522; x_wconf 94' lang='lat' dir='ltr'><strong>quo</strong></span> <span class='ocrx_word' id='word_1_505' title='bbox 3153 2452 3310 2507; x_wconf 88' lang='lat' dir='ltr'><strong>illum</strong></span> <span class='ocrx_word' id='word_1_506' title='bbox 3343 2453 3638 2521; x_wconf 77' lang='lat' dir='ltr'><strong>prmeminere</strong></span> <span class='ocrx_word' id='word_1_507' title='bbox 3655 2459 3760 2503; x_wconf 81' lang='lat' dir='ltr'><strong>notum</strong></span> 
     </span>
    </p>
   </div>
   <div class='ocr_carea' id='block_1_67' title="bbox 2321 2543 3704 2616">
    <p class='ocr_par' dir='ltr' id='par_1_67' title="bbox 2321 2543 3704 2616">
     <span class='ocr_line' id='line_1_67' title="bbox 2321 2543 3704 2616; baseline -0.002 -18"><span class='ocrx_word' id='word_1_508' title='bbox 2321 2552 2460 2610; x_wconf 91' lang='lat' dir='ltr'><strong>erat,</strong></span> <span class='ocrx_word' id='word_1_509' title='bbox 2494 2543 2730 2615; x_wconf 87' lang='lat' dir='ltr'><strong>Spiritus</strong></span> <span class='ocrx_word' id='word_1_510' title='bbox 2753 2545 2927 2602; x_wconf 88' lang='lat' dir='ltr'><strong>sancti</strong></span> <span class='ocrx_word' id='word_1_511' title='bbox 2955 2546 3248 2601; x_wconf 88' lang='lat' dir='ltr'><strong>consilium</strong></span> <span class='ocrx_word' id='word_1_512' title='bbox 3271 2546 3339 2603; x_wconf 89' lang='lat' dir='ltr'><strong>ab</strong></span> <span class='ocrx_word' id='word_1_513' title='bbox 3363 2546 3471 2616; x_wconf 87' lang='lat' dir='ltr'><strong>ipso</strong></span> <span class='ocrx_word' id='word_1_514' title='bbox 3489 2543 3704 2616; x_wconf 75' lang='lat' dir='ltr'><strong>petebatur.</strong></span> 
     </span>
    </p>
   </div>
   <div class='ocr_carea' id='block_1_68' title="bbox 2395 2633 3760 2694">
    <p class='ocr_par' dir='ltr' id='par_1_68' title="bbox 2395 2633 3760 2694">
     <span class='ocr_line' id='line_1_68' title="bbox 2395 2633 3760 2694; baseline -0.001 -2"><span class='ocrx_word' id='word_1_515' title='bbox 2395 2634 2454 2692; x_wconf 89' lang='lat' dir='ltr'><strong>Si</strong></span> <span class='ocrx_word' id='word_1_516' title='bbox 2503 2637 2574 2692; x_wconf 85' lang='lat' dir='ltr'><strong>ad</strong></span> <span class='ocrx_word' id='word_1_517' title='bbox 2619 2637 2724 2694; x_wconf 85' lang='lat' dir='ltr'><strong>ista</strong></span> <span class='ocrx_word' id='word_1_518' title='bbox 2775 2637 2976 2694; x_wconf 88' lang='lat' dir='ltr'><strong>diaboli</strong></span> <span class='ocrx_word' id='word_1_519' title='bbox 3021 2637 3212 2694; x_wconf 88' lang='lat' dir='ltr'><strong>odium</strong></span> <span class='ocrx_word' id='word_1_520' title='bbox 3259 2643 3316 2693; x_wconf 89' lang='lat' dir='ltr'><strong>et</strong></span> <span class='ocrx_word' id='word_1_521' title='bbox 3361 2636 3539 2692; x_wconf 88' lang='lat' dir='ltr'><strong>invidia</strong></span> <span class='ocrx_word' id='word_1_522' title='bbox 3582 2633 3760 2690; x_wconf 63' lang='lat' dir='ltr'><strong>saeviebat.</strong></span> 
     </span>
    </p>
   </div>
   <div class='ocr_carea' id='block_1_69' title="bbox 2324 2727 3762 2802">
    <p class='ocr_par' dir='ltr' id='par_1_69' title="bbox 2324 2727 3762 2802">
     <span class='ocr_line' id='line_1_69' title="bbox 2324 2727 3762 2802; baseline -0.002 -19"><span class='ocrx_word' id='word_1_523' title='bbox 2324 2728 2456 2784; x_wconf 87' lang='lat' dir='ltr'><strong>nulli</strong></span> <span class='ocrx_word' id='word_1_524' title='bbox 2483 2730 2814 2788; x_wconf 87' lang='lat' dir='ltr'><strong>mirandum.</strong></span> <span class='ocrx_word' id='word_1_525' title='bbox 2849 2730 2958 2787; x_wconf 89' lang='lat' dir='ltr'><strong>Sed</strong></span> <span class='ocrx_word' id='word_1_526' title='bbox 2995 2733 3123 2802; x_wconf 88' lang='lat' dir='ltr'><strong>quia</strong></span> <span class='ocrx_word' id='word_1_527' title='bbox 3168 2747 3236 2788; x_wconf 87' lang='lat' dir='ltr'><strong>se</strong></span> <span class='ocrx_word' id='word_1_528' title='bbox 3281 2730 3334 2786; x_wconf 90' lang='lat' dir='ltr'><strong>in</strong></span> <span class='ocrx_word' id='word_1_529' title='bbox 3379 2727 3762 2802; x_wconf 66' lang='lat' dir='ltr'><strong>perturbationem</strong></span> 
     </span>
    </p>
   </div>
   <div class='ocr_carea' id='block_1_70' title="bbox 2325 2813 3762 2890">
    <p class='ocr_par' dir='ltr' id='par_1_70' title="bbox 2325 2813 3762 2890">
     <span class='ocr_line' id='line_1_70' title="bbox 2325 2813 3762 2890; baseline 0 -18"><span class='ocrx_word' id='word_1_530' title='bbox 2325 2817 2458 2872; x_wconf 91' lang='lat' dir='ltr'><strong>nihil</strong></span> <span class='ocrx_word' id='word_1_531' title='bbox 2491 2833 2670 2889; x_wconf 91' lang='lat' dir='ltr'><strong>posse,</strong></span> <span class='ocrx_word' id='word_1_532' title='bbox 2702 2820 2809 2875; x_wconf 90' lang='lat' dir='ltr'><strong>nisi</strong></span> <span class='ocrx_word' id='word_1_533' title='bbox 2851 2821 2996 2890; x_wconf 89' lang='lat' dir='ltr'><strong>quod</strong></span> <span class='ocrx_word' id='word_1_534' title='bbox 3037 2820 3416 2876; x_wconf 87' lang='lat' dir='ltr'><strong>verecundiam</strong></span> <span class='ocrx_word' id='word_1_535' title='bbox 3442 2821 3512 2876; x_wconf 89' lang='lat' dir='ltr'><strong>sui</strong></span> <span class='ocrx_word' id='word_1_536' title='bbox 3537 2828 3580 2874; x_wconf 89' lang='lat' dir='ltr'><strong>et</strong></span> <span class='ocrx_word' id='word_1_537' title='bbox 3605 2817 3684 2885; x_wconf 84' lang='lat' dir='ltr'><strong>ejus</strong></span> <span class='ocrx_word' id='word_1_538' title='bbox 3705 2813 3762 2882; x_wconf 69' lang='lat' dir='ltr'><strong>th-</strong></span> 
     </span>
    </p>
   </div>
   <div class='ocr_carea' id='block_1_71' title="bbox 2325 2909 3762 2982">
    <p class='ocr_par' dir='ltr' id='par_1_71' title="bbox 2325 2909 3762 2982">
     <span class='ocr_line' id='line_1_71' title="bbox 2325 2909 3762 2982; baseline -0.001 -16"><span class='ocrx_word' id='word_1_539' title='bbox 2325 2909 2468 2966; x_wconf 86' lang='lat' dir='ltr'><strong>riam</strong></span> <span class='ocrx_word' id='word_1_540' title='bbox 2502 2913 2898 2982; x_wconf 85' lang='lat' dir='ltr'><strong>ntagniiicaret,</strong></span> <span class='ocrx_word' id='word_1_541' title='bbox 2945 2912 3058 2982; x_wconf 90' lang='lat' dir='ltr'><strong>jam</strong></span> <span class='ocrx_word' id='word_1_542' title='bbox 3103 2923 3260 2968; x_wconf 88' lang='lat' dir='ltr'><strong>certo</strong></span> <span class='ocrx_word' id='word_1_543' title='bbox 3311 2914 3528 2978; x_wconf 87' lang='lat' dir='ltr'><strong>sciebat,</strong></span> <span class='ocrx_word' id='word_1_544' title='bbox 3571 2909 3762 2976; x_wconf 65' lang='lat' dir='ltr'><strong>abeatis:</strong></span> 
     </span>
    </p>
   </div>
   <div class='ocr_carea' id='block_1_72' title="bbox 2325 3001 3762 3078">
    <p class='ocr_par' dir='ltr' id='par_1_72' title="bbox 2325 3001 3762 3078">
     <span class='ocr_line' id='line_1_72' title="bbox 2325 3001 3762 3078; baseline -0.006 -16"><span class='ocrx_word' id='word_1_545' title='bbox 2325 3003 2476 3062; x_wconf 87' lang='lat' dir='ltr'><strong>illum</strong></span> <span class='ocrx_word' id='word_1_546' title='bbox 2505 3020 2648 3076; x_wconf 78' lang='lat' dir='ltr'><strong>saepe</strong></span> <span class='ocrx_word' id='word_1_547' title='bbox 2673 3005 2900 3078; x_wconf 83' lang='lat' dir='ltr'><strong>fatigare</strong></span> <span class='ocrx_word' id='word_1_548' title='bbox 2926 3007 3156 3074; x_wconf 85' lang='lat' dir='ltr'><strong>solebat,</strong></span> <span class='ocrx_word' id='word_1_549' title='bbox 3187 3005 3566 3078; x_wconf 81' lang='lat' dir='ltr'><strong>impngnatione</strong></span> <span class='ocrx_word' id='word_1_550' title='bbox 3583 3017 3666 3058; x_wconf 84' lang='lat' dir='ltr'><strong>sese</strong></span> <span class='ocrx_word' id='word_1_551' title='bbox 3681 3001 3762 3056; x_wconf 76' lang='lat' dir='ltr'><strong>coli-</strong></span> 
     </span>
    </p>
   </div>
   <div class='ocr_carea' id='block_1_73' title="bbox 2327 3095 3764 3162">
    <p class='ocr_par' dir='ltr' id='par_1_73' title="bbox 2327 3095 3764 3162">
     <span class='ocr_line' id='line_1_73' title="bbox 2327 3095 3764 3162; baseline -0.002 -10"><span class='ocrx_word' id='word_1_552' title='bbox 2327 3096 2464 3152; x_wconf 89' lang='lat' dir='ltr'><strong>buit.</strong></span> <span class='ocrx_word' id='word_1_553' title='bbox 2503 3097 2702 3154; x_wconf 82' lang='lat' dir='ltr'><strong>Verum</strong></span> <span class='ocrx_word' id='word_1_554' title='bbox 2725 3109 2784 3154; x_wconf 90' lang='lat' dir='ltr'><strong>ut</strong></span> <span class='ocrx_word' id='word_1_555' title='bbox 2811 3115 2936 3154; x_wconf 88' lang='lat' dir='ltr'><strong>eum</strong></span> <span class='ocrx_word' id='word_1_556' title='bbox 2959 3099 3212 3156; x_wconf 86' lang='lat' dir='ltr'><strong>redderet</strong></span> <span class='ocrx_word' id='word_1_557' title='bbox 3241 3099 3598 3160; x_wconf 84' lang='lat' dir='ltr'><strong>conturbatum,</strong></span> <span class='ocrx_word' id='word_1_558' title='bbox 3620 3095 3764 3162; x_wconf 68' lang='lat' dir='ltr'><strong>Eadm</strong></span> 
     </span>
    </p>
   </div>
   <div class='ocr_carea' id='block_1_74' title="bbox 2326 3186 3762 3262">
    <p class='ocr_par' dir='ltr' id='par_1_74' title="bbox 2326 3186 3762 3262">
     <span class='ocr_line' id='line_1_74' title="bbox 2326 3186 3762 3262; baseline -0.006 -13"><span class='ocrx_word' id='word_1_559' title='bbox 2326 3191 2440 3262; x_wconf 77' lang='lat' dir='ltr'><strong>regi</strong></span> <span class='ocrx_word' id='word_1_560' title='bbox 2465 3232 2480 3256; x_wconf 91' lang='lat'><strong>,</strong></span> <span class='ocrx_word' id='word_1_561' title='bbox 2513 3205 2674 3261; x_wconf 88' lang='lat' dir='ltr'><strong>quem</strong></span> <span class='ocrx_word' id='word_1_562' title='bbox 2725 3192 2954 3248; x_wconf 89' lang='lat' dir='ltr'><strong>multum</strong></span> <span class='ocrx_word' id='word_1_563' title='bbox 3001 3207 3100 3262; x_wconf 90' lang='lat' dir='ltr'><strong>pro</strong></span> <span class='ocrx_word' id='word_1_564' title='bbox 3144 3207 3248 3248; x_wconf 88' lang='lat' dir='ltr'><strong>sua</strong></span> <span class='ocrx_word' id='word_1_565' title='bbox 3293 3191 3563 3249; x_wconf 84' lang='lat' dir='ltr'><strong>reverentia</strong></span> <span class='ocrx_word' id='word_1_566' title='bbox 3595 3186 3762 3257; x_wconf 72' lang='lat' dir='ltr'><strong>diligebat</strong></span> 
     </span>
    </p>
   </div>
   <div class='ocr_carea' id='block_1_75' title="bbox 2325 3278 3762 3354">
    <p class='ocr_par' dir='ltr' id='par_1_75' title="bbox 2325 3278 3762 3354">
     <span class='ocr_line' id='line_1_75' title="bbox 2325 3278 3762 3354; baseline -0.008 -16"><span class='ocrx_word' id='word_1_567' title='bbox 2325 3281 2577 3352; x_wconf 86' lang='lat' dir='ltr'><strong>laqueum</strong></span> <span class='ocrx_word' id='word_1_568' title='bbox 2609 3283 2962 3354; x_wconf 73' lang='lat' dir='ltr'><strong>gemebundm</strong></span> <span class='ocrx_word' id='word_1_569' title='bbox 3009 3284 3348 3354; x_wconf 86' lang='lat' dir='ltr'><strong>deceptionis</strong></span> <span class='ocrx_word' id='word_1_570' title='bbox 3391 3282 3600 3342; x_wconf 89' lang='lat' dir='ltr'><strong>tetendit,</strong></span> <span class='ocrx_word' id='word_1_571' title='bbox 3623 3287 3662 3332; x_wconf 88' lang='lat' dir='ltr'><strong>et</strong></span> <span class='ocrx_word' id='word_1_572' title='bbox 3689 3278 3762 3328; x_wconf 71' lang='lat' dir='ltr'><strong>irrc-</strong></span> 
     </span>
    </p>
   </div>
   <div class='ocr_carea' id='block_1_76' title="bbox 2327 3367 3764 3445">
    <p class='ocr_par' dir='ltr' id='par_1_76' title="bbox 2327 3367 3764 3445">
     <span class='ocr_line' id='line_1_76' title="bbox 2327 3367 3764 3445; baseline -0.009 -15"><span class='ocrx_word' id='word_1_573' title='bbox 2327 3374 2484 3430; x_wconf 88' lang='lat' dir='ltr'><strong>titum</strong></span> <span class='ocrx_word' id='word_1_574' title='bbox 2529 3374 2712 3442; x_wconf 85' lang='lat' dir='ltr'><strong>gravis</strong></span> <span class='ocrx_word' id='word_1_575' title='bbox 2757 3375 2962 3445; x_wconf 88' lang='lat' dir='ltr'><strong>peccati</strong></span> <span class='ocrx_word' id='word_1_576' title='bbox 3013 3389 3168 3437; x_wconf 68' lang='lat' dir='ltr'><strong>natvo</strong></span> <span class='ocrx_word' id='word_1_577' title='bbox 3223 3374 3455 3430; x_wconf 88' lang='lat' dir='ltr'><strong>involvit.</strong></span> <span class='ocrx_word' id='word_1_578' title='bbox 3485 3367 3764 3440; x_wconf 78' lang='lat' dir='ltr'><strong>Quadameriu</strong></span> 
     </span>
    </p>
   </div>
   <div class='ocr_carea' id='block_1_77' title="bbox 2325 3457 3763 3538">
    <p class='ocr_par' dir='ltr' id='par_1_77' title="bbox 2325 3457 3763 3538">
     <span class='ocr_line' id='line_1_77' title="bbox 2325 3457 3763 3538; baseline -0.011 -16"><span class='ocrx_word' id='word_1_579' title='bbox 2325 3467 2444 3522; x_wconf 88' lang='lat' dir='ltr'><strong>vice</strong></span> <span class='ocrx_word' id='word_1_580' title='bbox 2473 3466 2611 3522; x_wconf 89' lang='lat' dir='ltr'><strong>idem</strong></span> <span class='ocrx_word' id='word_1_581' title='bbox 2641 3483 2733 3522; x_wconf 75' lang='lat' dir='ltr'><strong>rex</strong></span> <span class='ocrx_word' id='word_1_582' title='bbox 2767 3467 2820 3522; x_wconf 88' lang='lat' dir='ltr'><strong>in</strong></span> <span class='ocrx_word' id='word_1_583' title='bbox 2859 3467 3251 3523; x_wconf 89' lang='lat' dir='ltr'><strong>monasterium</strong></span> <span class='ocrx_word' id='word_1_584' title='bbox 3283 3468 3545 3538; x_wconf 88' lang='lat' dir='ltr'><strong>virginum,</strong></span> <span class='ocrx_word' id='word_1_585' title='bbox 3569 3461 3671 3534; x_wconf 82' lang='lat' dir='ltr'><strong>quod</strong></span> <span class='ocrx_word' id='word_1_586' title='bbox 3689 3457 3763 3510; x_wconf 70' lang='lat' dir='ltr'><strong>Wil-</strong></span> 
     </span>
    </p>
   </div>
   <div class='ocr_carea' id='block_1_78' title="bbox 2327 3549 3764 3632">
    <p class='ocr_par' dir='ltr' id='par_1_78' title="bbox 2327 3549 3764 3632">
     <span class='ocr_line' id='line_1_78' title="bbox 2327 3549 3764 3632; baseline -0.005 -14"><span class='ocrx_word' id='word_1_587' title='bbox 2327 3562 2490 3618; x_wconf 78' lang='lat' dir='ltr'><strong>tuniae</strong></span> <span class='ocrx_word' id='word_1_588' title='bbox 2534 3562 2698 3616; x_wconf 89' lang='lat' dir='ltr'><strong>situm</strong></span> <span class='ocrx_word' id='word_1_589' title='bbox 2745 3561 3008 3627; x_wconf 85' lang='lat' dir='ltr'><strong>habetur,</strong></span> <span class='ocrx_word' id='word_1_590' title='bbox 3041 3561 3224 3628; x_wconf 79' lang='lat' dir='ltr'><strong>venit;</strong></span> <span class='ocrx_word' id='word_1_591' title='bbox 3276 3562 3446 3632; x_wconf 85' lang='lat' dir='ltr'><strong>ibique</strong></span> <span class='ocrx_word' id='word_1_592' title='bbox 3485 3569 3632 3628; x_wconf 83' lang='lat' dir='ltr'><strong>captus</strong></span> <span class='ocrx_word' id='word_1_593' title='bbox 3663 3549 3764 3622; x_wconf 58' lang='lat' dir='ltr'><strong>spuit</strong></span> 
     </span>
    </p>
   </div>
   <div class='ocr_carea' id='block_1_79' title="bbox 2325 3649 3764 3722">
    <p class='ocr_par' dir='ltr' id='par_1_79' title="bbox 2325 3649 3764 3722">
     <span class='ocr_line' id='line_1_79' title="bbox 2325 3649 3764 3722; baseline -0.007 -15"><span class='ocrx_word' id='word_1_594' title='bbox 2325 3651 2603 3722; x_wconf 84' lang='lat' dir='ltr'><strong>cujusdam</strong></span> <span class='ocrx_word' id='word_1_595' title='bbox 2646 3651 2854 3721; x_wconf 72' lang='lat' dir='ltr'><strong>puellm,</strong></span> <span class='ocrx_word' id='word_1_596' title='bbox 2883 3667 3004 3721; x_wconf 73' lang='lat' dir='ltr'><strong>qua:</strong></span> <span class='ocrx_word' id='word_1_597' title='bbox 3049 3654 3115 3707; x_wconf 90' lang='lat' dir='ltr'><strong>de</strong></span> <span class='ocrx_word' id='word_1_598' title='bbox 3143 3651 3412 3708; x_wconf 89' lang='lat' dir='ltr'><strong>nobilibus</strong></span> <span class='ocrx_word' id='word_1_599' title='bbox 3449 3649 3672 3720; x_wconf 77' lang='lat' dir='ltr'><strong>Anglorum</strong></span> <span class='ocrx_word' id='word_1_600' title='bbox 3695 3651 3764 3693; x_wconf 64' lang='lat' dir='ltr'><strong>uati</strong></span> 
     </span>
    </p>
   </div>
   <div class='ocr_carea' id='block_1_80' title="bbox 2323 3744 3762 3799">
    <p class='ocr_par' dir='ltr' id='par_1_80' title="bbox 2323 3744 3762 3799">
     <span class='ocr_line' id='line_1_80' title="bbox 2323 3744 3762 3799; baseline -0.004 -1"><span class='ocrx_word' id='word_1_601' title='bbox 2323 3745 2468 3799; x_wconf 90' lang='lat' dir='ltr'><strong>inter</strong></span> <span class='ocrx_word' id='word_1_602' title='bbox 2499 3744 2942 3799; x_wconf 88' lang='lat' dir='ltr'><strong>sanetimoniales</strong></span> <span class='ocrx_word' id='word_1_603' title='bbox 2971 3759 3075 3798; x_wconf 90' lang='lat' dir='ltr'><strong>non</strong></span> <span class='ocrx_word' id='word_1_604' title='bbox 3103 3744 3288 3799; x_wconf 87' lang='lat' dir='ltr'><strong>velata</strong></span> <span class='ocrx_word' id='word_1_605' title='bbox 3329 3744 3634 3798; x_wconf 86' lang='lat' dir='ltr'><strong>nutriebatur,</strong></span> <span class='ocrx_word' id='word_1_606' title='bbox 3655 3745 3762 3788; x_wconf 60' lang='lat' dir='ltr'><strong>witt-</strong></span> 
     </span>
    </p>
   </div>
   <div class='ocr_carea' id='block_1_81' title="bbox 2325 3823 3762 3904">
    <p class='ocr_par' dir='ltr' id='par_1_81' title="bbox 2325 3823 3762 3904">
     <span class='ocr_line' id='line_1_81' title="bbox 2325 3823 3762 3904; baseline -0.013 -14"><span class='ocrx_word' id='word_1_607' title='bbox 2325 3835 2604 3902; x_wconf 90' lang='lat' dir='ltr'><strong>diebatur,</strong></span> <span class='ocrx_word' id='word_1_608' title='bbox 2626 3850 2746 3890; x_wconf 89' lang='lat' dir='ltr'><strong>eam</strong></span> <span class='ocrx_word' id='word_1_609' title='bbox 2779 3849 2878 3891; x_wconf 88' lang='lat' dir='ltr'><strong>suo</strong></span> <span class='ocrx_word' id='word_1_610' title='bbox 2906 3835 3178 3904; x_wconf 87' lang='lat' dir='ltr'><strong>colloquio</strong></span> <span class='ocrx_word' id='word_1_611' title='bbox 3220 3835 3408 3890; x_wconf 87' lang='lat' dir='ltr'><strong>adduci</strong></span> <span class='ocrx_word' id='word_1_612' title='bbox 3435 3831 3644 3888; x_wconf 78' lang='lat' dir='ltr'><strong>secretius</strong></span> <span class='ocrx_word' id='word_1_613' title='bbox 3659 3823 3762 3892; x_wconf 61' lang='lat' dir='ltr'><strong>jllérli.</strong></span> 
     </span>
    </p>
   </div>
   <div class='ocr_carea' id='block_1_82' title="bbox 2323 3911 3764 3996">
    <p class='ocr_par' dir='ltr' id='par_1_82' title="bbox 2323 3911 3764 3996">
     <span class='ocr_line' id='line_1_82' title="bbox 2323 3911 3764 3996; baseline -0.01 -16"><span class='ocrx_word' id='word_1_614' title='bbox 2323 3925 2417 3982; x_wconf 87' lang='lat' dir='ltr'><strong>llla</strong></span> <span class='ocrx_word' id='word_1_615' title='bbox 2466 3943 2588 3982; x_wconf 89' lang='lat' dir='ltr'><strong>cum</strong></span> <span class='ocrx_word' id='word_1_616' title='bbox 2617 3925 2930 3992; x_wconf 88' lang='lat' dir='ltr'><strong>duceretur,</strong></span> <span class='ocrx_word' id='word_1_617' title='bbox 2977 3926 3182 3981; x_wconf 88' lang='lat' dir='ltr'><strong>timens</strong></span> <span class='ocrx_word' id='word_1_618' title='bbox 3215 3925 3404 3996; x_wconf 88' lang='lat' dir='ltr'><strong>pudori</strong></span> <span class='ocrx_word' id='word_1_619' title='bbox 3448 3911 3764 3988; x_wconf 61' lang='lat' dir='ltr'><strong>summumsi</strong></span> 
     </span>
    </p>
   </div>
   <div class='ocr_carea' id='block_1_83' title="bbox 2322 4005 3762 4094">
    <p class='ocr_par' dir='ltr' id='par_1_83' title="bbox 2322 4005 3762 4094">
     <span class='ocr_line' id='line_1_83' title="bbox 2322 4005 3762 4094; baseline -0.013 -25"><span class='ocrx_word' id='word_1_620' title='bbox 2322 4029 2432 4070; x_wconf 85' lang='lat' dir='ltr'><strong>una</strong></span> <span class='ocrx_word' id='word_1_621' title='bbox 2471 4015 2964 4072; x_wconf 88' lang='lat' dir='ltr'><strong>sanctimonialium</strong></span> <span class='ocrx_word' id='word_1_622' title='bbox 2995 4015 3162 4086; x_wconf 90' lang='lat' dir='ltr'><strong>capiti</strong></span> <span class='ocrx_word' id='word_1_623' title='bbox 3203 4031 3304 4070; x_wconf 91' lang='lat' dir='ltr'><strong>suo</strong></span> <span class='ocrx_word' id='word_1_624' title='bbox 3331 4011 3492 4068; x_wconf 86' lang='lat' dir='ltr'><strong>velum</strong></span> <span class='ocrx_word' id='word_1_625' title='bbox 3521 4005 3762 4094; x_wconf 59' lang='lat' dir='ltr'><strong>imponite</strong></span> 
     </span>
    </p>
   </div>
   <div class='ocr_carea' id='block_1_84' title="bbox 2325 4097 3762 4178">
    <p class='ocr_par' dir='ltr' id='par_1_84' title="bbox 2325 4097 3762 4178">
     <span class='ocr_line' id='line_1_84' title="bbox 2325 4097 3762 4178; baseline -0.015 -13"><span class='ocrx_word' id='word_1_626' title='bbox 2325 4113 2486 4164; x_wconf 92' lang='lat' dir='ltr'><strong>modo</strong></span> <span class='ocrx_word' id='word_1_627' title='bbox 2517 4125 2574 4166; x_wconf 90' lang='lat' dir='ltr'><strong>se</strong></span> <span class='ocrx_word' id='word_1_628' title='bbox 2604 4108 2812 4178; x_wconf 84' lang='lat' dir='ltr'><strong>protegi</strong></span> <span class='ocrx_word' id='word_1_629' title='bbox 2845 4123 3094 4178; x_wconf 87' lang='lat' dir='ltr'><strong>sperans,</strong></span> <span class='ocrx_word' id='word_1_630' title='bbox 3122 4108 3167 4162; x_wconf 90' lang='lat' dir='ltr'><strong>si</strong></span> <span class='ocrx_word' id='word_1_631' title='bbox 3203 4108 3342 4163; x_wconf 80' lang='lat' dir='ltr'><strong>forte</strong></span> <span class='ocrx_word' id='word_1_632' title='bbox 3366 4121 3452 4162; x_wconf 76' lang='lat' dir='ltr'><strong>rex</strong></span> <span class='ocrx_word' id='word_1_633' title='bbox 3475 4100 3580 4173; x_wconf 89' lang='lat' dir='ltr'><strong>quid</strong></span> <span class='ocrx_word' id='word_1_634' title='bbox 3599 4097 3762 4154; x_wconf 72' lang='lat' dir='ltr'><strong>inhonesil</strong></span> 
     </span>
    </p>
   </div>
   <div class='ocr_carea' id='block_1_85' title="bbox 2325 4189 3760 4272">
    <p class='ocr_par' dir='ltr' id='par_1_85' title="bbox 2325 4189 3760 4272">
     <span class='ocr_line' id='line_1_85' title="bbox 2325 4189 3760 4272; baseline -0.005 -18"><span class='ocrx_word' id='word_1_635' title='bbox 2325 4214 2355 4254; x_wconf 91' lang='lat' dir='ltr'><strong>a</strong></span> <span class='ocrx_word' id='word_1_636' title='bbox 2405 4215 2464 4256; x_wconf 91' lang='lat' dir='ltr'><strong>se</strong></span> <span class='ocrx_word' id='word_1_637' title='bbox 2513 4199 2734 4272; x_wconf 80' lang='lat' dir='ltr'><strong>exigere</strong></span> <span class='ocrx_word' id='word_1_638' title='bbox 2778 4199 2964 4254; x_wconf 89' lang='lat' dir='ltr'><strong>vellet.</strong></span> <span class='ocrx_word' id='word_1_639' title='bbox 3014 4199 3190 4266; x_wconf 88' lang='lat' dir='ltr'><strong>Quam</strong></span> <span class='ocrx_word' id='word_1_640' title='bbox 3235 4201 3348 4268; x_wconf 90' lang='lat' dir='ltr'><strong>ipse</strong></span> <span class='ocrx_word' id='word_1_641' title='bbox 3389 4195 3582 4249; x_wconf 87' lang='lat' dir='ltr'><strong>velatam</strong></span> <span class='ocrx_word' id='word_1_642' title='bbox 3622 4189 3760 4240; x_wconf 63' lang='grc' dir='ltr'><strong>ἱίιιιιεωι</strong></span> 
     </span>
    </p>
   </div>
   <div class='ocr_carea' id='block_1_86' title="bbox 2331 4281 3759 4363">
    <p class='ocr_par' dir='ltr' id='par_1_86' title="bbox 2331 4281 3759 4363">
     <span class='ocr_line' id='line_1_86' title="bbox 2331 4281 3759 4363; baseline -0.011 -15"><span class='ocrx_word' id='word_1_643' title='bbox 2331 4311 2348 4345; x_wconf 79' lang='grc' dir='ltr'>ι</span> <span class='ocrx_word' id='word_1_644' title='bbox 2384 4306 2546 4363; x_wconf 87' lang='lat' dir='ltr'><strong>quam</strong></span> <span class='ocrx_word' id='word_1_645' title='bbox 2585 4291 2766 4348; x_wconf 87' lang='lat' dir='ltr'><strong>subito</strong></span> <span class='ocrx_word' id='word_1_646' title='bbox 2787 4331 2804 4357; x_wconf 93' lang='lat'><strong>,</strong></span> <span class='ocrx_word' id='word_1_647' title='bbox 2835 4291 3041 4360; x_wconf 84' lang='lat' dir='ltr'><strong>inquit,</strong></span> <span class='ocrx_word' id='word_1_648' title='bbox 3073 4288 3492 4346; x_wconf 85' lang='lat' dir='ltr'><strong>sanctimonialis</strong></span> <span class='ocrx_word' id='word_1_649' title='bbox 3511 4281 3654 4339; x_wconf 78' lang='lat' dir='ltr'><strong>etl‘eeta</strong></span> <span class='ocrx_word' id='word_1_650' title='bbox 3681 4287 3759 4328; x_wconf 63' lang='grc' dir='ltr'><strong>εδει</strong></span> 
     </span>
    </p>
   </div>
   <div class='ocr_carea' id='block_1_87' title="bbox 2325 4369 3761 4453">
    <p class='ocr_par' dir='ltr' id='par_1_87' title="bbox 2325 4369 3761 4453">
     <span class='ocr_line' id='line_1_87' title="bbox 2325 4369 3761 4453; baseline -0.016 -16"><span class='ocrx_word' id='word_1_651' title='bbox 2325 4385 2726 4453; x_wconf 88' lang='lat' dir='ltr'><strong>Arreptumque</strong></span> <span class='ocrx_word' id='word_1_652' title='bbox 2749 4380 2923 4436; x_wconf 87' lang='lat' dir='ltr'><strong>velum</strong></span> <span class='ocrx_word' id='word_1_653' title='bbox 2954 4381 3192 4436; x_wconf 86' lang='lat' dir='ltr'><strong>detraxit</strong></span> <span class='ocrx_word' id='word_1_654' title='bbox 3219 4379 3382 4452; x_wconf 89' lang='lat' dir='ltr'><strong>capiti</strong></span> <span class='ocrx_word' id='word_1_655' title='bbox 3413 4377 3540 4446; x_wconf 89' lang='lat' dir='ltr'><strong>ejus,</strong></span> <span class='ocrx_word' id='word_1_656' title='bbox 3567 4373 3630 4426; x_wconf 84' lang='lat' dir='ltr'><strong>illa</strong></span> <span class='ocrx_word' id='word_1_657' title='bbox 3647 4369 3761 4420; x_wconf 71' lang='lat' dir='ltr'><strong>retuli</strong></span> 
     </span>
    </p>
   </div>
   <div class='ocr_carea' id='block_1_88' title="bbox 641 4459 3760 4569">
    <p class='ocr_par' dir='ltr' id='par_1_88' title="bbox 641 4459 3760 4569">
     <span class='ocr_line' id='line_1_88' title="bbox 641 4459 3760 4569; baseline 0.003 -55"><span class='ocrx_word' id='word_1_658' title='bbox 641 4459 806 4525; x_wconf 91' lang='lat' dir='ltr'><strong>ostio,</strong></span> <span class='ocrx_word' id='word_1_659' title='bbox 835 4475 899 4517; x_wconf 89' lang='lat' dir='ltr'><strong>ac</strong></span> <span class='ocrx_word' id='word_1_660' title='bbox 943 4479 1040 4532; x_wconf 85' lang='lat' dir='ltr'><strong>per</strong></span> <span class='ocrx_word' id='word_1_661' title='bbox 1089 4465 1256 4522; x_wconf 88' lang='lat' dir='ltr'><strong>rimas</strong></span> <span class='ocrx_word' id='word_1_662' title='bbox 1297 4468 1440 4524; x_wconf 88' lang='lat' dir='ltr'><strong>illius</strong></span> <span class='ocrx_word' id='word_1_663' title='bbox 1485 4471 1865 4543; x_wconf 88' lang='lat' dir='ltr'><strong>introspiciens</strong></span> <span class='ocrx_word' id='word_1_664' title='bbox 1895 4473 2040 4544; x_wconf 87' lang='lat' dir='ltr'><strong>(erat</strong></span> <span class='ocrx_word' id='word_1_665' title='bbox 2079 4474 2222 4529; x_wconf 87' lang='lat' dir='ltr'><strong>enim</strong></span> <span class='ocrx_word' id='word_1_666' title='bbox 2251 4509 2302 4569; x_wconf 68' lang='grc' dir='ltr'>Β</span> <span class='ocrx_word' id='word_1_667' title='bbox 2328 4490 2437 4544; x_wconf 91' lang='lat' dir='ltr'><strong>quo</strong></span> <span class='ocrx_word' id='word_1_668' title='bbox 2462 4481 2673 4544; x_wconf 88' lang='lat' dir='ltr'><strong>poterat</strong></span> <span class='ocrx_word' id='word_1_669' title='bbox 2713 4472 2914 4528; x_wconf 81' lang='lat' dir='ltr'><strong>frustra</strong></span> <span class='ocrx_word' id='word_1_670' title='bbox 2951 4471 3251 4526; x_wconf 87' lang='lat' dir='ltr'><strong>obnitente.</strong></span> <span class='ocrx_word' id='word_1_671' title='bbox 3284 4471 3485 4526; x_wconf 80' lang='lat' dir='ltr'><strong>Abusus</strong></span> <span class='ocrx_word' id='word_1_672' title='bbox 3519 4460 3760 4569; x_wconf 27' lang='lat' dir='ltr'><strong>siquidm:</strong></span> 
     </span>
    </p>
   </div>
   <div class='ocr_carea' id='block_1_89' title="bbox 637 4549 2222 4626">
    <p class='ocr_par' dir='ltr' id='par_1_89' title="bbox 637 4549 2222 4626">
     <span class='ocr_line' id='line_1_89' title="bbox 637 4549 2222 4626; baseline 0.01 -20"><span class='ocrx_word' id='word_1_673' title='bbox 637 4549 994 4626; x_wconf 88' lang='lat' dir='ltr'><strong>obseratum),</strong></span> <span class='ocrx_word' id='word_1_674' title='bbox 1025 4555 1265 4612; x_wconf 89' lang='lat' dir='ltr'><strong>intuetur</strong></span> <span class='ocrx_word' id='word_1_675' title='bbox 1291 4561 1586 4622; x_wconf 83' lang='lat' dir='ltr'><strong>oratorium</strong></span> <span class='ocrx_word' id='word_1_676' title='bbox 1615 4572 1782 4618; x_wconf 89' lang='lat' dir='ltr'><strong>totum</strong></span> <span class='ocrx_word' id='word_1_677' title='bbox 1811 4565 2074 4620; x_wconf 87' lang='lat' dir='ltr'><strong>immensa</strong></span> <span class='ocrx_word' id='word_1_678' title='bbox 2104 4565 2222 4623; x_wconf 85' lang='lat' dir='ltr'><strong>luce</strong></span> 
     </span>
    </p>
   </div>
   <div class='ocr_carea' id='block_1_90' title="bbox 637 4643 2222 4726">
    <p class='ocr_par' dir='ltr' id='par_1_90' title="bbox 637 4643 2222 4726">
     <span class='ocr_line' id='line_1_90' title="bbox 637 4643 2222 4726; baseline 0.009 -30"><span class='ocrx_word' id='word_1_679' title='bbox 637 4643 924 4714; x_wconf 82' lang='lat' dir='ltr'><strong>splendere</strong></span> <span class='ocrx_word' id='word_1_680' title='bbox 937 4687 962 4712; x_wconf 26' lang='lat'><strong>,,</strong></span> <span class='ocrx_word' id='word_1_681' title='bbox 984 4659 1040 4701; x_wconf 92' lang='lat' dir='ltr'><strong>et</strong></span> <span class='ocrx_word' id='word_1_682' title='bbox 1068 4650 1358 4716; x_wconf 87' lang='lat' dir='ltr'><strong>quemdam</strong></span> <span class='ocrx_word' id='word_1_683' title='bbox 1399 4666 1626 4714; x_wconf 84' lang='lat' dir='ltr'><strong>cuneum</strong></span> <span class='ocrx_word' id='word_1_684' title='bbox 1655 4655 2065 4718; x_wconf 79' lang='lat' dir='ltr'><strong>candidatorum</strong></span> <span class='ocrx_word' id='word_1_685' title='bbox 2103 4671 2222 4726; x_wconf 81' lang='lat' dir='ltr'><strong>per-</strong></span> 
     </span>
    </p>
   </div>
   <div class='ocr_carea' id='block_1_91' title="bbox 636 4733 2220 4810">
    <p class='ocr_par' dir='ltr' id='par_1_91' title="bbox 636 4733 2220 4810">
     <span class='ocr_line' id='line_1_91' title="bbox 636 4733 2220 4810; baseline 0.005 -18"><span class='ocrx_word' id='word_1_686' title='bbox 636 4749 896 4794; x_wconf 83' lang='lat' dir='ltr'><strong>sonarum</strong></span> <span class='ocrx_word' id='word_1_687' title='bbox 929 4738 1098 4808; x_wconf 85' lang='lat' dir='ltr'><strong>ipsam</strong></span> <span class='ocrx_word' id='word_1_688' title='bbox 1133 4733 1485 4810; x_wconf 84' lang='lat' dir='ltr'><strong>autiphonatn</strong></span> <span class='ocrx_word' id='word_1_689' title='bbox 1517 4744 1652 4802; x_wconf 71' lang='lat' dir='ltr'><strong>ltetis</strong></span> <span class='ocrx_word' id='word_1_690' title='bbox 1677 4749 2034 4808; x_wconf 86' lang='lat' dir='ltr'><strong>concentibus</strong></span> <span class='ocrx_word' id='word_1_691' title='bbox 2065 4763 2220 4804; x_wconf 77' lang='lat' dir='ltr'><strong>reso-</strong></span> 
     </span>
    </p>
   </div>
   <div class='ocr_carea' id='block_1_92' title="bbox 636 4811 2222 4905">
    <p class='ocr_par' dir='ltr' id='par_1_92' title="bbox 636 4811 2222 4905">
     <span class='ocr_line' id='line_1_92' title="bbox 636 4811 2222 4905; baseline 0.009 -25"><span class='ocrx_word' id='word_1_692' title='bbox 636 4841 789 4882; x_wconf 90' lang='lat' dir='ltr'><strong>nare.</strong></span> <span class='ocrx_word' id='word_1_693' title='bbox 829 4827 949 4886; x_wconf 83' lang='lat' dir='ltr'><strong>Alio</strong></span> <span class='ocrx_word' id='word_1_694' title='bbox 975 4811 1106 4886; x_wconf 71' lang='lat' dir='ltr'><strong>iteni</strong></span> <span class='ocrx_word' id='word_1_695' title='bbox 1135 4833 1627 4902; x_wconf 70' lang='lat' dir='ltr'><strong>temporeprael‘ata</strong></span> <span class='ocrx_word' id='word_1_696' title='bbox 1666 4846 1946 4905; x_wconf 87' lang='lat' dir='ltr'><strong>pastorum</strong></span> <span class='ocrx_word' id='word_1_697' title='bbox 1981 4839 2222 4902; x_wconf 77' lang='lat' dir='ltr'><strong>ecclesia:</strong></span> 
     </span>
    </p>
   </div>
   <div class='ocr_carea' id='block_1_93' title="bbox 636 4919 2222 5001">
    <p class='ocr_par' dir='ltr' id='par_1_93' title="bbox 636 4919 2222 5001">
     <span class='ocr_line' id='line_1_93' title="bbox 636 4919 2222 5001; baseline 0.01 -27"><span class='ocrx_word' id='word_1_698' title='bbox 636 4919 822 4992; x_wconf 75' lang='lat' dir='ltr'><strong>limina</strong></span> <span class='ocrx_word' id='word_1_699' title='bbox 873 4925 1038 4980; x_wconf 89' lang='lat' dir='ltr'><strong>simili</strong></span> <span class='ocrx_word' id='word_1_700' title='bbox 1081 4925 1210 4980; x_wconf 87' lang='lat' dir='ltr'><strong>hora</strong></span> <span class='ocrx_word' id='word_1_701' title='bbox 1257 4929 1370 4996; x_wconf 89' lang='lat' dir='ltr'><strong>pari</strong></span> <span class='ocrx_word' id='word_1_702' title='bbox 1423 4938 1548 4986; x_wconf 85' lang='lat' dir='ltr'><strong>voto</strong></span> <span class='ocrx_word' id='word_1_703' title='bbox 1601 4937 1914 5001; x_wconf 87' lang='lat' dir='ltr'><strong>requirens,</strong></span> <span class='ocrx_word' id='word_1_704' title='bbox 1971 4934 2056 4988; x_wconf 88' lang='lat' dir='ltr'><strong>ubi</strong></span> <span class='ocrx_word' id='word_1_705' title='bbox 2101 4935 2222 4990; x_wconf 88' lang='lat' dir='ltr'><strong>inde</strong></span> 
     </span>
    </p>
   </div>
   <div class='ocr_carea' id='block_1_94' title="bbox 639 5011 2219 5095">
    <p class='ocr_par' dir='ltr' id='par_1_94' title="bbox 639 5011 2219 5095">
     <span class='ocr_line' id='line_1_94' title="bbox 639 5011 2219 5095; baseline 0.009 -29"><span class='ocrx_word' id='word_1_706' title='bbox 639 5011 920 5080; x_wconf 89' lang='lat' dir='ltr'><strong>discessit,</strong></span> <span class='ocrx_word' id='word_1_707' title='bbox 970 5027 1326 5074; x_wconf 87' lang='lat' dir='ltr'><strong>memoratam</strong></span> <span class='ocrx_word' id='word_1_708' title='bbox 1375 5021 1758 5078; x_wconf 59' lang='lat' dir='ltr'><strong>sacratissima;</strong></span> <span class='ocrx_word' id='word_1_709' title='bbox 1785 5022 2022 5095; x_wconf 79' lang='lat' dir='ltr'><strong>Virginis</strong></span> <span class='ocrx_word' id='word_1_710' title='bbox 2051 5026 2219 5080; x_wconf 64' lang='lat' dir='ltr'><strong>eodem</strong></span> 
     </span>
    </p>
   </div>
   <div class='ocr_carea' id='block_1_95' title="bbox 635 5103 2220 5184">
    <p class='ocr_par' dir='ltr' id='par_1_95' title="bbox 635 5103 2220 5184">
     <span class='ocr_line' id='line_1_95' title="bbox 635 5103 2220 5184; baseline 0.011 -28"><span class='ocrx_word' id='word_1_711' title='bbox 635 5116 824 5168; x_wconf 83' lang='lat' dir='ltr'><strong>preces</strong></span> <span class='ocrx_word' id='word_1_712' title='bbox 875 5103 984 5162; x_wconf 90' lang='lat' dir='ltr'><strong>illic</strong></span> <span class='ocrx_word' id='word_1_713' title='bbox 1023 5107 1134 5164; x_wconf 90' lang='lat' dir='ltr'><strong>Deo</strong></span> <span class='ocrx_word' id='word_1_714' title='bbox 1179 5110 1401 5166; x_wconf 78' lang='lat' dir='ltr'><strong>fusurus</strong></span> <span class='ocrx_word' id='word_1_715' title='bbox 1442 5113 1592 5168; x_wconf 89' lang='lat' dir='ltr'><strong>adire</strong></span> <span class='ocrx_word' id='word_1_716' title='bbox 1637 5117 1819 5184; x_wconf 76' lang='lat' dir='ltr'><strong>empit.</strong></span> <span class='ocrx_word' id='word_1_717' title='bbox 1871 5115 2014 5174; x_wconf 82' lang='lat' dir='ltr'><strong>Ecce</strong></span> <span class='ocrx_word' id='word_1_718' title='bbox 2039 5129 2220 5173; x_wconf 87' lang='lat' dir='ltr'><strong>autem</strong></span> 
     </span>
    </p>
   </div>
   <div class='ocr_carea' id='block_1_96' title="bbox 637 5187 2222 5275">
    <p class='ocr_par' dir='ltr' id='par_1_96' title="bbox 637 5187 2222 5275">
     <span class='ocr_line' id='line_1_96' title="bbox 637 5187 2222 5275; baseline 0.01 -26"><span class='ocrx_word' id='word_1_719' title='bbox 637 5194 752 5264; x_wconf 87' lang='lat' dir='ltr'><strong>ipsa</strong></span> <span class='ocrx_word' id='word_1_720' title='bbox 781 5198 1090 5256; x_wconf 90' lang='lat' dir='ltr'><strong>beatissima</strong></span> <span class='ocrx_word' id='word_1_721' title='bbox 1117 5187 1398 5273; x_wconf 21' lang='lat' dir='ltr'><strong>Ivirginum</strong></span> <span class='ocrx_word' id='word_1_722' title='bbox 1427 5203 1606 5275; x_wconf 82' lang='lat' dir='ltr'><strong>Virgo,</strong></span> <span class='ocrx_word' id='word_1_723' title='bbox 1629 5207 1910 5270; x_wconf 79' lang='lat' dir='ltr'><strong>comitata</strong></span> <span class='ocrx_word' id='word_1_724' title='bbox 1932 5224 2222 5265; x_wconf 88' lang='lat' dir='ltr'><strong>numeroso</strong></span> 
     </span>
    </p>
   </div>
   <div class='ocr_carea' id='block_1_97' title="bbox 637 5287 2222 5364">
    <p class='ocr_par' dir='ltr' id='par_1_97' title="bbox 637 5287 2222 5364">
     <span class='ocr_line' id='line_1_97' title="bbox 637 5287 2222 5364; baseline 0.009 -25"><span class='ocrx_word' id='word_1_725' title='bbox 637 5287 906 5356; x_wconf 76' lang='lat' dir='ltr'><strong>virginum</strong></span> <span class='ocrx_word' id='word_1_726' title='bbox 937 5291 1127 5358; x_wconf 87' lang='lat' dir='ltr'><strong>choro,</strong></span> <span class='ocrx_word' id='word_1_727' title='bbox 1159 5294 1394 5348; x_wconf 84' lang='lat' dir='ltr'><strong>venienti</strong></span> <span class='ocrx_word' id='word_1_728' title='bbox 1443 5295 1558 5350; x_wconf 86' lang='lat' dir='ltr'><strong>viro</strong></span> <span class='ocrx_word' id='word_1_729' title='bbox 1606 5298 1899 5364; x_wconf 60' lang='lat' dir='ltr'><strong>occurrit,</strong></span> <span class='ocrx_word' id='word_1_730' title='bbox 1925 5306 1980 5354; x_wconf 88' lang='lat' dir='ltr'><strong>et</strong></span> <span class='ocrx_word' id='word_1_731' title='bbox 2009 5314 2222 5353; x_wconf 86' lang='lat' dir='ltr'><strong>summo</strong></span> 
     </span>
    </p>
   </div>
   <div class='ocr_carea' id='block_1_98' title="bbox 635 5381 2218 5461">
    <p class='ocr_par' dir='ltr' id='par_1_98' title="bbox 635 5381 2218 5461">
     <span class='ocr_line' id='line_1_98' title="bbox 635 5381 2218 5461; baseline 0.007 -26"><span class='ocrx_word' id='word_1_732' title='bbox 635 5393 760 5435; x_wconf 80' lang='lat' dir='ltr'><strong>eum</strong></span> <span class='ocrx_word' id='word_1_733' title='bbox 786 5381 991 5438; x_wconf 88' lang='lat' dir='ltr'><strong>honore</strong></span> <span class='ocrx_word' id='word_1_734' title='bbox 1014 5395 1320 5455; x_wconf 89' lang='lat' dir='ltr'><strong>susceptum</strong></span> <span class='ocrx_word' id='word_1_735' title='bbox 1355 5387 1418 5442; x_wconf 87' lang='lat' dir='ltr'><strong>ad</strong></span> <span class='ocrx_word' id='word_1_736' title='bbox 1456 5403 1608 5443; x_wconf 90' lang='lat' dir='ltr'><strong>suam</strong></span> <span class='ocrx_word' id='word_1_737' title='bbox 1632 5390 1918 5446; x_wconf 87' lang='lat' dir='ltr'><strong>ecclesiam</strong></span> <span class='ocrx_word' id='word_1_738' title='bbox 1963 5407 2069 5461; x_wconf 90' lang='lat' dir='ltr'><strong>quo</strong></span> <span class='ocrx_word' id='word_1_739' title='bbox 2103 5402 2218 5446; x_wconf 84' lang='lat' dir='ltr'><strong>ten-</strong></span> 
     </span>
    </p>
   </div>
   <div class='ocr_carea' id='block_1_99' title="bbox 635 5471 2222 5554">
    <p class='ocr_par' dir='ltr' id='par_1_99' title="bbox 635 5471 2222 5554">
     <span class='ocr_line' id='line_1_99' title="bbox 635 5471 2222 5554; baseline 0.008 -29"><span class='ocrx_word' id='word_1_740' title='bbox 635 5471 799 5527; x_wconf 86' lang='lat' dir='ltr'><strong>debat</strong></span> <span class='ocrx_word' id='word_1_741' title='bbox 825 5473 1022 5530; x_wconf 87' lang='lat' dir='ltr'><strong>duccre</strong></span> <span class='ocrx_word' id='word_1_742' title='bbox 1050 5478 1236 5546; x_wconf 71' lang='lat' dir='ltr'><strong>erepit,</strong></span> <span class='ocrx_word' id='word_1_743' title='bbox 1264 5479 1686 5554; x_wconf 64' lang='lat' dir='ltr'><strong>praecinentibus</strong></span> <span class='ocrx_word' id='word_1_744' title='bbox 1727 5483 1934 5536; x_wconf 88' lang='lat' dir='ltr'><strong>duabus</strong></span> <span class='ocrx_word' id='word_1_745' title='bbox 1964 5485 2028 5538; x_wconf 91' lang='lat' dir='ltr'><strong>dc</strong></span> <span class='ocrx_word' id='word_1_746' title='bbox 2055 5483 2222 5540; x_wconf 86' lang='lat' dir='ltr'><strong>choro</strong></span> 
     </span>
    </p>
   </div>
   <div class='ocr_carea' id='block_1_100' title="bbox 635 5565 2041 5644">
    <p class='ocr_par' dir='ltr' id='par_1_100' title="bbox 635 5565 2041 5644">
     <span class='ocr_line' id='line_1_100' title="bbox 635 5565 2041 5644; baseline 0.007 -26"><span class='ocrx_word' id='word_1_747' title='bbox 635 5565 830 5644; x_wconf 82' lang='lat' dir='ltr'><strong>puellis</strong></span> <span class='ocrx_word' id='word_1_748' title='bbox 858 5565 986 5622; x_wconf 91' lang='lat' dir='ltr'><strong>illud</strong></span> <span class='ocrx_word' id='word_1_749' title='bbox 1012 5567 1212 5624; x_wconf 86' lang='lat' dir='ltr'><strong>Sedulii</strong></span> <span class='ocrx_word' id='word_1_750' title='bbox 1239 5587 1460 5638; x_wconf 84' lang='lat' dir='ltr'><strong>carmen</strong></span> <span class='ocrx_word' id='word_1_751' title='bbox 1485 5574 1668 5642; x_wconf 87' lang='lat' dir='ltr'><strong>itaque</strong></span> <span class='ocrx_word' id='word_1_752' title='bbox 1693 5575 1996 5632; x_wconf 87' lang='lat' dir='ltr'><strong>dicentibus</strong></span> <span class='ocrx_word' id='word_1_753' title='bbox 2029 5594 2041 5628; x_wconf 90' lang='lat'><em>:</em></span> 
     </span>
    </p>
   </div>
   <div class='ocr_carea' id='block_1_101' title="bbox 706 5660 2082 5730">
    <p class='ocr_par' dir='ltr' id='par_1_101' title="bbox 706 5660 2082 5730">
     <span class='ocr_line' id='line_1_101' title="bbox 706 5660 2082 5730; baseline 0.004 -14"><span class='ocrx_word' id='word_1_754' title='bbox 706 5660 1011 5729; x_wconf 81' lang='lat' dir='ltr'><strong>Cantemus,</strong></span> <span class='ocrx_word' id='word_1_755' title='bbox 1037 5662 1214 5728; x_wconf 77' lang='lat' dir='ltr'><strong>sociw,</strong></span> <span class='ocrx_word' id='word_1_756' title='bbox 1247 5663 1488 5730; x_wconf 83' lang='lat' dir='ltr'><strong>Domino,</strong></span> <span class='ocrx_word' id='word_1_757' title='bbox 1524 5677 1791 5722; x_wconf 82' lang='lat' dir='ltr'><strong>cantemus</strong></span> <span class='ocrx_word' id='word_1_758' title='bbox 1819 5669 2082 5724; x_wconf 78' lang='lat' dir='ltr'><strong>honorem.</strong></span> 
     </span>
    </p>
   </div>
   <div class='ocr_carea' id='block_1_102' title="bbox 629 5755 1802 5830">
    <p class='ocr_par' dir='ltr' id='par_1_102' title="bbox 629 5755 1802 5830">
     <span class='ocr_line' id='line_1_102' title="bbox 629 5755 1802 5830; baseline 0.006 -21"><span class='ocrx_word' id='word_1_759' title='bbox 629 5811 638 5820; x_wconf 72' lang='grc'><em>,</em></span> <span class='ocrx_word' id='word_1_760' title='bbox 710 5755 896 5818; x_wconf 75' lang='lat' dir='ltr'><strong>Dulcis</strong></span> <span class='ocrx_word' id='word_1_761' title='bbox 931 5773 1082 5814; x_wconf 84' lang='lat' dir='ltr'><strong>amor</strong></span> <span class='ocrx_word' id='word_1_762' title='bbox 1109 5755 1303 5812; x_wconf 78' lang='lat' dir='ltr'><strong>Christi</strong></span> <span class='ocrx_word' id='word_1_763' title='bbox 1327 5771 1560 5829; x_wconf 77' lang='lat' dir='ltr'><strong>personet</strong></span> <span class='ocrx_word' id='word_1_764' title='bbox 1586 5777 1672 5823; x_wconf 82' lang='lat' dir='ltr'><strong>ore</strong></span> <span class='ocrx_word' id='word_1_765' title='bbox 1698 5762 1802 5830; x_wconf 77' lang='lat' dir='ltr'><strong>pio.</strong></span> 
     </span>
    </p>
   </div>
   <div class='ocr_carea' id='block_1_103' title="bbox 2327 4543 3760 4636">
    <p class='ocr_par' dir='ltr' id='par_1_103' title="bbox 2327 4543 3760 4636">
     <span class='ocr_line' id='line_1_103' title="bbox 2327 4543 3760 4636; baseline -0.02 -14"><span class='ocrx_word' id='word_1_766' title='bbox 2327 4543 2430 4632; x_wconf 79' lang='lat' dir='ltr'><strong>est,</strong></span> <span class='ocrx_word' id='word_1_767' title='bbox 2463 4543 2520 4620; x_wconf 83' lang='lat' dir='ltr'><strong>et</strong></span> <span class='ocrx_word' id='word_1_768' title='bbox 2543 4564 2692 4636; x_wconf 80' lang='lat' dir='ltr'><strong>gravi</strong></span> <span class='ocrx_word' id='word_1_769' title='bbox 2725 4562 2984 4622; x_wconf 87' lang='lat' dir='ltr'><strong>seandalo</strong></span> <span class='ocrx_word' id='word_1_770' title='bbox 3013 4561 3215 4632; x_wconf 91' lang='lat' dir='ltr'><strong>quique</strong></span> <span class='ocrx_word' id='word_1_771' title='bbox 3247 4576 3342 4631; x_wconf 89' lang='lat' dir='ltr'><strong>per</strong></span> <span class='ocrx_word' id='word_1_772' title='bbox 3379 4557 3589 4628; x_wconf 81' lang='lat' dir='ltr'><strong>Angliam</strong></span> <span class='ocrx_word' id='word_1_773' title='bbox 3619 4543 3760 4613; x_wconf 57' lang='lat' dir='ltr'><strong>magis</strong></span> 
     </span>
    </p>
   </div>
   <div class='ocr_carea' id='block_1_104' title="bbox 2325 4639 3759 4718">
    <p class='ocr_par' dir='ltr' id='par_1_104' title="bbox 2325 4639 3759 4718">
     <span class='ocr_line' id='line_1_104' title="bbox 2325 4639 3759 4718; baseline -0.02 -5"><span class='ocrx_word' id='word_1_774' title='bbox 2325 4673 2388 4713; x_wconf 80' lang='lat' dir='ltr'><strong>ex</strong></span> <span class='ocrx_word' id='word_1_775' title='bbox 2432 4657 2534 4712; x_wconf 89' lang='lat' dir='ltr'><strong>hoc</strong></span> <span class='ocrx_word' id='word_1_776' title='bbox 2565 4662 2745 4712; x_wconf 91' lang='lat' dir='ltr'><strong>mente</strong></span> <span class='ocrx_word' id='word_1_777' title='bbox 2789 4652 3058 4710; x_wconf 82' lang='lat' dir='ltr'><strong>vulnerati</strong></span> <span class='ocrx_word' id='word_1_778' title='bbox 3101 4661 3252 4708; x_wconf 89' lang='lat' dir='ltr'><strong>sunt.</strong></span> <span class='ocrx_word' id='word_1_779' title='bbox 3297 4649 3442 4718; x_wconf 85' lang='lat' dir='ltr'><strong>Quod</strong></span> <span class='ocrx_word' id='word_1_780' title='bbox 3479 4639 3759 4701; x_wconf 65' lang='lat' dir='ltr'><strong>scandalum!</strong></span> 
     </span>
    </p>
   </div>
   <div class='ocr_carea' id='block_1_105' title="bbox 2325 4739 3758 4826">
    <p class='ocr_par' dir='ltr' id='par_1_105' title="bbox 2325 4739 3758 4826">
     <span class='ocr_line' id='line_1_105' title="bbox 2325 4739 3758 4826; baseline -0.013 -26"><span class='ocrx_word' id='word_1_781' title='bbox 2325 4747 2705 4802; x_wconf 86' lang='lat' dir='ltr'><strong>vehementius</strong></span> <span class='ocrx_word' id='word_1_782' title='bbox 2755 4743 2857 4800; x_wconf 81' lang='lat' dir='ltr'><strong>fuit</strong></span> <span class='ocrx_word' id='word_1_783' title='bbox 2893 4759 3003 4814; x_wconf 88' lang='lat' dir='ltr'><strong>quo</strong></span> <span class='ocrx_word' id='word_1_784' title='bbox 3051 4761 3148 4799; x_wconf 81' lang='lat' dir='ltr'><strong>rex</strong></span> <span class='ocrx_word' id='word_1_785' title='bbox 3187 4744 3328 4799; x_wconf 89' lang='lat' dir='ltr'><strong>idem</strong></span> <span class='ocrx_word' id='word_1_786' title='bbox 3361 4740 3608 4812; x_wconf 80' lang='lat' dir='ltr'><strong>legitimam</strong></span> <span class='ocrx_word' id='word_1_787' title='bbox 3629 4739 3758 4826; x_wconf 60' lang='lat' dir='ltr'><strong>utere!!!</strong></span> 
     </span>
    </p>
   </div>
   <div class='ocr_carea' id='block_1_106' title="bbox 2325 4817 3758 4912">
    <p class='ocr_par' dir='ltr' id='par_1_106' title="bbox 2325 4817 3758 4912">
     <span class='ocr_line' id='line_1_106' title="bbox 2325 4817 3758 4912; baseline -0.02 -16"><span class='ocrx_word' id='word_1_788' title='bbox 2325 4840 2562 4896; x_wconf 86' lang='lat' dir='ltr'><strong>habebat</strong></span> <span class='ocrx_word' id='word_1_789' title='bbox 2597 4838 2880 4898; x_wconf 54' lang='lat' dir='ltr'><strong>[Elﬂedam</strong></span> <span class='ocrx_word' id='word_1_790' title='bbox 2914 4835 3198 4902; x_wconf 89' lang='lat' dir='ltr'><strong>videlicet,</strong></span> <span class='ocrx_word' id='word_1_791' title='bbox 3245 4831 3536 4912; x_wconf 79' lang='lat' dir='ltr'><strong>cognomine</strong></span> <span class='ocrx_word' id='word_1_792' title='bbox 3559 4817 3758 4912; x_wconf 55' lang='lat' dir='ltr'><strong>Caudina.</strong></span> 
     </span>
    </p>
   </div>
   <div class='ocr_carea' id='block_1_107' title="bbox 2325 4909 3760 5000">
    <p class='ocr_par' dir='ltr' id='par_1_107' title="bbox 2325 4909 3760 5000">
     <span class='ocr_line' id='line_1_107' title="bbox 2325 4909 3760 5000; baseline -0.013 -14"><span class='ocrx_word' id='word_1_793' title='bbox 2325 4930 2590 4986; x_wconf 76' lang='lat' dir='ltr'><strong>Ordinteri</strong></span> <span class='ocrx_word' id='word_1_794' title='bbox 2631 4929 2978 5000; x_wconf 62' lang='lat' dir='ltr'><strong>praepotentis</strong></span> <span class='ocrx_word' id='word_1_795' title='bbox 3027 4909 3370 4998; x_wconf 85' lang='lat' dir='ltr'><strong>orientalium</strong></span> <span class='ocrx_word' id='word_1_796' title='bbox 3408 4919 3644 4990; x_wconf 75' lang='lat' dir='ltr'><strong>Anglorum</strong></span> <span class='ocrx_word' id='word_1_797' title='bbox 3677 4909 3760 4961; x_wconf 59' lang='lat' dir='ltr'><strong>ditt”</strong></span> 
     </span>
    </p>
   </div>
   <div class='ocr_carea' id='block_1_108' title="bbox 2326 5001 3758 5090">
    <p class='ocr_par' dir='ltr' id='par_1_108' title="bbox 2326 5001 3758 5090">
     <span class='ocr_line' id='line_1_108' title="bbox 2326 5001 3758 5090; baseline -0.02 -14"><span class='ocrx_word' id='word_1_798' title='bbox 2326 5021 2527 5087; x_wconf 87' lang='lat' dir='ltr'><strong>tiliam,</strong></span> <span class='ocrx_word' id='word_1_799' title='bbox 2558 5022 2625 5076; x_wconf 88' lang='lat' dir='ltr'><strong>de</strong></span> <span class='ocrx_word' id='word_1_800' title='bbox 2673 5035 2780 5090; x_wconf 89' lang='lat' dir='ltr'><strong>qua</strong></span> <span class='ocrx_word' id='word_1_801' title='bbox 2824 5028 2880 5075; x_wconf 90' lang='lat' dir='ltr'><strong>et</strong></span> <span class='ocrx_word' id='word_1_802' title='bbox 2921 5029 3170 5075; x_wconf 88' lang='lat' dir='ltr'><strong>sanctum</strong></span> <span class='ocrx_word' id='word_1_803' title='bbox 3218 5013 3550 5073; x_wconf 82' lang='lat' dir='ltr'><strong>Eadwardum</strong></span> <span class='ocrx_word' id='word_1_804' title='bbox 3587 5001 3758 5076; x_wconf 60' lang='lat' dir='ltr'><strong>genuerat.</strong></span> 
     </span>
    </p>
   </div>
   <div class='ocr_carea' id='block_1_109' title="bbox 2327 5109 3476 5184">
    <p class='ocr_par' dir='ltr' id='par_1_109' title="bbox 2327 5109 3476 5184">
     <span class='ocr_line' id='line_1_109' title="bbox 2327 5109 3476 5184; baseline -0.007 -14"><span class='ocrx_word' id='word_1_805' title='bbox 2327 5113 2429 5170; x_wconf 85' lang='lat' dir='ltr'><strong>Ubi</strong></span> <span class='ocrx_word' id='word_1_806' title='bbox 2469 5127 2597 5167; x_wconf 89' lang='lat' dir='ltr'><strong>vero</strong></span> <span class='ocrx_word' id='word_1_807' title='bbox 2626 5127 2712 5167; x_wconf 90' lang='lat' dir='ltr'><strong>res</strong></span> <span class='ocrx_word' id='word_1_808' title='bbox 2743 5109 3310 5178; x_wconf 67' lang='lat' dir='ltr'><strong>Duttstanoinnotuit,</strong></span> <span class='ocrx_word' id='word_1_809' title='bbox 3331 5115 3430 5184; x_wconf 74' lang='lat' dir='ltr'><strong>etc.</strong></span> <span class='ocrx_word' id='word_1_810' title='bbox 3471 5165 3476 5168; x_wconf 73' lang='grc'>,</span> 
     </span>
    </p>
   </div>
   <div class='ocr_carea' id='block_1_110' title="bbox 2399 5203 3759 5299">
    <p class='ocr_par' dir='ltr' id='par_1_110' title="bbox 2399 5203 3759 5299">
     <span class='ocr_line' id='line_1_110' title="bbox 2399 5203 3759 5299; baseline -0.015 -17"><span class='ocrx_word' id='word_1_811' title='bbox 2399 5226 2780 5299; x_wconf 57' lang='lat' dir='ltr'><strong>(Sequiturvle</strong></span> <span class='ocrx_word' id='word_1_812' title='bbox 2831 5225 3155 5299; x_wconf 67' lang='lat' dir='ltr'><strong>correptione</strong></span> <span class='ocrx_word' id='word_1_813' title='bbox 3203 5219 3457 5299; x_wconf 64' lang='grc' dir='ltr'><strong>Ηφαιαηί</strong></span> <span class='ocrx_word' id='word_1_814' title='bbox 3495 5225 3538 5270; x_wconf 79' lang='lat' dir='ltr'><strong>et</strong></span> <span class='ocrx_word' id='word_1_815' title='bbox 3573 5203 3759 5281; x_wconf 57' lang='lat' dir='ltr'><strong>W5“</strong></span> 
     </span>
    </p>
   </div>
   <div class='ocr_carea' id='block_1_111' title="bbox 2329 5293 3298 5368">
    <p class='ocr_par' dir='ltr' id='par_1_111' title="bbox 2329 5293 3298 5368">
     <span class='ocr_line' id='line_1_111' title="bbox 2329 5293 3298 5368; baseline -0.006 -16"><span class='ocrx_word' id='word_1_816' title='bbox 2329 5293 2461 5368; x_wconf 76' lang='lat' dir='ltr'><strong>regis</strong></span> <span class='ocrx_word' id='word_1_817' title='bbox 2475 5293 2586 5363; x_wconf 59' lang='lat' dir='ltr'><strong>{de</strong></span> <span class='ocrx_word' id='word_1_818' title='bbox 2609 5297 2798 5368; x_wconf 79' lang='lat' dir='ltr'><strong>quibus</strong></span> <span class='ocrx_word' id='word_1_819' title='bbox 2827 5297 2940 5352; x_wconf 77' lang='lat' dir='ltr'><strong>vide</strong></span> <span class='ocrx_word' id='word_1_820' title='bbox 2965 5293 3298 5363; x_wconf 77' lang='lat' dir='ltr'><strong>Osbcrnum.)</strong></span> 
     </span>
    </p>
   </div>
   <div class='ocr_carea' id='block_1_112' title="bbox 2398 5369 3756 5456">
    <p class='ocr_par' dir='ltr' id='par_1_112' title="bbox 2398 5369 3756 5456">
     <span class='ocr_line' id='line_1_112' title="bbox 2398 5369 3756 5456; baseline -0.018 -11"><span class='ocrx_word' id='word_1_821' title='bbox 2398 5389 2545 5445; x_wconf 91' lang='lat' dir='ltr'><strong>Ordo</strong></span> <span class='ocrx_word' id='word_1_822' title='bbox 2571 5388 2838 5444; x_wconf 88' lang='lat' dir='ltr'><strong>clericalis</strong></span> <span class='ocrx_word' id='word_1_823' title='bbox 2865 5403 2929 5443; x_wconf 90' lang='lat' dir='ltr'><strong>ea</strong></span> <span class='ocrx_word' id='word_1_824' title='bbox 2965 5393 3284 5456; x_wconf 83' lang='lat' dir='ltr'><strong>tempestate</strong></span> <span class='ocrx_word' id='word_1_825' title='bbox 3315 5379 3569 5454; x_wconf 85' lang='lat' dir='ltr'><strong>plurimum</strong></span> <span class='ocrx_word' id='word_1_826' title='bbox 3591 5369 3756 5456; x_wconf 59' lang='lat' dir='ltr'><strong>crater“</strong></span> 
     </span>
    </p>
   </div>
   <div class='ocr_carea' id='block_1_113' title="bbox 2329 5453 3756 5550">
    <p class='ocr_par' dir='ltr' id='par_1_113' title="bbox 2329 5453 3756 5550">
     <span class='ocr_line' id='line_1_113' title="bbox 2329 5453 3756 5550; baseline -0.022 -12"><span class='ocrx_word' id='word_1_827' title='bbox 2329 5491 2538 5550; x_wconf 86' lang='lat' dir='ltr'><strong>ruptus,</strong></span> <span class='ocrx_word' id='word_1_828' title='bbox 2563 5489 2617 5536; x_wconf 90' lang='lat' dir='ltr'><strong>et</strong></span> <span class='ocrx_word' id='word_1_829' title='bbox 2639 5478 2883 5546; x_wconf 83' lang='lat' dir='ltr'><strong>canonici</strong></span> <span class='ocrx_word' id='word_1_830' title='bbox 2904 5493 3026 5534; x_wconf 90' lang='lat' dir='ltr'><strong>eum</strong></span> <span class='ocrx_word' id='word_1_831' title='bbox 3053 5453 3378 5547; x_wconf 81' lang='lat' dir='ltr'><strong>presbyteris</strong></span> <span class='ocrx_word' id='word_1_832' title='bbox 3403 5468 3596 5542; x_wconf 86' lang='lat' dir='ltr'><strong>plebium</strong></span> <span class='ocrx_word' id='word_1_833' title='bbox 3613 5453 3756 5550; x_wconf 54' lang='lat' dir='ltr'><strong>voluitu-</strong></span> 
     </span>
    </p>
   </div>
   <div class='ocr_carea' id='block_1_114' title="bbox 2329 5539 3756 5642">
    <p class='ocr_par' dir='ltr' id='par_1_114' title="bbox 2329 5539 3756 5642">
     <span class='ocr_line' id='line_1_114' title="bbox 2329 5539 3756 5642; baseline -0.003 -14"><span class='ocrx_word' id='word_1_834' title='bbox 2329 5539 2697 5642; x_wconf 32' lang='lat' dir='ltr'><strong>tib-us&#39;earnis</strong></span> <span class='ocrx_word' id='word_1_835' title='bbox 2741 5569 2860 5638; x_wconf 78' lang='lat' dir='ltr'><strong>plus</strong></span> <span class='ocrx_word' id='word_1_836' title='bbox 2905 5584 3060 5638; x_wconf 64' lang='lat' dir='ltr'><strong>atquo</strong></span> <span class='ocrx_word' id='word_1_837' title='bbox 3109 5555 3472 5638; x_wconf 75' lang='lat' dir='ltr'><strong>inserviebam.</strong></span> <span class='ocrx_word' id='word_1_838' title='bbox 3499 5539 3756 5642; x_wconf 61' lang='lat' dir='ltr'><strong>0&#39;1.0‘”&quot;_l“_“&#39;_i</strong></span> 
     </span>
    </p>
   </div>
   <div class='ocr_carea' id='block_1_115' title="bbox 2329 5637 3756 5733">
    <p class='ocr_par' dir='ltr' id='par_1_115' title="bbox 2329 5637 3756 5733">
     <span class='ocr_line' id='line_1_115' title="bbox 2329 5637 3756 5733; baseline -0.02 -13"><span class='ocrx_word' id='word_1_839' title='bbox 2329 5637 2638 5732; x_wconf 81' lang='lat' dir='ltr'><strong>Dunstanus</strong></span> <span class='ocrx_word' id='word_1_840' title='bbox 2700 5662 2990 5733; x_wconf 31' lang='lat' dir='ltr'><strong>corrigere,</strong></span> <span class='ocrx_word' id='word_1_841' title='bbox 3037 5661 3286 5732; x_wconf 89' lang='lat' dir='ltr'><strong>cupiens,</strong></span> <span class='ocrx_word' id='word_1_842' title='bbox 3345 5657 3497 5710; x_wconf 83' lang='lat' dir='ltr'><strong>fretus</strong></span> <span class='ocrx_word' id='word_1_843' title='bbox 3549 5637 3756 5733; x_wconf 49' lang='lat' dir='ltr'><strong>auctonuii</strong></span> 
     </span>
    </p>
   </div>
   <div class='ocr_carea' id='block_1_116' title="bbox 2327 5731 3756 5830">
    <p class='ocr_par' dir='ltr' id='par_1_116' title="bbox 2327 5731 3756 5830">
     <span class='ocr_line' id='line_1_116' title="bbox 2327 5731 3756 5830; baseline -0.017 -16"><span class='ocrx_word' id='word_1_844' title='bbox 2327 5731 2551 5814; x_wconf 82' lang='lat' dir='ltr'><strong>Joannis</strong></span> <span class='ocrx_word' id='word_1_845' title='bbox 2613 5731 2918 5830; x_wconf 67' lang='lat' dir='ltr'><strong>apostolicae</strong></span> <span class='ocrx_word' id='word_1_846' title='bbox 2988 5731 3133 5811; x_wconf 81' lang='lat' dir='ltr'><strong>sedis</strong></span> <span class='ocrx_word' id='word_1_847' title='bbox 3193 5749 3464 5810; x_wconf 88' lang='lat' dir='ltr'><strong>antistitis,</strong></span> <span class='ocrx_word' id='word_1_848' title='bbox 3513 5737 3616 5809; x_wconf 82' lang='lat' dir='ltr'><strong>apud</strong></span> <span class='ocrx_word' id='word_1_849' title='bbox 3649 5731 3756 5792; x_wconf 50' lang='lat' dir='ltr'><strong>ut!“</strong></span> 
     </span>
    </p>
   </div>
  </div>
