3870 6304
29 398 109 455 ῚΞΠ

26 507 218 571 obtiimit
242 513 514 576 quatenus
546 501 813 569 canonici,
845 499 934 572 qui
967 508 1114 555 caste
1138 499 1319 556 vivere
1349 500 1570 560 nollent,
1605 499 1648 556 Α

33 599 252 658 Etclesiis
275 609 411 665 quas
467 594 720 647 tenebant
766 591 1185 663 depellerentur,
1223 598 1276 645 et
1323 591 1572 644 monachi

36 693 133 748 loco
167 700 344 744 eorum
390 683 899 738 intromitterentur.
949 681 1277 736 Prmsidebat
1321 695 1383 734 ea
1435 689 1570 735 tem-

37 789 212 854 pestate
249 775 524 830 Wentante
558 773 810 828 Ecclesiae
844 772 1039 844 praesul
1061 770 1451 835 Athelwohlus,
1490 771 1576 824 vir

34 870 211 927 eximia:
251 865 573 928 sanctitatis,
613 872 666 917 et
721 863 1044 917 educatione
1087 861 1262 916 Patris
1314 859 1574 914 Dunstani

34 979 117 1020 non
137 976 310 1033 parum
334 957 575 1026 insignis.
606 955 703 1011 Hic
725 955 971 1026 praescita
1001 955 1067 1010 de
1096 954 1371 1009 canonicis
1396 951 1578 1006 Eccle-

34 1058 108 1112 sia:
143 1069 262 1118 suze,
292 1051 382 1122 qui
427 1049 651 1104 nimium
693 1047 984 1102 saeculares
1021 1046 1350 1110 existebant,
1389 1045 1578 1099 volun-

34 1160 122 1205 tate
149 1144 420 1208 Dunstani,
449 1141 658 1197 monuit
683 1156 778 1197 eos
803 1139 972 1196 semel
1009 1147 1064 1194 et
1098 1140 1293 1207 saepius
1323 1152 1499 1192 mores
1523 1145 1590 1192 et’

35 1251 158 1296 actus
205 1246 444 1302 mutare,
507 1234 853 1291 eorrcctioris
905 1233 1027 1286 vita}
1091 1231 1334 1294 semitas,
1377 1228 1579 1284 relictis

35 1331 234 1394 feminis,
255 1330 515 1399 arripere.
546 1329 616 1382 At
639 1327 711 1380 illi
745 1325 1235 1395 impraesentiarum
1266 1324 1478 1394 quidem
1525 1321 1578 1377 id

34 1423 112 1477 sibi
133 1420 370 1491 possibile
403 1434 523 1474 esse
551 1429 828 1490 negantes,
859 1432 990 1472 voce
1024 1418 1245 1471 corvina
1282 1431 1495 1485 semper
1525 1415 1577 1467 in

35 1513 284 1566 crastinum
314 1511 710 1565 correctionem
739 1508 818 1562 sui
850 1507 1263 1577 pollicebantur.
1293 1507 1442 1572 Quod
1469 1506 1580 1573 ipse

35 1619 196 1676 gnarus
222 1619 321 1655 non
354 1603 448 1655 ditt
488 1600 766 1656 sustinuit.
795 1599 1004 1652 Paratis
1036 1614 1227 1668 nempe
1250 1596 1584 1669 quampluri-

33 1694 114 1748 tnis
134 1695 503 1752 monachorum
527 1691 751 1764 cucullis
772 1691 857 1747 tlie
894 1705 1000 1759 quo
1025 1689 1331 1746 communio
1380 1685 1582 1743 Servile

34 1785 220 1843 Domino
240 1787 291 1840 in
315 1787 500 1841 timore
523 1767 858 1848 cantabatur,
885 1783 1108 1844 chorum
1139 1781 1378 1846 intravit,
1404 1788 1584 1835 vestes

35 1894 142 1946 quas
173 1885 456 1948 paraverat.
490 1891 672 1931 secum
710 1876 907 1932 deferri
965 1874 1188 1930 faciens.
1223 1850 1292 1932 Et
1325 1873 1580 1942 projeetis

35 1967 118 2023 illis
151 1968 198 2022 in
245 1966 518 2030 medium,
567 1965 844 2025 canonicis
883 1965 1004 2022 ait:
1046 1981 1064 2015 ι
1107 1962 1582 2020 Animatlvertistis

35 2059 135 2128 quid
163 2060 305 2114 modo
334 2058 721 2114 cantaveritis?
754 2057 1272 2121 Animadvertimus,
1309 2055 1579 2124 inquiunt.

33 2151 187 2219 Igitur,
216 2151 401 2220 inquit,
438 2149 484 2204 si
515 2149 719 2204 servire
753 2149 978 2226 Domino
1007 2150 1058 2203 in
1087 2148 1279 2202 timore
1307 2156 1362 2202 et
1388 2146 1437 2201 ei
1465 2145 1584 2205 Vul-

39 2245 89 2297 tis
104 2241 347 2297 exsultare
372 2256 502 2295 cum
530 2249 784 2306 tremore,
810 2239 1197 2310 apprehendite
1221 2237 1581 2307 disciplinain,

35 2341 198 2386 vestem
228 2331 474 2385 videlicet
503 2330 883 2394 mouachilcm,
908 2346 973 2384 nc
1001 2330 1255 2398 pereatis,
1283 2330 1424 2384 sicut
1453 2313 1583 2383 can-

37 2426 176 2490 tastis,
205 2425 266 2480 de
294 2427 376 2480 via
400 2425 556 2494 iusta
579 2423 753 2495 (Psul.
787 2440 848 2490 Il,
881 2424 970 2489 II,
1006 2423 1114 2492 12).
1146 2441 1164 2475 ι
1209 2421 1289 2476 Ad
1331 2423 1473 2492 quod
1506 2421 1581 2474 illi

36 2515 296 2584 stupefacti,
329 2532 489 2572 more
519 2516 677 2572 solito
710 2514 953 2569 inducias
981 2524 1187 2583 petunt,
1227 2515 1277 2568 id
1314 2530 1372 2569 se
1411 2514 1582 2568 factu-

35 2623 106 2662 ras
127 2609 171 2662 in
200 2608 370 2664 futuro
400 2609 751 2678 promittunt.
784 2609 936 2663 Tunc
970 2607 1058 2664 ille
1095 2625 1108 2662 :
1148 2626 1165 2658 ι
1205 2605 1324 2666 Mihi
1355 2608 1580 2670 credite,

35 2699 221 2766 amplius
248 2715 347 2756 non
383 2700 614 2754 credam
648 2699 773 2754 huic
801 2708 996 2754 vestrm
1018 2699 1292 2769 sponsioni
1323 2698 1582 2763 corvinm,

35 2790 104 2841 sed
132 2799 213 2843 aut
238 2789 583 2861 disciplinam
633 2791 684 2844 in
726 2789 979 2860 praesenti
1019 2789 1456 2859 apprchendetis,
1491 2797 1584 2842 aut

35 2880 113 2932 loci
141 2881 276 2937 istius
312 2882 603 2938 beneficiis
636 2891 692 2936 et
721 2881 1122 2936 conversatiooi
1154 2881 1282 2936 hinc
1322 2867 1580 2936 eliminati

33 2968 308 3042 jautjatnqtte
341 2973 577 3028 cedetis.
615 2991 632 3024 ι
667 2957 875 3043 Itaque
905 2971 1146 3028 nonnulli
1174 2988 1239 3026 ex
1268 2972 1372 3027 illis
1399 2973 1582 3026 statim

38 3060 206 3159 abiecto
244 3063 483 3118 clericali
520 3064 704 3117 habitu
738 3063 985 3117 monachi
1017 3063 1145 3117 facti
1175 3072 1324 3128 sunt,
1352 3062 1582 3130 caeteris,

39 3153 154 3218 juxta
183 3156 333 3210 verba
363 3154 665 3226 pontiﬁcis,
699 3155 764 3210 de
795 3155 1035 3210 Ecclesia
1066 3155 1379 3210 eliminatis.
1412 3153 1584 3209 Caete-

43 3258 134 3298 rum
152 3246 261 3315 quia
285 3249 366 3302 isti
393 3248 491 3318 qui
516 3247 592 3302 ita
617 3248 827 3303 uoviter
852 3248 1002 3305 fuere
1028 3247 1296 3313 conversi,
1322 3249 1585 3317 regularis

43 3337 292 3410 disciplina;
330 3358 584 3399 normam
630 3343 748 3398 sine
795 3343 1024 3397 aliorum
1071 3342 1385 3412 magisterio
1429 3341 1588 3403 docte

45 3451 219 3492 servare
245 3442 561 3509 nequibant,
589 3437 836 3492 monachi
863 3437 930 3493 de
951 3435 1265 3492 Abendonia
1303 3437 1370 3491 ab
1400 3437 1586 3492 eodem

47 3531 258 3595 pontifice
289 3533 504 3586 adducti
551 3539 698 3593 sunt,
736 3529 826 3599 qui
877 3526 1193 3584 monasticae
1234 3526 1590 3582 institutionis

46 3625 272 3681 tramitem
306 3626 373 3680 ibi
411 3627 696 3681 docerent.
725 3622 920 3678 Clerici
957 3637 1106 3687 vero,
1134 3621 1222 3692 qui
1253 3619 1409 3688 ejecti
1441 3628 1583 3686 sunt,

44 3713 174 3813 citato
210 3733 385 3784 gressu
434 3731 620 3786 regem
660 3715 881 3778 adeunt,
916 3713 1178 3784 judicium
1226 3723 1390 3783 atque
1428 3711 1590 3781 justi-

47 3803 148 3858 tiam
176 3806 266 3861 sibi
291 3807 355 3862 de
390 3805 712 3874 expulsione
741 3804 822 3858 sui
857 3803 973 3862 fieri
1004 3801 1296 3873 postulant.
1340 3799 1591 3857 Refertur

46 3897 276 3962 negotium
307 3898 369 3951 ad
406 3895 742 3950 audientiam
773 3893 1059 3958 Dunstani,
1092 3903 1145 3948 et
1180 3893 1294 3963 ipse
1321 3908 1410 3949 eos
1435 3909 1589 3963 mqua

43 3989 276 4052 posmlat‘e
319 3987 660 4059 pronuntiat.
707 3986 876 4058 Igitur
923 4001 986 4041 ex
1039 3994 1306 4055 przcecpto
1354 3986 1495 4056 regis
1537 3994 1591 4040 et

44 4077 385 4149 archiepiscopi
415 4079 530 4134 coit
557 4078 890 4133 Wintoniam
936 4077 1191 4132 nobilitas
1219 4079 1369 4149 regni
1405 4077 1587 4142 totius,

41 4174 81 4218 et
108 4183 188 4222 rex
224 4185 340 4225 cum
381 4185 485 4225 sua
530 4171 756 4240 conjuge
793 4169 962 4232 adest,
1008 4170 1076 4224 ad
1119 4170 1587 4224 dcterminaudum

43 4259 248 4322 querelas
273 4261 475 4331 negotii
501 4259 678 4328 hujus.
704 4258 944 4329 Surgunt
971 4259 1096 4314 hinc
1123 4259 1251 4313 inde
1272 4258 1421 4323 lites;
1451 4272 1589 4328 quas

45 4346 309 4406 Dunstanus
369 4351 665 4423 prapositis
723 4351 1024 4406 rationibus
1095 4349 1321 4405 destruit
1377 4365 1586 4405 omnes.

43 4435 411 4499 Rationabiliter
445 4443 642 4515 quippe
670 4440 880 4498 cunctis
905 4442 1141 4497 ostendit
1161 4439 1412 4508 clericos,
1439 4441 1529 4511 qui
1559 4457 1589 4497 a

43 4542 160 4588 torte
194 4535 278 4591 Dei
319 4535 768 4606 incorrigibilitcr
813 4549 910 4604 per
959 4536 1276 4606 pravitatem
1311 4533 1438 4600 vita:
1479 4547 1590 4588 suae

42 4622 293 4694 dissiliunt,
323 4629 528 4712 nil_per
559 4626 934 4682 rectitudinem
977 4627 1076 4681 sibi
1110 4625 1386 4681 vindicare
1429 4640 1589 4696 posse

43 4727 94 4768 ex
124 4716 181 4772 iis
225 4735 338 4790 quae
367 4718 627 4775 Ecclesiis
657 4719 794 4774 datae
824 4727 948 4773 sunt
974 4718 1040 4773 ad
1074 4717 1369 4772 subsidium
1400 4732 1587 4772 eorum

42 4807 113 4874 qui
145 4809 190 4863 in
215 4812 471 4866 clericatn
502 4826 637 4881 pura
670 4811 1080 4866 conversatione
1109 4825 1225 4866 sese
1257 4792 1587 4865 custodiunt.

43 4897 216 4964 Qnibus
240 4906 454 4968 auditis,
494 4904 694 4959 omissa
717 4903 865 4959 omni
904 4902 1300 4968 controversia,
1319 4916 1411 4956 rex
1441 4911 1496 4957 et
1523 4903 1590 4956 de

41 4997 339 5069 principibus
367 5002 552 5072 plures
597 5001 918 5056 clericorum
957 4999 1206 5071 precibus
1237 4997 1302 5053 ad
1335 4996 1590 5068 pietatem

43 5100 185 5158 usque
230 5095 459 5163 permoti
511 5094 848 5150 Dunstanum
898 5090 1589 5163 interpellant;quatenus

44 5175 127 5233 hac
150 5183 251 5237 sola
285 5186 401 5263 vice
425 5193 634 5255 parcat,
662 5193 719 5239 et
748 5183 995 5249 clericos,
1020 5182 1134 5254 jam
1164 5181 1292 5251 quid
1322 5179 1516 5234 amodo
1544 5177 1590 5232 si

41 5280 88 5322 se
111 5285 202 5325 non
230 5275 560 5330 correxerint
604 5275 874 5330 incursuri
906 5274 1014 5329 sint
1045 5274 1219 5344 reipsa
1251 5273 1498 5334 eductos,
1523 5271 1591 5325 de

42 5354 251 5417 Ecclesia
295 5381 390 5421 sua
435 5365 714 5422 revestiat.
750 5349 884 5420 Silet
929 5364 1017 5420 ille
1063 5365 1129 5419 ad
1163 5365 1287 5428 ista,
1330 5358 1589 5434 quidquid

42 5452 346 5515 potissimum
380 5459 446 5514 de
474 5459 688 5539 negotio
727 5459 801 5514 sit
838 5458 1123 5528 agendum,
1154 5456 1390 5512 demisso
1416 5455 1592 5524 capite

43 5553 195 5634 mente
225 5559 538 5618 pertractat.
575 5549 862 5612 Silentium
895 5549 1084 5618 ingens
1116 5556 1346 5617 occupat
1383 5561 1590 5613 omnes,

45 5642 89 5726 gl
121 5643 352 5708 suspensi
395 5644 461 5699 ad
504 5660 823 5726 responsum
867 5643 1138 5714 pontificis
1172 5642 1386 5714 erigunt
1415 5656 1591 5696 aures.

47 5719 175 5784 Tunc
198 5733 371 5788 subito
392 5719 631 5791 crucifixi
658 5736 751 5792 Dei
779 5735 956 5806 imago
982 5733 1136 5804 signo
1162 5734 1341 5789 crucis
1370 5733 1420 5788 in
1453 5732 1595 5788 edito

1615 1849 1657 1903 Β

1276 362 1434 443 vna
1470 385 1526 440 s.
1556 383 1922 442 nussum.

1620 4563 1667 4623 D

3154 364 3259 422 798

1677 497 1866 550 domus
1906 490 2062 546 affixa
2116 488 2460 545 audientibus
2508 483 2721 540 cunctis
2769 482 2948 538 dixit:
2984 479 3106 534 Non
3144 478 3259 547 ﬁet,

1673 605 1776 642 non
1804 588 1911 654 ﬁet.
1941 582 2232 636 Judicastis
2265 581 2408 643 bene,
2437 575 2709 631 nudantis
2736 589 2838 628 non
2866 573 3010 625 bene.
3041 568 3263 622 Treme-

1676 681 1818 733 facto
1855 679 1906 731 iu
1950 675 2034 730 his
2065 672 2222 727 simul
2262 673 2515 726 universo
2561 675 2850 725 conventu,
2886 663 3065 719 intulit
3096 662 3262 716 Pater

1677 773 1987 826 Duustauus
2029 777 2084 822 et
2127 755 2247 821 ait:
2288 785 2306 817 ι
2347 765 2485 832 Quid
2541 761 2772 830 amplius
2817 760 3013 825 vultis,
3065 757 3262 812 fratres

1681 866 1816 920 mei?
1861 862 2051 917 Divina
2091 859 2359 915 sententia
2401 856 2678 910 definitum
2721 853 2948 906 audistis
2988 851 3260 920 negotimu

1678 973 1935 1029 praesens.
1971 976 1988 1008 ι
2022 956 2186 1010 Aiunt
2219 971 2232 1006 :
2272 971 2289 1002 ς
2327 949 2646 1005 Audivimus
2676 961 2820 1000 vere.
2861 965 2878 996 ι
2927 942 3264 998 [insederunt

1680 1050 1846 1121 igitur
1881 1033 2126 1102 monachi
2153 1042 2445 1099 Wintcnite
2465 1039 2732 1106 deinceps
2760 1035 2957 1093 securi.
2986 1043 3061 1094 et,
3086 1030 3263 1098 qnoad

1680 1143 1862 1199 clerici
1892 1142 1991 1213 ipsi
2020 1141 2290 1203 vixerunt,
2314 1135 2404 1206 qui
2429 1149 2522 1189 eos
2549 1146 2713 1201 super
2736 1143 2895 1183 causa
2925 1129 3026 1181 ista
3055 1123 3266 1194 inquic~

1682 1244 1821 1292 taret
1851 1247 2008 1288 nemo
2043 1231 2158 1284 fuit.

1751 1328 1859 1382 Illis
1888 1335 2068 1380 autem
2099 1322 2223 1377 huic
2253 1320 2377 1374 vitae
2423 1313 2716 1372 subtractis
2742 1310 2887 1382 (32),
2934 1308 3026 1364 fllii
3049 1321 3261 1369 eorum,

1681 1420 1960 1490 cupientes
1997 1428 2320 1483 recuperare
2345 1423 2465 1478 quae
2503 1405 2846 1476 perdiderant
2877 1401 2928 1454 in
2957 1396 3268 1468 parentibus

1682 1511 1813 1575 suis,
1849 1507 2088 1562 Scotiam
2121 1503 2403 1563 miserunt,
2434 1505 2489 1552 et
2530 1495 2651 1549 inde
2681 1491 2966 1563 quemdam
2993 1501 3269 1557 praegran—

1684 1602 1786 1668 dis,
1812 1611 1872 1656 ut
1910 1598 2054 1653 fama
2085 1594 2313 1657 ferebat,
2344 1588 2666 1660 eloquentia:
2703 1587 2896 1649 virum,
2927 1579 3267 1635 Bernclmmn

1684 1693 1920 1757 nomine,
1963 1703 2158 1760 magno
2187 1683 2514 1741 conductum
2552 1665 2722 1748 pretio
2759 1677 2810 1729 in
2846 1675 3127 1728 tuitionem
3156 1685 3270 1723 sua:

1684 1798 1862 1840 causas
1908 1759 2097 1837 contra
2149 1779 2486 1832 Dunstanum
2540 1770 2900 1824 adduxerunt.
2953 1759 3268 1832 Conglobatl

1684 1890 1812 1945 ergo
1842 1872 1942 1927 sub
1971 1884 2078 1924 uno
2121 1867 2448 1921 clericorum
2489 1860 2581 1914 filii
2627 1871 2806 1929 regem
2842 1863 3006 1923 atque
3037 1851 3268 1906 Dunsta-

1685 1982 1810 2020 num
1842 1945 2188 2032 apud‘villatn
2233 1970 2353 2026 qua:
2389 1952 2589 2006 dicitur
2617 1947 2785 2002 Kalnc
2817 1946 2868 1999 in
2899 1943 3132 2014 quodam
3161 1953 3271 1993 cm-

1683 2053 1878 2111 naculo
1908 2051 2270 2107 consistentes
2299 2044 2596 2115 reperiunt,
2624 2048 2673 2094 et
2704 2037 2898 2093 armati
2932 2035 3163 2089 rhetore.
3182 2031 3271 2085 illo

1683 2149 1774 2221 qui
1823 2163 1933 2202 sua:
1987 2141 2233 2197 victoriae
2279 2152 2403 2208 spes
2439 2133 2684 2189 'maxima
2733 2127 3137 2196 erat,autiqua:
3177 2139 3269 2178 ca-

1683 2238 1899 2294 lumnia:
1927 2248 2110 2290 coram
2137 2230 2216 2284 eis
2239 2227 2419 2296 jurgia
2453 2230 2730 2294 promunt.
2766 2220 2846 2274 Ad
2888 2232 3008 2287 quae
3041 2216 3272 2269 Dunsta-

1683 2346 1784 2386 nns
1807 2329 1891 2383 his
1914 2324 2094 2381 verbis
2121 2319 2269 2375 brevi
2300 2316 2582 2386 respondit
2615 2331 2628 2365 :
2665 2331 2685 2364 ‹
2721 2308 3058 2366 Calumniam
3089 2307 3273 2368 istam,

1681 2437 1843 2493 quam
1877 2416 2128 2478 movetis,
2154 2411 2340 2466 divino
2383 2422 2478 2462 ore
2502 2405 2615 2474 jam
2645 2403 2773 2459 olim
2807 2400 3085 2456 definitam
3120 2397 3269 2450 novi-

1680 2525 1833 2575 mus;
1889 2522 1988 2562 nec
2033 2519 2154 2560 eam
2202 2514 2343 2554 novo
2386 2494 2639 2552 conflictu
2680 2490 2914 2561 amplius
2947 2489 2999 2542 in
3039 2485 3273 2557 medium

1683 2599 2042 2658 revocandam
2091 2593 2493 2647 existimamus.
2537 2585 2650 2656 Ego
2693 2597 2911 2652 quoque
2953 2578 3274 2650 grandaevus

1682 2710 1824 2757 sum,
1852 2701 1909 2746 et
1953 2688 2079 2742 vitae
2124 2699 2258 2739 mea:
2301 2680 2576 2736 residuum
2622 2675 2768 2744 quod
2813 2671 2972 2744 pauci
3015 2669 3274 2736 temporis

1682 2801 1804 2841 esse
1845 2797 1952 2836 non
1997 2765 2202 2840 nescio,
2233 2775 2282 2828 in
2315 2785 2467 2842 pace,
2499 2769 2542 2824 si
2575 2766 2811 2830 licuerit,
2840 2761 3141 2830 transigere
3170 2775 3268 2814 cu-

1683 2881 1788 2951 pio.
1810 2869 2236 2936 Laboravi,dutn
2266 2861 2654 2936 potui.Amodo
2679 2857 2842 2912 totius
2869 2851 3072 2908 laboris
3103 2851 3272 2918 impa-

1685 2973 1846 3033 tiens,
1873 2963 2103 3021 Domino
2134 2960 2243 3014 Deo
2272 2969 2492 3012 causam
2522 2949 2779 3006 Ecclesiae
2819 2961 2932 3001 sua:
2964 2951 3154 2998 contra
3186 2941 3271 2993 in-

1683 3068 1968 3131 surgentes
2021 3055 2212 3109 hostes
2267 3047 2520 3104 tuendam
2575 3040 2877 3098 committo.
2915 3057 2934 3090 ι
2989 3033 3164 3098 Dixit;
3221 3039 3276 3085 ut

1687 3168 1811 3206 ecce
1841 3147 2102 3205 solarium
2148 3143 2252 3197 sub
2294 3136 2520 3210 pedibus
2549 3146 2738 3188 eorum
2780 3128 2872 3198 qui
2904 3126 3163 3181 adversus
3192 3122 3272 3174 vi-

1691 3263 1811 3302 rum
1846 3246 2216 3299 convenerant
2246 3249 2277 3289 e
2303 3227 2528 3299 vestigio
2553 3223 2768 3288 cecidit,
2799 3229 3096 3286 omnesque
3126 3213 3277 3284 pari-

1690 3348 1770 3394 ter
1810 3334 2178 3406 praecipitatos
2215 3327 2266 3380 in
2315 3335 2414 3378 suo
2457 3331 2586 3373 casu
2639 3328 2746 3368 non
2796 3310 3069 3366 modicum
3114 3303 3272 3359 lmsit.

1690 3433 1790 3488 Ubi
1841 3446 1973 3484 vero
2020 3428 2335 3481 Dunstanus
2384 3429 2508 3472 cum
2556 3410 2671 3465 suis
2715 3408 3077 3469 consistebat,
3129 3399 3276 3456 nulla

1688 3526 1842 3581 ruina
1889 3523 2110 3582 domus,
2162 3516 2342 3572 nullus
2387 3509 2684 3566 emerserat
2730 3514 2912 3558 casus.
2961 3494 3074 3550 IIoc
3117 3493 3278 3561 igitur

1675 3618 1850 3674 modo
1878 3613 2149 3671 calumnia
2193 3608 2518 3664 clericorum
2561 3609 2643 3655 est
2687 3595 2962 3666 sopita,ct
2989 3599 3162 3657 usque
3181 3585 3278 3640 ho-

1687 3712 1773 3766 die
1798 3707 2192 3764 monachorum
2230 3696 2576 3757 convcrsatio
2609 3694 2661 3746 in
2698 3692 2809 3759 ipsa
2849 3683 3076 3740 ecclesia
3109 3677 3278 3734 stabio

1689 3801 1802 3855 lita.
1832 3794 1999 3866 Ejecti
2029 3790 2379 3847 nihilominus
2408 3800 2504 3855 per
2530 3782 2580 3836 id
2612 3774 2870 3846 temporis
2896 3781 2950 3826 et
2978 3769 3066 3824 alii
3087 3781 3279 3837 quam-

1687 3893 1869 3965 plures
1900 3886 2083 3945 clerici
2132 3886 2326 3939 horum
2365 3876 2571 3934 similes
2601 3874 2668 3928 de
2706 3868 2818 3924 suis
2845 3860 3091 3920 ccclesiis
3129 3864 3275 3918 sunt.

1689 3996 1743 4042 et
1783 3981 2036 4040 monachi
2081 3981 2133 4034 in
2167 3978 2346 4032 locum
2395 3973 2636 4042 ipsorum
2670 3960 2969 4022 substituti.
3001 3958 3282 4012 Aucta-est

1691 4078 1853 4147 igitur
1880 4073 2067 4145 religio
2097 4087 2195 4142 per
2220 4066 2469 4138 Angliam
2505 4063 2558 4117 in
2600 4066 2808 4114 tantum
2837 4064 2898 4108 ut
2922 4046 3277 4122 quadraginta

1689 4181 1812 4226 octo
1851 4165 2182 4224 monasteria
2218 4157 2503 4216 monachis
2544 4153 2628 4209 vel
2669 4141 3170 4206 sanctimonialibus
3202 4140 3280 4194 in—

1691 4263 2069 4324 stituerentur,
2113 4249 2528 4324 cooperantibus
2567 4246 2727 4301 beato
2769 4242 3048 4295 Dunstano
3086 4234 3138 4288 in
3178 4232 3281 4285 hoc

1683 4357 1823 4411 viris
1863 4348 2297 4410 venerabilibus,
2344 4339 2596 4398 Oswaldo
2640 4332 2924 4394 videlicet,
2974 4327 3062 4396 qui
3106 4323 3281 4396 primo

1690 4438 2092 4514 Wigorncnsis,
2123 4429 2454 4506 posteafuit
2487 4427 2775 4498 episcopus
2819 4415 3196 4480 Eboracensis,
3228 4420 3283 4466 et

1695 4505 2032 4589 Athvelwoldo
2055 4505 2445 4583 \Viutouiensi,
2469 4529 2698 4588 quormn
2727 4524 2886 4580 supra
2913 4505 3279 4562 meminimus.

1696 4626 1873 4681 Vitam
1915 4624 2099 4692 itaque
2144 4615 2286 4673 beati
2335 4608 2598 4668 Dunstani
2636 4617 2690 4663 et
2731 4613 2886 4659 actus
2919 4595 3283 4655 formidabant

1693 4733 1881 4774 omnes
1931 4715 2022 4785 qui
2052 4711 2302 4767 incedere
2339 4705 2590 4760 volebant
2610 4699 2766 4766 juxta
2798 4695 2914 4749 vias
2945 4685 3280 4746 adinvcntio~

1695 4826 1820 4865 num
1853 4821 2074 4864 suarum
2105 4801 2280 4874 (Psal.
2311 4813 2475 4862 ωαχ,
2509 4793 2620 4863 15).

1765 4900 1910 4954 Inter
1935 4899 2052 4952 haec
2092 4895 2269 4964 sopito
2300 4890 2538 4961 negotio,
2565 4884 2709 4956 quod
2737 4895 2919 4952 regem
2955 4876 3282 4945 Eadgarum,

1696 5005 1764 5046 ne
1809 4988 1958 5060 regio
2001 5000 2156 5042 more
2202 4989 2578 5043 coronaretur,
2612 4975 2943 5037 detinuerat,
2974 4969 3285 5023 Dunstanus

1697 5056 1947 5138 adunaiis
1987 5076 2279 5149 episc0pis,
2308 5072 2594 5130 abbatibus
2624 5076 2678 5123 et
2712 5063 2927 5122 eceteris
2953 5056 3288 5132 principibus

1697 5189 1819 5232 cum
1844 5182 1953 5228 tota
1985 5170 2135 5241 regni
2167 5167 2522 5241 ingenuitate,
2551 5176 2733 5218 coram
2758 5157 2826 5212 iis
2851 5162 3064 5210 astante
3089 5152 3288 5206 immo-

1700 5283 1828 5324 nera
1866 5264 2191 5337 populorum
2229 5257 2572 5316 multitudine
2616 5251 2876 5323 imposuit
2905 5247 2980 5304 illi
3025 5259 3284 5302 coronam

1700 5360 1872 5430 regni,
1904 5357 2264 5429 gaudentibus
2317 5351 2533 5407 cunctis
2580 5357 2636 5403 et
2671 5340 3033 5414 ’jubilantibus
3076 5339 3186 5393 Deo
3233 5340 3287 5392 ir.

1704 5468 1834 5509 voce
1877 5449 2050 5506 laudis
2091 5457 2145 5504 et
2193 5442 2591 5503 exsultationis.
2625 5439 2744 5510 Ipso
2773 5445 2951 5492 autem
2983 5443 3106 5505 post
3132 5432 3290 5488 bien-

1702 5546 1870 5611 nium,
1903 5557 2011 5614 quo
2058 5543 2176 5597 haec
2221 5538 2363 5594 facta
2410 5541 2556 5599 sunt,
2589 5532 2877 5586 immatura
2933 5534 3108 5580 morte
3152 5538 3289 5593 prae-

1701 5646 1883 5703 vento,
1910 5612 2211 5691 Eadwardo
2234 5630 2344 5685 filio
2367 5641 2466 5684 suo
2488 5633 2658 5680 totum
2688 5634 2916 5691 regnum
2942 5612 3288 5672 htereditario

1696 5730 1817 5798 jure
1853 5725 2088 5796 reliquit.
2127 5721 2227 5792 Qui
2272 5717 2590 5782 Edwardus,
2621 5727 2744 5769 cum
2791 5712 2843 5766 in
2878 5722 3060 5781 regem
3100 5715 3289 5762 cense-

106 5839 206 5916 (δῖ)
239 5845 348 5905 Imo
394 5850 477 5907 vix
521 5853 882 5923 septennium,
915 5858 1060 5910 certe
1104 5865 1208 5906 non
1248 5849 1592 5915 decennium,
1633 5844 1876 5903 euaciliis
1901 5839 2265 5901 Wintonicusi
2298 5847 2351 5895 et
2383 5831 2634 5894 Catinensi
2673 5825 2978 5888 intercessit
