3870 6304
647 335 754 394 πθ

1642 331 1728 386 EA
1738 328 1949 385 DMEIII
1987 323 2541 400 CANTUARIENSIS
2581 322 2895 382 NONACIII
3705 334 3772 394 ιη

649 448 791 507 erari
833 446 1082 510 deberet,
1127 443 1369 502 nonnulli
1416 443 1482 498 de
1523 442 1858 514 principibus
1903 453 2059 498 terrae
2102 455 2234 498 con—
2266 440 2311 496 Δ
2339 435 2612 492 nonnuilis
2665 434 2819 500 aliis,
2868 447 2990 503 quae
3033 440 3246 488 constat
3292 447 3407 487 eum
3453 435 3659 491 veraciter
3688 458 3768 510 βα.

627 541 826 596 'traire
868 553 937 594 ne
967 553 1060 592 rex
1091 537 1244 591 fieret
1282 535 1385 592 nisi
1413 543 1566 601 sunt,
1594 550 1717 590 cum
1754 534 1883 604 quia
1928 549 2138 588 morum
2171 531 2233 586 il-

650 629 755 684 lius
801 628 1168 695 severitatem,
1220 641 1324 697 qua
1375 626 1430 681 iu
1471 640 1692 682 suorum
1739 640 1996 680 excessus
2035 625 2234 680 acriter

650 721 843 777 saevire
871 729 1246 783 consueverat.
1283 727 1592 787 suspectam
1630 718 1924 785 habebant,
1954 727 2064 773 tum
2103 717 2232 788 quia

654 820 881 867 matrem
911 809 1052 881 ejus,
1085 809 1212 865 licet
1239 809 1484 880 legaliter
1527 817 1772 878 nuptam,
1797 809 1848 862 in
1885 822 2108 878 regnum
2147 817 2230 862 ta-

653 919 775 960 men
807 919 912 960 non
944 903 1118 975 magis
1141 919 1304 974 quam
1335 911 1543 973 patrem
1577 901 1716 971 ejus,
1739 901 1868 957 dum
1897 917 2019 958 eutn
2049 901 2234 971 genu‘t

647 1006 919 1052 sacratam
946 995 1115 1052 fuisse
1141 997 1408 1053 sciebant.
1441 996 1546 1052 Sed
1573 997 1882 1053 Dunstanus
1907 996 2235 1052 discretione

647 1096 706 1144 et
749 1087 1016 1144 industria
1058 1088 1297 1144 conlisus
1341 1088 1720 1156 adolescentis,
1759 1103 1925 1142 unum
1965 1103 2070 1143 non
2115 1101 2230 1142 me-

651 1183 830 1242 tuens,
862 1186 920 1234 et
966 1178 1253 1232 observato
1305 1185 1542 1248 paternae
1587 1177 1917 1233 hzereditatis
1966 1185 2023 1232 et
2070 1185 2236 1231 testa-

651 1264 819 1320 menti
845 1264 970 1336 jure
1011 1263 1154 1326 aliud
1185 1275 1557 1332 contemnens,
1580 1275 1800 1337 arrepto
1827 1276 2029 1324 sancta:
2057 1265 2234 1321 crucis

651 1356 850 1411 vexillo
876 1357 1085 1413 medius
1107 1358 1371 1422 constitit,
1393 1367 1450 1413 et
1471 1373 1568 1428 per
1592 1359 1858 1414 rationem
1881 1357 2091 1414 cunctis
2114 1372 2234 1428 quae

651 1447 1046 1516 objiciebantur
1075 1449 1245 1513 elisis,
1273 1449 1593 1505 Edwardum
1636 1465 1816 1521 regem
1846 1450 2147 1513 constituit,
2181 1458 2236 1506 et

650 1539 944 1596 constituto
968 1549 1250 1610 paternum
1285 1539 1560 1608 affectum,
1584 1541 1867 1598 consilium
1893 1550 1947 1596 et
1974 1540 2233 1596 auxilium

651 1627 708 1685 In
738 1629 880 1684 omnl
914 1630 1151 1700 negotio,
1196 1631 1324 1686 dum
1363 1631 1521 1698 vixit,
1549 1632 1810 1689 exhibere
1851 1632 2083 1688 curavit.
2118 1632 2232 1689 Rex

648 1731 865 1788 quoque
900 1718 974 1773 ita
1013 1734 1196 1774 mores
1237 1734 1368 1777 suos
1413 1721 1469 1776 in
1515 1721 1768 1778 omnibus
1811 1730 1868 1778 et
1903 1736 2001 1790 per
2049 1722 2231 1778 omnia

2337 528 2562 598 dixisse,
2591 527 3008 591 conﬁrmamus,
3036 535 3092 580 et
3135 523 3187 579 id
3231 523 3458 593 subjecto
3493 533 3678 601 exempto
3699 552 3769 602 ειη».

2335 619 2548 676 bamus.

2408 732 2661 803 Sequitur
2687 731 2968 803 prophftitt
2999 729 3258 803 Dunstani
3293 731 3355 783 de
3396 741 3538 784 morte
3574 733 3765 789 Ethdrai':

2337 799 2736 865 ti’imbniensis,
2763 799 2812 856 et
2839 801 3104 870 lio/femi:
3133 799 3505 868 episcoporum;
3530 804 3581 855 de
3611 821 3681 871 qu
3699 826 3769 861 τοι.

2335 875 2449 930 suis
2477 873 2790 928 Osbernum.

2408 965 2488 1019 Ex
2518 962 2848 1018 Atltelwoldi
2899 961 3053 1018 obitu
3106 960 3286 1032 gravis
3330 975 3514 1016 mteror
3553 963 3769 1021 Dunstanum

2335 1054 2620 1125 corripuit,
2652 1068 2775 1109 cum
2806 1052 2932 1124 quia
2961 1051 3097 1106 tanti
3128 1051 3230 1106 viri
3269 1051 3448 1121 ingens
3471 1051 3666 1109 solatium
3689 1061 3766 1110 ani.

2335 1154 2502 1209 serat,
2528 1152 2640 1199 tum
2665 1144 2792 1214 quia
2823 1142 2910 1198 cui
2936 1142 3280 1213 potissimum
3304 1150 3488 1196 tenerae
3502 1143 3637 1199 adhuc
3653 1155 3770 1200 statam

2335 1235 2594 1293 Ecclesiae
2618 1236 2915 1308 regendum
2955 1234 3318 1290 committeret
3370 1232 3544 1290 dubius
3575 1232 3765 1291 fluctuant.

2335 1326 2482 1394 Quos
2516 1325 2713 1380 ﬂuctus
2747 1323 3068 1395 ingerebant
3117 1322 3301 1377 animo
3344 1321 3454 1392 ejus
3496 1321 3597 1377 hinc
3621 1323 3765 1376 monachi

2337 1435 2508 1490 nuper
2538 1417 2864 1482 intromissi,
2895 1417 3022 1472 hinc
3047 1414 3233 1470 clerici
3271 1413 3336 1469 ab
3359 1412 3560 1468 ecclesia
3586 1413 3648 1468 illa
3665 1414 3766 1483 eject;

2337 1510 2584 1566 M’onacbi
2615 1510 2810 1579 quippe
2833 1523 2943 1563 sua:
2977 1505 3333 1578 professionis
3358 1505 3514 1559 virum
3539 1504 3684 1560 lubere
3709 1509 3770 1574 ινξ-

2334 1618 2557 1672 scopum
2589 1601 2983 1671 praeoptabant.
3013 1597 3209 1655 Clerici
3241 1612 3368 1651 vero
3387 1596 3465 1650 sui
3492 1596 3651 1650 ordinis
3668 1595 3767 1650 hom;-

2337 1713 2460 1753 nem
2493 1695 2595 1751 sibi
2619 1695 2824 1768 praeﬁci
2868 1691 3276 1750 desiderabant.
3308 1689 3382 1744 Illi
3412 1689 3618 1745 videlicet
3636 1704 3768 1758 perm,—

646 1778 1029 1880 eorttponebat,
1057 1812 1129 1866 ita
1157 1821 1327 1866 totum
1357 1828 1578 1884 regnum
1603 1815 1806 1869 sanctis
1827 1778 2034 1886 leg-ibus
2053 1815 2232 1885 dispo-
2261 1801 2306 1861 Β
2336 1789 2570 1886 f‘af'h‘m
2608 1787 2662 1886 in
2694 1785 2927 1886 Ῡεθιθδίδ
2957 1784 3060 1886 ξίδξ
3098 1783 3292 1886 θοιξξίξ³
3325 1778 3768 1886 ,θβιῗίθηίθδμωψπη

648 1899 814 1958 nebat
842 1910 901 1956 ut
929 1910 984 1957 et
1011 1913 1170 1958 actus
1197 1902 1316 1972 ejus
1348 1904 1457 1959 Deo
1485 1903 1780 1975 placerent,
1807 1915 1880 1971 et,
1908 1921 1974 1960 eo
2006 1907 2150 1976 quod
2178 1906 2232 1961 in

647 1990 991 2061 suscipiendo
1021 2007 1188 2064 regno
1213 1993 1262 2048 ei
1289 1995 1753 2061 contradixerant,
1785 1997 1985 2067 quique
2018 1998 2236 2054 sibimet

647 2077 780 2148 ipsis
815 2081 1186 2152 displicerent.
1233 2082 1343 2140 Sed
1382 2084 1476 2142 illo
1519 2095 1643 2154 post
1690 2085 1896 2157 aliquot
1932 2104 2105 2143 annos
2138 2104 2237 2159 per

647 2171 892 2228 frattdem
924 2189 1172 2233 novercae
1217 2191 1329 2234 sua:
1374 2177 1682 2244 interfecto,
1707 2178 2059 2236 Ethelredus
2092 2180 2235 2238 titius

644 2261 816 2333 ipsius
861 2264 1019 2321 malae
1067 2266 1315 2324 mulieris
1373 2269 1429 2324 in
1480 2284 1705 2340 regnum
1759 2271 2086 2327 substitutus
2127 2279 2232 2339 est,

647 2353 839 2410 matris
886 2354 1179 2426 ignominia
1235 2359 1406 2429 magis
1462 2373 1626 2428 quam
1678 2358 1878 2430 Edgari
1925 2361 2098 2430 patris
2151 2361 2234 2416 sui

649 2443 872 2499 solertta
902 2447 1182 2516 praeditus.
1209 2447 1379 2516 Cujus
1402 2450 1684 2518 provectio
1713 2466 1820 2507 non
1851 2465 2236 2522 usquequaque

645 2531 794 2588 sedit
837 2533 1138 2595 Dunstano.
1176 2535 1303 2594 Ideo
1347 2545 1526 2595 tamen
1571 2540 1714 2608 quod
1760 2541 2040 2610 proximus
2081 2541 2234 2612 regni

649 2623 820 2682 haeres
845 2625 1135 2702 existebat,
1165 2629 1453 2701 complevit
1490 2631 1540 2686 ei
1573 2630 1664 2701 jus
1700 2633 1930 2704 regium,
1969 2633 2148 2688 sciens
2175 2648 2235 2689 se

649 2721 928 2778 ittotfensis
975 2723 1185 2795 legibus
1233 2734 1394 2782 terra:
1437 2736 1603 2799 atque
1637 2728 1974 2799 principibus
2022 2727 2074 2783 id
2123 2743 2232 2784 non

648 2827 812 2884 posse
839 2813 1138 2872 transferre
1179 2817 1233 2872 in
1279 2831 1610 2888 quemquam
1653 2817 1841 2874 alium.
1879 2821 2134 2874 Attamen
2167 2818 2234 2873 il-

645 2902 753 2958 lum
789 2903 930 2961 solio
966 2907 1133 2976 regali
1175 2908 1403 2963 ootitum
1444 2923 1636 2966 severo
1671 2909 1907 2980 quodam
1947 2910 2234 2966 verborum

644 2996 904 3064 tonitrua,
935 2997 1062 3067 quia
1104 3013 1203 3069 per
1243 3001 1562 3072 sanguinem
1614 3001 1802 3059 fratris
1835 3019 2062 3076 regnum
2091 3004 2233 3060 obti-

644 3095 857 3156 nuerat,
889 3088 1229 3158 increpavit;
1270 3101 1326 3146 et
1361 3091 1509 3164 quod
1556 3093 1612 3150 in
1657 3095 1924 3168 sanguine
1960 3096 2228 3163 victurus,

645 3189 710 3231 ac
751 3177 952 3246 posteri
993 3178 1139 3235 illius
1172 3181 1378 3237 crudeli
1415 3183 1776 3240 barbarorum
1814 3185 2036 3242 incursu
2066 3187 2230 3243 deva-

645 3266 846 3332 standi,
880 3275 990 3322 tota
1027 3269 1190 3339 etiam
1233 3277 1380 3328 terra
1421 3287 1519 3343 per
1561 3272 1791 3343 plurima
1847 3275 2047 3331 saecula
2086 3292 2231 3334 saevo

647 3353 864 3417 illorum
895 3359 1176 3415 dominatu
1204 3360 1348 3418 foret
1377 3363 1773 3435 depopulanda,
1803 3366 2071 3438 praedixit.
2103 3367 2234 3436 Quae

645 3444 771 3503 licet
815 3465 876 3506 se
923 3451 1140 3509 vivente
1188 3464 1446 3512 eventura
1489 3458 1721 3530 negarit,
1745 3467 2009 3516 eventura
2051 3469 2231 3517 tamen

643 3541 958 3600 omnimodo
993 3560 1115 3602 esse
1159 3547 1325 3604 nimis
1364 3550 1570 3618 veraci,
1599 3558 1660 3608 ut
1703 3551 1758 3608 in
1790 3549 2075 3608 Chronicis
2103 3551 2234 3625 legi-

643 3646 766 3688 mus
792 3642 849 3689 et
877 3635 1036 3693 hodie
1081 3639 1348 3708 videmus,
1379 3643 1662 3714 prophetia
1705 3644 1961 3700 asseruit.
2012 3644 2234 3701 Accele-

643 3723 808 3792 rabit,
836 3742 960 3782 cum
1005 3729 1108 3786 sibi
1153 3731 1440 3803 placuerit,
1481 3735 1824 3806 omnipotens
1855 3737 2018 3803 Deus,
2053 3750 2228 3805 quam

639 3813 1054 3874 subsecuturam
1096 3824 1350 3892 promisit
1379 3825 1756 3883 liberationem
1788 3842 1888 3897 per
1923 3828 2058 3881 tanti
2090 3826 2230 3882 vatis

638 3905 722 3960 sui
754 3910 948 3968 merita
978 3922 1034 3968 et
1064 3914 1529 3976 intercessionem.
1572 3920 1640 3977 Et
1680 3920 1902 3992 quidem
1940 3922 2089 3978 illum
2124 3922 2232 3992 spi-

639 3997 748 4054 ritu
780 4004 1078 4075 prophetia:
1111 4007 1373 4068 claruisse
1397 4025 1506 4068 non
1536 4021 1748 4068 tantum
1777 4012 1932 4081 hinc,
1955 4013 2050 4070 sed
2077 4023 2132 4067 et
2161 4028 2228 4069 ex

2337 1880 2426 1936 isti
2449 1895 2548 1952 per
2575 1878 2836 1934 clericum
2864 1875 3111 1932 ecclesiae
3154 1873 3260 1928 sibi
3289 1870 3474 1927 ablatae
3507 1878 3709 1941 sperantes
3725 1885 3769 1919 ra-

2335 1972 2582 2030 formari.
2630 1969 2738 2026 Sed
2785 1970 2903 2025 haec
2941 1962 3238 2039 providens
3293 1962 3534 2036 sapientia
3574 1967 3616 2016 et
3645 1960 3770 2028 sapiens

2337 2063 2682 2136 providentia
2713 2062 2810 2120 Dei
2858 2061 3019 2117 citius
3045 2057 3446 2115 determinavit.
3486 2052 3595 2108 Nam
3623 2053 3768 2123 perbea-

2339 2163 2452 2209 tum
2487 2154 2780 2213 Andraeatu
2815 2149 3142 2220 apostolum,
3181 2147 3272 2220 cui
3323 2143 3524 2216 speciali
3559 2142 3716 2212 quodam
3731 2141 3769 2194 tt»

2337 2246 2590 2303 lectionis
2625 2243 2817 2300 affectu
2851 2243 3192 2298 Dunstanum
3225 2238 3491 2294 adhaerere
3517 2233 3770 2288 Deuscontes-

2335 2347 2502 2402 serat,
2527 2337 2808 2393 Dunstano
2849 2333 3127 2390 mandavit
3166 2339 3438 2402 quatenus
3481 2325 3590 2382 nihil
3621 2323 3771 2378 [minus

2335 2426 2609 2499 IElfegum
2638 2427 2887 2481 abbatem
2922 2421 3348 2478 Bathonieusem
3375 2415 3660 2473 constituam
3677 2410 3768 2464 Wet-

2346 2528 2491 2572 tauae
2537 2515 2798 2573 Ecclesiae
2838 2529 3110 2570 summum
3154 2509 3505 2566 sacerdotem.
3543 2502 3769 2559 Lntatusest

2339 2608 2649 2664 Duustanus
2682 2607 2735 2662 in
2765 2605 2904 2672 istis,
2930 2614 2982 2658 et
3013 2602 3223 2658 reddita
3252 2600 3360 2656 Deo
3382 2597 3628 2670 gratiarum
3647 2594 3770 2645 actione

2337 2717 2433 2774 pro
2466 2699 2745 2756 beneficiis
2789 2698 2922 2763 suis,
2955 2697 3010 2750 in
3049 2693 3270 2764 IElfego
3310 2689 3518 2763 perfecit
3541 2689 3647 2758 quod
3677 2683 3768 2750 ciper

2336 2792 2638 2864 apostolum
2671 2806 2827 2847 suum
2867 2788 3010 2845 Deus
3041 2788 3156 2858 ipse
3178 2783 3457 2857 praecepit.

2409 2887 2571 2944 Multa
2610 2885 2677 2942 de
2733 2885 2838 2941 hoc
2879 2882 3000 2939 viro
3027 2922 3043 2948 ,
3082 2879 3249 2949 juxta
3304 2877 3440 2949 quod
3468 2873 3686 2930 multorum
3716 2878 3768 2917 non

2335 2980 2640 3052 spernenda
2674 2977 2985 3034 testimonia
3024 2974 3236 3040 ferunt,
3268 2972 3437 3027 adhuc
3469 2968 3769 3052 litterarunne-

2338 3051 2526 3128 moria:
2547 3071 2728 3128 veraci
2759 3070 2901 3142 stylo
2947 3065 3336 3124 commendare
3383 3071 3634 3134 possemus.
3660 3051 3770 3105 Verum

2256 3152 2302 3215 C
2336 3179 2402 3219 ne
2440 3161 2658 3218 incultae
2687 3159 3014 3216 narrationis
3063 3154 3375 3226 prolixitate
3410 3146 3647 3222 quemlibet
3664 3152 3770 3214 gnte

2337 3270 2477 3321 tuus,
2512 3253 2894 3324 praetermissis
2939 3250 3045 3306 illis
3083 3249 3152 3304 ad
3199 3260 3416 3302 sacrum
3461 3239 3678 3296 transitum
3711 3231 3774 3299 ejus

2335 3344 2701 3401 enarrandum
2726 3359 2824 3400 cor
2844 3351 2900 3398 et
2931 3343 3170 3413 linguam
3203 3347 3563 3409 praeparemus.
3583 3327 3771 3393 0004i”

2335 3454 2530 3511 parare
2557 3438 2684 3511 quia
2711 3444 2910 3492 nostrae
2934 3434 3052 3505 opis
3084 3449 3194 3488 non
3225 3441 3330 3494 est,
3357 3439 3556 3483 oremus
3573 3430 3620 3475 ut
3637 3413 3771 3510 ipsede

2335 3545 2444 3600 quo
2484 3514 2719 3601 agimus,
2749 3525 3152 3582 interveniente
3199 3519 3504 3593 perficiatur
3529 3515 3582 3567 ab
3603 3524 3664 3573 e0,
3688 3518 3771 3571 θυμω

2338 3623 2444 3679 hoc
2472 3622 2669 3679 donum
2703 3629 2757 3676 et
2785 3619 3014 3692 gratiam
3041 3617 3250 3673 scimus
3273 3630 3408 3699 esse.

2406 3736 2676 3810 (Succedit
2722 3733 2960 3788 narratio
2989 3734 3054 3786 de
3078 3727 3343 3810 Dunstam‘
3361 3726 3506 3810 ‘Obltlltt

2336 3792 2569 3862 Osberne
2603 3807 2758 3874 plane
2807 3820 3056 3874 consona,
3090 3801 3193 3874 nisi
3235 3799 3382 3874 quod
3421 3795 3641 3874 sterttltt

2331 3850 2446 3948 ὃν*
2471 3877 2536 3930 de
2563 3850 2702 3930 te'i'ra
2723 3850 3056 3948 _nt_iruculosc,
3081 3850 3310 3948 leuatum
3355 3869 3476 3937 feria
3502 3850 3768 3948 quintae-111::

3470 3919 3596 3994 stitit,
3630 3919 3768 3980 Subiit:

2331 4026 2609 4089 contigisse
2625 4026 2790 4082 pauit.
2799 4027 2819 4085 )

657 4144 3264 4188 Mum—NW
2366 4185 2368 4188 ,

1432 4354 1830 4483 VITA
1927 4355 2496 4485 SANCTI
2594 4262 3177 4485 ODONIS

1751 4589 2302 4651 CANTUARIENSIS
2338 4593 2877 4652 AIiCIIIEPISCOPI.

1089 4743 1308 4816 (Exstat
1327 4745 1427 4800 sub
1457 4743 1687 4803 Osberni
1719 4749 1935 4803 nomine
1956 4748 2278 4820 Patrologiae
2306 4760 2436 4806 tom.
2463 4750 2748 4817 CXXXIII,
2780 4750 2882 4805 col.
2909 4750 3033 4814 951,
3069 4750 3122 4804 in
3145 4750 3204 4804 S.
3234 4749 3458 4817 Odune.)

1231 4861 3755 4914 ΜΗ

815 5030 1452 5144 EADMERI
1543 4977 2232 5148 EPISTOLA
2315 5034 2504 5146 AD
2589 5020 3676 5149 GLASTONIENSES

634 5235 778 5312 Quo
807 5238 1096 5310 tempore
1149 5229 1638 5293 Glastonienses
1674 5233 2046 5295 asserebant
2071 5250 2149 5294 se
2191 5249 2428 5313 corpus
2463 5230 2717 5312 patroni
2766 5231 2970 5294 nostri
3010 5231 3213 5293 sancti
3258 5224 3551 5292 Dunstani
3586 5220 3738 5282 habere

702 5566 953 5625 Glorioso
983 5570 1272 5626 conventui
1312 5570 1700 5626 monachorum
1745 5569 1978 5624 ccennbii
2021 5568 2211 5628 Glasto
2257 5553 2297 5608 θ
2329 5567 2613 5636 fratribus,
2650 5567 2866 5626 fidelem,
2893 5547 3192 5624 amicitiam
3216 5575 3270 5624 et
3306 5559 3628 5621 charitativvnl
3658 5555 3758 5600 "m'

631 5659 859 5726 niensis,
887 5660 1058 5716 frater
1081 5659 1355 5726 Ennsnus,
1383 5675 1522 5718 unus
1549 5675 1617 5716 ex
1651 5659 1950 5715 minoribus
1973 5661 2216 5718 bonitate

631 5762 682 5808 et
716 5752 968 5824 scientia,
1003 5751 1262 5811 Ecclesia:
1294 5751 1499 5810 Christi
1553 5751 1961 5810 Cantuaricnsis
1993 5751 2115 5808 ﬁliis
2161 5762 2216 5810 ct

2325 5663 2456 5719 tium
2481 5664 2534 5719 in
2555 5663 2772 5719 Christo
2799 5661 2924 5718 Jcsu
2960 5661 3185 5718 Domino
3206 5668 3400 5716 nostro.

2399 5753 2675 5811 Decor-dor
2705 5769 2789 5808 tne
2827 5750 2940 5822 jam
2968 5751 3094 5807 olim
3150 5750 3373 5822 quadam
3413 5747 3514 5800 vice
3545 5734 3594 5792 ad
3615 5744 3680 5784 νος
3707 5732 3756 5771 η’
