3870 6304
639 275 742 350 eos

1606 279 1908 338 EADMEM
1947 281 2080 338 CAN
2099 279 2496 340 fUABiENSiS
2535 283 2840 344 MONALZIII
3685 309 3750 366 sat

643 412 826 474 patres
875 414 1000 456 suos
1058 399 1452 488 criminantur?
1509 399 1614 456 Sed
1655 401 1840 470 utique
1885 415 1984 454 nec
2023 397 2217 488 fratres
2247 401 2294 458 Α
2323 398 2468 464 dum,
2503 411 2687 472 utpote
2729 403 2858 459 furti
2905 405 2987 460 sui
3021 403 3193 461 effecti
3223 409 3421 464 securi?
3449 411 3518 466 An
3541 415 3618 484 ipsi
3641 425 3751 488 prlino

637 507 740 548 nec
765 500 961 562 patres.
989 487 1120 542 Nam
1154 490 1196 543 si
1227 487 1422 544 fratres
1451 498 1543 543 aut
1566 503 1749 542 eorum
1783 488 1873 541 lilii
1902 503 2086 543 essent
2109 485 2211 556 ipsi

638 580 910 636 naturales
943 575 1137 639 eﬂ‘ecti,
1172 587 1263 632 aut
1307 587 1452 633 certe
1499 579 1672 648 pudor
1712 571 1976 632 humanus
2002 578 2216 632 doceret

639 689 732 726 eos
777 685 996 740 parcere
1043 667 1266 738 lizigum,
1313 667 1532 724 doceret
1584 685 1678 724 eos
1733 668 2015 738 providere
2061 668 2216 722 fama:

640 779 767 820 suae.
795 763 899 817 Sed
929 771 1072 826 esto,
1105 771 1165 815 ut
1211 761 1408 814 furtum
1439 776 1594 814 suum
1643 759 1812 814 sancti
1859 758 2051 813 fratres
2095 757 2218 814 Gla-

641 854 942 908 stonienses
992 849 1240 921 prudenti
1283 851 1478 902 astutia
1531 849 1740 903 cunctis
1791 849 2216 912 absconderem,

642 943 874 998 cadaver
919 939 1194 1010 cujusdam
1241 939 1450 993 abbatis
1506 939 1586 994 sui
1617 939 1792 1010 (cujus
1821 955 2012 994 nomen
2061 937 2219 994 abiis

641 1033 735 1103 qui
781 1033 882 1086 ista
935 1023 1266 1100 componuiit
1324 1029 1620 1098 ignoratur)
1673 1046 1853 1086 secum
1909 1031 2092 1085 tulisse
2139 1029 2221 1084 fe-

645 1133 861 1188 runtur,
893 1137 954 1177 ac
981 1121 1158 1177 loculo
1191 1121 1359 1176 sancti
1399 1119 1574 1176 Patris
1609 1121 1778 1176 nostri
1817 1121 2102 1186 Duustaui,
2153 1137 2221 1198 ne

645 1229 849 1268 vacuus
907 1221 1234 1275 remaneret,
1289 1211 1609 1280 reposuisse.
1658 1214 1696 1264 L
1741 1211 2066 1280 prudentizei
2106 1209 2220 1264 Non

647 1311 807 1356 erant
839 1317 962 1356 0558
988 1313 1316 1355 mortuorum
1361 1301 1499 1354 ἱιιιυι·
1541 1301 1884 1354 Cantuariam
1931 1311 1985 1355 et
2012 1301 2223 1357 Glasto-

648 1393 822 1457 niam,
875 1403 934 1446 ut
981 1405 1198 1448 necesse
1233 1393 1311 1446 eis
1362 1391 1520 1447 fuerit
1573 1393 1638 1446 ad
1691 1391 1970 1446 celandum
2023 1391 2223 1446 furtum

651 1501 807 1540 suum
831 1489 1056 1540 cadaver
1079 1485 1324 1540 nesciunt
1349 1487 1498 1552 cujus
1515 1501 1608 1555 per
1628 1485 1876 1552 ducenta,
1901 1495 1958 1540 ut
1986 1486 2054 1540 ita
2078 1487 2228 1542 dixe-

653 1577 776 1642 rim,
801 1575 1050 1632 milliaria
1080 1575 1438 1630 transtulisse.
1479 1575 1698 1632 Noverit
1745 1577 2017 1630 beatitudo
2051 1587 2226 1632 vestra

651 1669 774 1738 quia
803 1683 900 1738 ego
920 1667 1008 1736 qui
1035 1667 1146 1720 huic
1165 1667 1342 1721 scribo
1373 1682 1478 1720 non
1504 1683 1691 1737 parum
1723 1665 2017 1721 confundar
2041 1667 2093 1720 in
2121 1675 2224 1720 tant

2315 501 2582 545 venerunt
2610 501 2664 546 et
2693 492 2948 550 elfossum
2977 511 3170 565 corpus
3213 497 3346 552 beati
3393 501 3607 560 Dunstaui
3640 511 3751 568 archi.

2315 584 2550 654 episcopi
2592 585 3000 642 Cantuariensis
3055 589 3120 642 ad
3170 587 3476 647 Glastoniam
3520 597 3749 666 detulerunt.

2317 675 2496 746 ibique
2549 678 2792 748 iusiguiis
2845 679 3242 750 pontificalibus
3286 683 3752 752 stwliatitui,abliatem

2317 778 2558 823 vestrum
2607 770 2808 824 eisdem
2859 772 3160 842 insignibus
3204 777 3508 842 redimitum,
3535 781 3575 834 in
3599 787 3753 852 sepulcro

2317 859 2510 914 sublati
2545 859 2720 914 Patris
2749 864 3146 950 recondendum
3169 865 3559 922 transtulerunt?
3581 871 3752 944 Quidquid

2319 949 2508 1004 horum
2537 953 2782 1008 dixeritis
2819 949 3016 1008 factum
3065 949 3264 1026 fuisse,
3314 969 3542 1026 quantum
3575 965 3754 1022 dementia

2321 1043 2390 1096 sit
2415 1043 2594 1108 vobis,
2630 1045 2852 1102 credere
2879 1025 3206 1100 facillimum
3224 1057 3322 1113 est,
3354 1043 3506 1106 cuivis
3526 1053 3646 1108 etiam
3669 1073 3754 1112 cata

2327 1132 2532 1188 videre.
2561 1133 2603 1188 0
2634 1134 2894 1198 infelices,
2926 1136 3016 1205 qui
3049 1137 3128 1192 sic
3171 1137 3314 1192 inani
3353 1140 3599 1196 stoliditate
3619 1143 3752 1200 invu'uzi

2324 1229 2475 1286 sunt,
2531 1230 2593 1275 ut
2643 1221 2937 1294 intelligere
3003 1236 3269 1295 nequeant
3313 1228 3468 1297 ipsam
3523 1233 3752 1288 stoliditatem

2324 1327 2475 1366 suam
2507 1313 2700 1368 nullius
2731 1315 3010 1383 prudentis
3038 1317 3221 1370 oculos
3249 1331 3398 1386 posse
3423 1319 3585 1374 latere!
3604 1321 3754 1378 Cilfislili

2326 1399 2438 1471 (qui
2466 1412 2550 1456 est
2571 1403 2792 1472 veritas)
2814 1404 2942 1459 dicit
2976 1403 3179 1459 Veritas
3209 1407 3433 1460 liberabit
3461 1425 3531 1462 ros
3549 1409 3753 1476 (lanuuii,

2325 1493 2437 1564 5'2).
2465 1493 2528 1546 Et
2556 1495 2722 1548 vestri
2755 1503 2903 1550 vates
2933 1497 3032 1550 hoc
3064 1506 3305 1564 tempore
3343 1498 3536 1564 dicunt,
3579 1499 3754 1554 fiirtnmet

2328 1585 2664 1658 sacrilegium
2703 1597 3022 1658 patrumque
3067 1599 3361 1644 vestrorum
3388 1601 3437 1642 et
3471 1601 3652 1644 vestrum
3673 1607 3756 1644 utca-

2329 1677 2542 1733 dacium
2593 1679 2935 1734 honorabant
3005 1680 3303 1734 Ecclesium
3370 1689 3576 1734 nostram
3623 1691 3659 1735 et
3693 1699 3754 1735 nos.

651 1759 885 1814 evidenti
921 1755 1148 1812 stultitia
1169 1767 1220 1810 et
1243 1757 1385 1812 omni
1407 1759 1604 1811 homini
1631 1759 1738 1812 risu
1764 1759 1942 1829 digna,
1971 1759 2225 1826 maxime,
2260 1742 2303 1798 Β
2332 1766 2482 1834 Quod
2519 1769 3142 1838 mendacium‘morpus,
3175 1771 3439 1840 inquiunt,
3465 1771 3578 1824 beati
3601 1771 3756 1825 ῃυηειιηι

656 1849 798 1918 quod
844 1849 912 1902 ad
941 1843 1112 1918 anglis
1153 1849 1349 1902 dicitur
1373 1865 1492 1905 esse
1517 1851 1762 1906 conﬁcta.
1793 1849 1886 1905 Va:
1923 1865 2090 1921 quare
2124 1861 2228 1906 non

649 1941 996 1998 consuluistis
1047 1941 1278 2010 aliqiiem
1331 1944 1602 1998 hominem
1659 1945 2106 2010 transmarinum;
2137 1945 2227 2014 qui

651 2034 705 2086 in
747 2031 928 2087 multis
989 2033 1320 2098 conversati,
1381 2033 1560 2088 multis
1615 2035 1838 2100 imbuti,
1885 2033 2051 2089 multa
2097 2049 2226 2088 con-

653 2123 856 2194 tingere
905 2125 1076 2178 sciunt
1107 2166 1121 2190 ,
1177 2137 1234 2180 ut
1271 2123 1352 2180 vel
1391 2125 1564 2196 pretio
1610 2127 1880 2196 ageretis,
1927 2127 2080 2196 quasi
2127 2125 2226 2196 ipsi

653 2217 844 2271 saltem
876 2216 1025 2271 vobis
1057 2218 1255 2288 aliquid
1285 2217 1576 2273 verisimile
1605 2219 1940 2272 mendacium
1986 2219 2051 2272 de
2083 2225 2229 2272 tanta

653 2319 714 2364 re
744 2323 1149 2380 componerent.
1191 2309 1279 2366 Vae
1319 2311 1498 2366 vobis!
1547 2325 1678 2364 mere
1724 2311 1898 2380 gentis
1943 2310 2227 2374 homines,

656 2411 765 2455 tam
815 2401 1006 2456 stolida
1037 2401 1379 2471 simplicitate
1417 2401 1736 2456 notaremiui
1768 2409 1826 2455 ut
1863 2400 2109 2455 omnibus
2140 2401 2231 2456 de-

655 2493 864 2547 ridendi
923 2493 976 2548 in
1025 2503 1339 2564 perpetuum
1373 2494 1770 2548 indicaremini.
1813 2493 1897 2548 Ad
1947 2494 2062 2548 haec
2102 2509 2231 2564 rogo

653 2581 1033 2651 przedicatores
1067 2593 1173 2636 tam
1209 2583 1448 2652 praeclari
1478 2583 1770 2653 sacrilegii,
1801 2592 2068 2652 quatends
2097 2583 2229 2637 mihi

655 2674 902 2742 patriotm
935 2689 1033 2728 suo
1063 2673 1274 2737 dicant,
1307 2681 1613 2728 utrumnam
1651 2674 1884 2728 cadaver
1915 2673 1994 2727 sui
2038 2689 2236 2744 suppo‘

655 2763 745 2817 siti
773 2765 982 2819 abbatis
1006 2765 1213 2818 noviter
1239 2763 1474 2820 defuncti
1507 2772 1560 2818 et
1593 2763 1857 2834 integrum
1895 2777 1924 2818 a
1955 2763 2231 2820 Glastonia

653 2855 998 2910 Cantuariam
1025 2855 1364 2911 detulerunt?
1390 2855 1460 2911 Ut
1481 2865 1660 2910 utrum
1687 2871 1837 2911 more
1876 2857 2069 2911 summi
2099 2873 2232 2927 pon-

657 2947 815 3002 tificis
857 2947 1174 3012 infulatum,
1223 2947 1539 3018 palliatum,
1591 2947 1975 3018 spindulatnm,
2022 2957 2074 3003 et
2103 2964 2232 3003 san-

2331 1857 2599 1927 pontificis
2627 1858 3042 1913 Cantuariorum
3075 1868 3128 1914 et
3163 1861 3405 1929 primatis
3429 1861 3564 1915 totius
3581 1853 3758 1916 Britannia

2331 1961 2358 2000 a
2407 1961 2502 2001 sua
2540 1947 2766 2002 ecclesia
2802 1957 2984 2020 patres
3033 1952 3195 2006 vestri
3229 1949 3406 2004 furtim
3459 1951 3758 2014 abstuleruntet

2330 2047 2563 2092 Vestrum
2594 2039 2840 2094 abbatem
2868 2040 2958 2094 tali
2991 2041 3274 2112 sacrilegio
3295 2051 3510 2112 emptum
3537 2041 3648 2112 (quia
3675 2043 3758 2096 vobis

2331 2137 2444 2181 erat
2484 2127 2708 2198 inutilis)
2737 2129 2860 2184 illuc
2886 2129 3122 2184 delatum
3149 2131 3396 2200 sepulcro
3425 2131 3545 2185 illius
3563 2133 3756 2185 intulerunt.

2331 2216 2375 2273 Ο
2405 2219 2686 2288 gaudium!
2715 2217 2758 2274 Ο
2785 2220 3014 2274 luctum!
3051 2219 3094 2275 0
3139 2221 3318 2274 locum
3351 2231 3556 2274 vestrum
3583 2219 3644 2274 tali
3677 2233 3758 2272 lauto

2334 2307 2537 2364 faenore
2589 2309 3071 2379 magnificanduni!
3139 2310 3282 2376 Sed,
3351 2324 3382 2365 o
3440 2311 3639 2364 coiitrarii
3679 2325 3758 2376 pars

2331 2399 2579 2465 veritati,
2624 2399 2750 2468 quid
2807 2399 3050 2467 facietis,
3101 2415 3196 2454 oro
3242 2417 3362 2467 vos,
3418 2411 3524 2455 cum
3563 2400 3644 2470 ipsa
3675 2399 3758 2452 \‘eri-

2334 2499 2417 2546 tas
2465 2491 2676 2546 venerit
2731 2497 2918 2545 omnes
2965 2491 3244 2561 perditura
3291 2491 3380 2561 qui
3421 2492 3758 2561 loqtiuntnrmcn-

2333 2581 2545 2636 dacium
2588 2581 2760 2652 (Psal.
2789 2599 2849 2648 v,
2879 2581 2954 2654 7).
3003 2583 3066 2637 Et
3109 2585 3330 2654 quidem
3371 2583 3583 2637 omnibus
3603 2581 3680 2636 luce
3700 2579 3756 2632 rb-

2334 2673 2447 2729 rius
2497 2683 2709 2729 constat
2768 2675 3105 2730 mendaciUm
3163 2691 3264 2731 vos
3331 2676 3572 2746 imponere
3619 2671 3758 2742 patribus

2331 2767 2554 2832 vestris,
2593 2768 2716 2836 quia
2769 2767 2976 2822 invitati
3029 2767 3378 2824 Cantuariam
3435 2779 3586 2822 secum
3626 2763 3756 2816 cadmei

2334 2859 2416 2913 sui
2449 2857 2662 2913 abbatis
2688 2858 3024 2926 detulerunt;
3059 2875 3160 2914 nec
3211 2860 3282 2914 ibi
3335 2863 3558 2930 degentes
3595 2859 3754 2924 asportati

2334 2963 2558 3020 corpore
2603 2949 2744 3004 beati
2797 2949 3058 3004 Dunstani
3087 2949 3219 3004 illud
3253 2949 3540 3005 attulerunt.
3567 2943 3758 3000 llludeiiim

655 3036 812 3091 daliis
833 3035 995 3093 fuerit
1020 3037 1342 3092 calciatum?
1367 3037 1518 3104 Quod
1547 3037 1588 3094 si
1621 3037 1736 3093 lucc
1759 3039 1937 3093 omnia
1963 3039 2230 3107 habuerit,
2259 3073 2306 3140 Ο
2337 3039 2516 3094 ninilte
2564 3047 2618 3094 et
2669 3039 3000 3095 incredibilis
3040 3055 3147 3094 non
3197 3041 3322 3096 dico
3382 3037 3590 3100 sultitize,
3624 3033 3758 3140 sedit:

653 3129 826 3192 unde,
857 3145 1040 3198 quzeso
1063 3169 1078 3194 ,
1109 3127 1324 3198 pallium
1365 3129 1447 3200 (ut
1481 3129 1546 3185 de
1591 3128 1712 3183 aliis
1739 3129 1951 3184 interim
2001 3133 2229 3204 taceam)

659 3219 878 3274 habuit?
916 3219 1165 3289 Nunquid
1217 3219 1515 3289 antiquitus
1566 3219 1788 3274 abbates
1833 3219 2233 3278 Glastonienses

657 3307 822 3379 pallio
864 3309 1334 3384 utebanturiSed
1388 3311 1486 3362 hoc
1517 3310 1836 3378 patriarchis
1873 3311 2080 3377 solum,
2124 3313 2235 3384 pri-

663 3401 899 3456 matibus
924 3412 979 3457 et
1001 3402 1423 3472 archiepiscopis
1449 3417 1477 3454 a
1505 3399 1670 3455 Roma
1698 3409 1751 3455 et
1779 3402 2071 3472 apostolica
2107 3403 2235 3458 sede

661 3493 994 3550 conceditur.
1045 3493 1148 3549 Sed
1197 3494 1456 3549 hactenus
1497 3493 1642 3548 omni
1689 3493 1883 3548 szceulo
1933 3495 2234 3550 inauditum

658 3593 745 3640 est
773 3583 1192 3654 patriarchatum
1227 3582 1516 3639 Glastoniai
1543 3583 1727 3649 fuisse,
1759 3585 1840 3639 vel
1870 3586 2030 3642 etiam
2062 3588 2237 3656 ponti-

661 3675 902 3729 ﬁcatum.
949 3673 1055 3730 Sed
1099 3676 1260 3745 igitur
1305 3675 1580 3746 palliatum
1615 3677 1844 3732 cadaver
1869 3677 1936 3731 ad
1963 3677 2236 3747 deceptio-

661 3784 786 3822 nem
833 3767 1132 3822 futurorum
1173 3777 1541 3824 antecessores
1591 3767 1752 3822 vestri
1803 3769 2106 3823 Cantuariae
2146 3769 2234 3823 des

663 3859 918 3914 tulerunt.
967 3859 1079 3914 Hoc
1127 3858 1449 3925 effecerunt,
1493 3867 1550 3914 ut
1585 3859 1684 3928 ipsi
1727 3859 1970 3913 Romano
2001 3859 2238 3929 pontifici

658 3961 712 4006 et
741 3951 884 4005 omni
911 3951 1222 4006 Christiano
1269 3949 1505 4016 homini,
1547 3950 1636 4020 qui
1667 3965 1725 4004 se
1759 3949 1824 4002 ad
1851 3947 2006 4004 fidem
2039 3949 2238 4004 Christi

659 4043 760 4097 sub
803 4042 1110 4114 magisterio
1157 4043 1299 4097 beati
1350 4042 1492 4097 Petri
1539 4050 1748 4106 tenent,
1792 4043 2006 4098 obnoxii
2052 4044 2160 4098 sint
2187 4053 2242 4100 et

661 4133 888 4189 infames
925 4149 986 4189 ac
1015 4135 1160 4188 omni
1210 4135 1501 4204 opprobrio
1543 4134 1688 4204 digni
1738 4133 2033 4202 iudicandi.
2062 4135 2242 4190 Scitur

660 4225 808 4280 enim
860 4220 984 4294 quia
1033 4225 1162 4280 illud
1201 4240 1230 4278 a
1277 4226 1403 4279 sede
1441 4225 1728 4294 apostolica
1769 4240 1876 4278 non
1917 4225 2236 4289 habuerunt,

663 4317 756 4370 sed
801 4318 900 4386 ipsi
952 4317 1080 4371 illud
1107 4357 1121 4380 ,
1171 4317 1521 4387 malignitatis
1552 4317 1670 4372 illos
1717 4325 1938 4372 auctore
1981 4317 2237 4381 docente,

2337 3133 2551 3186 mentite
2587 3141 2748 3188 esset.
2793 3130 2907 3186 Hoc
2942 3139 3120 3185 autem
3162 3128 3493 3200 impossibilis
3523 3119 3758 3198 ρεφειηηειτ

2337 3225 2580 3278 audacim
2611 3221 2835 3279 cﬂ‘ectus
2879 3224 3156 3278 existeret.
3201 3222 3337 3278 Cum
3379 3221 3506 3276 enim
3541 3219 3628 3288 ipse
3655 3215 3760 3268 beatus

2335 3318 2639 3386 sepulcrum
2695 3317 2796 3372 sibi
2848 3315 3036 3381 effodi,
3079 3325 3134 3368 ut
3181 3315 3320 3369 liber
3345 3311 3470 3366 Vita:
3505 3309 3598 3378 ejus
3625 3303 3760 3360 venri?

2337 3409 2471 3464 sime
2501 3399 2747 3476 testatur,
2791 3405 3068 3477 praicepit,
3112 3415 3168 3461 et
3219 3405 3353 3460 infra
3388 3415 3556 3460 terram
3587 3399 3634 3453 ad
3667 3405 3760 3450 stne

2337 3513 2455 3553 ram
2487 3498 2656 3552 virilis
2703 3497 2947 3567 corporis
2991 3495 3160 3551 fovea:
3203 3494 3520 3566 profunditas
3553 3483 3758 3560 penetrant:

2337 3589 2459 3659 qui,
2503 3603 2716 3659 quieso,
2759 3598 2866 3643 tam
2907 3587 3050 3642 inani
3099 3585 3247 3642 furto
3273 3587 3415 3641 locus
3449 3593 3496 3638 et
3523 3575 3760 3651 opportunius

2338 3695 2458 3736 esse
2483 3679 2690 3750 potuit?
2715 3679 2847 3735 Cum
2873 3689 2926 3734 et
2955 3679 3186 3734 ecclesia
3222 3681 3334 3748 ipsa
3359 3688 3590 3744 nunquam
3607 3669 3684 3724 sine
3701 3677 3760 3718 ne

2339 3772 2530 3826 nacliis
2551 3771 2861 3826 domesticis
2879 3769 3000 3825 (iliis
3023 3771 3134 3824 suis
3157 3767 3402 3834 fuerit,et
3419 3753 3760 3820 civitasCantuari1

2339 3863 2547 3919 civibus
2577 3864 2688 3918 suis
2721 3877 3060 3932 nequaquam
3107 3861 3272 3917 fuerit
3319 3857 3578 3916 exinanita.
3615 3849 3670 3904 Ad
3697 3847 3756 3898 hic

2341 3953 2790 4010 considerandum
2829 3954 2954 4023 quia
2984 3952 3217 4008 ecclesia
3263 3953 3376 4020 ipsa
3419 3950 3466 4004 in
3493 3937 3761 4017 passione!!!-

2343 4045 2534 4101 tissimi
2565 4045 2822 4117 martyris
2867 4043 3090 4115 Elphegi
3135 4059 3236 4098 nec
3285 4044 3403 4114 igne
3429 4039 3760 4102 consumpta!!!“C

2343 4144 2486 4191 tecto
2531 4145 2626 4190 aut
2672 4136 2970 4206 parietibus
3013 4137 3192 4190 diruta
3239 4135 3358 4188 fuit.
3403 4129 3618 4188 Violatam
3649 4119 3760 4190 quit“?

2344 4225 2532 4294 fuisse,
2575 4237 2626 4282 et
2670 4227 2913 4297 pluribus
2945 4228 3283 4282 ornamentis
3327 4223 3589 4294 spoliatam,
3623 4229 3666 4268 ac
3693 4223 3760 4272 sur

2339 4317 2518 4385 posito
2553 4315 2618 4371 de
2647 4315 2780 4371 foris
2811 4316 2932 4386 igne
2961 4325 3020 4370 ut
3061 4321 3484 4370 concremaretur
3511 4307 3688 4362 adoriae
3709 4309 3758 4348 ω·

662 4417 1080 4476 composuerunt
1129 4407 1211 4462 vel
1259 4409 1504 4477 componi
1547 4410 1612 4476 (si
1665 4410 1735 4464 ita
1795 4409 1916 4480 fuit)
1962 4424 1992 4462 a
2041 4409 2121 4462 sui
2171 4409 2239 4462 si-
2265 4406 2552 4484 Dvimus,
2601 4419 2708 4474 quo
2761 4419 2956 4460 vesana
3009 4421 3201 4460 manus
3249 4402 3530 4475 pontiﬁcem
3569 4397 3669 4484 intus

665 4497 883 4552 milibus
926 4495 1238 4552 cii‘cceruut.
1271 4497 1351 4551 Re
1377 4499 1519 4552 enim
1563 4513 1688 4552 vera
1721 4513 1946 4567 corpus,
1989 4501 2131 4569 quod
2159 4499 2236 4554 in-

665 4585 943 4650 venimus,
987 4585 1056 4640 ita
1103 4585 1233 4651 fuit,
1266 4587 1470 4641 scilicet
1505 4589 1654 4656 quasi
1687 4590 1905 4644 omnino
1932 4590 2198 4659 integrum
2219 4625 2234 4656 ,

663 4673 978 4742 infulatum,
1051 4677 1397 4742 annnlatum,
1459 4677 1766 4748 palliattttn.
1845 4679 2234 4749 spindulatnm,

664 4767 922 4824 sandaliis
983 4771 1362 4823 venustissime
1432 4771 1785 4835 adornatmn,
1833 4787 1954 4825 cum
2019 4787 2126 4842 quo
2184 4781 2239 4826 et

661 4859 930 4930 scriptura
987 4859 1040 4914 in
1087 4860 1334 4932 plumbea
1368 4861 1542 4915 tabula
1592 4871 1814 4916 exarata
1866 4863 2078 4918 inventa
2122 4872 2236 4929 est,

661 4967 784 5022 qua:
822 4951 980 5021 plane
1011 4953 1308 5006 testabatur
1355 4952 1494 5006 beati
1537 4952 1800 5008 Dunstani
1847 4953 2238 5024 archiepiscopi

663 5041 1079 5096 Cantuariorum
1121 5057 1242 5097 esse
1280 5057 1502 5113 corpus,
1536 5043 1676 5112 quod
1713 5043 2137 5099 tumulatumibi
2161 5042 2242 5112 jac

667 5133 841 5188 cebat.
893 5131 1148 5200 Habetis,
1197 5149 1412 5204 qumso,
1467 5135 1642 5203 aliqua
1689 5133 1988 5190 litterarum
2043 5150 2236 5188 monu-

667 5233 870 5288 iuenta,
901 5240 1022 5294 quin
1059 5227 1172 5282 hare
1201 5226 1272 5280 ita
1317 5241 1376 5280 se
1417 5225 1668 5282 habuisse
1699 5227 1958 5297 probent?
1982 5224 2240 5282 Videlicet

667 5329 788 5382 quae
819 5315 994 5369 ferant
1033 5315 1268 5371 cadaver
1304 5315 1516 5371 abbatis
1557 5315 1698 5370 illius
1727 5331 1792 5371 eo
1831 5317 1972 5386 quod
2007 5315 2240 5372 diximus

669 5405 828 5460 modo
875 5407 1204 5461 redimitum.
1242 5405 1433 5464 Adhuc
1475 5421 1688 5477 qiimro;
1715 5405 1788 5461 illi
1826 5407 2028 5476 antiqui
2061 5415 2240 5475 patres

667 5506 724 5552 et
767 5495 964 5552 fratres
992 5497 1186 5558 vestri,
1226 5497 1316 5567 qui
1347 5497 1412 5550 ad
1443 5499 1668 5552 tuendas
1705 5496 1972 5552 destitutae
2001 5497 2240 5552 ecclesiae

669 5598 870 5643 nostra:
907 5587 1190 5658 reliquias,
1217 5598 1274 5641 ut
1297 5590 1494 5658 dicitis.
1527 5589 1740 5644 adducti
1769 5597 1921 5656 sunt,
1949 5589 2242 5645 attulerunt

669 5696 737 5737 ne
783 5695 963 5736 secum
1009 5675 1238 5737 cadaver
1283 5681 1408 5736 illud
1455 5681 1611 5736 beato
1641 5682 1914 5739 lhmstano
1941 5696 2238 5753 supponen-

2342 4507 2578 4552 tuentem
2621 4511 2782 4566 quem
2815 4498 3096 4552 mandaret
3125 4497 3276 4552 exire
3319 4491 3628 4563 compelleret.
3653 4475 3758 4534 Auli

2341 4589 2514 4657 ipsum
2541 4595 2828 4642 exeuntem
2861 4588 3420 4657 comprehenderunt,
3445 4577 3618 4637 omissis
3635 4569 3758 4641 igni!“

2339 4689 2394 4735 et
2435 4679 2556 4733 aliis
2587 4679 2762 4745 malis,
2811 4680 3010 4750 quibus
3057 4680 3124 4734 ad
3171 4671 3606 4750 captionemillius

2339 4769 2559 4836 bantur,
2589 4770 2766 4838 ipsum
2795 4747 3002 4825 necatis
3027 4747 3296 4840 aliquibus
3339 4760 3580 4823 monachis
3597 4757 3636 4810 in
3661 4747 3758 4844 etilli?

2339 4860 2456 4928 ejus
2501 4861 2866 4936 abduxerunt,
2897 4869 2956 4916 et
2999 4839 3170 4930 usque
3215 4861 3284 4914 ad
3329 4858 3490 4914 locum
3522 4847 3653 4938 exitio,
3679 4839 3756 4938 illiss

2341 4953 2670 5008 destinatum
2721 4933 2902 5006 multis
2952 4929 3204 5008 afﬂictum
3245 4949 3448 5019 injuriis
3471 4955 3518 5000 et
3551 4929 3758 4995 crucianti"

2341 5047 2718 5116 perduxerunt
2753 5055 2805 5100 et
2829 5055 3192 5116 peremerunt.
3221 5045 3348 5112 Qum
3373 5056 3483 5100 cum
3515 5037 3574 5092 ita
3595 5033 3680 5088 sint
3699 5031 3753 5116 if"

2339 5113 2518 5192 fronte
2556 5136 2659 5191 dici
2696 5113 2878 5206 potest
2902 5137 3266 5206 pavimentum
3311 5133 3526 5190 ecclesiae
3559 5125 3634 5180 sub
3661 5113 3756 5206 otiiLs

2340 5227 2484 5282 omni
2511 5203 2918 5296 spatio-septeni
2961 5227 3156 5297 pedum
3185 5227 3312 5282 hinc
3355 5225 3470 5278 inde
3497 5219 3554 5272 ad

2339 5293 3028 5389 profunditatemvtendenti
3069 5315 3340 5379 effossum,
3381 5314 3520 5368 aliter
3551 5293 3753 5362 enimmi'"

2342 5407 2499 5462 modo
2528 5405 2716 5476 attingi
2751 5405 2972 5474 valeret,
3009 5417 3063 5464 et
3111 5409 3182 5462 ita
3215 5407 3473 5462 abstracto
3497 5405 3663 5464 ω”Ροτε
3685 5395 3752 5436 ⁵³²²’

2337 5495 2566 5552 ctissimi
2608 5495 2784 5552 Patris
2827 5495 3084 5552 Dunstani
3111 5511 3206 5568 per
3249 5493 3606 5566 quindecim»!
3635 5479 3752 5568 ἀίξλωσ

2338 5589 2459 5644 dies
2488 5599 2678 5661 patens
2705 5589 3049 5656 remansisse,
3079 5589 3248 5644 donec
3275 5583 3522 5642 monachis
3557 5587 3646 5630 cum
3673 5565 3752 5661 ﬁt?"

2339 5681 2694 5745 subeuntibus
2725 5681 2790 5736 ad
2817 5679 3198 5736 monasterium
3241 5692 3408 5744 suum,
3441 5681 3486 5731 et
3518 5669 3572 5726 ibi
3595 5655 3752 5720 nondiw
