3870 6304
72 350 165 409 805

1232 340 1450 396 EPIST.
1483 332 1572 394 AD
1602 306 2186 398 CLASTONIENSES.

3221 347 3324 400 8496
3348 376 3352 382 ι

69 458 386 541 peremptum
410 466 476 520 ab
506 466 605 533 eis,
640 466 733 519 sed
765 464 816 519 in
850 480 1009 519 cursu
1043 463 1253 518 illorum
1286 465 1469 519 statim
1499 478 1637 515 mor-
1672 470 1708 524 Α
1742 478 1941 534 corpus
1978 466 2122 521 beati
2156 467 2421 522 Dunstani
2459 469 2619 524 furati
2653 480 2797 533 sunt,
2824 470 3033 525 :estimo
3064 468 3206 539 quod
3234 468 3320 523 is2i

70 574 206 615 tuum
239 560 484 613 abbatem
514 556 775 611 detractis
806 571 835 609 a
874 556 1031 609 beato
1064 555 1325 611 Dunsrato
1358 554 1641 624 pontifica-

70 654 196 707 libus
236 648 573 704 ornamentis
620 648 768 701 illum
822 648 1163 711 adornasse,
1214 655 1270 700 et
1315 646 1386 699 ita
1436 645 1637 699 cursim

69 742 285 794 fortasse
312 737 480 791 asello
510 736 693 805 aliquo
717 733 1068 789 Cautuariam
1100 735 1335 789 delatum
1373 734 1424 788 iu
1455 734 1637 802 sepul-

68 847 152 885 cro
175 829 288 898 ejus
333 830 667 883 collocasse?
696 829 886 882 Adhuc
932 828 1246 897 interrogo:
1290 827 1508 880 Vastata
1540 827 1639 879 fuit

69 937 197 977 terra
224 925 363 977 inter
385 922 721 976 Glastoniam
752 919 1176 975 etCantuariam
1205 920 1310 972 illis
1343 920 1552 981 diebus,
1583 927 1635 972 ct

69 1019 114 1069 in
141 1015 423 1069 solitudine
454 1023 575 1066 acta
618 1021 678 1066 ut
714 1012 850 1067 liber
880 1028 1072 1066 cursus
1112 1026 1176 1066 ac
1210 1028 1461 1065 recursus
1487 1010 1637 1064 nullo

65 1110 302 1162 obstante
350 1104 723 1160 deferentibus
771 1113 980 1157 tantum
1034 1103 1349 1156 thesaurum
1395 1116 1637 1170 quaqua-

64 1214 261 1253 versum
279 1204 509 1265 pateret,
534 1212 601 1249 an
626 1194 763 1248 non?
782 1194 977 1248 Verum
997 1192 1181 1260 utique
1203 1192 1400 1261 ubique
1419 1193 1635 1260 quando

66 1292 174 1353 ista,
212 1298 270 1344 ut
297 1288 566 1352 astruitis,
597 1288 945 1357 gerebantur,
981 1285 1250 1338 Dauorum
1290 1283 1508 1351 patebat
1536 1284 1628 1335 ἰηις

65 1384 309 1446 inanitas;
343 1397 610 1451 nusquam
653 1396 778 1450 pax,
824 1393 1091 1448 nusquam
1139 1378 1435 1442 securitas;
1474 1376 1630 1443 bella,

64 1476 364 1540 seditiones,
387 1488 778 1543 usquequaque
802 1472 1099 1525 fervebant.
1116 1469 1436 1538 Supcrhrec,
1452 1486 1635 1539 quem-

61 1570 331 1624 admodum
380 1569 685 1624 certissime
735 1568 939 1631 scitur,
988 1567 1040 1619 in
1092 1567 1269 1620 medio
1311 1566 1461 1620 chori
1506 1574 1632 1618 ante

63 1662 262 1729 gradus,
296 1658 496 1728 quibus
536 1657 602 1711 ad
651 1657 825 1725 majus
862 1657 1031 1717 altare
1063 1656 1477 1718 ascendebatur,
1512 1670 1632 1708 cer-

61 1767 145 1819 pus
188 1750 328 1804 beati
377 1748 639 1803 Dunstani
689 1748 969 1801 humatum
1011 1746 1130 1813 fuit,
1177 1755 1230 1801 et
1283 1746 1530 1813 plumbeo
1575 1746 1625 1799 in

1743 555 1994 611 fuerunt?
2019 558 2124 614 Sed
2151 576 2274 614 cum
2308 561 2393 615 isti
2423 561 2731 617 Cantuarite
2756 573 2937 618 essent
2970 577 2997 615 a
3031 562 3206 633 primo
3232 577 3321 615 sc-

1740 648 1967 718 pulturae
1994 665 2104 703 suae
2135 650 2273 716 loco,
2306 662 2362 705 ut
2392 654 2762 722 praediximus,
2788 652 2901 722 jam
2942 653 3117 709 fuerat
3146 665 3319 708 trans-

1739 739 1906 794 latum
1948 740 1999 794 in
2050 740 2250 805 locum,
2295 741 2383 795 ubi
2432 744 2511 798 eis
2563 759 2815 799 accessus
2858 744 3035 797 nullus
3078 745 3316 812 patebat.

1738 831 1853 886 Non
1892 834 1960 887 ab
1985 833 2066 888 eis
2109 848 2238 902 ergo
2272 834 2372 887 fuit
2418 836 2678 900 ablatum,
2720 852 2821 890 nec
2846 852 2974 905 ergo
2999 837 3065 889 ab
3097 835 3204 889 ullo
3231 850 3320 889 ve-

1737 935 1997 977 strorum.
2042 922 2175 977 Ossa
2224 924 2425 992 itaque,
2467 927 2665 994 mribus
2712 928 2977 982 onerastis
3030 928 3317 998 imaginem

1736 1014 1905 1067 nostri
1934 1014 2332 1083 Redemptoris,
2366 1030 2431 1070 ne
2457 1017 2572 1086 ipse
2596 1018 2747 1073 vobis
2775 1019 3107 1088 indignetur,
3132 1028 3320 1074 nostro

1734 1105 1963 1159 consilio
1998 1104 2278 1161 auferetis.
2321 1106 2465 1161 Satis
2492 1108 2636 1161 enim
2680 1109 2841 1163 habet
2873 1110 2922 1163 iu
2952 1124 3009 1163 se
3045 1111 3185 1163 unde
3216 1111 3316 1164 ho-

1736 1208 1983 1263 noretur,
2017 1214 2116 1253 nec
2145 1215 2279 1269 opus
2308 1209 2391 1255 est
2423 1211 2479 1255 ut
2502 1201 2763 1256 sanctitas
2804 1201 2851 1256 ei
2885 1212 2974 1255 aut
3012 1218 3076 1257 ex
3105 1204 3319 1257 ossibus

1736 1298 2070 1343 mortuorum
2098 1297 2192 1343 aut
2221 1289 2438 1344 aliunde
2467 1292 2789 1346 cumuletur.
2820 1292 3037 1346 Fratres
3071 1292 3198 1356 mei,
3228 1307 3317 1345 σοι

1734 1377 1899 1447 gitet,
1955 1395 2159 1448 quaeso,
2201 1390 2254 1433 et
2302 1382 2561 1450 recogitet
2605 1383 2885 1451 prudentia
2946 1393 3122 1437 vestra
3174 1382 3313 1451 quod

1736 1470 2023 1525 honestum
2054 1471 2126 1525 sit
2154 1471 2308 1525 vobis
2337 1473 2595 1542 cogitare,
2640 1474 2783 1541 quod
2831 1474 3116 1527 conveniat
3145 1473 3314 1543 loqui,

1734 1561 1875 1631 quod
1900 1563 2087 1617 deceat
2112 1575 2291 1632 agere.
2313 1559 2544 1615 Centqu
2572 1563 2695 1617 anui
2728 1572 2782 1619 et
2812 1563 2953 1617 ultra
2978 1564 3309 1619 transierunt

1734 1669 1764 1707 a
1809 1653 2070 1724 martyrio
2107 1652 2250 1708 beati
2295 1652 2547 1723 Elphegi,
2596 1663 2649 1707 et
2693 1654 2866 1708 nullus
2904 1654 3178 1708 hominum
3224 1656 3313 1724 qui

1735 1746 2066 1812 interfuerit,
2097 1746 2221 1799 vita:
2250 1746 2504 1818 prcesenti
2536 1756 2815 1815 superest,
2850 1746 2931 1800 vel
2960 1756 3105 1801 certe
3136 1748 3224 1815 qui
3255 1763 3314 1800 se

62 1841 235 1906 loculo,
263 1849 316 1894 et
356 1840 448 1893 illo
497 1840 548 1893 in
599 1852 790 1906 magna
822 1837 1189 1907 profunditatc
1236 1847 1392 1891 terrae
1425 1836 1623 1900 loeato,
1661 1823 1699 1879 Β
1733 1838 2040 1893 meminerit
2093 1838 2433 1906 interfuisse,
2491 1854 2589 1893 nec
2637 1840 2703 1894 ad
2761 1849 2999 1893 nostram
3069 1840 3314 1894 notitiam

61 1934 124 1986 uti
160 1932 345 2001 Anglis
372 1932 501 1985 olim
549 1932 716 1984 moris
751 1939 868 1984 erat
901 1946 1119 1984 suorum
1152 1932 1413 1985 cadavera
1446 1941 1623 1983 tumu-

63 2025 176 2077 lare.
194 2023 442 2089 Qualiter
466 2022 627 2091 igitur
650 2020 897 2074 monachi
924 2019 1196 2080 Ecclesiae,
1222 2020 1313 2088 qui
1337 2021 1403 2073 ad
1428 2021 1625 2085 minus,

55 2114 186 2182 juxta
226 2116 375 2181 quod
414 2113 662 2166 dominus
704 2110 979 2166 Osbernus
1018 2110 1182 2165 refert
1211 2112 1346 2182 (δί),
1396 2122 1627 2181 quatuor

62 2217 204 2259 tanta:
228 2206 371 2259 cladi
398 2213 737 2274 Supererant,
771 2220 891 2260 cum
915 2204 1150 2269 clericis,
1179 2205 1273 2273 qui
1304 2204 1384 2258 eis
1410 2205 1623 2258 admisti

60 2301 137 2357 Dei
160 2301 442 2356 servitium
473 2302 525 2354 in
555 2302 666 2369 ipsa
697 2298 927 2354 ecclesia
952 2297 1422 2363 administrabant,
1453 2299 1624 2368 ipsum

59 2401 194 2447 teme
219 2392 430 2446 hiatum
464 2405 560 2459 per
591 2399 667 2444 tot
693 2391 810 2444 dies
837 2390 1230 2453 sustinuerunt,
1263 2390 1437 2443 donec
1462 2388 1626 2442 allato

57 2484 231 2537 abbate
283 2482 665 2537 innominabili
717 2483 769 2536 in
819 2482 1069 2552 sepulcro
1119 2481 1315 2536 sublati
1366 2481 1623 2536 Dunstani

56 2574 435 2649 collocaretur?
465 2574 595 2627 Mira
629 2574 914 2643 patientia,
944 2582 999 2628 et
1028 2589 1157 2629 vere
1196 2573 1495 2627 mirabilior
1528 2588 1627 2643 pro

56 2669 266 2723 adventu
308 2668 526 2723 venturi
570 2667 781 2721 abbatis
813 2665 1014 2721 Delsiui
1045 2665 1127 2720 vel
1154 2666 1349 2719 Wlsini
1393 2664 1626 2720 fortasse

54 2762 205 2815 vocati
234 2760 610 2830 exspectatio!
656 2758 884 2829 Propter
927 2758 1090 2827 quod,
1125 2758 1330 2812 domini
1375 2759 1499 2823 nei,
1532 2757 1625 2811 ob-

54 2870 208 2922 secro,
244 2864 331 2910 est
366 2870 433 2908 ne
464 2852 661 2922 aliquis
704 2852 796 2923 qui
823 2853 889 2906 ad
935 2860 1135 2905 tantam
1178 2852 1469 2906 vanitatem
1506 2866 1563 2907 se
1594 2868 1624 2906 a

54 2944 147 2997 risu
174 2945 487 2999 contineat?
521 2944 585 2998 Et
630 2956 779 2998 certe
811 2944 989 2998 adhuc
1030 2943 1163 2997 satis
1199 2942 1349 3013 plura
1381 2958 1486 2997 non
1519 2944 1622 2998 ni-

54 3052 140 3093 nus
159 3039 353 3095 idonea
379 3040 444 3093 ad
473 3038 863 3108 designandum
887 3037 1056 3109 ipsius
1082 3038 1336 3092 vanitatis
1364 3038 1621 3108 ineptiam

52 3131 214 3187 dicere
243 3146 553 3202 possemus,
592 3132 637 3185 si
668 3131 858 3200 pudori
889 3132 1029 3186 sacri
1055 3130 1287 3187 coenobii
1319 3131 1487 3186 vestri
1512 3145 1619 3186 non

1731 1931 2010 2001 hucusque
2046 1931 2313 2000 perlatmn
2363 1940 2445 1986 est
2490 1946 2759 2000 quemque
2804 1932 3051 1994 illorum,
3084 1931 3173 1999 qui
3212 1929 3316 1983 illis

1729 2021 1920 2074 diebus
1943 2035 2069 2075 vere
2095 2020 2334 2085 fuerunt,
2351 2021 2475 2076 inde
2502 2021 2566 2075 de
2589 2036 2696 2090 quo
2713 2022 2875 2092 agitis
2893 2021 3091 2089 aliquid
3112 2020 3315 2076 dixisse

1730 2112 1811 2165 vel
1841 2112 2150 2181 scripsisse,
2185 2113 2327 2181 quod
2357 2113 2528 2167 cuivis
2558 2129 2746 2167 sanum
2777 2113 3003 2182 sapienti
3039 2128 3134 2181 pro
3168 2113 3315 2167 dicto

1727 2206 1808 2259 vel
1879 2207 2083 2275 scripto
2155 2207 2558 2275 suscipiendum
2625 2206 2891 2260 videatur.
2972 2206 3312 2276 Quapropter

1727 2294 1941 2349 Omissis
1986 2293 2282 2363 puerilibus
2326 2295 2539 2354 umuiis.
2572 2304 2629 2348 ut
2659 2295 2813 2349 decet
2847 2296 2991 2349 viros
3035 2296 3314 2365 sapientes

1726 2394 1888 2454 atque
1928 2385 2234 2453 perfectos,
2275 2383 2482 2454 diligite
2530 2386 2744 2440 beatum
2794 2382 3129 2440 Dunstanum
3171 2386 3313 2441 sicut

1728 2476 1942 2532 Patrem
1974 2488 2215 2533 vestrum
2253 2486 2414 2549 atque
2459 2486 2780 2547 patronum,
2811 2486 2866 2533 et
2913 2477 3198 2531 veritatem
3246 2478 3312 2531 de

1726 2580 1790 2619 eo
1839 2567 2145 2635 loquimini,
2170 2577 2225 2622 et
2273 2579 2400 2621 tunc
2448 2582 2638 2622 revera
2670 2567 2819 2637 diligi
2872 2567 2939 2621 ab
2974 2582 3038 2621 eo
3081 2565 3313 2620 merehi‘

1729 2660 1882 2714 mini.
1912 2659 2213 2714 Membrum
2247 2668 2300 2714 et
2332 2661 2542 2714 amicus
2567 2669 2650 2715 est
2679 2676 2906 2716 summae
2932 2659 3194 2724 veritatis,
3213 2674 3313 2713 nec

1727 2749 1795 2803 ab
1827 2750 1940 2819 ipsa
1972 2749 2348 2805 discordantes
2374 2758 2553 2819 potest
2592 2751 2881 2805 admittere
2907 2749 2958 2804 iu
2992 2750 3167 2804 sinum
3200 2766 3313 2804 sua:

1726 2841 2028 2898 charitatis.
2065 2841 2225 2897 Novit
2265 2842 2404 2896 Deus
2444 2851 2495 2896 ct
2546 2842 2661 2911 ipse
2712 2842 2873 2895 Pater
2916 2850 2969 2897 et
3013 2842 3311 2901 advocatus

1726 2944 1913 2991 noster
1956 2934 2302 2990 dulcissimus
2333 2935 2459 3005 quia
2505 2951 2624 3004 quae
2673 2935 2810 2996 dico,
2847 2950 2945 3005 pro
2996 2944 3176 2990 vestro
3219 2936 3309 2989 ho-

1725 3041 1859 3082 nore
1884 3035 1939 3081 et
1960 3025 2189 3080 utilitate
2222 3027 2377 3091 dico;
2408 3041 2508 3081 nec
2537 3027 2590 3080 in
2619 3026 2763 3080 aliud
2799 3026 2966 3081 tendit
2989 3026 3103 3081 haec
3138 3027 3310 3082 inten-

1729 3119 1803 3175 tio
1829 3135 1969 3185 mea,
2003 3118 2105 3174 nisi
2134 3126 2192 3174 ut
2225 3119 2384 3182 Deus,
2432 3119 2520 3188 qui
2554 3120 2753 3174 veritas
2783 3127 2887 3183 est,
2922 3128 2976 3175 et
3005 3120 3058 3174 in
3090 3120 3307 3175 beatum

51 3236 404 3289 parceremus.
435 3219 567 3275 Cum
606 3220 752 3274 enim
788 3220 942 3284 tales,
989 3220 1081 3290 qui
1121 3220 1194 3275 ita
1232 3235 1293 3275 se
1334 3219 1617 3287 infamant,
1649 3195 1690 3252 (ἶ
1726 3214 2093 3281 Dunstanum,
2132 3215 2275 3270 sicut
2299 3230 2513 3285 aequum
2555 3224 2658 3281 est,
2692 3216 3087 3287 ruagniﬁeetur,
3129 3216 3312 3270 laude-

50 3316 206 3377 fovet,
236 3313 450 3376 nutrit,
484 3312 857 3381 amplectitur,
907 3313 1078 3383 pudor
1106 3323 1189 3366 est
1225 3314 1297 3367 illi
1342 3322 1398 3369 et
1429 3330 1619 3385 oppro-

48 3403 206 3457 brium
250 3419 532 3474 nsaguum.
579 3403 687 3458 Nec
737 3404 880 3457 enim
929 3402 1332 3459 Glastouienses
1380 3420 1443 3460 ea
1491 3415 1622 3460 tem.

50 3504 258 3562 pestatc,
292 3511 405 3563 qua
449 3496 691 3566 lingunt,
719 3492 1071 3549 Cantuariam
1108 3506 1390 3560 venerunt,
1422 3512 1521 3551 nec
1549 3497 1617 3551 ibi

47 3585 345 3641 conversati
388 3594 533 3639 sunt.
571 3583 686 3640 Non
719 3585 881 3655 igitur
907 3585 1013 3639 illis
1042 3586 1467 3656 subripientihus
1502 3603 1622 3643 cor-

47 3692 131 3744 pus
154 3679 291 3733 beati
337 3678 594 3732 Duustani
628 3678 786 3731 nobis
810 3676 1050 3731 ablatum
1081 3686 1136 3731 et
1165 3679 1315 3733 vobis
1350 3679 1624 3735 ullatenus

47 3771 134 3823 fuit
160 3769 411 3824 allatum.
458 3768 566 3824 Sed
605 3770 670 3824 ab
701 3769 822 3823 aliis
858 3778 952 3822 aut
994 3770 1101 3825 alio
1128 3778 1372 3840 tempore
1399 3772 1619 3826 allatum

47 3863 257 3931 negatis.
311 3860 580 3915 Fatemiui
638 3874 769 3929 ergo
819 3874 1041 3915 necesse
1086 3870 1170 3915 est
1215 3870 1368 3915 vates
1414 3872 1622 3915 vestros

49 3956 163 4010 falsa
223 3958 475 4020 locutos,
527 3966 583 4008 et
628 3954 693 4008 de
745 3968 974 4024 corpore
1020 3954 1163 4007 beati
1212 3953 1473 4008 Dunstani
1528 3970 1623 4009 vos

48 4048 327 4118 quidquam
360 4047 561 4102 habere
580 4048 908 4101 omnimodis
934 4046 1097 4102 falsos
1124 4062 1265 4101 esse.
1283 4048 1623 4119 Quapropter

48 4137 299 4192 consulite
351 4136 509 4191 fama:
538 4144 751 4201 vestrae,
784 4146 839 4191 et
881 4137 950 4191 ab
992 4136 1092 4191 ista
1140 4138 1383 4191 vanitate
1420 4153 1481 4190 os
1530 4153 1623 4191 ve-

46 4239 203 4283 strum
230 4227 771 4282 cohibete.Attameu
792 4227 992 4282 veritas
1019 4228 1192 4292 vobis,
1214 4229 1257 4282 si
1284 4229 1435 4282 obliti
1466 4230 1620 4291 estis,

47 4320 92 4371 in
120 4321 433 4375 memoriam
464 4328 767 4373 revocetur.
799 4318 1017 4387 Absque.
1048 4319 1211 4373 dubio
1236 4320 1430 4372 scitote
1462 4318 1625 4388 Ageb-

45 4414 258 4467 nothum
294 4413 570 4477 abbatem,
603 4411 713 4465 imo
759 4420 813 4465 et
860 4412 1113 4465 abbatem
1163 4410 1617 4474 Glastoniensctn,

46 4522 154 4560 cum
193 4524 301 4561 uno
333 4506 414 4562 vel
460 4506 670 4560 duobus
716 4506 998 4559 monachis
1040 4506 1165 4559 olim
1199 4522 1293 4575 per
1329 4506 1619 4574 plurimum

47 4602 299 4668 temporis
319 4608 700 4655 conversatum
729 4598 1057 4653 Cantuarite.
1088 4598 1153 4651 Et
1177 4601 1431 4653 abbatem
1474 4599 1617 4664 dico,

45 4689 157 4755 quia
191 4705 289 4758 per
320 4690 489 4743 beam
519 4689 794 4743 memoriae
826 4687 1187 4741 Lanfrancutn
1226 4688 1439 4744 Sancta,-
1479 4690 1621 4744 Can-

48 4780 328 4834 tuariensis
359 4780 611 4833 Ecclesia:
641 4795 911 4833 summum
942 4780 1276 4833 sacerdotem
1308 4782 1358 4833 in
1384 4780 1617 4850 generali

48 4874 199 4926 totius
234 4873 441 4942 Anglia:
478 4876 682 4943 synodo
733 4886 764 4924 a
813 4886 908 4925 sua
950 4871 1161 4925 abbatia
1197 4871 1370 4925 fuerat
1401 4871 1617 4940 deposi-

43 4973 121 5018 tus
150 4965 289 5034 (35),
334 4973 387 5019 et
429 4963 738 5019 Cantuaria:
769 4962 928 5034 digna
959 4964 1178 5033 quidem
1221 4972 1371 5018 tanto
1401 4966 1536 5029 viro,
1568 4965 1617 5018 iu

43 5057 265 5123 quadam
302 5066 479 5111 tamen
510 5056 665 5125 quasi
702 5056 953 5125 captione
986 5057 1228 5125 positus,
1273 5062 1329 5110 et
1369 5064 1492 5109 tunc
1523 5071 1621 5108 nuo

44 5162 215 5201 merus
259 5149 648 5202 monachorum
688 5147 821 5202 inihi
865 5146 1094 5202 Domino
1130 5146 1348 5202 Christo
1379 5155 1431 5202 et
1466 5147 1619 5203 beato

44 5238 319 5305 Dunstauo
368 5240 745 5307 famulantium
798 5240 1208 5312 sexagenariam
1259 5240 1617 5310 quantitatem

42 5333 373 5385 ascenderat.
398 5330 453 5386 Si
481 5331 644 5394 igitur
669 5347 905 5403 unquam
938 5331 1186 5386 monachi
1214 5331 1620 5387 Glaslonieuses

108 5507 225 5582 (355)
286 5509 474 5567 Refert
520 5511 573 5566 id
617 5510 892 5567 Osbernus
933 5510 985 5566 in
1031 5510 1252 5582 Elphegi
1307 5509 1442 5567 Vita.
1493 5510 1622 5568 Post

44 5576 320 5648 lugubrem
340 5582 494 5636 istam
524 5586 911 5639 monachorum
931 5576 1389 5653 stragémjlerici
1417 5585 1619 5638 avitam

43 5653 469 5723 possessionem,
517 5670 677 5723 quam
725 5662 850 5707 ante
890 5652 1081 5708 novem
1124 5669 1295 5707 annos
1324 5652 1391 5705 ab
1418 5655 1620 5709 Alfrico

47 5720 443 5795 archiepiscopo
481 5720 689 5795 expulsi
725 5723 1041 5787 amiserant,
1092 5734 1517 5794 recuperarunt,
1564 5735 1619 5779 et

48 5792 109 5843 ad
158 5791 443 5850 Laufrauci
503 5791 746 5867 tempora
804 5803 1131 5863 tenuerunt,
1187 5791 1258 5850 ita
1323 5806 1502 5852 tamen
1560 5805 1617 5850 ut

1726 3315 1813 3361 tur
1839 3314 1893 3361 et
1918 3305 2249 3376 praedicetur
2283 3316 2392 3362 tam
2434 3322 2465 3362 a
2503 3308 2658 3363 vobis
2683 3304 2859 3378 quam
2886 3325 2914 3363 a
2950 3310 3124 3374 nobis,
3156 3320 3211 3364 et
3241 3311 3309 3379 (si

1723 3398 1938 3455 clIicere
1972 3401 2211 3470 possem)
2235 3401 2303 3456 ab
2329 3401 2597 3457 universis
2628 3401 2875 3457 fidelibus
2910 3404 3075 3459 totius
3103 3404 3309 3458 conditi

1722 3493 1891 3548 orbis.
1922 3491 2046 3547 Scio
2073 3494 2198 3564 quia
2230 3494 2391 3549 modo
2424 3494 2774 3565 epistolarum
2806 3495 2857 3550 in
2882 3495 3147 3566 loquendo
3177 3512 3309 3567 pau-

1725 3586 1891 3656 lisper
1916 3586 2148 3642 excessi.
2202 3586 2308 3641 Sed
2350 3585 2471 3641 talis
2518 3585 2618 3640 fuit
2666 3587 2892 3641 materia
2928 3596 3009 3652 ut,
3059 3588 3312 3657 quamvis

1725 3693 1810 3732 me
1837 3679 2209 3749 proposuerim
2245 3678 2434 3748 paucis
2463 3677 2793 3741 locuturum,
2830 3686 3010 3732 tamen
3042 3694 3099 3733 se
3129 3687 3310 3734 cxten-

1724 3770 1876 3825 deret
1902 3769 1955 3824 in
2001 3770 2052 3824 id
2082 3769 2226 3836 quod
2262 3769 2457 3823 videtis
2481 3778 2768 3823 extensum
2804 3769 3076 3837 eloquium
3107 3784 3310 3822 meum.

1725 3860 1800 3914 Ne
1840 3877 1970 3933 ergo
2007 3860 2298 3915 miremini.
2335 3858 2458 3914 Non
2487 3870 2560 3913 est
2610 3861 2754 3913 enim
2802 3860 3027 3913 hominis
3070 3861 3151 3914 via
3194 3860 3309 3929 ejus

1724 3952 1861 4025 (Jer.
1892 3970 1943 4017 χ,
1980 3952 2095 4023 25).
2120 3952 2229 4007 Vos
2267 3953 2468 4022 itaque,
2494 3952 2696 4007 domini
2723 3960 2777 4006 ct
2804 3951 3002 4007 fratres
3033 3953 3158 4017 mei,
3185 3953 3309 4022 qui«

1726 4050 1825 4102 bus
1859 4046 2000 4101 Deus
2030 4045 2241 4115 aperuit
2278 4060 2495 4101 sensum
2543 4044 2875 4117 intelligendi
2923 4060 3042 4116 qua:
3083 4045 3313 4099 rationis

1724 4146 1878 4203 sunt,
1923 4138 2256 4204 compescite
2300 4136 2668 4206 insipientium
2713 4137 2973 4206 juvenqu
3022 4152 3306 4208 procacem

1726 4229 2096 4293 insolentiam,
2130 4229 2222 4298 qui
2266 4244 2331 4284 eo
2362 4228 2535 4284 solum
2582 4237 2640 4281 ιιι
2670 4229 2957 4282 videantur
2985 4231 3125 4285 scire
3164 4230 3312 4299 loqui

1725 4322 1970 4389 aperiunt
2015 4336 2111 4374 ora
2151 4336 2272 4383 sua,
2321 4320 2371 4373 in
2418 4334 2750 4389 quzceunquc
2784 4318 3089 4375 volubilitas
3128 4322 3313 4375 cordis

1725 4412 1804 4464 sui
1834 4425 1926 4464 eos
1957 4411 2299 4473 distenderit,
2330 4420 2674 4464 auttunantes
2701 4426 2758 4465 se
2781 4410 2981 4480 aliquid
3013 4426 3153 4476 esse,
3183 4428 3312 4465 cum

1725 4500 1954 4555 aliorum
1987 4501 2312 4570 simplicitas
2356 4501 2470 4557 suis
2503 4501 2683 4556 verbis
2719 4507 3093 4557 accommodat
3124 4517 3307 4556 aures.

1727 4593 1858 4649 Novi
1896 4596 2159 4664 quosdam
2192 4593 2319 4648 olim
2353 4593 2508 4660 tales,
2539 4604 2594 4649 et
2635 4608 2719 4649 me
2764 4594 2995 4649 fortasse
3029 4593 3213 4660 fuisse,
3254 4608 3312 4649 et

1724 4702 1785 4740 ea
1823 4702 1881 4742 re
1910 4702 2016 4741 non
2050 4687 2267 4757 penitus
2295 4686 2476 4741 diﬂido
2509 4687 2695 4740 talium
2729 4696 2783 4741 et
2815 4687 2918 4742 mei
2965 4684 3168 4742 similes
3204 4687 3305 4741 ali-

1722 4792 1858 4846 quos
1887 4777 1987 4831 hoc
2019 4785 2263 4846 tempore
2296 4792 2436 4831 esse.
2484 4776 2587 4830 Sed
2610 4776 2722 4846 jam
2766 4776 2917 4830 senui
2964 4785 3021 4831 et
3064 4778 3310 4844 incanui,

1722 4877 1774 4923 et
1802 4867 1992 4931 multa,
2045 4884 2165 4938 qua:
2204 4867 2423 4936 juvenis
2472 4867 2976 4937 magnipendebam,
3025 4868 3164 4922 duco
3208 4886 3308 4939 pro

1726 4962 1911 5018 nihilo.
1946 4962 2059 5015 lloc
2086 4964 2190 5016 erit
2223 4963 2329 5018 Deo
2364 4963 2599 5019 donante
2638 4972 2692 5018 et
2716 4943 3005 5034 juvenibus
3049 4967 3312 5034 temporis

1726 5055 2053 5126 hujusmodi.
2088 5055 2221 5122 Quia
2254 5072 2383 5111 vero
2407 5056 2686 5125 prolixitas
2726 5056 2968 5126 epistolae
3008 5056 3168 5111 finem
3210 5073 3308 5127 po—

1723 5149 1911 5211 stulat,
1945 5149 2047 5201 hoc
2074 5148 2321 5202 ultimum
2350 5150 2492 5213 dico,
2524 5149 2776 5219 quoniam
2808 5150 2852 5203 si
2882 5164 3069 5203 omnes
3093 5150 3308 5221 antiqui

1724 5241 1913 5296 Patres
1940 5240 2131 5307 vestri,
2165 5242 2256 5312 qui
2290 5242 2341 5295 in
2372 5242 2624 5296 cwnobio
2653 5241 3014 5296 Glastoniensi
3036 5240 3149 5309 jam
3180 5253 3309 5298 ante

1724 5343 1938 5388 centum
1965 5348 2137 5388 annos
2168 5330 2384 5387 fuerunt
2414 5331 2684 5399 defuncti,
2716 5332 2925 5402 aliquos
2959 5341 3138 5388 tamen
3172 5348 3305 5405 puto

1723 5514 1934 5573 clericis
1967 5512 2216 5569 monachi
2250 5513 2459 5567 minore
2494 5527 2719 5568 numero
2745 5512 3197 5571 admiscerentur.

1795 5586 1942 5658 (35)“
1961 5587 2183 5640 Factum
2218 5584 2268 5638 id
2291 5584 2504 5658 videtur
2546 5587 2873 5658 annqi80l,
2894 5601 3022 5658 quo,
3049 5584 3302 5658 Thursti-

1724 5654 1850 5712 nuiu
1894 5654 2329 5710 Norlhmanuum
2382 5655 2611 5709 abbatite
2660 5654 3024 5710 Glastonieusi
3073 5670 3101 5709 a
3160 5655 3303 5709 Lau-

1726 5729 1912 5782 franco
1937 5727 2281 5797 przepositum
2312 5726 2475 5797 fuisse
2506 5725 2669 5781 refert
2697 5727 2933 5785 Historia
2960 5727 3303 5783 Glastonisu-

1725 5801 1800 5855 sis
1839 5799 1888 5853 in
1918 5796 2230 5865 Monastieo,
2264 5805 2392 5853 tom.
2427 5796 2469 5863 ι,
2498 5813 2555 5867 p.
2584 5798 2669 5853 Π.
