3870 6304
495 328 597 389 δςιτ

906 334 1212 391 EADMERI
1253 335 1808 393 CANTUAIUENSIS
1851 330 2154 393 MONAClll
2198 332 2414 389 El‘lSl‘.
2458 333 2548 388 AD
2592 333 2897 390 IIONACH.
2941 332 3243 391 WIGORN.
3674 334 3764 390 ια

492 461 783 519 superesse
828 448 920 519 qui
963 458 1086 503 ante
1137 450 1240 504 ista
1293 447 1793 507 Nortbmannorum
1839 457 2080 519 tempora
2115 436 2159 492 Λ
2190 450 2340 519 poris
2380 449 2578 503 factam
2627 465 2732 504 non
2783 449 3021 521 negabit.
3068 449 3207 504 Nam
3256 447 3303 502 si
3342 446 3506 502 aliter
3550 447 3764 510 faceret.

492 539 625 594 inibi
663 539 851 593 nutriti
894 539 946 592 in
979 540 1300 594 monachica
1353 539 1612 609 religione
1655 538 1896 602 fuerunt,
1933 554 2084 607 quae.

494 632 597 683 rite
626 630 693 683 ab
725 629 825 693 eis,
866 629 908 682 si
938 630 1029 700 qui
1063 640 1208 697 sunt,
1243 641 1423 684 utrum
1453 630 1809 685 recordentur
1831 628 2083 683 abbatem

492 719 592 775 loci
650 721 817 774 vestri
870 719 1099 790 singulis
1154 722 1313 776 annis
1370 721 1437 775 ad
1501 720 1852 775 festivitatem
1910 717 2086 773 Patris

496 812 763 867 llnnstani
807 828 930 866 cum
962 823 1198 884 quatuor
1228 824 1322 869 aut
1349 814 1596 884 pluribus
1634 812 1918 867 monachis
1946 810 2085 866 Can-

495 905 729 958 tuariam
763 906 980 961 solitum
1030 907 1241 971 venire,
1273 916 1329 960 et
1374 906 1447 959 ibi
1489 920 1586 976 per
1634 920 1727 959 sex
1780 913 1875 959 aut
1903 903 2087 974 plures

493 996 609 1052 dies
639 997 782 1051 inter
819 997 1017 1054 fratres
1047 1000 1119 1053 ob
1162 999 1526 1053 reverentiam
1577 1000 1710 1052 tanti
1743 998 1921 1053 Patris
1947 997 2083 1052 lmti-

495 1088 581 1144 tite
609 1099 665 1143 et
698 1091 1048 1146 exsultationi
1096 1107 1315 1158 vacare,
1354 1108 1421 1146 an
1461 1091 1606 1146 non?
1632 1090 1884 1157 Estimo,
1912 1091 1956 1145 si
1989 1089 2087 1143 alio

501 1178 625 1246 quis
658 1179 843 1235 talium
876 1183 1156 1252 hucusque
1188 1182 1470 1250 remansit,
1506 1183 1578 1238 ita
1622 1197 1735 1238 rem
1781 1190 1908 1238 tunc
1945 1191 2082 1236 tem-

2188 538 2376 609 procul
2430 539 2592 595 dubio
2646 539 2865 594 veritati
2919 540 3227 597 contrarius
3276 550 3443 594 esset.
3494 538 3556 593 Si
3621 540 3767 609 igitur

2187 646 2383 701 corpus
2403 631 2548 685 beati
2574 632 2835 686 Dunstani
2860 647 2920 687 se
2951 632 3200 687 sciebant
3227 631 3433 687 habere
3464 629 3766 695 Glastoaiz.

2186 738 2285 779 cur
2318 723 2449 778 illud
2478 722 2848 778 venerandum
2882 722 2936 776 in
2964 737 3065 778 sua
3106 721 3403 777 festivitate
3432 721 3771 790 requirebant

2187 813 2528 870 Cantuarti
2563 812 2779 869 Haecita
2806 814 2915 869 sint
2942 815 3011 869 ad
3041 814 3473 883 imprudentium
3501 811 3769 867 confutari.

2190 905 2415 960 tandum
2451 918 2719 967 errorem.
2750 915 2806 960 et
2849 906 2919 962 ad
2956 904 3307 975 prudentium
3343 904 3767 959 conﬁrmandum

2188 994 2242 1050 in
2293 1008 2394 1050 nos
2445 996 2628 1065 (quem
2676 995 2905 1049 multum
2954 1004 3205 1066 optamus
3252 993 3478 1063 habere)
3535 1002 3769 1045 uinctum

2188 1101 2449 1141 amorem.
2494 1084 2689 1141 Valeat
2730 1085 2899 1157 igitur
2942 1084 3206 1141 sanctitas
3245 1093 3431 1140 vestra
3473 1082 3530 1138 in
3567 1080 3770 1136 Christe

2186 1175 2336 1245 .l-esn,
2368 1186 2425 1233 et
2451 1185 2572 1234 oret
2599 1192 2701 1247 pro
2726 1177 2903 1234 nobis.

1102 1379 1334 1449 lfxplicit
1375 1379 1592 1449 epistula
1625 1379 1872 1433 Eadmeri
1897 1379 2138 1433 monachi
2180 1376 2435 1432 Ecclesia:
2472 1375 2670 1432 Christi
2697 1377 3024 1433 Cantuariw.

1700 1667 2555 1784 EADMEBI

1421 1880 1757 1936 EPISTULA
1796 1882 1887 1937 AD
1928 1878 2300 1938 MONACIIOS
2337 1878 2866 1937 WlGOllNlENSES

1732 2041 1821 2100 De
1858 2038 2175 2103 electione
2214 2041 2499 2121 episc0pi

843 2177 859 2251 [
877 2185 1184 2252 \l'ssruox,
1209 2185 1398 2257 Ang'm
1430 2202 1601 2249 saera,
1631 2183 1751 2249 t.ll,
1780 2199 1832 2254 p.
1860 2181 1986 2249 258,
2010 2197 2074 2238 ex
2108 2182 2428 2241 bibliotheca
2458 2183 2801 2250 Colloniana,
2837 2181 3093 2241 Claudius
3124 2189 3191 2253 Α,
3225 2185 3280 2259 l]
3324 2187 3466 2259 (36).

575 2469 816 2525 Dominis
854 2478 906 2525 et
936 2468 1196 2523 fratribus
1221 2469 1356 2533 suis,
1399 2469 1619 2523 domino
1661 2466 1913 2523 videlicet
1950 2470 2082 2524 chac
2114 2452 2157 2512 Β
2189 2466 2356 2539 igitur
2402 2476 2624 2539 propter
2671 2466 2884 2524 animas
2911 2479 3148 2536 vestras,
3192 2484 3262 2527 ne
3318 2470 3491 2541 primi
3547 2474 3766 2544 sitisqui

499 2560 843 2615 rissimorum
892 2559 1217 2615 charissimo
1247 2559 1419 2615 Priori
1470 2560 1535 2615 N.
1584 2570 1642 2616 et
1676 2560 1799 2615 aliis
1831 2560 2084 2616 onmibns

499 2654 772 2727 Wigorna:
798 2655 906 2709 Deo
936 2653 1300 2710 servientibus
1342 2653 1512 2709 frater
1537 2652 1599 2709 Ε.
1650 2654 1888 2725 ipsorum
1940 2664 2084 2710 totus

494 2763 683 2820 pacem
717 2748 808 2803 Dei
834 2762 1051 2803 onmem
1081 2762 1303 2803 sensum
1329 2758 1775 2817 exsuperantem.

564 2840 722 2895 Pater
746 2851 947 2908 vester,
986 2839 1276 2911 episcopus
1309 2849 1507 2906 vester,
1543 2849 1603 2895 ut
1624 2840 1794 2906 scitis,
1826 2855 1856 2894 a
1883 2838 2082 2896 stecnlo

495 2934 745 3001 transiit;
797 2943 853 2989 et
901 2949 998 2988 vos
1041 2935 1273 3003 orpbaui
1322 2933 1498 2990 relicti
1532 2934 1686 2989 estis.
1733 2934 1840 2989 Sed
1872 2934 2079 2989 utinam

495 3026 582 3079 ille
611 3025 703 3096 qui
748 3025 884 3079 dixit
936 3024 1221 3094 discipulis
1265 3024 1379 3080 suis
1429 3039 1445 3078 :
1496 3022 1621 3079 Non
1663 3024 1954 3097 relinquant
1992 3041 2080 3080 vos

492 3120 753 3186 «nullane:
802 3115 999 3187 (Joan.
1044 3132 1159 3185 xw,
1210 3115 1323 3187 18),
1364 3131 1461 3172 vos
1512 3116 1785 3188 orphanos
1836 3131 1944 3171 non
1994 3132 2082 3171 re-

495 3211 730 3280 linquat!
761 3209 828 3263 Et
858 3210 1046 3279 utique
1073 3224 1178 3263 non
1217 3209 1512 3279 relinquet,
1547 3210 1594 3265 si
1627 3224 1723 3264 vos
1753 3224 1874 3264 eum
1917 3209 2079 3278 primi

494 3318 599 3356 non
652 3301 1003 3371 reliqueritis.
1051 3298 1170 3357 Non
1225 3300 1545 3371 relinquetis
1574 3312 1778 3365 autem,
1808 3301 1853 3356 si
1888 3315 2077 3371 pacem

496 3394 638 3445 inter
668 3406 766 3446 vos
808 3390 1123 3447 habueritis.
1184 3390 1307 3461 Ipse
1330 3401 1403 3446 est
1451 3392 1591 3445 enim
1626 3408 1732 3462 pax
1760 3401 1957 3457 nostra,
1989 3393 2079 3463 qui

494 3482 616 3551 fecit
667 3492 884 3552 utraque
930 3499 1093 3536 unum
1126 3482 1343 3554 (Ep/tes.
1398 3496 1460 3549 ιι,
1518 3481 1627 3551 14).
1680 3480 1871 3536 Pacem
1916 3483 2081 3554 igitur

491 3572 676 3627 habete
718 3574 859 3628 inter
885 3589 981 3629 vos
1007 3584 1052 3627 et
1084 3572 1225 3627 Deus
1253 3574 1397 3642 pacis
1420 3574 1517 3628 erit
1542 3574 1806 3627 vobiscum
1839 3573 1887 3645 (1
1897 3573 1923 3628 1
1950 3573 2076 3632 Cor.

493 3678 615 3729 xm,
650 3664 756 3737 ll).
789 3664 938 3733 Quod
970 3665 1014 3720 si
1070 3666 1212 3720 Deus
1240 3664 1404 3721 fuerit
1452 3665 1754 3732 vobiscum,
1787 3682 1884 3737 pro
1928 3678 2079 3725 certo

491 3758 599 3811 erit
625 3766 679 3811 et
714 3772 813 3827 pro
840 3756 1014 3811 vobis.
1043 3755 1110 3811 Et
1139 3757 1183 3811 si
1234 3755 1374 3813 Deus
1400 3772 1497 3827 pro
1527 3756 1705 3824 vobis,
1730 3758 1852 3827 quis
1886 3767 2076 3814 contra

2185 2560 2584 2630 exstirpemini.
2618 2560 2676 2614 Si
2707 2560 2960 2625 consilia,
2987 2559 3189 2631 quibus
3208 2562 3485 2620 hactenus
3512 2566 3606 2620 usi
3639 2566 3765 2631 estis.

2187 2666 2373 2727 pacem
2423 2662 2746 2722 pepererunt
2792 2653 2936 2707 inter
2974 2668 3071 2708 VOS
3086 2693 3104 2718 ,
3133 2662 3190 2709 et
3214 2690 3215 2693 η
3238 2664 3428 2710 terras
3450 2668 3693 2723 γεειης,
3712 2673 3767 2712 ει

2185 2744 2383 2815 quibus
2408 2745 2625 2809 victum,
2653 2744 2907 2799 vestitum
2934 2753 2991 2799 et
3018 2746 3199 2800 omnia
3220 2748 3543 2803 necessaria
3592 2751 3769 2803 habere

2187 2837 2420 2902 debetis,
2468 2836 2518 2891 in
2574 2836 2824 2891 manibus
2871 2836 3067 2892 vestris
3118 2836 3551 2909 diligentissime
3620 2843 3769 2895 cultas

2187 2926 2549 2991 retinuerunt,
2590 2936 2645 2981 et
2676 2934 2998 2982 ornamenta
3026 2925 3285 2983 Ecclesiae
3331 2928 3389 2983 in
3438 2929 3653 2999 quibus
3679 2931 3767 2984 Deo

2184 3017 2401 3072 servitis
2427 3017 2798 3073 sacratissima
2838 3033 2968 3073 cura
2995 3033 3064 3073 ne
3087 3034 3365 3089 quoquam
3400 3021 3766 3076 distraheren-

2185 3117 2273 3162 tur
2312 3118 2789 3176 conservaverunt,
2838 3125 2872 3166 ο
2898 3110 3104 3166 domini
3136 3110 3267 3175 mei,
3297 3111 3391 3166 illa
3445 3122 3660 3179 tenete.
3688 3129 3769 3169 nec

2183 3203 2252 3256 ab
2282 3201 2386 3259 illis
2413 3203 2587 3275 gratia
2613 3202 2852 3273 cujusvis
2881 3204 3042 3261 amici
3075 3205 3252 3260 velitis
3290 3204 3614 3261 discedere.
3636 3206 3767 3274 Quod

2182 3295 2228 3350 si
2256 3294 2450 3350 borum
2496 3294 2676 3367 aliqua
2717 3297 2991 3353 contraria
3036 3297 3179 3353 inter
3207 3313 3304 3355 vos
3351 3309 3594 3369 Operata
3640 3310 3768 3364 sunt.

2180 3397 2405 3458 propter
2452 3388 2882 3459 omnipotentem
2931 3391 3099 3445 Deum
3151 3390 3353 3447 nullius
3408 3408 3577 3448 amor
3608 3409 3697 3448 vos
3722 3394 3766 3447 in

2180 3480 2263 3535 eis
2284 3478 2546 3547 detineat,
2588 3480 2791 3535 nullius
2830 3480 3029 3535 blanda
3072 3483 3368 3551 promissio
3426 3484 3547 3538 ulla
3580 3486 3769 3539 fatim

2182 3571 2429 3636 seducat,
2454 3580 2512 3626 ut
2532 3572 2584 3626 in
2599 3572 2679 3628 eis
2702 3574 3086 3643 permaneatis.
3118 3573 3333 3630 Servite
3354 3574 3500 3641 Deo,
3525 3589 3586 3633 et
3605 3580 3769 3633 omnia

2182 3661 2493 3716 necessaria
2553 3661 2886 3717 ministrabit
2937 3664 3114 3718 vobis.
3164 3663 3335 3721 Nemo
3390 3668 3552 3722 dicat
3604 3686 3618 3721 :
3669 3666 3767 3721 Non

2182 3754 2416 3809 serviam
2444 3754 2575 3822 Deo,
2617 3755 2723 3809 nisi
2756 3754 2939 3811 omnia
2962 3771 3085 3826 qua:
3128 3758 3313 3814 animo
3367 3774 3499 3815 meo
3534 3762 3766 3820 sedeant.

491 3844 622 3901 vos"!
651 3845 971 3901 Charissimi
999 3848 1123 3913 mei,
1154 3861 1346 3917 precor
1367 3862 1483 3913 vos,
1514 3862 1708 3917 precor
1730 3863 1825 3903 vos
1854 3859 2078 3919 propter
2106 3822 2151 3888 ο
2184 3846 2338 3915 prius
2388 3846 2654 3902 habuero.
2683 3846 2787 3914 Qui
2831 3847 2976 3903 enim
3018 3849 3123 3905 hoc
3165 3850 3323 3916 dicit,
3358 3853 3524 3921 prius
3575 3868 3771 3910 merce.

493 3938 662 3993 Deum
694 3947 747 3994 et
787 3948 1011 4013 propter
1038 3938 1377 3996 honestatem
1412 3950 1619 3996 sanctae
1647 3942 2078 3998 conversationis

492 4040 704 4096 vestrm,
763 4046 929 4087 unum
969 4039 1145 4087 estote
1188 4032 1242 4085 in
1286 4032 1506 4109 .Cbristo
1558 4030 1709 4097 Jesn,
1761 4031 1966 4087 fundati
2022 4034 2075 4089 in

492 4121 674 4176 radice
700 4122 981 4178 charitatis
1010 4124 1062 4177 in
1093 4123 1209 4193 ipso
1239 4123 1454 4194 (Ep/tes.
1500 4138 1585 4191 ιιι,
1617 4124 1728 4196 l7).
1754 4124 1907 4192 Quod
1935 4126 1981 4182 si
2006 4128 2075 4183 ab

445 4215 450 4219 '
493 4212 722 4268 invicem
747 4214 903 4270 divisi
929 4214 1157 4279 fueritis,
1200 4216 1495 4271 timendum
1527 4226 1610 4271 est
1630 4218 1782 4272 vobis
1808 4218 2077 4274 etamicis

482 4304 707 4368 vestris,
734 4319 802 4359 ne
849 4306 901 4359 in
931 4306 1314 4361 desolationem
1350 4309 1640 4375 corruatis,
1667 4307 1825 4378 juxta
1848 4311 2075 4366 verbum

490 4391 703 4446 Domini
734 4395 823 4464 qui
853 4395 1004 4451 dicit.
1042 4395 1208 4451 Omne
1261 4415 1475 4468 regnum
1505 4400 1560 4455 in
1596 4401 1823 4472 seipsum
1846 4402 2073 4457 divisum

487 4483 813 4540 desolabitur
861 4485 1079 4557 (Matth.
1129 4504 1224 4555 xu,
1276 4490 1389 4561 26).
1421 4491 1668 4563 Cogitate
1711 4495 1781 4549 in.
1811 4502 2070 4564 quantam

473 4577 747 4637 invidiam
804 4584 1163 4654 quorumdam
1210 4585 1565 4654 malignorum
1613 4588 1893 4644 hominum
1937 4591 2071 4645 ordo

486 4675 837 4731 monachicus
868 4676 969 4732 hoc
999 4685 1239 4747 tempore
1266 4680 1429 4743 venit,
1449 4688 1505 4735 et
1535 4690 1795 4752 quantum
1828 4682 2073 4737 nitantur

483 4783 609 4822 eum
666 4768 857 4825 saltem
898 4770 968 4826 ad
1030 4771 1428 4843 episcopalibus
1490 4775 1815 4846 exstirpare.
1868 4774 2072 4831 Cavete

556 4967 666 5039 ('56)
705 4968 971 5049 Prx-cedit
1010 4971 1065 5027 in
1091 4973 1505 5049 eodeiucodice
1534 4977 1757 5047 epistola
1785 4978 1980 5049 prioris
2014 4990 2069 5036 ct

482 5049 783 5121 gonventns
822 5042 1067 5113 Wigorn.
1093 5044 1160 5099 ad
1193 5042 2061 5121 Willbelmumfarchiepiscopum

480 5108 950 5190 Cantuaricnsem',
983 5124 1172 5190 petens
1201 5125 1260 5169 ut
1282 5117 1505 5174 liberam
1535 5119 1637 5175 sibi
1669 5108 1794 5175 novi
1821 5108 2067 5190 prte'sulis

483 5179 800 5261 ell‘ctionent
858 5201 887 5238 a
928 5179 1067 5261 rege
1117 5186 1389 5261 impetret.
1417 5258 1429 5261 _
1463 5190 1721 5259 Sequitur
1779 5179 2064 5261 responsio

483 5241 776 5307 Willhclmi
831 5241 1221 5328 archiepiscopi
1249 5241 1718 5317 consolatoriande
1756 5241 2064 5333 ιίιόἱῗέιῖἑιῖ

2183 3937 2305 3992 dem
2359 3938 2529 4008 exigit
2575 3953 2740 4008 quam
2806 3939 3087 3995 servitium
3131 3941 3217 3996 cui
3283 3957 3505 4000 merces
3554 3945 3769 4000 debetur

2182 4027 2441 4083 exhibere
2468 4028 2622 4083 velit.
2656 4027 2811 4095 Quod
2840 4044 3005 4099 quam
3035 4030 3279 4102 ineptum
3307 4032 3382 4086 sit
3425 4034 3600 4089 etiam
3642 4036 3767 4089 inter

2181 4118 2453 4186 homines,
2491 4119 2669 4188 quivis
2709 4121 2924 4177 ratione
2969 4130 3130 4177 utens
3176 4122 3313 4177 satis
3362 4123 3632 4179 advertit.
3673 4125 3767 4180 Vos

2179 4221 2360 4266 autem
2390 4209 2569 4268 videte
2591 4211 2720 4282 quid
2763 4222 2890 4284 agat
2916 4216 3179 4269 sanctitas
3207 4227 3411 4270 vestra.
3440 4215 3560 4287 Ego
3584 4220 3767 4272 stultas

2184 4301 2360 4360 factus
2401 4318 2522 4359 sum
2586 4305 2857 4362 monendo
2907 4321 2996 4362 me
3039 4306 3296 4363 meliores
3340 4317 3400 4363 et
3442 4311 3643 4380 utique
3682 4325 3765 4378 per

2182 4399 2361 4454 omnia
2404 4398 2781 4469 sapientiores.
2807 4398 2916 4455 Sed
2960 4414 3151 4455 revera
3191 4400 3439 4456 charitas
3469 4415 3654 4457 vestra
3689 4416 3764 4455 me

2180 4490 2375 4562 coegit.
2404 4490 2593 4547 Valete
2623 4491 2787 4565 igitur
2827 4501 2884 4548 et
2914 4502 3071 4549 orate
3091 4508 3191 4564 pro
3217 4510 3324 4559 n-e,
3375 4504 3433 4550 et
3481 4496 3762 4565 perdomat

2181 4584 2311 4638 tnihi
2361 4584 2499 4639 hanc
2540 4600 2758 4639 noxam.
2791 4583 3148 4655 Omnipotens
3174 4587 3317 4643 Deus
3345 4588 3551 4659 dirigat
3580 4603 3674 4643 vos
3712 4594 3763 4641 et

2181 4688 2334 4734 actus
2360 4688 2566 4734 vestros
2590 4679 2643 4735 in
2675 4678 3011 4751 beneplacito
3033 4694 3154 4737 suo.
3185 4680 3385 4737 Amen.

2178 4961 2365 5043 storis.
2398 4961 2629 5043 seinse
2654 4962 3457 5043 _Wigorniensibusrepiseopis
3509 4971 3759 5029 Thallus

2179 5041 2422 5110 tempore
2451 5034 3166 5110 \Yillbelmiarchiepiscopi
3196 5034 3530 5105 obiit,'anno
3554 5046 3755 5099 scilit‘cl

2175 5104 2336 5177 1135,
2367 5119 2462 5177 χιι.
2488 5104 2606 5159 Kal.
2648 5105 2942 5164 Novembr.
2959 5104 3048 5166 'llli
3079 5104 3349 5168 successit
3368 5112 3581 5177 Simon,
3625 5130 3754 5167 anno

2177 5174 2339 5255 1125,
2388 5176 2619 5255 electus1
2660 5194 2765 5255 non
2817 5193 2881 5233 ex
2934 5196 3101 5255 grege
3136 5174 3577 5255 monachorum,
3624 5188 3753 5255 quod

2122 5279 2129 5286 -
2174 5245 2333 5301 enixe
2361 5247 2551 5302 suadet
2578 5247 2896 5317 Eadmerus,
2925 5245 3081 5308 sede
3100 5253 3247 5309 clero
3276 5255 3543 5310 saeculari.
