3870 6304
103 360 188 418 εθῡ
560 372 563 375 ‘
1144 353 1418 412 ΝιεοιΑι
1456 356 1631 413 EPlS']

1742 358 1811 412 ιι)
1842 358 2253 415 ΕΑΟΜΕΠυῗνΙ.

3216 364 3321 422 810

1925 531 1968 541 -.
1986 518 3323 551 ᾙ--ᾙυῌι--ῌ

487 674 1069 793 NlCOLAI
1128 678 1810 793 EPISTOLA
1880 679 2065 794 AD
2127 682 2913 800 EADMERUM

970 902 1060 961 De
1104 898 1385 977 primatu
1412 899 1586 961 sedis
1618 900 2042 963 Eboracensis
2072 903 2141 964 in
2176 904 2404 966 Scotia.

1079 1063 1416 1135 (Wamnos,
1446 1062 1642 1134 Anglia
1672 1081 1846 1122 sacra.
1882 1074 1917 1116 ι.
1946 1064 2008 1128 11,
2043 1081 2095 1135 p.
2125 1066 2275 1137 254.)

139 1353 304 1407 κιοςιο
342 1366 441 1423 per
468 1351 563 1407 Dei
605 1353 834 1434 gratiam
866 1353 921 1409 in
960 1352 1145 1411 Saneti
1184 1354 1418 1411 Andrea:
1448 1355 1630 1412 cathe-
1665 1339 1711 1395 Α
1738 1353 2186 1423 Christianitatis,
2216 1371 2318 1414 nec
2364 1374 2473 1415 non
2519 1367 2577 1416 et
2612 1362 2930 1433 pontiﬁcum
2961 1332 3326 1427 consecratio-

80 1451 207 1505 dram
241 1448 457 1503 domino
498 1447 743 1513 EDIIERO,
795 1464 927 1504 suus
969 1446 1240 1505 NICOLAUS
1280 1464 1345 1504 ex
1391 1450 1637 1505 adversis

78 1541 130 1595 ad
148 1538 528 1607 iucunditatem
557 1540 832 1611 prosperis
855 1540 1197 1597 successibus
1227 1540 1445 1595 tendere
1472 1549 1635 1595 mter-

75 1650 198 1689 llilill.

133 1725 179 1779 In
228 1725 471 1780 adversis
518 1740 639 1795 qua:
672 1732 724 1779 te
761 1725 871 1796 pati
911 1740 1328 1789 commemoras,
1375 1722 1635 1794 patientia

74 1819 277 1873 maxime
322 1817 634 1872 necessaria
665 1826 766 1884 est,
809 1817 1003 1873 deinde
1044 1818 1329 1889 prudentia
1381 1826 1436 1874 et
1479 1818 1636 1872 indu-

72 1909 181 1962 stria
210 1907 273 1962 ad
315 1908 676 1963 evincendam
718 1908 895 1978 gentis
925 1908 1255 1974 barbariem,
1288 1923 1450 1977 quam
1485 1908 1631 1963 nullo

71 2000 260 2070 ingenio
280 1999 446 2055 citius
469 1998 574 2054 tuis
599 2000 841 2055 moribus
867 2016 1029 2071 quam
1079 1998 1330 2069 largitate
1356 1999 1633 2068 dapsilita—

71 2092 127 2143 tis
156 2091 436 2146 conciliare
458 2098 630 2162 potes.
663 2089 816 2146 Unde
844 2098 900 2145 et
923 2091 1115 2145 beatus
1144 2089 1340 2145 Petrus
1360 2090 1634 2161 apostolus

70 2182 110 2235 in
137 2182 535 2238 instructionem
559 2182 733 2238 sancti
761 2174 1074 2249 Clementis,
1099 2197 1260 2251 quem
1289 2181 1392 2238 sibi
1416 2197 1635 2238 succes-

66 2290 217 2327 sarem
248 2275 460 2339 statuit,
490 2275 630 2329 inter
670 2282 868 2328 caetera
921 2273 1101 2327 taliter
1142 2271 1460 2327 admonuit:
1496 2270 1633 2326 Cha-

68 2367 212 2419 rilnlis
244 2367 557 2436 recipienda:
581 2376 628 2419 et
665 2365 919 2420 habenda:
964 2365 1255 2418 maximum
1290 2366 1388 2418 erit
1425 2364 1630 2434 fomen-

64 2460 242 2523 tum,si
271 2459 577 2530 frequenter
618 2458 753 2511 inter
797 2473 885 2511 vos
929 2472 1256 2510 communem
1298 2454 1470 2508 cibum
1495 2471 1635 2508 men-

61 2567 251 2621 samque
311 2551 553 2620 faciatis.
624 2548 693 2604 Ει
759 2556 883 2619 post
929 2563 1142 2618 pauca:
1205 2545 1433 2616 Propter
1492 2546 1632 2616 quod

60 2660 326 2698 communes
359 2643 524 2712 facile
553 2642 694 2697 cibos
722 2650 915 2697 vestros
946 2656 1065 2693 cum
1092 2639 1170 2708 iis
1212 2638 1303 2707 qui
1342 2636 1630 2692 secundum

61 2735 205 2790 Deum
241 2737 435 2805 fratrea
465 2745 609 2791 sunt.
645 2734 753 2790 Per
787 2734 899 2790 hac
927 2732 1065 2787 enim
1102 2731 1366 2801 prwcipue
1401 2728 1631 2782 charitas

57 2836 393 2894 comparatur.
425 2823 537 2880 Nec
588 2826 806 2893 mirum,
851 2824 897 2880 si
930 2819 1211 2877 barbaries
1241 2818 1499 2875 indomita
1532 2818 1631 2874 ali-

58 2914 193 2981 cujus
234 2918 440 2985 gentis,
495 2918 581 2971 his
609 2916 799 2972 olliciis
846 2915 1109 2979 emollita,
1145 2916 1214 2970 ad
1262 2913 1629 2969 moralitatem

56 3005 268 3062 ﬁci-titur
314 3008 567 3072 civilem,
613 3023 736 3063 cum
794 3017 850 3063 et
916 3007 1267 3063 ferocissimae
1298 3007 1632 3076 rationisque

56 3111 286 3167 expertes
306 3100 464 3167 ferae,
493 3099 769 3155 aliutoniis
792 3099 1154 3170 humanisque
1185 3102 1511 3160 attractibus
1538 3100 1632 3156 de-

52 3186 223 3256 ﬁnitae,
257 3198 675 3256 mansuescunt,
701 3190 754 3245 in
797 3199 1010 3246 tantum
1044 3202 1103 3248 ut
1140 3195 1421 3250 hominum
1456 3193 1632 3264 magis

53 3296 196 3347 quam
237 3281 625 3338 consodalium
656 3281 913 3338 aii'ectent
938 3284 1243 3339 belluarum
1290 3286 1628 3341 societatem.

50 3373 404 3448 Quapropter,
444 3388 502 3432 ut
527 3376 736 3433 amicus
760 3375 827 3431 de
848 3378 1025 3433 amico
1051 3376 1336 3443 sollicitus,
1369 3393 1628 3449 suggero,

49 3470 252 3533 suadeo,
300 3472 583 3526 admoneo
639 3480 731 3534 te,
784 3478 843 3523 ut
899 3469 1305 3539 charissimum,
1356 3479 1633 3542 quatenus

45 3572 189 3627 supra
220 3562 366 3617 vites
414 3562 580 3617 etiam
613 3570 731 3615 tuas
770 3559 1080 3630 dapsilitate
1116 3569 1172 3614 et
1206 3576 1492 3615 munerum
1524 3560 1633 3613 lar-

47 3651 197 3719 gitate
223 3654 486 3709 allectum
519 3654 760 3709 omnium
784 3652 877 3707 tibi
901 3665 1219 3722 comparare
1240 3653 1480 3717 studeas,
1503 3652 1630 3722 quia

47 3743 224 3800 talibus
245 3745 452 3801 olﬁciis
477 3760 639 3814 quam
673 3744 910 3799 maxime
948 3742 1113 3799 eﬂ'era
1148 3743 1312 3799 corda
1349 3746 1632 3815 gentisque

46 3836 312 3892 indomitae
335 3838 652 3893 barbariora
682 3837 750 3890 ad
779 3836 852 3890 tui
873 3851 1116 3891 amorem
1136 3844 1191 3891 et
1219 3851 1405 3892 sanam
1430 3837 1632 3893 doctri-

43 3943 159 3983 nam
210 3926 766 3998 ecclesiasticamque
819 3927 1161 3997 disciplinam
1230 3928 1629 4000 suscipiendam

37 4022 271 4078 emollire
298 4020 594 4092 pracvalcs.
628 4020 703 4075 De
729 4018 813 4075 his
841 4018 955 4087 jam
985 4021 1144 4076 satis.

101 4111 174 4168 De
223 4112 599 4169 Eboracensis
648 4119 828 4166 autem
878 4110 1132 4167 Ecclesiae
1178 4112 1412 4182 primatu
1466 4126 1629 4181 super

35 4204 237 4271 Scotos,
268 4207 423 4261 unde
455 4204 825 4275 interrogasti,
853 4204 997 4258 nulla
1030 4212 1113 4259 est
1142 4205 1461 4268 auctoritas,
1484 4203 1627 4258 nulla

36 4300 167 4353 ratio
207 4300 294 4354 vel
326 4298 647 4369 exemplum
688 4306 839 4366 patet
881 4298 1024 4367 quod
1071 4299 1176 4353 hoc
1205 4306 1433 4352 astruat.
1462 4296 1628 4368 Quip-

31 4406 90 4459 pe
134 4408 260 4448 cum
311 4392 687 4448 Eboracensis
730 4390 967 4447 Ecclesia
1015 4390 1173 4446 iidem
1221 4398 1273 4446 et
1327 4390 1629 4447 doctrinam

92 4542 205 4663 (57)
249 4542 555 4613 Turgodus
596 4540 746 4610 prior
790 4540 1169 4597 Dunelmensis‘
1219 4557 1363 4597 anno
1411 4543 1631 4600 circiter

92 4614 154 4663 t7
208 4614 435 4663 electus
477 4620 561 4663 est
605 4610 895 4663 enisconus
954 4610 1416 4663 Santantlreanus.
1480 4612 1627 4663 Mota

27 4610 154 4665 llﬁ'l
184 4610 435 4668 'electtis
477 4620 561 4666 est
605 4610 895 4682 episcopus
954 4610 1416 4668 Santantlreanus.
1480 4612 1628 4669 Mota

27 4692 202 4736 autent
227 4684 303 4737 ab
345 4681 766 4752 archiepiscopo
789 4681 1119 4737 Eboracensi
1159 4684 1533 4740 controversia
1561 4686 1630 4742 de

24 4752 373 4821 subjectione
411 4752 668 4807 Ecclesiae
701 4752 1147 4820 Santandreante,
1194 4753 1360 4809 dilata
1403 4764 1487 4810 est
1527 4755 1629 4809 ali-

24 4826 263 4887 quandiu
335 4823 709 4877 consecratio.
754 4823 1118 4894 Consecratus
1145 4822 1375 4894 demum
1402 4834 1488 4880 est
1508 4835 1631 4894 post

24 4894 266 4965 medium
324 4908 544 4965 annum
578 4893 715 4965 i109
746 4894 900 4964 (ipsis
928 4893 1155 4965 Augusti
1190 4892 1451 4965 Kalendis
1476 4892 1628 4961 juxta

21 4961 477 5033 Mailrosensem)
508 4978 539 5016 a
594 4961 799 5018 Thonia
836 4961 1160 5019 Eboracensi
1203 4964 1355 5031 jussu
1408 4964 1627 5019 llenrici

24 5036 164 5120 regis
184 5034 413 5120 Anglia:
445 5033 565 5114 sine
612 5034 718 5115 ulla
746 5033 1098 5120 subiectionis
1140 5034 1444 5115 exactione,
1480 5035 1630 5090 salvo

22 5112 202 5175 utrumn
253 5104 536 5166 Ecclesiae
578 5104 861 5175 utriusque
889 5105 1028 5173 jure.
1066 5104 1304 5175 Scotiam
1357 5120 1628 5170 reversus,

22 5174 333 5230 Ecclesiam
398 5177 658 5228 sexennio
706 5174 817 5229 fere
848 5176 1007 5230 rexit.
1056 5174 1183 5229 Orta
1221 5176 1439 5229 demum
1489 5177 1633 5230 inter

19 5244 193 5315 ipsum
246 5255 308 5299 et
363 5243 565 5298 Scotos
616 5244 900 5315 multiplici
957 5245 1073 5309 lite,
1125 5245 1351 5300 Romam
1400 5244 1630 5300 adeundi

18 5314 304 5369 licentiam
359 5330 393 5367 a
434 5329 558 5383 rege
598 5314 794 5386 petiit.’
828 5314 1117 5385 chulsam
1158 5330 1375 5386 passus,
1426 5316 1478 5369 in
1506 5331 1632 5386 gra-

18 5400 135 5440 vem
160 5386 345 5440 animi
376 5399 670 5438 "utmorem
695 5385 904 5451 incidit,
931 5395 985 5440 et
1013 5385 1327 5439 Dunelmum
1346 5385 1629 5441 recedendi

1742 1460 1865 1500 nem
1895 1461 1927 1501 a
1974 1446 2153 1503 Scotis
2191 1450 2561 1520 saepenumero
2592 1457 2924 1511 mutuaverit
2950 1498 2966 1524 ,
3014 1459 3162 1516 Scoti
3191 1477 3323 1519 vero

1740 1537 1810 1592 ab
1851 1537 1962 1607 ipsa
2002 1555 2298 1610 nunquam,
2337 1551 2534 1612 praeter
2562 1546 2707 1615 quod
2736 1546 2788 1600 in
2820 1547 3171 1620 Thurgodum
3205 1555 3323 1626 ('57)

1740 1635 1921 1682 actum
1961 1638 2064 1684 est.
2092 1628 2227 1684 Nam
2265 1640 2552 1702 postquam
2593 1633 2966 1694 Eboracenses
2992 1655 3022 1694 a
3063 1642 3168 1697 ﬁde
3195 1659 3326 1714 apo-

1738 1718 2299 1789 stalantesﬂprimum
2368 1722 2679 1791 pontiﬁcem
2741 1741 2899 1781 suum
2956 1728 3240 1788 Paulinum
3291 1751 3324 1790 a

1737 1811 1927 1868 Cantia
1972 1814 2052 1868 eis
2090 1814 2396 1871 ordinatum
2432 1817 2780 1887 expulerunt,
2822 1819 3056 1877 Sanctus
3080 1823 3320 1882 Aidanus

1738 1904 1932 1960 Scotus
1958 1914 2011 1960 et
2041 1921 2070 1959 a
2121 1903 2297 1961 Scotis
2354 1906 2657 1964 destinatus
2709 1920 2766 1965 et
2814 1911 3115 1980 ordinatus,
3154 1913 3316 1970 ﬁdem

1734 1993 1937 2050 Christi
1969 1994 2199 2067 ﬁdeique
2248 2007 2588 2053 sacramenta
2629 2001 2725 2054 toti
2757 1999 3141 2059 Northimbria:
3179 2013 3319 2060 stre-

1734 2099 1875 2138 nuus
1920 2083 2144 2139 invexit.
2178 2085 2382 2141 Deinde
2423 2085 2540 2155 ejus
2564 2103 2912 2146 successores
2957 2091 3324 2151 Eboracensis

1735 2173 1989 2228 Ecclesiae
2034 2174 2292 2243 przcsules
2324 2175 2434 2247 (58)
2480 2193 2648 2247 usque
2681 2180 2747 2234 ad
2792 2190 3043 2250 quartum
3071 2197 3261 2240 omnes
3288 2200 3323 2242 a

1737 2265 1914 2321 Scotis
1964 2265 2221 2331 ordinati,
2270 2267 2481 2337 imbuti,
2526 2277 2579 2324 et
2635 2269 2713 2325 illi
2761 2270 3016 2328 Ecclesiae
3065 2274 3323 2332 destinati

1732 2365 1880 2413 sunt.

1802 2451 1952 2507 Unus
1978 2451 2141 2508 etiam
2186 2468 2250 2507 ex
2281 2453 2360 2509 eis
2387 2461 2610 2524 propter
2656 2470 2811 2511 suam
2865 2454 3333 2517 indiscretionent

1734 2541 1941 2597 inutilis
1976 2543 2052 2597 illi
2112 2543 2367 2600 Ecclesia:
2403 2545 2700 2614 judicatus,
2732 2546 2801 2602 ab
2846 2548 2977 2619 ipsis
3010 2549 3189 2607 Scotis
3220 2552 3321 2607 de-

1734 2635 1943 2703 positus
1965 2646 2047 2691 est
2070 2636 2203 2716 (39).
2226 2646 2318 2701 liis
2338 2643 2592 2698 omnibus
2614 2647 2836 2695 sanctus
2859 2640 3003 2695 Beda
3025 2652 3322 2699 attestatur

1738 2731 1789 2785 in
1824 2732 2060 2791 Historia
2083 2739 2401 2810 Anglorum.
2430 2737 2723 2793 Praesulem
2755 2747 2883 2789 vero
2908 2747 3003 2789 seu
3035 2736 3321 2791 doctorem

1734 2823 1972 2895 aliquem
2010 2827 2191 2885 Scotis
2244 2830 2574 2885 destinatum
2606 2829 2690 2884 vel
2732 2827 3038 2885 ordinatum
3083 2829 3151 2884 ab
3180 2829 3321 2883 Ebo-

1734 2931 1861 2971 raca
1894 2918 2039 2973 nulla
2068 2919 2221 2975 docet
2264 2920 2500 2975 llistoria
2520 2962 2536 2986 ,
2566 2935 2666 2975 nec
2694 2922 2857 2975 etiam
2892 2920 3091 2986 fabula,
3119 2929 3319 2990 praeter

1734 3009 2109 3077 supradictum
2176 3010 2455 3083 Thurgod.
2523 3011 2712 3067 Cesset
2765 3026 2894 3082 ergo
2954 3012 3319 3068 Eboracensis

1732 3098 1975 3156 Ecclesia
2013 3102 2303 3172 primatum
2335 3104 2531 3159 Scotiae
2560 3104 2661 3161 sibi
2685 3103 3010 3161 vindicando
3031 3118 3315 3176 appetere;

1733 3204 1894 3258 quem
1925 3191 1968 3246 si
2003 3193 2247 3260 haberet,
2281 3208 2405 3248 cum
2434 3195 2632 3264 praesul
2679 3195 2867 3252 Sancti
2902 3196 3133 3252 Andreas
3159 3213 3317 3263 sum-

1732 3294 1855 3335 raus
1902 3281 2145 3351 pontifex
2197 3282 2486 3340 Scotorum
2522 3286 2846 3356 appelletur,
2891 3301 3136 3346 summus
3187 3304 3321 3345 vero

1735 3382 1841 3427 non
1879 3382 1962 3428 est
2007 3375 2109 3429 nisi
2141 3375 2233 3445 qui
2266 3391 2434 3447 super
2483 3376 2622 3434 alios
2652 3389 2765 3448 est;
2796 3382 2889 3451 qui
2932 3392 3113 3439 autem
3154 3386 3329 3453 super

1735 3465 1874 3521 alios
1924 3466 2208 3538 episcopos
2259 3478 2367 3535 est,
2412 3470 2541 3540 quid
2593 3471 2699 3526 nisi
2730 3475 3168 3545 archiepiscopus
3210 3463 3331 3539 est,'

1734 3558 1859 3613 licet
1901 3560 2185 3616 barbaries
2237 3562 2414 3631 gentis
2460 3563 2604 3633 pallii
2631 3564 2743 3634 (40)
2776 3566 3036 3621 honorem
3072 3565 3320 3635 ignoret?

1735 3649 1817 3713 Si,
1853 3649 2098 3719 inquam,
2132 3666 2295 3720 super
2332 3654 2495 3719 hunc,
2532 3655 2624 3723 qui
2654 3666 2900 3710 summus
2927 3666 3150 3710 vocatur
3181 3643 3329 3725 pou-Il

1737 3740 1865 3796 til'ex
1896 3756 2008 3797 sua:
2036 3741 2237 3811 gentis,
2272 3742 2643 3806 prarlatlonem
2683 3745 2912 3800 haberet
2939 3743 3137 3817 praesul
3169 3732 3328 3819 Ebo-i

1736 3847 1897 3897 racaz,
1920 3832 2034 3902 jam
2066 3847 2175 3889 non
2222 3842 2427 3889 tantum
2458 3825 2929 3906 metropo'litanus,
2974 3835 3084 3890 imo
3114 3835 3319 3906 prima.

1734 3930 1881 3977 esset
1932 3922 2356 3979 alteriusetiam
2398 3926 2569 3995 regni.
2594 3924 2751 3993 Quod
2793 3934 3058 3996 nusqmm
3094 3912 3326 3996 legiturJ

1738 4014 1814 4070 De
1845 4014 2207 4072 Eboracensis
2249 4015 2505 4071 Ecclesiae
2539 4016 2897 4089 suﬁ‘raganeis
2930 4018 3057 4087 quid
3089 4020 3156 4073 ad
3186 4018 3319 4074 vos?

1730 4108 1883 4165 Alias
1928 4108 2034 4164 sibi
2060 4118 2288 4179 quierat,
2326 4123 2431 4164 non
2470 4108 2538 4162 de
2565 4109 2734 4163 vobis.
2763 4108 2917 4177 Quod
2947 4108 2991 4163 si
3045 4098 3123 4164 tut
3163 4109 3316 4164 inve-

1735 4201 1873 4266 nire,
1908 4208 2036 4268 quot
2064 4213 2124 4254 se
2161 4197 2394 4252 aestimat
2442 4199 2643 4253 habere
2688 4199 2961 4268 debuisse,
3002 4214 3108 4255 non
3148 4184 3325 4269 valet,’

1732 4291 1837 4347 sibi
1878 4290 2138 4360 imputet;
2190 4304 2298 4343 non
2338 4284 2513 4345 aliena
2543 4290 2796 4345 invadere
2834 4299 3142 4361 attemptet.
3182 4291 3324 4384 Sua:l

1732 4384 1951 4457 quidem
2005 4381 2347 4455 negligentiae
2396 4382 2706 4453 ascribitur,
2758 4382 2868 4442 imo
2907 4393 2964 4441 et
3001 4385 3313 4457 cupiditati,

1769 4538 1945 4610 nando
1975 4538 2420 4610 obitusitempore
2455 4538 2699 4596 nonnihil
2729 4540 2955 4596 erravit.
2985 4539 3142 4597 Anno
3163 4541 3314 4598 enim

1769 4557 1945 4595 nanuo
1975 4557 2157 4596 onttus
2179 4557 2420 4610 tempore
2455 4557 2699 4596 nonntmt
2729 4557 2955 4596 erravu.
2985 4557 3142 4597 anno
3163 4557 3314 4598 enim

1731 4557 1890 4693 ill5,
1941 4611 2083 4681 prid.
2139 4609 2260 4665 Kal.
2292 4611 2465 4681 April.
2520 4627 2640 4667 cum
2691 4611 2827 4666 feria
2869 4619 3063 4680 quarta
3098 4626 3315 4680 compo-

1732 4699 1765 4735 ΙΙ
1774 4698 1787 4735 Ι
1796 4692 1848 4735 lli
1857 4696 1903 4732 I'.

1813 4750 1927 4821 (38)
1951 4751 2168 4821 Aidano
2198 4760 2578 4808 successerunt
2606 4750 2868 4815 Finanus,
2895 4749 3228 4807 Colmannus
3258 4760 3316 4805 et

1732 4819 1912 4885 Tuda,
1942 4819 2090 4875 Scoti
2112 4836 2320 4887 omnes,
2347 4832 2402 4876 et
2429 4838 2459 4875 a
2482 4820 2662 4877 Scotis
2689 4821 2955 4884 ordinati;
2984 4821 3100 4889 qui,
3123 4836 3316 4889 quam-

1731 4893 1814 4946 vis
1858 4890 2216 4961 Lindisfarna:
2262 4893 2447 4947 sedem
2506 4890 2865 4961 episcopalem
2902 4890 3313 4961 collocaverint,

1735 4970 1904 5017 totam
1935 4970 2114 5014 tamen
2164 4960 2705 5024 Northanimbriam,’
2742 4960 3075 5030 provinciam
3106 4961 3314 5015 scilicet

1736 5032 2155 5094 Eboracensem,
2205 5040 2480 5087 rexernnt.
2530 5030 2622 5086 His
2652 5033 2796 5085 enim
2843 5031 3199 5085 Lindisfarna:
3227 5046 3313 5085 se-

1734 5102 2008 5169 dentibus,
2044 5102 2257 5156 vacavit
2288 5102 2446 5158 sedes
2484 5101 2850 5158 Eboracensis
2881 5101 3043 5158 anuis
3086 5101 3312 5158 circiter

1736 5171 1975 5227 triginta.
3132 5226 3135 5227 ν

1807 5188 2090 5310 ἓὲ)³’ὶ⁷ιι1ι
2123 5240 2435 5295 Willridum
2462 5242 2767 5305 Seniorem,
2805 5256 2896 5311 qut
2924 5243 3052 5297 sede
3084 5226 3180 5297 sua
3211 5234 3311 5297 sae;

1735 5312 1856 5383 pius
1882 5322 1966 5366 est
1995 5313 2385 5383 deturbatusa
2419 5315 2634 5383 regibus
2678 5311 3151 5367 Northanimbrite.
3201 5314 3309 5366 Ex-

1738 5381 1891 5452 pulso
1921 5382 2170 5451 primitus
2206 5381 2459 5438 Willrido
2482 5381 2625 5438 anno
2647 5383 2770 5445 678,
2800 5385 3125 5453 subrogatus
3150 5393 3233 5453 est
3256 5384 3309 5438 in

18 5431 670 5526 naias"pastini;
695 5431 1629 5526 statim;iisiissgﬁgaa;
1667 5431 1710 5485 ί)
1738 5431 2354 5526 gga;n..1iignn,a.a‘_'
2365 5431 2781 5516 ἐὲῖεἷῗιὶῖιιῖὀῦὲ
2801 5431 3031 5526 -έξρἶιῖξ
3032 5431 3122 5526 ίὲῑ
3143 5431 3312 5526 ipsa;

17 5528 150 5581 nhiit
181 5530 238 5582 in
282 5525 559 5596 caenobio
602 5524 1037 5579 Weretnutltensi
1088 5524 1229 5580 anno
1276 5526 1435 5591 1115,
1472 5524 1626 5596 "prid.

18 5596 134 5651 Kal.
163 5594 577 5668 Aprilndferia
605 5596 792 5668 tertia,
814 5606 1094 5668 postquam
1127 5597 1355 5668 sedisset
1384 5594 1557 5668 annos
1574 5597 1629 5663 8,

17 5664 237 5722 menses
262 5666 329 5728 2,
364 5664 492 5720 dies
522 5666 607 5718 lﬁ.
640 5665 744 5720 Ista
762 5665 981 5720 Simeon
1008 5665 1380 5721 Dunelmensis
1410 5666 1631 5722 uberius

18 5741 189 5793 relert
229 5738 338 5793 lib.
372 5735 457 5789 De
498 5744 632 5806 gest.
664 5751 775 5805 reg.
821 5736 956 5806 Aug.
991 5753 1043 5807 p.
1093 5736 1219 5805 207,
1257 5736 1347 5807 qui
1393 5737 1446 5794 in
1485 5738 1625 5793 desi-

370 5853 647 5913 PATttUL.
694 5848 913 5912 CLIX.

1740 5521 2123 5594 Mailrosensis.
2156 5522 2292 5594 Hine
2321 5522 2520 5577 factum
2548 5534 2696 5594 puto,
2725 5522 2867 5592 quod
2893 5523 3146 5579 Nicolaus
3176 5521 3309 5576 Wil-

1738 5593 1935 5648 l‘ridutn
1967 5609 1995 5645 a
2025 5592 2204 5647 Scotis
2230 5592 2532 5662 depositum
2552 5592 2734 5648 inisse
2757 5603 2984 5648 asserat.

1811 5663 1923 5737 (40)
1948 5663 2250 5737 Antistites
2277 5664 2671 5737 Satntzttttlt'eatti
2698 5663 2845 5737 pallii
2874 5679 3031 5719 usum
3063 5672 3189 5717 ante
3213 5676 3309 5716 an-

1740 5732 1868 5790 num
1901 5732 2037 5787 1472
2068 5748 2173 5788 non
2203 5734 2572 5791 obtinuerunt.

2837 5845 2911 5904 26
