3870 6304
659 350 764 408 813

1338 494 1513 551 PARS
1549 493 1588 549 ι.

723 635 882 689 Patre
934 632 1095 704 igitur
1146 629 1521 702 llatheguiuo,
1573 638 1751 694 matre
1802 642 1936 684 vero
1989 626 2241 688 Adclesia

650 728 898 798 genitus,
966 723 1227 779 ditecesin
1293 723 1787 804 ltothomageusem
1847 725 1901 776 iu
1964 719 2241 776 territorio

649 820 925 875 Vilcasino
970 832 1070 873 suo
1115 816 1407 871 illustravit
1430 825 1642 885 exortu,
1685 816 1904 881 litteris,
1935 815 1986 870 in
2027 813 2237 882 eadem,

648 927 770 965 cum
810 911 923 981 jam
947 907 1140 979 puerili
1187 905 1408 962 floreret
1447 916 1628 974 tetate,
1663 907 1911 972 traditus,
1951 914 2005 962 et
2045 907 2144 971 eis,
2182 914 2241 960 ut

648 1003 738 1058 illa
775 1003 887 1072 pati
930 1008 1144 1072 poterat
1184 1009 1335 1064 aetas,
1368 1015 1464 1070 pro
1497 999 1696 1070 ingenii
1737 1000 2041 1068 rapacitate
2067 999 2242 1054 imbu-

650 1106 758 1152 tus.
783 1097 918 1152 Cum
942 1108 1122 1154 autem
1143 1095 1258 1166 jam
1286 1099 1543 1169 grandior
1565 1097 1742 1153 factus
1767 1099 1908 1167 apud
1937 1097 2241 1152 Rothoma-

649 1203 774 1254 gum
825 1189 929 1242 arti
980 1189 1225 1244 studeret
1266 1189 1654 1260 grammaticae,
1683 1188 1854 1258 coepit
1887 1187 2007 1258 jam
2031 1187 2237 1259 Spiritu

647 1277 859 1333 afﬂatus
904 1279 1087 1334 divino
1136 1280 1305 1335 multo
1359 1281 1533 1351 magis
1583 1280 1689 1334 arti
1741 1279 1943 1335 utiliori
1999 1281 2238 1347 studere,

648 1370 888 1424 studiosa
914 1369 1166 1426 videlicet
1199 1372 1494 1427 intentione
1517 1372 1837 1442 perquirere
1865 1371 2100 1442 qualiter
2130 1373 2241 1429 Deo

647 1462 985 1530 potissimum
1018 1474 1197 1533 posset
1243 1463 1478 1534 placere,
1532 1465 1749 1520 discens
1788 1466 1856 1520 ab
1894 1481 1958 1521 eo
2009 1467 2241 1522 lectione

650 1555 862 1608 interna
895 1556 1350 1624 quemadmodum
1381 1557 1530 1612 utilis
1552 1573 1673 1613 esse
1697 1557 1900 1613 valeret
1939 1567 1994 1613 et
2021 1557 2240 1614 humilis

647 1649 811 1703 corde
855 1649 1074 1718 (Matth.
1112 1667 1187 1716 χι,
1216 1651 1332 1720 29).
1382 1650 1627 1720 Cumque
1679 1651 1857 1706 adhuc
1908 1663 2056 1708 esset
2101 1653 2241 1707 inter

647 1737 874 1794 clericos
903 1738 1156 1805 clericus,
1180 1749 1238 1796 ct
1261 1741 1315 1795 in
1342 1742 1531 1796 eadem
1556 1741 1689 1796 urbe
1719 1744 1771 1796 iu
1803 1742 2030 1799 ecclesia
2059 1743 2239 1800 Beata:

647 1828 741 1884 Dei
797 1831 1076 1901 genitricis
1131 1832 1316 1888 Maria:
1361 1833 1704 1890 clericalibus
1753 1832 1943 1890 officiis
1991 1835 2235 1902 deditus,

644 1923 857 1976 caeteris
910 1922 964 1976 in
997 1923 1302 1994 exemplum
1361 1926 1556 1990 factus,
1616 1924 1846 1980 formam
1903 1925 2116 1981 vivendi
2180 1942 2240 1982 sc

644 2012 896 2080 praebuit,
937 2013 1230 2084 multisque
1265 2015 1539 2087 religionis
1563 2017 1830 2072 tramitem
1861 2017 2240 2088 appetentibus

645 2120 742 2158 sua
772 2104 1029 2176 religione
1056 2107 1280 2177 profuit.
1316 2107 1638 2165 Guillelmus
1669 2109 1833 2180 igitur
1862 2119 1990 2166 tunc
2017 2111 2236 2182 quidem

645 2197 1080 2263 archidiaconus,
1116 2199 1330 2256 futurus
1356 2210 1537 2256 autem
1563 2202 1712 2257 urbis
1743 2202 1914 2270 ipsius
1940 2202 2237 2258 liothoma-

645 2289 828 2356 gensis
883 2290 1355 2362 archiepiscopus,
1410 2292 1598 2347 videns
1655 2292 1914 2348 clericqu
1961 2292 2235 2362 juvenem,

641 2374 937 2444 iuvenilem
981 2389 1198 2434 :etatem
1255 2395 1466 2435 morum
1514 2390 1792 2437 senectute
1837 2392 2236 2450 venustantem,

651 2484 778 2523 eum
809 2481 864 2524 et
890 2469 1136 2526 Maurilio
1159 2472 1564 2542 archiepisc0po
1591 2482 1645 2528 et
1672 2473 1773 2530 sibi
1803 2473 1958 2530 valde
2004 2475 2240 2532 fatnilia-

651 2575 766 2614 rem
805 2559 1001 2628 effecit,
1032 2571 1106 2627 et,
1140 2573 1197 2616 ιιι
1243 2564 1360 2631 ejus
1404 2563 1720 2635 frequenter
1765 2565 2039 2621 frueretur
2075 2567 2240 2622 collo-

644 2652 793 2723 quin,
830 2667 1013 2708 mensa
1065 2656 1336 2710 communi
1386 2655 1733 2727 hospitioque
1780 2659 2009 2727 recepit.
2056 2658 2238 2715 Dulcia

646 2758 881 2814 namque
925 2746 1067 2802 inter
1095 2762 1188 2802 cos
1218 2763 1359 2818 sche
1394 2750 1694 2805 miscentur
1733 2750 2020 2821 colloquia,
2059 2767 2239 2808 sermo

644 2833 711 2888 de
747 2827 932 2890 mundi
975 2846 1286 2906 contemptu
1314 2840 1652 2910 proponitur,
1684 2841 1751 2898 de
1779 2841 2239 2898 teternabeatitu-

643 2927 769 2981 dine
800 2938 856 2983 et
891 2929 1047 2983 beata
1095 2931 1404 2986 aeternitate
1447 2932 1755 2998 disseritur,
1788 2934 1912 2989 vitae
1956 2937 2238 3004 praesentis

642 3018 797 3074 labor
829 3037 928 3091 pro
962 3031 1182 3077 :eteruae
1227 3023 1424 3092 quietis
1461 3026 1963 3096 recompensatioue
1995 3026 2235 3083 toleran-

641 3112 744 3164 das
771 3113 1062 3182 appetitur.

723 3200 906 3257 Placet
934 3218 1063 3275 ergo
1106 3205 1324 3261 tandem
1361 3208 1603 3278 utrisque
1632 3219 1692 3264 ut
1717 3211 1898 3268 carnis
1922 3216 2238 3272 exercenda:

645 3289 818 3358 gratia
871 3289 1301 3365 Hierosolymam
1355 3297 1592 3364 adeant,
1653 3299 1769 3356 loca
1822 3313 2008 3358 sancta
2061 3306 2237 3376 gratia

644 3382 952 3437 orationum
989 3384 1247 3452 iuvisant,
1279 3396 1359 3456 ut,
1393 3389 1592 3460 agnitis
1639 3389 1772 3452 locis
1820 3393 2234 3466 incarnationis,

646 3473 915 3540 passionis
966 3486 1020 3530 et
1071 3479 1405 3535 ascensionis
1455 3480 1778 3546 Dominicze,
1833 3483 2060 3540 dulciori
2123 3486 2238 3544 haec

645 3565 826 3619 onmia
877 3569 1134 3623 memoria
1186 3572 1527 3642 postmodum
1579 3581 1816 3629 teneant.
1875 3574 2100 3632 Factum
2152 3585 2238 3634 est

644 3670 772 3728 ergo
803 3658 944 3725 quod
973 3658 1290 3729 dispositum
1325 3660 1502 3717 fuerat
1533 3679 1546 3716 :
1578 3663 1963 3734 aggrediuntur
1992 3664 2236 3724 laborem
2301 3729 2305 3746 ι

642 3748 838 3802 itinere
866 3747 1042 3822 longo.
1087 3751 1374 3821 Fatigatur
1401 3762 1629 3828 uterque
1667 3755 1866 3821 libens,
1901 3765 2045 3812 terra
2071 3759 2232 3814 mari-

641 3856 770 3910 que,
789 3841 1102 3899 discrimiue
1129 3843 1317 3902 multo.
1342 3845 1669 3908 Perveniunt
1696 3847 1914 3903 tandem
1942 3847 2010 3903 ad
2039 3849 2235 3906 llieru-

639 3931 809 3985 salem
869 3941 1186 3988 terrestrem
1237 3948 1485 4005 supernae
1532 3936 1721 4006 patria:
1774 3944 2078 4004 amatores;
2137 3953 2233 4010 pro

638 4019 811 4076 nihilo
871 4033 1126 4094 reputant
1176 4024 1436 4097 quidquid
1495 4026 1638 4095 passi
1691 4036 1817 4083 sunt
1865 4027 1921 4082 in
1963 4029 2072 4098 via,
2109 4045 2231 4086 cum

639 4110 774 4165 fiunt
820 4113 1071 4169 desiderii
1123 4117 1204 4171 sui
1256 4127 1554 4189 compotes.
1607 4118 1739 4187 Quis
1785 4131 1967 4176 autem
2006 4136 2233 4178 narrare

639 4201 800 4270 digne
840 4215 1043 4272 potest,
1095 4207 1291 4276 quibus
1339 4200 1509 4264 Sancti
1559 4211 1762 4266 amoris
1814 4212 2077 4268 incendiis
2128 4213 2230 4282 ipsi

639 4291 1005 4349 adoraverunt
1059 4297 1112 4350 in
1158 4296 1292 4353 locis
1337 4300 1424 4354 ubi
1481 4311 1754 4357 steterunt
1800 4304 1966 4372 pedes
2017 4303 2229 4358 Domini

639 4381 814 4455 (Psal.
846 4399 1032 4452 eam,
1062 4388 1139 4459 7),
1183 4389 1379 4457 quibus
1423 4393 1706 4448 desideriis
1744 4395 1844 4463 ipsi
1885 4387 2062 4451 intuiti
2102 4407 2229 4452 sunt

638 4477 694 4534 in
737 4479 901 4534 terris
936 4480 1024 4534 ubi
1061 4493 1384 4538 conversata
1430 4493 1515 4540 est
1562 4487 1919 4555 corporaliter
1949 4489 2096 4546 salus
2126 4491 2226 4546 hu-
2253 4521 2303 4581 υ

635 4569 784 4622 mani
826 4571 1041 4640 generis
1101 4570 1335 4642 (Βαναεή
1377 4588 1456 4639 Ill,
1490 4575 1605 4644 38),
1641 4590 1804 4644 quam
1838 4577 2010 4633 dulcia
2042 4579 2225 4635 oscula

635 4659 1032 4729 impresseruut
1074 4662 1126 4716 in
1168 4661 1285 4717 loco
1335 4662 1427 4720 ubi
1471 4665 1766 4722 crucifixus
1810 4675 1894 4723 est
1938 4667 2224 4737 Dominus,

633 4750 725 4806 ubi
776 4762 1022 4810 mortuus
1065 4762 1120 4810 et
1161 4753 1442 4822 sepultus,
1487 4755 1579 4811 ubi
1623 4755 1842 4813 demum
1882 4759 2132 4815 ascendit
2171 4760 2225 4817 in

546 4862 553 4870 '
633 4843 831 4898 cmlum
852 4845 875 4898 ἳ

704 4934 928 5005 lmpleto
981 4936 1162 5007 itaque
1213 4946 1416 4994 sancta:
1465 4938 1762 4996 voluntatis
1809 4943 2122 5013 proposito,
2168 4945 2224 5000 iu

634 5025 912 5080 redeundo
950 5029 1258 5098 geminatur
1284 5029 1551 5102 fatigatio.
1585 5029 1892 5089 Occurrunt
1931 5035 2078 5090 enim
2120 5035 2224 5091 illis

635 5118 774 5172 sicut
797 5118 850 5174 in
873 5121 1049 5176 eundo
1075 5119 1320 5179 difﬁciles
1344 5124 1556 5177 viarum
1589 5124 1869 5190 transitus,
1900 5133 1974 5188 et,
2007 5133 2226 5183 uttunc

638 5210 899 5277 temporis
923 5222 1060 5277 erat,
1089 5213 1390 5272 horrendas
1411 5215 1774 5272 formidabant
1799 5215 2220 5274 Sarracenorum

635 5298 1306 5364 insidiasalutolerabiles
1367 5310 1530 5364 etiam
1586 5309 1832 5378 corporis
1879 5308 2223 5378 patiebantur

637 5389 1016 5458 infirmitates,
1076 5408 1132 5452 et
1200 5417 1473 5471 nunquam
1528 5402 1878 5456 securitatem
1929 5401 2216 5467 habendo,

634 5480 841 5538 nullum
873 5483 1049 5539 locum
1104 5489 1183 5541 vel
1215 5500 1426 5561 tempus
1454 5494 1572 5546 sine
1604 5489 1798 5547 timore
1825 5493 1996 5547 multo
2042 5500 2218 5548 trans-

631 5570 806 5630 ibant.
851 5575 1089 5648 Contigit
1113 5589 1291 5635 autem
1331 5590 1416 5644 ut,
1461 5581 1564 5638 illis
1608 5584 1979 5640 laborantibus
2018 5585 2071 5640 in
2108 5587 2215 5653 via,

631 5667 936 5724 Gundulfus
970 5679 1118 5724 tanta
1153 5671 1458 5728 afficeretur
1494 5676 1741 5745 corporis
1787 5685 1842 5732 et
1885 5676 2218 5735 lassitudinis

637 5758 905 5825 molestia,
955 5771 1006 5816 ιιι
1040 5775 1212 5826 neque
1254 5763 1478 5825 pedibus
1517 5777 1662 5822 stare
1698 5783 1874 5830 neque
1901 5786 2021 5824 cum
2058 5769 2218 5826 sociis

1731 337 2080 398 GUNDULFI
2121 335 2507 393 ROFFERSIS
2547 334 2851 390 El’lSCOf‘l
3695 361 3754 414 διδ

2267 451 2316 516 Α
2343 447 2457 520 suis
2506 447 2738 518 amplius
2792 447 3045 506 incedere
3090 453 3461 521 posset.-Unde
3493 473 3544 513 to
3573 463 3755 524 insuetae

2347 539 2558 601 relicto,
2583 538 2792 609 longius
2827 542 3246 612 progrediuntur
3285 561 3602 618 commeantes,
3619 569 3757 630 et,an-

2344 630 2466 684 dam
2489 639 2671 686 monte
2693 631 2761 686 ob
2783 631 3005 689 nimiam
3029 637 3342 694 arduitatem
3365 641 3594 701 difficulter
3610 666 3758 722 ascani,

2342 717 2621 788 paululum
2661 723 3003 792 quieverunt.
3040 725 3138 781 Ubi
3179 729 3384 798 quidam
3414 735 3585 802 nobilis,
3607 744 3666 808 qui
3691 717 3758 800 cuni

2342 809 2424 866 eis
2479 812 2867 878 comitabatur,
2903 813 3158 872 Gundulfi
3206 822 3537 888 reminiscens,
3569 833 3668 898 quod
3691 851 3758 892 cur

2342 902 2516 960 solum
2541 903 2907 974 reliquissent,
2929 909 3172 979 graviter
3199 911 3455 982 ingemuit,
3474 927 3517 972 et
3539 920 3656 976 veloci
3671 940 3761 985 cum;

2344 992 2580 1061 rediens,
2613 995 2763 1050 illum
2798 1000 2946 1053 omni
2985 1001 3180 1057 solatio
3215 1003 3501 1061 destitutum
3537 1021 3581 1066 et
3609 1013 3760 1085 languore

2347 1085 2622 1140 turbatura
2663 1096 2720 1142 et
2761 1088 2916 1157 quasi
2951 1093 3196 1159 proxima
3238 1093 3490 1152 vicinitate
3520 1106 3657 1157 mortis
3687 1105 3760 1160 alii

2344 1183 2490 1230 ctum
2519 1175 2750 1244 invenit,
2777 1188 2835 1234 et
2875 1181 3078 1236 nullam
3123 1183 3282 1239 eundi
3328 1186 3404 1240 vel
3450 1191 3588 1245 standi
3613 1193 3759 1250 virtutes

2345 1266 2636 1325 habentem
2666 1270 2718 1324 in
2751 1270 2995 1328 humeris
3035 1274 3148 1329 suis
3190 1275 3471 1347 imponens,
3500 1297 3652 1337 memor
3675 1287 3762 1341 mise-

2343 1360 2594 1416 ricordiae
2632 1371 2688 1417 et
2724 1364 2892 1419 totius
2927 1363 3250 1432 honestatis,
3284 1370 3540 1438 asperitate
3562 1377 3760 1430 montisite-

2342 1460 2458 1504 rata
2507 1468 2630 1507 cum
2683 1455 2835 1525 gravi
2889 1454 3076 1535 labore
3126 1460 3193 1512 ad
3245 1461 3533 1518 consodales
3573 1472 3761 1535 reportarit.

2341 1540 2565 1609 Deinde,
2591 1543 2738 1598 illum
2769 1533 3305 1616 supertmﬁelemeutia
3335 1533 3668 1620 respiciente—in
3685 1559 3762 1611 lutei

2342 1631 2640 1701 convaluit,
2673 1643 2728 1689 et
2756 1636 2902 1689 omni
2932 1647 3056 1706 post
3086 1645 3329 1708 tempore
3367 1641 3498 1695 illum
3535 1647 3763 1701 venerabilem

2341 1719 2541 1788 virum,
2576 1722 2665 1791 qui
2695 1723 2744 1777 ei
2781 1739 2939 1795 opem
2981 1724 3237 1794 adjutorii
3268 1727 3581 1800 impenderat,
3604 1734 3706 1804 digna
3723 1751 3765 1788 re-

2267 1797 2315 1858 Β
2345 1815 2789 1883 compensatione
2817 1817 3124 1874 chariorem
3161 1819 3216 1873 in
3246 1797 3359 1875 vita
3376 1837 3464 1876 sua
3488 1823 3642 1878 habuit

2411 1905 2544 1960 ltem
2574 1905 2722 1962 aliud
2766 1907 2908 1963 inter
2933 1918 3126 1964 caetera
3165 1919 3327 1966 terra:
3370 1913 3599 1984 aurisque
3631 1917 3766 1985 perich

2344 2012 2508 2051 unum
2547 1999 2759 2054 czcteris
2803 2000 3054 2056 omnibus
3097 2003 3317 2072 gravius
3344 2004 3418 2060 eis
3443 2006 3769 2076 imutiuuit;qud

2341 2086 2421 2140 cis
2460 2093 2637 2142 tamen
2671 2087 2795 2141 vita:
2827 2087 3176 2144 immutandtc
3207 2093 3523 2147 occasionem
3565 2110 3634 2164 per
3655 2095 3768 2156 Dci,nt

2341 2177 2598 2246 creditur,
2628 2179 3026 2249 providentiam
3071 2180 3242 2236 dedit.
3283 2182 3415 2238 Cum
3450 2184 3570 2239 enim
3593 2200 3660 2254 per
3685 2187 3770 2255 largi

2342 2270 2510 2327 maris
2539 2272 2710 2341 spatia
2755 2271 2986 2340 incerto,
3017 2281 3077 2328 ttt
3107 2275 3199 2341 sit,
3236 2274 3491 2331 ferrentur
3522 2279 3689 2348 navigio,
3707 2295 3770 2346 gn-

2341 2362 2560 2418 vissima
2586 2363 2638 2418 in
2667 2377 2762 2420 eos
2787 2373 3079 2436 tempestas
3122 2367 3302 2436 irruit,
3335 2369 3525 2425 turbine
3547 2380 3771 2425 ventotumct

2337 2449 2596 2507 fluctuum
2639 2455 2819 2510 navim
2860 2457 3008 2512 omni
3049 2473 3116 2513 ex
3145 2469 3322 2527 parte,
3369 2476 3591 2530 compage
3621 2462 3770 2532 jamfec

2341 2541 2536 2609 soluta,
2557 2539 2850 2611 concussit,
2869 2548 3062 2603 mortis
3079 2559 3286 2605 metunt
3309 2551 3445 2606 velut
3458 2554 3551 2622 jam
3571 2553 3771 2608 imminens

2341 2636 2506 2692 nimio
2537 2645 2742 2693 terrore
2771 2641 3025 2696 omnibus
3063 2641 3314 2698 incussit.
3350 2644 3477 2712 Quid
3523 2645 3772 2714 pluraHlorte

2332 2728 2465 2798 jam,
2497 2738 2558 2784 ut
2581 2731 2840 2798 creditur,
2871 2733 3127 2800 instante,
3157 2735 3231 2791 ad
3264 2745 3383 2793 vota
3409 2737 3772 2808 confugitur,et,nt

2339 2820 2419 2875 eis
2466 2821 2677 2878 Domini
2726 2823 2902 2893 pictas
2930 2827 3376 2897 tranquillitatem
3403 2830 3531 2885 aeris
3565 2831 3717 2884 reddere
3734 2830 3773 2880 di-

2338 2923 2616 2982 gnaretur,
2666 2916 2932 2988 integram
2981 2918 3235 2990 inemptas
3265 2921 3522 2993 religionis
3552 2936 3773 2993 persevenr

2341 3003 2470 3059 tiam
2523 3006 2924 3076 promittentes,
2957 3010 3188 3068 docente
3239 3013 3430 3068 timore
3463 3023 3512 3071 et
3555 3030 3687 3068 amore
3715 3014 3772 3072 Dei.

2339 3094 2643 3155 Guudulfus
2691 3107 2745 3155 et
2795 3102 3216 3163 archidiaconus
3257 3124 3323 3164 ex
3370 3119 3485 3166 voto
3528 3108 3772 3164 monac-luna

2340 3187 2552 3244 cunctis
2583 3191 2766 3245 mundi
2789 3192 2997 3250 deliciis
3043 3197 3362 3269 praeferunt,
3389 3211 3441 3257 et
3478 3201 3652 3256 fiuntex
3668 3201 3775 3252 denu

2338 3279 2701 3349 promissione
2745 3286 3018 3353 monachi,
3068 3290 3161 3360 qui
3220 3292 3404 3348 habitu
3447 3301 3628 3348 manent
3663 3292 3775 3346 adhuc.

2291 3411 2306 3429 ι
2338 3369 2430 3423 sed
2458 3385 2564 3425 non
2589 3381 2782 3444 sponte
2803 3375 3008 3433 clerici.
3030 3378 3202 3436 Facto
3234 3382 3400 3454 igitur
3426 3395 3534 3440 voto
3551 3385 3660 3441 cadit
3687 3384 3777 3436 nam

2341 3465 2652 3530 tempestas,
2684 3465 2821 3521 redit
2861 3470 3150 3540 serenitas,
3190 3475 3407 3533 venitur
3428 3476 3490 3530 ad
3517 3484 3683 3537 terram,
3715 3472 3776 3526 πέ-

2337 3547 2447 3604 itur
2469 3551 2521 3607 in
2554 3555 2805 3624 patriam.

2991 3652 3174 3714 PARS
3214 3659 3278 3714 ll.

2406 3734 2694 3796 Differente
2746 3750 2929 3800 autem
2992 3747 3382 3807 archidiacono
3437 3749 3627 3808 reddere
3659 3755 3779 3806 tum,

2334 3832 2478 3898 quod
2511 3841 2688 3888 tamen
2738 3835 2959 3892 Cadomi
2992 3844 3342 3910 postmodum
3398 3845 3560 3910 solvit,
3593 3839 3779 3900 Candidi“

2332 3918 2489 3977 Becci
2521 3924 2797 3997 religionis
2825 3939 2973 3986 veste
3013 3933 3284 4004 induitur,
3319 3938 3604 3994 monachilis
3624 3938 3706 3990 vita
3729 3948 3778 3984 ω·

2333 4010 2586 4070 dimentis
2614 4016 2715 4072 sub
2752 4017 3013 4076 llerluiuo
3055 4024 3259 4081 abbate
3299 4037 3354 4082 et
3401 4027 3652 4082 Lanfranoo
3677 4023 3778 4092 ptio“

2333 4103 2614 4176 imbuitur,
2641 4117 2695 4162 ct
2720 4109 2863 4165 inter
2891 4113 3162 4184 perfectos
3181 4118 3297 4189 jam
3325 4122 3393 4174 ab
3420 4121 3526 4191 ipso
3546 4119 3662 4174 initio
3677 4129 3781 4168 ωοων

2331 4196 2464 4272 chos
2491 4212 2852 4270 computatur.
2887 4206 3019 4262 Erat
3047 4211 3192 4266 enim
3243 4214 3330 4268 vir
3358 4213 3635 4269 obedientia‘.
3661 4208 3778 4263 Mitt.

2331 4289 2671 4348 abStineutize
2709 4310 2936 4367 magnae,
2967 4302 3238 4358 orationis
3264 4307 3511 4372 assidue,
3535 4299 3780 4372 οοιιψιιηειίυ·

2331 4380 2416 4436 nis
2445 4386 2746 4455 prmeipum,
2773 4397 2852 4454 ut,
2884 4390 2927 4445 si
2956 4388 3075 4459 ejus
3096 4398 3414 4451 attenderes
3439 4397 3598 4452 oculos
3628 4394 3779 4459 Ιιαῑωε

2330 4471 2657 4542 difﬂuentes,
2699 4478 2837 4535 duos
2858 4495 2980 4536 esse
3006 4484 3221 4543 diceres
3265 4486 3442 4546 fontes
3468 4486 3626 4544 rivulis
3651 4481 3781 4538 illm-

2334 4572 2434 4620 tes.
2488 4565 2604 4634 Qua
2649 4569 2905 4627 nimirum
2952 4581 3392 4647 compunctionis
3434 4581 3620 4641 virtute,
3653 4587 3720 4642 qui
3747 4584 3778 4620 ει

2330 4659 2604 4715 mactabat
2632 4660 2686 4715 in
2727 4663 2996 4730 oratione,
3028 4666 3080 4721 in
3110 4669 3402 4726 missarum
3424 4659 3778 4727 celeltratioued‘t1

2329 4750 2383 4804 in
2438 4753 2782 4822 monachatu,
2832 4758 2906 4811 ita
2959 4761 3310 4827 postmodum
3367 4763 3419 4818 in
3463 4750 3779 4831 episcopi-iii

2327 4840 2648 4907 minoribus,
2684 4844 2757 4898 ita
2793 4845 3088 4914 majoribus
3136 4849 3321 4906 factus
3367 4861 3450 4908 est
3490 4841 3778 4905 admirabilis“

2327 4931 2479 5000 quasi
2509 4934 2770 5002 propheta
2805 4934 3096 4992 haberetur
3113 4938 3179 4992 .in
3204 4941 3394 5006 terris,
3423 4941 3488 4996 ab
3525 4930 3778 4993 omnibus”

2326 5035 2630 5091 noraretur,
2662 5025 2730 5080 ab
2757 5028 3012 5084 omnibus
3057 5030 3152 5086 Dei
3177 5046 3376 5088 servus
3397 5033 3642 5088 diceretur.
3663 5023 3778 5079 Fid“

2325 5128 2409 5172 est
2433 5129 2614 5174 autem
2644 5129 2700 5176 et
2739 5121 2987 5178 ecclesiae
3011 5122 3190 5178 Beata:
3241 5125 3428 5180 marite
3456 5121 3591 5178 Becci
3618 5117 3776 5202 ουδυξεί

2325 5209 2590 5275 sacrista;
2626 5212 2768 5267 unde
2808 5221 2862 5267 et
2900 5213 3142 5282 ejusdem
3176 5228 3400 5285 semper
3423 5215 3690 5268 intemerata
3709 5197 3775 5251 ἵετ’

2324 5300 2466 5368 ginis
2513 5300 2834 5360 familiarior
2871 5304 3045 5361 factus
3098 5316 3180 5361 est
3207 5317 3265 5362 et
3294 5307 3575 5379 symmista.
3609 5301 3667 5354 ευ
3695 5291 3776 5346 cui”

2323 5389 2501 5447 factus
2521 5402 2601 5449 est
2632 5395 2683 5448 iu
2715 5396 2963 5451 oratione
3002 5398 3250 5453 devotior
3270 5412 3381 5467 quo
3407 5397 3456 5451 ei
3477 5381 3776 5450 code

2322 5483 2474 5540 locus
2502 5487 2734 5540 orationi
2765 5490 3118 5545 commodior.

2329 5587 2332 5590 ’
2392 5576 2595 5634 Eodem
2625 5579 2974 5636 nihilominus
2996 5597 3138 5637 anno
3162 5583 3473 5649 Anselmus,
3488 5591 3620 5650 quea
3636 5571 3775 5640 PM"

2321 5673 2612 5728 sanctitate
2630 5671 2914 5744 spectabili
2944 5683 3000 5729 et
3024 5675 3271 5732 doctrina
3296 5658 3776 5759 mirabili

2323 5762 2612 5821 tuaricnsis
2657 5763 3006 5836 pontificatus
3051 5765 3215 5822 infula
3253 5766 3589 5823 sublimatum
3614 5752 3772 5807 ridiﬂ
