  <div class='ocr_page' id='page_1' title='image "/cluster/home/n/w/nwhite01/storage/ocr_20150623/159/hvd.32044024236648/416.png"; bbox 0 0 3870 6304; ppageno 0'>
   <div class='ocr_carea' id='block_1_1' title="bbox 33 327 113 382">
    <p class='ocr_par' dir='ltr' id='par_1_1' title="bbox 33 327 113 382">
     <span class='ocr_line' id='line_1_1' title="bbox 33 327 113 382; baseline -0.063 0"><span class='ocrx_word' id='word_1_1' title='bbox 33 327 113 382; x_wconf 63' lang='grc' dir='ltr'><strong>δη</strong></span> 
     </span>
    </p>
   </div>
   <div class='ocr_carea' id='block_1_2' title="bbox 1571 324 1750 381">
    <p class='ocr_par' dir='ltr' id='par_1_2' title="bbox 1571 324 1750 381">
     <span class='ocr_line' id='line_1_2' title="bbox 1571 324 1750 381; baseline 0.017 -3"><span class='ocrx_word' id='word_1_2' title='bbox 1571 324 1750 381; x_wconf 77' lang='lat' dir='ltr'><strong>V&#39;ITA.</strong></span> 
     </span>
    </p>
   </div>
   <div class='ocr_carea' id='block_1_3' title="bbox 3196 339 3298 391">
    <p class='ocr_par' dir='ltr' id='par_1_3' title="bbox 3196 339 3298 391">
     <span class='ocr_line' id='line_1_3' title="bbox 3196 339 3298 391; baseline 0 -1"><span class='ocrx_word' id='word_1_3' title='bbox 3196 339 3298 391; x_wconf 82' lang='grc'><strong>813</strong></span> 
     </span>
    </p>
   </div>
   <div class='ocr_carea' id='block_1_4' title="bbox 45 436 3299 512">
    <p class='ocr_par' dir='ltr' id='par_1_4' title="bbox 45 436 3299 512">
     <span class='ocr_line' id='line_1_4' title="bbox 45 436 3299 512; baseline 0.001 -15"><span class='ocrx_word' id='word_1_4' title='bbox 45 445 255 497; x_wconf 78' lang='lat' dir='ltr'><strong>lleccum</strong></span> <span class='ocrx_word' id='word_1_5' title='bbox 303 446 360 493; x_wconf 84' lang='lat' dir='ltr'><strong>et</strong></span> <span class='ocrx_word' id='word_1_6' title='bbox 414 438 531 507; x_wconf 86' lang='lat' dir='ltr'><strong>ipse</strong></span> <span class='ocrx_word' id='word_1_7' title='bbox 584 436 654 491; x_wconf 86' lang='lat' dir='ltr'><strong>ad</strong></span> <span class='ocrx_word' id='word_1_8' title='bbox 700 436 1111 493; x_wconf 82' lang='lat' dir='ltr'><strong>conversionem</strong></span> <span class='ocrx_word' id='word_1_9' title='bbox 1168 436 1413 501; x_wconf 90' lang='lat' dir='ltr'><strong>veniens,</strong></span> <span class='ocrx_word' id='word_1_10' title='bbox 1462 444 1610 491; x_wconf 90' lang='lat' dir='ltr'><strong>tanta</strong></span> <span class='ocrx_word' id='word_1_11' title='bbox 1637 438 1795 500; x_wconf 75' lang='lat' dir='ltr'><strong>Arci</strong></span> <span class='ocrx_word' id='word_1_12' title='bbox 1844 436 2125 495; x_wconf 89' lang='lat' dir='ltr'><strong>familiaris</strong></span> <span class='ocrx_word' id='word_1_13' title='bbox 2168 456 2278 496; x_wconf 73' lang='lat' dir='ltr'><strong>sua:</strong></span> <span class='ocrx_word' id='word_1_14' title='bbox 2330 450 2739 512; x_wconf 71' lang='lat' dir='ltr'><strong>procuratorem</strong></span> <span class='ocrx_word' id='word_1_15' title='bbox 2791 443 3090 499; x_wconf 72' lang='lat' dir='ltr'><strong>constituit.</strong></span> <span class='ocrx_word' id='word_1_16' title='bbox 3133 443 3299 499; x_wconf 83' lang='lat' dir='ltr'><strong>Fama</strong></span> 
     </span>
    </p>
   </div>
   <div class='ocr_carea' id='block_1_5' title="bbox 42 528 1608 587">
    <p class='ocr_par' dir='ltr' id='par_1_5' title="bbox 42 528 1608 587">
     <span class='ocr_line' id='line_1_5' title="bbox 42 528 1608 587; baseline -0.001 -2"><span class='ocrx_word' id='word_1_17' title='bbox 42 529 292 587; x_wconf 83' lang='lat' dir='ltr'><strong>Gundulfo</strong></span> <span class='ocrx_word' id='word_1_18' title='bbox 320 537 409 584; x_wconf 86' lang='lat' dir='ltr'><strong>est</strong></span> <span class='ocrx_word' id='word_1_19' title='bbox 446 528 684 582; x_wconf 73' lang='lat' dir='ltr'><strong>amicitia</strong></span> <span class='ocrx_word' id='word_1_20' title='bbox 710 530 923 583; x_wconf 90' lang='lat' dir='ltr'><strong>vinctus</strong></span> <span class='ocrx_word' id='word_1_21' title='bbox 950 536 1009 584; x_wconf 91' lang='lat' dir='ltr'><strong>ut</strong></span> <span class='ocrx_word' id='word_1_22' title='bbox 1033 544 1091 584; x_wconf 91' lang='lat' dir='ltr'><strong>se</strong></span> <span class='ocrx_word' id='word_1_23' title='bbox 1115 528 1343 584; x_wconf 90' lang='lat' dir='ltr'><strong>alterum</strong></span> <span class='ocrx_word' id='word_1_24' title='bbox 1367 529 1608 586; x_wconf 84' lang='lat' dir='ltr'><strong>Gundul-</strong></span> 
     </span>
    </p>
   </div>
   <div class='ocr_carea' id='block_1_6' title="bbox 42 621 1608 689">
    <p class='ocr_par' dir='ltr' id='par_1_6' title="bbox 42 621 1608 689">
     <span class='ocr_line' id='line_1_6' title="bbox 42 621 1608 689; baseline 0.001 -12"><span class='ocrx_word' id='word_1_25' title='bbox 42 625 157 689; x_wconf 78' lang='lat' dir='ltr'><strong>tum,</strong></span> <span class='ocrx_word' id='word_1_26' title='bbox 184 621 517 677; x_wconf 89' lang='lat' dir='ltr'><strong>Gundulfum</strong></span> <span class='ocrx_word' id='word_1_27' title='bbox 559 638 689 678; x_wconf 90' lang='lat' dir='ltr'><strong>vero</strong></span> <span class='ocrx_word' id='word_1_28' title='bbox 717 622 943 677; x_wconf 87' lang='lat' dir='ltr'><strong>alterum</strong></span> <span class='ocrx_word' id='word_1_29' title='bbox 973 623 1286 677; x_wconf 89' lang='lat' dir='ltr'><strong>Anselmum</strong></span> <span class='ocrx_word' id='word_1_30' title='bbox 1324 624 1527 678; x_wconf 90' lang='lat' dir='ltr'><strong>diceret</strong></span> <span class='ocrx_word' id='word_1_31' title='bbox 1552 634 1608 678; x_wconf 90' lang='lat' dir='ltr'><strong>et</strong></span> 
     </span>
    </p>
   </div>
   <div class='ocr_carea' id='block_1_7' title="bbox 42 716 1608 787">
    <p class='ocr_par' dir='ltr' id='par_1_7' title="bbox 42 716 1608 787">
     <span class='ocr_line' id='line_1_7' title="bbox 42 716 1608 787; baseline 0.003 -19"><span class='ocrx_word' id='word_1_32' title='bbox 42 716 203 772; x_wconf 83' lang='lat' dir='ltr'><strong>vocari</strong></span> <span class='ocrx_word' id='word_1_33' title='bbox 228 716 513 787; x_wconf 87' lang='lat' dir='ltr'><strong>gauderet.</strong></span> <span class='ocrx_word' id='word_1_34' title='bbox 545 717 675 771; x_wconf 86' lang='lat' dir='ltr'><strong>Erat</strong></span> <span class='ocrx_word' id='word_1_35' title='bbox 709 717 857 785; x_wconf 33' lang='lat' dir='ltr'><strong>enim,</strong></span> <span class='ocrx_word' id='word_1_36' title='bbox 882 717 986 773; x_wconf 89' lang='lat' dir='ltr'><strong>illis</strong></span> <span class='ocrx_word' id='word_1_37' title='bbox 1017 718 1069 772; x_wconf 93' lang='lat' dir='ltr'><strong>in</strong></span> <span class='ocrx_word' id='word_1_38' title='bbox 1102 719 1209 773; x_wconf 91' lang='lat' dir='ltr'><strong>Deo</strong></span> <span class='ocrx_word' id='word_1_39' title='bbox 1238 735 1333 777; x_wconf 90' lang='lat' dir='ltr'><strong>cor</strong></span> <span class='ocrx_word' id='word_1_40' title='bbox 1362 735 1527 774; x_wconf 89' lang='lat' dir='ltr'><strong>unum</strong></span> <span class='ocrx_word' id='word_1_41' title='bbox 1553 728 1608 774; x_wconf 89' lang='lat' dir='ltr'><strong>et</strong></span> 
     </span>
    </p>
   </div>
   <div class='ocr_carea' id='block_1_8' title="bbox 39 807 1606 881">
    <p class='ocr_par' dir='ltr' id='par_1_8' title="bbox 39 807 1606 881">
     <span class='ocr_line' id='line_1_8' title="bbox 39 807 1606 881; baseline 0.004 -23"><span class='ocrx_word' id='word_1_42' title='bbox 39 807 199 861; x_wconf 88' lang='lat' dir='ltr'><strong>anima</strong></span> <span class='ocrx_word' id='word_1_43' title='bbox 232 822 338 860; x_wconf 87' lang='lat' dir='ltr'><strong>una</strong></span> <span class='ocrx_word' id='word_1_44' title='bbox 392 809 529 877; x_wconf 81' lang='lat' dir='ltr'><strong>(Act.</strong></span> <span class='ocrx_word' id='word_1_45' title='bbox 564 824 635 871; x_wconf 86' lang='lat' dir='ltr'><strong>tv,</strong></span> <span class='ocrx_word' id='word_1_46' title='bbox 674 808 787 876; x_wconf 77' lang='lat'><strong>59.),</strong></span> <span class='ocrx_word' id='word_1_47' title='bbox 827 809 1083 879; x_wconf 84' lang='lat' dir='ltr'><strong>frequens</strong></span> <span class='ocrx_word' id='word_1_48' title='bbox 1133 811 1185 865; x_wconf 89' lang='lat' dir='ltr'><strong>in</strong></span> <span class='ocrx_word' id='word_1_49' title='bbox 1229 811 1606 881; x_wconf 87' lang='lat' dir='ltr'><strong>spiritualibus</strong></span> 
     </span>
    </p>
   </div>
   <div class='ocr_carea' id='block_1_9' title="bbox 38 897 1602 973">
    <p class='ocr_par' dir='ltr' id='par_1_9' title="bbox 38 897 1602 973">
     <span class='ocr_line' id='line_1_9' title="bbox 38 897 1602 973; baseline 0.001 -21"><span class='ocrx_word' id='word_1_50' title='bbox 38 897 327 960; x_wconf 81' lang='lat' dir='ltr'><strong>collocatio,</strong></span> <span class='ocrx_word' id='word_1_51' title='bbox 377 898 547 952; x_wconf 87' lang='lat' dir='ltr'><strong>multa</strong></span> <span class='ocrx_word' id='word_1_52' title='bbox 597 899 740 954; x_wconf 85' lang='lat' dir='ltr'><strong>inter</strong></span> <span class='ocrx_word' id='word_1_53' title='bbox 786 899 1200 969; x_wconf 84' lang='lat' dir='ltr'><strong>colloquendum</strong></span> <span class='ocrx_word' id='word_1_54' title='bbox 1241 901 1602 973; x_wconf 85' lang='lat' dir='ltr'><strong>lacrymarum</strong></span> 
     </span>
    </p>
   </div>
   <div class='ocr_carea' id='block_1_10' title="bbox 37 986 1605 1061">
    <p class='ocr_par' dir='ltr' id='par_1_10' title="bbox 37 986 1605 1061">
     <span class='ocr_line' id='line_1_10' title="bbox 37 986 1605 1061; baseline 0.003 -21"><span class='ocrx_word' id='word_1_55' title='bbox 37 986 237 1051; x_wconf 77' lang='lat' dir='ltr'><strong>eliusio,</strong></span> <span class='ocrx_word' id='word_1_56' title='bbox 282 996 474 1042; x_wconf 87' lang='lat' dir='ltr'><strong>mutua</strong></span> <span class='ocrx_word' id='word_1_57' title='bbox 513 998 572 1043; x_wconf 91' lang='lat' dir='ltr'><strong>ut</strong></span> <span class='ocrx_word' id='word_1_58' title='bbox 593 1005 808 1061; x_wconf 88' lang='lat' dir='ltr'><strong>semper</strong></span> <span class='ocrx_word' id='word_1_59' title='bbox 855 992 921 1045; x_wconf 90' lang='lat' dir='ltr'><strong>ad</strong></span> <span class='ocrx_word' id='word_1_60' title='bbox 957 991 1147 1045; x_wconf 83' lang='lat' dir='ltr'><strong>altiora</strong></span> <span class='ocrx_word' id='word_1_61' title='bbox 1178 991 1605 1047; x_wconf 86' lang='lat' dir='ltr'><strong>conscenderent</strong></span> 
     </span>
    </p>
   </div>
   <div class='ocr_carea' id='block_1_11' title="bbox 37 1080 1603 1153">
    <p class='ocr_par' dir='ltr' id='par_1_11' title="bbox 37 1080 1603 1153">
     <span class='ocr_line' id='line_1_11' title="bbox 37 1080 1603 1153; baseline -0.001 -15"><span class='ocrx_word' id='word_1_62' title='bbox 37 1080 338 1141; x_wconf 77' lang='lat' dir='ltr'><strong>exhortatio,</strong></span> <span class='ocrx_word' id='word_1_63' title='bbox 370 1089 559 1135; x_wconf 87' lang='lat' dir='ltr'><strong>sancta</strong></span> <span class='ocrx_word' id='word_1_64' title='bbox 592 1091 650 1136; x_wconf 93' lang='lat' dir='ltr'><strong>ut</strong></span> <span class='ocrx_word' id='word_1_65' title='bbox 679 1097 737 1138; x_wconf 90' lang='lat' dir='ltr'><strong>se</strong></span> <span class='ocrx_word' id='word_1_66' title='bbox 770 1082 997 1138; x_wconf 84' lang='lat' dir='ltr'><strong>invicem</strong></span> <span class='ocrx_word' id='word_1_67' title='bbox 1022 1082 1087 1137; x_wconf 90' lang='lat' dir='ltr'><strong>ad</strong></span> <span class='ocrx_word' id='word_1_68' title='bbox 1111 1098 1246 1152; x_wconf 82' lang='lat' dir='ltr'><strong>Opus</strong></span> <span class='ocrx_word' id='word_1_69' title='bbox 1283 1083 1375 1138; x_wconf 91' lang='lat' dir='ltr'><strong>Dei</strong></span> <span class='ocrx_word' id='word_1_70' title='bbox 1401 1098 1603 1153; x_wconf 82' lang='lat' dir='ltr'><strong>praeve-</strong></span> 
     </span>
    </p>
   </div>
   <div class='ocr_carea' id='block_1_12' title="bbox 36 1172 1605 1245">
    <p class='ocr_par' dir='ltr' id='par_1_12' title="bbox 36 1172 1605 1245">
     <span class='ocr_line' id='line_1_12' title="bbox 36 1172 1605 1245; baseline 0 -18"><span class='ocrx_word' id='word_1_71' title='bbox 36 1174 195 1228; x_wconf 89' lang='lat' dir='ltr'><strong>nirent</strong></span> <span class='ocrx_word' id='word_1_72' title='bbox 218 1172 519 1228; x_wconf 84' lang='lat' dir='ltr'><strong>:emulatio.</strong></span> <span class='ocrx_word' id='word_1_73' title='bbox 548 1174 838 1230; x_wconf 88' lang='lat' dir='ltr'><strong>Auselmus</strong></span> <span class='ocrx_word' id='word_1_74' title='bbox 868 1184 1070 1238; x_wconf 90' lang='lat' dir='ltr'><strong>tamen,</strong></span> <span class='ocrx_word' id='word_1_75' title='bbox 1104 1173 1230 1242; x_wconf 90' lang='lat' dir='ltr'><strong>quia</strong></span> <span class='ocrx_word' id='word_1_76' title='bbox 1276 1174 1330 1229; x_wconf 89' lang='lat' dir='ltr'><strong>in</strong></span> <span class='ocrx_word' id='word_1_77' title='bbox 1359 1174 1605 1245; x_wconf 90' lang='lat' dir='ltr'><strong>Scriptu-</strong></span> 
     </span>
    </p>
   </div>
   <div class='ocr_carea' id='block_1_13' title="bbox 38 1264 1604 1335">
    <p class='ocr_par' dir='ltr' id='par_1_13' title="bbox 38 1264 1604 1335">
     <span class='ocr_line' id='line_1_13' title="bbox 38 1264 1604 1335; baseline 0.001 -18"><span class='ocrx_word' id='word_1_78' title='bbox 38 1266 100 1318; x_wconf 88' lang='lat' dir='ltr'><strong>ris</strong></span> <span class='ocrx_word' id='word_1_79' title='bbox 119 1264 377 1321; x_wconf 82' lang='lat' dir='ltr'><strong>eruditior</strong></span> <span class='ocrx_word' id='word_1_80' title='bbox 405 1274 545 1330; x_wconf 90' lang='lat' dir='ltr'><strong>erat,</strong></span> <span class='ocrx_word' id='word_1_81' title='bbox 585 1265 921 1334; x_wconf 83' lang='lat' dir='ltr'><strong>frequentior</strong></span> <span class='ocrx_word' id='word_1_82' title='bbox 958 1266 1299 1335; x_wconf 85' lang='lat' dir='ltr'><strong>loquebatur.</strong></span> <span class='ocrx_word' id='word_1_83' title='bbox 1355 1265 1604 1321; x_wconf 84' lang='lat' dir='ltr'><strong>Gundul-</strong></span> 
     </span>
    </p>
   </div>
   <div class='ocr_carea' id='block_1_14' title="bbox 35 1354 1601 1430">
    <p class='ocr_par' dir='ltr' id='par_1_14' title="bbox 35 1354 1601 1430">
     <span class='ocr_line' id='line_1_14' title="bbox 35 1354 1601 1430; baseline 0.003 -23"><span class='ocrx_word' id='word_1_84' title='bbox 35 1354 106 1409; x_wconf 82' lang='lat' dir='ltr'><strong>ius</strong></span> <span class='ocrx_word' id='word_1_85' title='bbox 146 1371 291 1419; x_wconf 90' lang='lat' dir='ltr'><strong>vero,</strong></span> <span class='ocrx_word' id='word_1_86' title='bbox 325 1356 454 1424; x_wconf 87' lang='lat' dir='ltr'><strong>quia</strong></span> <span class='ocrx_word' id='word_1_87' title='bbox 506 1356 561 1410; x_wconf 90' lang='lat' dir='ltr'><strong>in</strong></span> <span class='ocrx_word' id='word_1_88' title='bbox 611 1356 865 1427; x_wconf 87' lang='lat' dir='ltr'><strong>lacrymis</strong></span> <span class='ocrx_word' id='word_1_89' title='bbox 919 1357 1192 1428; x_wconf 88' lang='lat' dir='ltr'><strong>profusior</strong></span> <span class='ocrx_word' id='word_1_90' title='bbox 1240 1366 1379 1423; x_wconf 89' lang='lat' dir='ltr'><strong>erat,</strong></span> <span class='ocrx_word' id='word_1_91' title='bbox 1428 1358 1601 1430; x_wconf 87' lang='lat' dir='ltr'><strong>magis</strong></span> 
     </span>
    </p>
   </div>
   <div class='ocr_carea' id='block_1_15' title="bbox 37 1448 1596 1519">
    <p class='ocr_par' dir='ltr' id='par_1_15' title="bbox 37 1448 1596 1519">
     <span class='ocr_line' id='line_1_15' title="bbox 37 1448 1596 1519; baseline -0.002 -14"><span class='ocrx_word' id='word_1_92' title='bbox 37 1448 571 1519; x_wconf 81' lang='lat' dir='ltr'><strong>ﬂetibusrigabatur.</strong></span> <span class='ocrx_word' id='word_1_93' title='bbox 615 1448 968 1518; x_wconf 89' lang='lat' dir='ltr'><strong>Loquebatur</strong></span> <span class='ocrx_word' id='word_1_94' title='bbox 1021 1450 1132 1514; x_wconf 89' lang='lat' dir='ltr'><strong>ille,</strong></span> <span class='ocrx_word' id='word_1_95' title='bbox 1188 1450 1434 1518; x_wconf 82' lang='lat' dir='ltr'><strong>plorabat</strong></span> <span class='ocrx_word' id='word_1_96' title='bbox 1476 1449 1596 1504; x_wconf 90' lang='lat' dir='ltr'><strong>iste.</strong></span> 
     </span>
    </p>
   </div>
   <div class='ocr_carea' id='block_1_16' title="bbox 34 1540 1602 1613">
    <p class='ocr_par' dir='ltr' id='par_1_16' title="bbox 34 1540 1602 1613">
     <span class='ocr_line' id='line_1_16' title="bbox 34 1540 1602 1613; baseline 0.001 -17"><span class='ocrx_word' id='word_1_97' title='bbox 34 1541 113 1596; x_wconf 86' lang='lat' dir='ltr'><strong>ille</strong></span> <span class='ocrx_word' id='word_1_98' title='bbox 153 1540 451 1611; x_wconf 87' lang='lat' dir='ltr'><strong>plantabat,</strong></span> <span class='ocrx_word' id='word_1_99' title='bbox 513 1542 615 1597; x_wconf 89' lang='lat' dir='ltr'><strong>iste</strong></span> <span class='ocrx_word' id='word_1_100' title='bbox 659 1542 888 1613; x_wconf 78' lang='lat' dir='ltr'><strong>rigabat.</strong></span> <span class='ocrx_word' id='word_1_101' title='bbox 918 1541 1107 1597; x_wconf 84' lang='lat' dir='ltr'><strong>Divina</strong></span> <span class='ocrx_word' id='word_1_102' title='bbox 1159 1542 1246 1596; x_wconf 90' lang='lat' dir='ltr'><strong>ille</strong></span> <span class='ocrx_word' id='word_1_103' title='bbox 1292 1541 1602 1611; x_wconf 79' lang='lat' dir='ltr'><strong>proferebat</strong></span> 
     </span>
    </p>
   </div>
   <div class='ocr_carea' id='block_1_17' title="bbox 37 1632 1598 1704">
    <p class='ocr_par' dir='ltr' id='par_1_17' title="bbox 37 1632 1598 1704">
     <span class='ocr_line' id='line_1_17' title="bbox 37 1632 1598 1704; baseline -0.002 -15"><span class='ocrx_word' id='word_1_104' title='bbox 37 1634 243 1703; x_wconf 84' lang='lat' dir='ltr'><strong>eloquia,</strong></span> <span class='ocrx_word' id='word_1_105' title='bbox 268 1632 539 1704; x_wconf 89' lang='lat' dir='ltr'><strong>profunda</strong></span> <span class='ocrx_word' id='word_1_106' title='bbox 585 1634 686 1689; x_wconf 90' lang='lat' dir='ltr'><strong>iste</strong></span> <span class='ocrx_word' id='word_1_107' title='bbox 719 1634 966 1689; x_wconf 83' lang='lat' dir='ltr'><strong>trahebat</strong></span> <span class='ocrx_word' id='word_1_108' title='bbox 998 1634 1252 1702; x_wconf 90' lang='lat' dir='ltr'><strong>suspiria.</strong></span> <span class='ocrx_word' id='word_1_109' title='bbox 1286 1632 1490 1689; x_wconf 87' lang='lat' dir='ltr'><strong>Christi</strong></span> <span class='ocrx_word' id='word_1_110' title='bbox 1520 1632 1598 1686; x_wconf 81' lang='lat' dir='ltr'><strong>vi-</strong></span> 
     </span>
    </p>
   </div>
   <div class='ocr_carea' id='block_1_18' title="bbox 36 1724 1599 1795">
    <p class='ocr_par' dir='ltr' id='par_1_18' title="bbox 36 1724 1599 1795">
     <span class='ocr_line' id='line_1_18' title="bbox 36 1724 1599 1795; baseline 0 -16"><span class='ocrx_word' id='word_1_111' title='bbox 36 1740 111 1779; x_wconf 88' lang='lat' dir='ltr'><strong>ces</strong></span> <span class='ocrx_word' id='word_1_112' title='bbox 136 1724 238 1788; x_wconf 91' lang='lat' dir='ltr'><strong>ille,</strong></span> <span class='ocrx_word' id='word_1_113' title='bbox 266 1725 368 1779; x_wconf 87' lang='lat' dir='ltr'><strong>iste</strong></span> <span class='ocrx_word' id='word_1_114' title='bbox 398 1725 629 1795; x_wconf 77' lang='lat' dir='ltr'><strong>gerebat</strong></span> <span class='ocrx_word' id='word_1_115' title='bbox 674 1724 875 1780; x_wconf 76' lang='lat' dir='ltr'><strong>Marim.</strong></span> <span class='ocrx_word' id='word_1_116' title='bbox 928 1725 1074 1780; x_wconf 80' lang='lat' dir='ltr'><strong>Dixit</strong></span> <span class='ocrx_word' id='word_1_117' title='bbox 1101 1734 1279 1781; x_wconf 87' lang='lat' dir='ltr'><strong>tamen</strong></span> <span class='ocrx_word' id='word_1_118' title='bbox 1310 1725 1599 1793; x_wconf 88' lang='lat' dir='ltr'><strong>aliquando</strong></span> 
     </span>
    </p>
   </div>
   <div class='ocr_carea' id='block_1_19' title="bbox 39 1800 1601 1884">
    <p class='ocr_par' dir='ltr' id='par_1_19' title="bbox 39 1800 1601 1884">
     <span class='ocr_line' id='line_1_19' title="bbox 39 1800 1601 1884; baseline -0.001 -15"><span class='ocrx_word' id='word_1_119' title='bbox 39 1815 294 1871; x_wconf 81' lang='lat' dir='ltr'><strong>Anselmus</strong></span> <span class='ocrx_word' id='word_1_120' title='bbox 328 1814 611 1871; x_wconf 83' lang='lat' dir='ltr'><strong>Gundulfo</strong></span> <span class='ocrx_word' id='word_1_121' title='bbox 650 1834 663 1870; x_wconf 88' lang='lat'><strong>:</strong></span> <span class='ocrx_word' id='word_1_122' title='bbox 715 1815 880 1884; x_wconf 85' lang='lat' dir='ltr'><strong>Tune,</strong></span> <span class='ocrx_word' id='word_1_123' title='bbox 914 1800 1022 1880; x_wconf 81' lang='lat' dir='ltr'><strong>ait,</strong></span> <span class='ocrx_word' id='word_1_124' title='bbox 1068 1826 1180 1871; x_wconf 91' lang='lat' dir='ltr'><strong>cote</strong></span> <span class='ocrx_word' id='word_1_125' title='bbox 1210 1832 1323 1870; x_wconf 90' lang='lat' dir='ltr'><strong>mea</strong></span> <span class='ocrx_word' id='word_1_126' title='bbox 1372 1816 1601 1869; x_wconf 79' lang='lat' dir='ltr'><strong>cultrum</strong></span> 
     </span>
    </p>
   </div>
   <div class='ocr_carea' id='block_1_20' title="bbox 38 1911 1601 1977">
    <p class='ocr_par' dir='ltr' id='par_1_20' title="bbox 38 1911 1601 1977">
     <span class='ocr_line' id='line_1_20' title="bbox 38 1911 1601 1977; baseline -0.001 -17"><span class='ocrx_word' id='word_1_127' title='bbox 38 1916 161 1961; x_wconf 85' lang='lat' dir='ltr'><strong>tuum</strong></span> <span class='ocrx_word' id='word_1_128' title='bbox 184 1925 385 1977; x_wconf 84' lang='lat' dir='ltr'><strong>semper</strong></span> <span class='ocrx_word' id='word_1_129' title='bbox 407 1925 601 1963; x_wconf 86' lang='lat' dir='ltr'><strong>acuere</strong></span> <span class='ocrx_word' id='word_1_130' title='bbox 637 1911 862 1976; x_wconf 71' lang='lat' dir='ltr'><strong>quieris;</strong></span> <span class='ocrx_word' id='word_1_131' title='bbox 894 1919 1006 1962; x_wconf 86' lang='lat' dir='ltr'><strong>cote</strong></span> <span class='ocrx_word' id='word_1_132' title='bbox 1034 1925 1150 1963; x_wconf 81' lang='lat' dir='ltr'><strong>vero</strong></span> <span class='ocrx_word' id='word_1_133' title='bbox 1198 1918 1287 1961; x_wconf 88' lang='lat' dir='ltr'><strong>tua</strong></span> <span class='ocrx_word' id='word_1_134' title='bbox 1316 1924 1395 1961; x_wconf 86' lang='lat' dir='ltr'><strong>me</strong></span> <span class='ocrx_word' id='word_1_135' title='bbox 1430 1922 1601 1961; x_wconf 87' lang='lat' dir='ltr'><strong>meum</strong></span> 
     </span>
    </p>
   </div>
   <div class='ocr_carea' id='block_1_21' title="bbox 41 1998 1598 2071">
    <p class='ocr_par' dir='ltr' id='par_1_21' title="bbox 41 1998 1598 2071">
     <span class='ocr_line' id='line_1_21' title="bbox 41 1998 1598 2071; baseline 0.001 -20"><span class='ocrx_word' id='word_1_136' title='bbox 41 1998 236 2052; x_wconf 73' lang='lat' dir='ltr'><strong>cultrum</strong></span> <span class='ocrx_word' id='word_1_137' title='bbox 266 2016 542 2071; x_wconf 84' lang='lat' dir='ltr'><strong>nunquam</strong></span> <span class='ocrx_word' id='word_1_138' title='bbox 566 2017 753 2056; x_wconf 77' lang='lat' dir='ltr'><strong>acuere</strong></span> <span class='ocrx_word' id='word_1_139' title='bbox 778 2001 1069 2069; x_wconf 86' lang='lat' dir='ltr'><strong>permittis?</strong></span> <span class='ocrx_word' id='word_1_140' title='bbox 1104 2000 1199 2054; x_wconf 87' lang='lat' dir='ltr'><strong>Dic</strong></span> <span class='ocrx_word' id='word_1_141' title='bbox 1225 2009 1271 2055; x_wconf 90' lang='lat' dir='ltr'><strong>et</strong></span> <span class='ocrx_word' id='word_1_142' title='bbox 1300 2010 1377 2062; x_wconf 91' lang='lat' dir='ltr'><strong>tu,</strong></span> <span class='ocrx_word' id='word_1_143' title='bbox 1400 2016 1598 2069; x_wconf 71' lang='lat' dir='ltr'><strong>qua’so,</strong></span> 
     </span>
    </p>
   </div>
   <div class='ocr_carea' id='block_1_22' title="bbox 42 2087 1599 2160">
    <p class='ocr_par' dir='ltr' id='par_1_22' title="bbox 42 2087 1599 2160">
     <span class='ocr_line' id='line_1_22' title="bbox 42 2087 1599 2160; baseline 0.001 -20"><span class='ocrx_word' id='word_1_144' title='bbox 42 2087 155 2153; x_wconf 78' lang='lat' dir='ltr'><strong>unde</strong></span> <span class='ocrx_word' id='word_1_145' title='bbox 178 2088 424 2156; x_wconf 78' lang='lat' dir='ltr'><strong>pro/icere</strong></span> <span class='ocrx_word' id='word_1_146' title='bbox 458 2089 649 2160; x_wconf 82' lang='lat' dir='ltr'><strong>possim</strong></span> <span class='ocrx_word' id='word_1_147' title='bbox 675 2101 723 2144; x_wconf 88' lang='lat' dir='ltr'><strong>et</strong></span> <span class='ocrx_word' id='word_1_148' title='bbox 757 2106 869 2159; x_wconf 87' lang='lat' dir='ltr'><strong>ego.</strong></span> <span class='ocrx_word' id='word_1_149' title='bbox 890 2088 1022 2145; x_wconf 84' lang='lat' dir='ltr'><strong>Sum</strong></span> <span class='ocrx_word' id='word_1_150' title='bbox 1042 2090 1253 2155; x_wconf 87' lang='lat' dir='ltr'><strong>etenim,</strong></span> <span class='ocrx_word' id='word_1_151' title='bbox 1282 2105 1423 2143; x_wconf 88' lang='lat' dir='ltr'><strong>more</strong></span> <span class='ocrx_word' id='word_1_152' title='bbox 1447 2090 1599 2152; x_wconf 85' lang='lat' dir='ltr'><strong>cotis,</strong></span> 
     </span>
    </p>
   </div>
   <div class='ocr_carea' id='block_1_23' title="bbox 42 2179 1598 2251">
    <p class='ocr_par' dir='ltr' id='par_1_23' title="bbox 42 2179 1598 2251">
     <span class='ocr_line' id='line_1_23' title="bbox 42 2179 1598 2251; baseline 0.003 -20"><span class='ocrx_word' id='word_1_153' title='bbox 42 2179 85 2231; x_wconf 87' lang='lat' dir='ltr'><strong>in</strong></span> <span class='ocrx_word' id='word_1_154' title='bbox 120 2179 431 2234; x_wconf 80' lang='lat' dir='ltr'><strong>liebetatione</strong></span> <span class='ocrx_word' id='word_1_155' title='bbox 485 2181 653 2236; x_wconf 85' lang='lat' dir='ltr'><strong>multa</strong></span> <span class='ocrx_word' id='word_1_156' title='bbox 707 2182 770 2236; x_wconf 90' lang='lat' dir='ltr'><strong>ob</strong></span> <span class='ocrx_word' id='word_1_157' title='bbox 824 2182 1213 2235; x_wconf 72' lang='lat' dir='ltr'><strong>multitudinem</strong></span> <span class='ocrx_word' id='word_1_158' title='bbox 1264 2194 1598 2251; x_wconf 84' lang='lat' dir='ltr'><strong>peccatorum</strong></span> 
     </span>
    </p>
   </div>
   <div class='ocr_carea' id='block_1_24' title="bbox 41 2273 1600 2341">
    <p class='ocr_par' dir='ltr' id='par_1_24' title="bbox 41 2273 1600 2341">
     <span class='ocr_line' id='line_1_24' title="bbox 41 2273 1600 2341; baseline 0.004 -20"><span class='ocrx_word' id='word_1_159' title='bbox 41 2285 239 2322; x_wconf 78' lang='lat' dir='ltr'><strong>nieorum</strong></span> <span class='ocrx_word' id='word_1_160' title='bbox 266 2287 476 2341; x_wconf 78' lang='lat' dir='ltr'><strong>semper</strong></span> <span class='ocrx_word' id='word_1_161' title='bbox 501 2273 773 2327; x_wconf 76' lang='lat' dir='ltr'><strong>obtunsus.</strong></span> <span class='ocrx_word' id='word_1_162' title='bbox 826 2273 904 2326; x_wconf 86' lang='lat' dir='ltr'><strong>Tu</strong></span> <span class='ocrx_word' id='word_1_163' title='bbox 941 2290 1055 2328; x_wconf 80' lang='lat' dir='ltr'><strong>vero</strong></span> <span class='ocrx_word' id='word_1_164' title='bbox 1085 2274 1154 2326; x_wconf 88' lang='lat' dir='ltr'><strong>ad</strong></span> <span class='ocrx_word' id='word_1_165' title='bbox 1182 2289 1412 2328; x_wconf 88' lang='lat' dir='ltr'><strong>antorem</strong></span> <span class='ocrx_word' id='word_1_166' title='bbox 1449 2273 1600 2329; x_wconf 68' lang='lat' dir='ltr'><strong>coale-</strong></span> 
     </span>
    </p>
   </div>
   <div class='ocr_carea' id='block_1_25' title="bbox 42 2360 1600 2439">
    <p class='ocr_par' dir='ltr' id='par_1_25' title="bbox 42 2360 1600 2439">
     <span class='ocr_line' id='line_1_25' title="bbox 42 2360 1600 2439; baseline 0.003 -25"><span class='ocrx_word' id='word_1_167' title='bbox 42 2360 116 2415; x_wconf 84' lang='lat' dir='ltr'><strong>ttis</strong></span> <span class='ocrx_word' id='word_1_168' title='bbox 140 2362 311 2429; x_wconf 81' lang='lat' dir='ltr'><strong>patritr</strong></span> <span class='ocrx_word' id='word_1_169' title='bbox 334 2365 581 2418; x_wconf 77' lang='lat' dir='ltr'><strong>animant</strong></span> <span class='ocrx_word' id='word_1_170' title='bbox 625 2376 670 2419; x_wconf 88' lang='lat' dir='ltr'><strong>et</strong></span> <span class='ocrx_word' id='word_1_171' title='bbox 699 2366 1037 2439; x_wconf 83' lang='lat' dir='ltr'><strong>intentionem</strong></span> <span class='ocrx_word' id='word_1_172' title='bbox 1064 2376 1210 2419; x_wconf 89' lang='lat' dir='ltr'><strong>tuam</strong></span> <span class='ocrx_word' id='word_1_173' title='bbox 1239 2365 1486 2419; x_wconf 82' lang='lat' dir='ltr'><strong>ardenter</strong></span> <span class='ocrx_word' id='word_1_174' title='bbox 1514 2366 1600 2419; x_wconf 91' lang='lat' dir='ltr'><strong>di-</strong></span> 
     </span>
    </p>
   </div>
   <div class='ocr_carea' id='block_1_26' title="bbox 43 2442 1600 2526">
    <p class='ocr_par' dir='ltr' id='par_1_26' title="bbox 43 2442 1600 2526">
     <span class='ocr_line' id='line_1_26' title="bbox 43 2442 1600 2526; baseline 0.006 -24"><span class='ocrx_word' id='word_1_175' title='bbox 43 2451 205 2519; x_wconf 82' lang='lat' dir='ltr'><strong>rigens,</strong></span> <span class='ocrx_word' id='word_1_176' title='bbox 223 2452 274 2505; x_wconf 91' lang='lat' dir='ltr'><strong>in</strong></span> <span class='ocrx_word' id='word_1_177' title='bbox 302 2454 745 2524; x_wconf 77' lang='lat' dir='ltr'><strong>contemplatione</strong></span> <span class='ocrx_word' id='word_1_178' title='bbox 789 2454 1002 2510; x_wconf 83' lang='lat' dir='ltr'><strong>Domini</strong></span> <span class='ocrx_word' id='word_1_179' title='bbox 1038 2442 1241 2526; x_wconf 87' lang='lat' dir='ltr'><strong>jugiter</strong></span> <span class='ocrx_word' id='word_1_180' title='bbox 1269 2473 1449 2510; x_wconf 85' lang='lat' dir='ltr'><strong>manes</strong></span> <span class='ocrx_word' id='word_1_181' title='bbox 1471 2473 1600 2511; x_wconf 90' lang='lat' dir='ltr'><strong>acu-</strong></span> 
     </span>
    </p>
   </div>
   <div class='ocr_carea' id='block_1_27' title="bbox 43 2541 1600 2615">
    <p class='ocr_par' dir='ltr' id='par_1_27' title="bbox 43 2541 1600 2615">
     <span class='ocr_line' id='line_1_27' title="bbox 43 2541 1600 2615; baseline 0.004 -22"><span class='ocrx_word' id='word_1_182' title='bbox 43 2550 128 2594; x_wconf 86' lang='lat' dir='ltr'><strong>tus.</strong></span> <span class='ocrx_word' id='word_1_183' title='bbox 165 2541 295 2596; x_wconf 78' lang='lat' dir='ltr'><strong>Dixit</strong></span> <span class='ocrx_word' id='word_1_184' title='bbox 342 2553 398 2599; x_wconf 87' lang='lat' dir='ltr'><strong>et</strong></span> <span class='ocrx_word' id='word_1_185' title='bbox 455 2543 544 2599; x_wconf 89' lang='lat' dir='ltr'><strong>ille</strong></span> <span class='ocrx_word' id='word_1_186' title='bbox 590 2545 729 2600; x_wconf 89' lang='lat' dir='ltr'><strong>bona</strong></span> <span class='ocrx_word' id='word_1_187' title='bbox 775 2560 896 2615; x_wconf 76' lang='lat' dir='ltr'><strong>qua:</strong></span> <span class='ocrx_word' id='word_1_188' title='bbox 942 2544 1136 2615; x_wconf 90' lang='lat' dir='ltr'><strong>potuit.</strong></span> <span class='ocrx_word' id='word_1_189' title='bbox 1185 2544 1600 2601; x_wconf 87' lang='lat' dir='ltr'><strong>Succenduntur</strong></span> 
     </span>
    </p>
   </div>
   <div class='ocr_carea' id='block_1_28' title="bbox 45 2633 1594 2708">
    <p class='ocr_par' dir='ltr' id='par_1_28' title="bbox 45 2633 1594 2708">
     <span class='ocr_line' id='line_1_28' title="bbox 45 2633 1594 2708; baseline 0.006 -24"><span class='ocrx_word' id='word_1_190' title='bbox 45 2633 194 2697; x_wconf 87' lang='lat' dir='ltr'><strong>ambo,</strong></span> <span class='ocrx_word' id='word_1_191' title='bbox 217 2644 268 2690; x_wconf 89' lang='lat' dir='ltr'><strong>et</strong></span> <span class='ocrx_word' id='word_1_192' title='bbox 294 2635 373 2691; x_wconf 90' lang='lat' dir='ltr'><strong>sic</strong></span> <span class='ocrx_word' id='word_1_193' title='bbox 397 2651 468 2691; x_wconf 88' lang='lat' dir='ltr'><strong>se</strong></span> <span class='ocrx_word' id='word_1_194' title='bbox 495 2636 741 2692; x_wconf 71' lang='lat' dir='ltr'><strong>reficiunt</strong></span> <span class='ocrx_word' id='word_1_195' title='bbox 763 2636 1047 2693; x_wconf 79' lang='lat' dir='ltr'><strong>dulcedine</strong></span> <span class='ocrx_word' id='word_1_196' title='bbox 1071 2639 1291 2708; x_wconf 91' lang='lat' dir='ltr'><strong>superni</strong></span> <span class='ocrx_word' id='word_1_197' title='bbox 1320 2638 1594 2696; x_wconf 90' lang='lat' dir='ltr'><strong>desiderii.</strong></span> 
     </span>
    </p>
   </div>
   <div class='ocr_carea' id='block_1_29' title="bbox 44 2724 1599 2793">
    <p class='ocr_par' dir='ltr' id='par_1_29' title="bbox 44 2724 1599 2793">
     <span class='ocr_line' id='line_1_29' title="bbox 44 2724 1599 2793; baseline 0.006 -16"><span class='ocrx_word' id='word_1_198' title='bbox 44 2724 161 2780; x_wconf 82' lang='lat' dir='ltr'><strong>Talis</strong></span> <span class='ocrx_word' id='word_1_199' title='bbox 197 2728 378 2784; x_wconf 90' lang='lat' dir='ltr'><strong>horum</strong></span> <span class='ocrx_word' id='word_1_200' title='bbox 443 2729 828 2793; x_wconf 89' lang='lat' dir='ltr'><strong>confabulatio,</strong></span> <span class='ocrx_word' id='word_1_201' title='bbox 867 2729 992 2785; x_wconf 91' lang='lat' dir='ltr'><strong>talis</strong></span> <span class='ocrx_word' id='word_1_202' title='bbox 1020 2730 1330 2788; x_wconf 88' lang='lat' dir='ltr'><strong>claustralis</strong></span> <span class='ocrx_word' id='word_1_203' title='bbox 1371 2747 1599 2788; x_wconf 88' lang='lat' dir='ltr'><strong>conver-</strong></span> 
     </span>
    </p>
   </div>
   <div class='ocr_carea' id='block_1_30' title="bbox 46 2808 1599 2897">
    <p class='ocr_par' dir='ltr' id='par_1_30' title="bbox 46 2808 1599 2897">
     <span class='ocr_line' id='line_1_30' title="bbox 46 2808 1599 2897; baseline 0.005 -24"><span class='ocrx_word' id='word_1_204' title='bbox 46 2821 174 2877; x_wconf 84' lang='lat' dir='ltr'><strong>satio.</strong></span> <span class='ocrx_word' id='word_1_205' title='bbox 195 2821 377 2877; x_wconf 82' lang='lat' dir='ltr'><strong>Procul</strong></span> <span class='ocrx_word' id='word_1_206' title='bbox 403 2832 535 2878; x_wconf 73' lang='lat' dir='ltr'><strong>erat</strong></span> <span class='ocrx_word' id='word_1_207' title='bbox 556 2840 584 2877; x_wconf 92' lang='lat' dir='ltr'><strong>a</strong></span> <span class='ocrx_word' id='word_1_208' title='bbox 612 2823 865 2880; x_wconf 89' lang='lat' dir='ltr'><strong>cordibus</strong></span> <span class='ocrx_word' id='word_1_209' title='bbox 892 2808 1083 2880; x_wconf 85' lang='lat' dir='ltr'><strong>eorum</strong></span> <span class='ocrx_word' id='word_1_210' title='bbox 1128 2826 1212 2881; x_wconf 88' lang='lat' dir='ltr'><strong>vel</strong></span> <span class='ocrx_word' id='word_1_211' title='bbox 1254 2826 1433 2897; x_wconf 79' lang='lat' dir='ltr'><strong>lingua</strong></span> <span class='ocrx_word' id='word_1_212' title='bbox 1458 2827 1599 2896; x_wconf 88' lang='lat' dir='ltr'><strong>prio-</strong></span> 
     </span>
    </p>
   </div>
   <div class='ocr_carea' id='block_1_31' title="bbox 47 2914 1596 2974">
    <p class='ocr_par' dir='ltr' id='par_1_31' title="bbox 47 2914 1596 2974">
     <span class='ocr_line' id='line_1_31' title="bbox 47 2914 1596 2974; baseline 0.007 -11"><span class='ocrx_word' id='word_1_213' title='bbox 47 2927 142 2965; x_wconf 85' lang='lat' dir='ltr'><strong>rum</strong></span> <span class='ocrx_word' id='word_1_214' title='bbox 171 2925 255 2967; x_wconf 90' lang='lat' dir='ltr'><strong>aut</strong></span> <span class='ocrx_word' id='word_1_215' title='bbox 281 2914 516 2971; x_wconf 82' lang='lat' dir='ltr'><strong>fratrum</strong></span> <span class='ocrx_word' id='word_1_216' title='bbox 569 2931 791 2971; x_wconf 91' lang='lat' dir='ltr'><strong>suorum</strong></span> <span class='ocrx_word' id='word_1_217' title='bbox 818 2918 1108 2973; x_wconf 85' lang='lat' dir='ltr'><strong>detractio.</strong></span> <span class='ocrx_word' id='word_1_218' title='bbox 1143 2917 1259 2973; x_wconf 83' lang='lat' dir='ltr'><strong>Non</strong></span> <span class='ocrx_word' id='word_1_219' title='bbox 1301 2934 1396 2974; x_wconf 92' lang='lat' dir='ltr'><strong>eos</strong></span> <span class='ocrx_word' id='word_1_220' title='bbox 1429 2935 1596 2974; x_wconf 84' lang='lat' dir='ltr'><strong>vexa-—</strong></span> 
     </span>
    </p>
   </div>
   <div class='ocr_carea' id='block_1_32' title="bbox 50 3001 1597 3079">
    <p class='ocr_par' dir='ltr' id='par_1_32' title="bbox 50 3001 1597 3079">
     <span class='ocr_line' id='line_1_32' title="bbox 50 3001 1597 3079; baseline 0.007 -26"><span class='ocrx_word' id='word_1_221' title='bbox 50 3001 137 3067; x_wconf 84' lang='lat' dir='ltr'><strong>hat,</strong></span> <span class='ocrx_word' id='word_1_222' title='bbox 158 3015 209 3059; x_wconf 91' lang='lat' dir='ltr'><strong>ut</strong></span> <span class='ocrx_word' id='word_1_223' title='bbox 235 3006 521 3078; x_wconf 86' lang='lat' dir='ltr'><strong>plerosque</strong></span> <span class='ocrx_word' id='word_1_224' title='bbox 550 3008 824 3064; x_wconf 87' lang='lat' dir='ltr'><strong>multoties</strong></span> <span class='ocrx_word' id='word_1_225' title='bbox 853 3009 1024 3076; x_wconf 82' lang='lat' dir='ltr'><strong>Solet,</strong></span> <span class='ocrx_word' id='word_1_226' title='bbox 1057 3010 1162 3064; x_wconf 91' lang='lat' dir='ltr'><strong>cibi</strong></span> <span class='ocrx_word' id='word_1_227' title='bbox 1191 3008 1273 3064; x_wconf 88' lang='lat' dir='ltr'><strong>vel</strong></span> <span class='ocrx_word' id='word_1_228' title='bbox 1306 3018 1463 3079; x_wconf 90' lang='lat' dir='ltr'><strong>potus</strong></span> <span class='ocrx_word' id='word_1_229' title='bbox 1504 3018 1597 3064; x_wconf 87' lang='lat' dir='ltr'><strong>aut</strong></span> 
     </span>
    </p>
   </div>
   <div class='ocr_carea' id='block_1_33' title="bbox 49 3092 1589 3169">
    <p class='ocr_par' dir='ltr' id='par_1_33' title="bbox 49 3092 1589 3169">
     <span class='ocr_line' id='line_1_33' title="bbox 49 3092 1589 3169; baseline 0.006 -24"><span class='ocrx_word' id='word_1_230' title='bbox 49 3096 238 3151; x_wconf 85' lang='lat' dir='ltr'><strong>vestium</strong></span> <span class='ocrx_word' id='word_1_231' title='bbox 291 3100 675 3153; x_wconf 88' lang='lat' dir='ltr'><strong>murmuratio.</strong></span> <span class='ocrx_word' id='word_1_232' title='bbox 729 3099 794 3154; x_wconf 87' lang='lat' dir='ltr'><strong>Et</strong></span> <span class='ocrx_word' id='word_1_233' title='bbox 824 3101 946 3169; x_wconf 85' lang='lat' dir='ltr'><strong>quia</strong></span> <span class='ocrx_word' id='word_1_234' title='bbox 992 3092 1228 3169; x_wconf 85' lang='lat' dir='ltr'><strong>perfecte</strong></span> <span class='ocrx_word' id='word_1_235' title='bbox 1274 3100 1327 3153; x_wconf 92' lang='lat' dir='ltr'><strong>in</strong></span> <span class='ocrx_word' id='word_1_236' title='bbox 1353 3101 1463 3155; x_wconf 91' lang='lat' dir='ltr'><strong>vita</strong></span> <span class='ocrx_word' id='word_1_237' title='bbox 1493 3115 1589 3155; x_wconf 90' lang='lat' dir='ltr'><strong>sua</strong></span> 
     </span>
    </p>
   </div>
   <div class='ocr_carea' id='block_1_34' title="bbox 50 3189 1591 3263">
    <p class='ocr_par' dir='ltr' id='par_1_34' title="bbox 50 3189 1591 3263">
     <span class='ocr_line' id='line_1_34' title="bbox 50 3189 1591 3263; baseline 0.006 -24"><span class='ocrx_word' id='word_1_238' title='bbox 50 3189 194 3243; x_wconf 86' lang='lat' dir='ltr'><strong>umndi</strong></span> <span class='ocrx_word' id='word_1_239' title='bbox 235 3199 601 3262; x_wconf 88' lang='lat' dir='ltr'><strong>contemptum</strong></span> <span class='ocrx_word' id='word_1_240' title='bbox 661 3192 940 3258; x_wconf 85' lang='lat' dir='ltr'><strong>habentes,</strong></span> <span class='ocrx_word' id='word_1_241' title='bbox 990 3192 1156 3247; x_wconf 92' lang='lat' dir='ltr'><strong>Deum</strong></span> <span class='ocrx_word' id='word_1_242' title='bbox 1201 3193 1463 3258; x_wconf 89' lang='lat' dir='ltr'><strong>studiose,</strong></span> <span class='ocrx_word' id='word_1_243' title='bbox 1494 3208 1591 3263; x_wconf 90' lang='lat' dir='ltr'><strong>per</strong></span> 
     </span>
    </p>
   </div>
   <div class='ocr_carea' id='block_1_35' title="bbox 50 3277 1593 3353">
    <p class='ocr_par' dir='ltr' id='par_1_35' title="bbox 50 3277 1593 3353">
     <span class='ocr_line' id='line_1_35' title="bbox 50 3277 1593 3353; baseline 0.007 -26"><span class='ocrx_word' id='word_1_244' title='bbox 50 3277 405 3349; x_wconf 86' lang='lat' dir='ltr'><strong>abstinentiam,</strong></span> <span class='ocrx_word' id='word_1_245' title='bbox 436 3282 603 3337; x_wconf 82' lang='lat' dir='ltr'><strong>etiam</strong></span> <span class='ocrx_word' id='word_1_246' title='bbox 634 3281 778 3337; x_wconf 82' lang='lat' dir='ltr'><strong>licita</strong></span> <span class='ocrx_word' id='word_1_247' title='bbox 820 3283 1143 3351; x_wconf 89' lang='lat' dir='ltr'><strong>respuendo,</strong></span> <span class='ocrx_word' id='word_1_248' title='bbox 1174 3293 1227 3338; x_wconf 92' lang='lat' dir='ltr'><strong>et</strong></span> <span class='ocrx_word' id='word_1_249' title='bbox 1253 3298 1351 3353; x_wconf 79' lang='lat' dir='ltr'><strong>per</strong></span> <span class='ocrx_word' id='word_1_250' title='bbox 1377 3292 1593 3339; x_wconf 86' lang='lat' dir='ltr'><strong>sancta-</strong></span> 
     </span>
    </p>
   </div>
   <div class='ocr_carea' id='block_1_36' title="bbox 51 3372 1592 3443">
    <p class='ocr_par' dir='ltr' id='par_1_36' title="bbox 51 3372 1592 3443">
     <span class='ocr_line' id='line_1_36' title="bbox 51 3372 1592 3443; baseline 0.003 -22"><span class='ocrx_word' id='word_1_251' title='bbox 51 3382 142 3422; x_wconf 83' lang='lat' dir='ltr'><strong>rum</strong></span> <span class='ocrx_word' id='word_1_252' title='bbox 174 3372 414 3428; x_wconf 87' lang='lat' dir='ltr'><strong>virtutum</strong></span> <span class='ocrx_word' id='word_1_253' title='bbox 450 3372 713 3428; x_wconf 82' lang='lat' dir='ltr'><strong>exercitia</strong></span> <span class='ocrx_word' id='word_1_254' title='bbox 754 3374 1104 3443; x_wconf 66' lang='lat' dir='ltr'><strong>qutmsierunt,</strong></span> <span class='ocrx_word' id='word_1_255' title='bbox 1137 3373 1277 3439; x_wconf 87' lang='lat' dir='ltr'><strong>ideo,</strong></span> <span class='ocrx_word' id='word_1_256' title='bbox 1311 3373 1592 3429; x_wconf 89' lang='lat' dir='ltr'><strong>sicutcre-</strong></span> 
     </span>
    </p>
   </div>
   <div class='ocr_carea' id='block_1_37' title="bbox 52 3458 1593 3535">
    <p class='ocr_par' dir='ltr' id='par_1_37' title="bbox 52 3458 1593 3535">
     <span class='ocr_line' id='line_1_37' title="bbox 52 3458 1593 3535; baseline 0.005 -22"><span class='ocrx_word' id='word_1_257' title='bbox 52 3458 245 3517; x_wconf 84' lang='lat' dir='ltr'><strong>dendum</strong></span> <span class='ocrx_word' id='word_1_258' title='bbox 269 3473 349 3520; x_wconf 88' lang='lat' dir='ltr'><strong>est</strong></span> <span class='ocrx_word' id='word_1_259' title='bbox 377 3465 504 3520; x_wconf 88' lang='lat' dir='ltr'><strong>sine</strong></span> <span class='ocrx_word' id='word_1_260' title='bbox 531 3463 901 3534; x_wconf 79' lang='lat' dir='ltr'><strong>ambiguitate,</strong></span> <span class='ocrx_word' id='word_1_261' title='bbox 928 3463 1075 3518; x_wconf 91' lang='lat' dir='ltr'><strong>illum</strong></span> <span class='ocrx_word' id='word_1_262' title='bbox 1110 3465 1377 3519; x_wconf 81' lang='lat' dir='ltr'><strong>veraciter</strong></span> <span class='ocrx_word' id='word_1_263' title='bbox 1404 3479 1593 3535; x_wconf 49' lang='lat' dir='ltr'><strong>appre-</strong></span> 
     </span>
    </p>
   </div>
   <div class='ocr_carea' id='block_1_38' title="bbox 51 3548 609 3613">
    <p class='ocr_par' dir='ltr' id='par_1_38' title="bbox 51 3548 609 3613">
     <span class='ocr_line' id='line_1_38' title="bbox 51 3548 609 3613; baseline 0.014 -10"><span class='ocrx_word' id='word_1_264' title='bbox 51 3548 245 3611; x_wconf 84' lang='lat' dir='ltr'><strong>hendere</strong></span> <span class='ocrx_word' id='word_1_265' title='bbox 272 3566 609 3613; x_wconf 89' lang='lat' dir='ltr'><strong>meruerunt.</strong></span> 
     </span>
    </p>
   </div>
   <div class='ocr_carea' id='block_1_39' title="bbox 102 3642 1590 3721">
    <p class='ocr_par' dir='ltr' id='par_1_39' title="bbox 102 3642 1590 3721">
     <span class='ocr_line' id='line_1_39' title="bbox 102 3642 1590 3721; baseline 0.005 -25"><span class='ocrx_word' id='word_1_266' title='bbox 102 3642 251 3703; x_wconf 86' lang='lat' dir='ltr'><strong>Priori</strong></span> <span class='ocrx_word' id='word_1_267' title='bbox 288 3663 508 3721; x_wconf 88' lang='lat' dir='ltr'><strong>quoque</strong></span> <span class='ocrx_word' id='word_1_268' title='bbox 559 3649 817 3705; x_wconf 82' lang='lat' dir='ltr'><strong>Beccensi</strong></span> <span class='ocrx_word' id='word_1_269' title='bbox 876 3649 1183 3705; x_wconf 88' lang='lat' dir='ltr'><strong>Lanfranco</strong></span> <span class='ocrx_word' id='word_1_270' title='bbox 1234 3648 1476 3704; x_wconf 91' lang='lat' dir='ltr'><strong>omnium</strong></span> <span class='ocrx_word' id='word_1_271' title='bbox 1525 3664 1590 3704; x_wconf 90' lang='lat' dir='ltr'><strong>eo</strong></span> 
     </span>
    </p>
   </div>
   <div class='ocr_carea' id='block_1_40' title="bbox 52 3724 1590 3808">
    <p class='ocr_par' dir='ltr' id='par_1_40' title="bbox 52 3724 1590 3808">
     <span class='ocr_line' id='line_1_40' title="bbox 52 3724 1590 3808; baseline 0.005 -20"><span class='ocrx_word' id='word_1_272' title='bbox 52 3742 250 3808; x_wconf 86' lang='lat' dir='ltr'><strong>tempore</strong></span> <span class='ocrx_word' id='word_1_273' title='bbox 268 3741 703 3798; x_wconf 89' lang='lat' dir='ltr'><strong>nominatissimo</strong></span> <span class='ocrx_word' id='word_1_274' title='bbox 727 3743 862 3797; x_wconf 87' lang='lat' dir='ltr'><strong>adeo</strong></span> <span class='ocrx_word' id='word_1_275' title='bbox 892 3743 1114 3807; x_wconf 90' lang='lat' dir='ltr'><strong>charus,</strong></span> <span class='ocrx_word' id='word_1_276' title='bbox 1143 3743 1278 3798; x_wconf 87' lang='lat' dir='ltr'><strong>adeo</strong></span> <span class='ocrx_word' id='word_1_277' title='bbox 1305 3724 1590 3797; x_wconf 62' lang='lat' dir='ltr'><strong>familiaris</strong></span> 
     </span>
    </p>
   </div>
   <div class='ocr_carea' id='block_1_41' title="bbox 50 3826 1591 3891">
    <p class='ocr_par' dir='ltr' id='par_1_41' title="bbox 50 3826 1591 3891">
     <span class='ocr_line' id='line_1_41' title="bbox 50 3826 1591 3891; baseline 0.006 -10"><span class='ocrx_word' id='word_1_278' title='bbox 50 3826 306 3889; x_wconf 85' lang='lat' dir='ltr'><strong>Gundulfus</strong></span> <span class='ocrx_word' id='word_1_279' title='bbox 333 3834 512 3891; x_wconf 89' lang='lat' dir='ltr'><strong>factus</strong></span> <span class='ocrx_word' id='word_1_280' title='bbox 539 3844 621 3891; x_wconf 90' lang='lat' dir='ltr'><strong>est</strong></span> <span class='ocrx_word' id='word_1_281' title='bbox 653 3844 710 3890; x_wconf 92' lang='lat' dir='ltr'><strong>ut</strong></span> <span class='ocrx_word' id='word_1_282' title='bbox 733 3852 854 3891; x_wconf 87' lang='lat' dir='ltr'><strong>cum</strong></span> <span class='ocrx_word' id='word_1_283' title='bbox 879 3835 1239 3890; x_wconf 89' lang='lat' dir='ltr'><strong>Lanfraucum</strong></span> <span class='ocrx_word' id='word_1_284' title='bbox 1262 3835 1591 3891; x_wconf 82' lang='lat' dir='ltr'><strong>Northman-</strong></span> 
     </span>
    </p>
   </div>
   <div class='ocr_carea' id='block_1_42' title="bbox 52 3926 1587 3995">
    <p class='ocr_par' dir='ltr' id='par_1_42' title="bbox 52 3926 1587 3995">
     <span class='ocr_line' id='line_1_42' title="bbox 52 3926 1587 3995; baseline 0.006 -20"><span class='ocrx_word' id='word_1_285' title='bbox 52 3934 205 3989; x_wconf 77' lang='lat' dir='ltr'><strong>mrum</strong></span> <span class='ocrx_word' id='word_1_286' title='bbox 232 3927 444 3995; x_wconf 86' lang='lat' dir='ltr'><strong>nobilis,</strong></span> <span class='ocrx_word' id='word_1_287' title='bbox 486 3926 593 3981; x_wconf 85' lang='lat' dir='ltr'><strong>dux</strong></span> <span class='ocrx_word' id='word_1_288' title='bbox 618 3926 956 3991; x_wconf 87' lang='lat' dir='ltr'><strong>Guillelmus,</strong></span> <span class='ocrx_word' id='word_1_289' title='bbox 986 3927 1235 3983; x_wconf 76' lang='lat' dir='ltr'><strong>cmuobio</strong></span> <span class='ocrx_word' id='word_1_290' title='bbox 1263 3926 1587 3984; x_wconf 89' lang='lat' dir='ltr'><strong>Cadomensi</strong></span> 
     </span>
    </p>
   </div>
   <div class='ocr_carea' id='block_1_43' title="bbox 50 4011 1589 4089">
    <p class='ocr_par' dir='ltr' id='par_1_43' title="bbox 50 4011 1589 4089">
     <span class='ocr_line' id='line_1_43' title="bbox 50 4011 1589 4089; baseline 0.008 -26"><span class='ocrx_word' id='word_1_291' title='bbox 50 4011 253 4071; x_wconf 86' lang='lat' dir='ltr'><strong>abbatem</strong></span> <span class='ocrx_word' id='word_1_292' title='bbox 275 4020 505 4087; x_wconf 88' lang='lat' dir='ltr'><strong>primum</strong></span> <span class='ocrx_word' id='word_1_293' title='bbox 537 4018 858 4089; x_wconf 75' lang='lat' dir='ltr'><strong>przeliceret,</strong></span> <span class='ocrx_word' id='word_1_294' title='bbox 889 4020 1032 4074; x_wconf 84' lang='lat' dir='ltr'><strong>hunc</strong></span> <span class='ocrx_word' id='word_1_295' title='bbox 1059 4034 1158 4088; x_wconf 87' lang='lat' dir='ltr'><strong>pro</strong></span> <span class='ocrx_word' id='word_1_296' title='bbox 1180 4034 1275 4073; x_wconf 91' lang='lat' dir='ltr'><strong>sua</strong></span> <span class='ocrx_word' id='word_1_297' title='bbox 1302 4019 1589 4076; x_wconf 86' lang='lat' dir='ltr'><strong>sanctitate</strong></span> 
     </span>
    </p>
   </div>
   <div class='ocr_carea' id='block_1_44' title="bbox 51 4107 1588 4183">
    <p class='ocr_par' dir='ltr' id='par_1_44' title="bbox 51 4107 1588 4183">
     <span class='ocr_line' id='line_1_44' title="bbox 51 4107 1588 4183; baseline 0.008 -28"><span class='ocrx_word' id='word_1_298' title='bbox 51 4110 91 4155; x_wconf 82' lang='lat' dir='ltr'><strong>ct</strong></span> <span class='ocrx_word' id='word_1_299' title='bbox 116 4107 369 4172; x_wconf 87' lang='lat' dir='ltr'><strong>prudentia</strong></span> <span class='ocrx_word' id='word_1_300' title='bbox 403 4126 596 4183; x_wconf 88' lang='lat' dir='ltr'><strong>secum</strong></span> <span class='ocrx_word' id='word_1_301' title='bbox 638 4120 965 4175; x_wconf 89' lang='lat' dir='ltr'><strong>assumeret,</strong></span> <span class='ocrx_word' id='word_1_302' title='bbox 998 4126 1181 4165; x_wconf 88' lang='lat' dir='ltr'><strong>secum</strong></span> <span class='ocrx_word' id='word_1_303' title='bbox 1208 4112 1449 4177; x_wconf 90' lang='lat' dir='ltr'><strong>duceret,</strong></span> <span class='ocrx_word' id='word_1_304' title='bbox 1497 4127 1588 4167; x_wconf 87' lang='lat' dir='ltr'><strong>se-</strong></span> 
     </span>
    </p>
   </div>
   <div class='ocr_carea' id='block_1_45' title="bbox 51 4197 1586 4272">
    <p class='ocr_par' dir='ltr' id='par_1_45' title="bbox 51 4197 1586 4272">
     <span class='ocr_line' id='line_1_45' title="bbox 51 4197 1586 4272; baseline 0.008 -27"><span class='ocrx_word' id='word_1_305' title='bbox 51 4208 145 4247; x_wconf 82' lang='lat' dir='ltr'><strong>cum</strong></span> <span class='ocrx_word' id='word_1_306' title='bbox 183 4197 229 4251; x_wconf 91' lang='lat' dir='ltr'><strong>in</strong></span> <span class='ocrx_word' id='word_1_307' title='bbox 254 4200 494 4268; x_wconf 78' lang='lat' dir='ltr'><strong>ejusdem</strong></span> <span class='ocrx_word' id='word_1_308' title='bbox 532 4203 764 4258; x_wconf 80' lang='lat' dir='ltr'><strong>cteuobii</strong></span> <span class='ocrx_word' id='word_1_309' title='bbox 799 4202 1190 4272; x_wconf 82' lang='lat' dir='ltr'><strong>gubernatione</strong></span> <span class='ocrx_word' id='word_1_310' title='bbox 1218 4201 1586 4269; x_wconf 89' lang='lat' dir='ltr'><strong>coadjutorem</strong></span> 
     </span>
    </p>
   </div>
   <div class='ocr_carea' id='block_1_46' title="bbox 51 4282 1588 4366">
    <p class='ocr_par' dir='ltr' id='par_1_46' title="bbox 51 4282 1588 4366">
     <span class='ocr_line' id='line_1_46' title="bbox 51 4282 1588 4366; baseline 0.007 -26"><span class='ocrx_word' id='word_1_311' title='bbox 51 4282 252 4349; x_wconf 79' lang='lat' dir='ltr'><strong>haberet.</strong></span> <span class='ocrx_word' id='word_1_312' title='bbox 289 4293 534 4365; x_wconf 85' lang='lat' dir='ltr'><strong>Cumque</strong></span> <span class='ocrx_word' id='word_1_313' title='bbox 578 4307 633 4351; x_wconf 91' lang='lat' dir='ltr'><strong>et</strong></span> <span class='ocrx_word' id='word_1_314' title='bbox 698 4296 770 4352; x_wconf 89' lang='lat' dir='ltr'><strong>ibi</strong></span> <span class='ocrx_word' id='word_1_315' title='bbox 817 4296 1121 4351; x_wconf 87' lang='lat' dir='ltr'><strong>sublimitas</strong></span> <span class='ocrx_word' id='word_1_316' title='bbox 1165 4296 1426 4350; x_wconf 74' lang='lat' dir='ltr'><strong>virtutum</strong></span> <span class='ocrx_word' id='word_1_317' title='bbox 1470 4296 1588 4366; x_wconf 90' lang='lat' dir='ltr'><strong>ejus</strong></span> 
     </span>
    </p>
   </div>
   <div class='ocr_carea' id='block_1_47' title="bbox 51 4380 1583 4458">
    <p class='ocr_par' dir='ltr' id='par_1_47' title="bbox 51 4380 1583 4458">
     <span class='ocr_line' id='line_1_47' title="bbox 51 4380 1583 4458; baseline 0.007 -28"><span class='ocrx_word' id='word_1_318' title='bbox 51 4380 248 4442; x_wconf 84' lang='lat' dir='ltr'><strong>quotidie</strong></span> <span class='ocrx_word' id='word_1_319' title='bbox 289 4395 636 4458; x_wconf 88' lang='lat' dir='ltr'><strong>augmentum</strong></span> <span class='ocrx_word' id='word_1_320' title='bbox 688 4397 939 4458; x_wconf 83' lang='lat' dir='ltr'><strong>caperet,</strong></span> <span class='ocrx_word' id='word_1_321' title='bbox 991 4386 1119 4443; x_wconf 88' lang='lat' dir='ltr'><strong>fecit</strong></span> <span class='ocrx_word' id='word_1_322' title='bbox 1152 4386 1314 4442; x_wconf 87' lang='lat' dir='ltr'><strong>etiam</strong></span> <span class='ocrx_word' id='word_1_323' title='bbox 1356 4394 1583 4440; x_wconf 86' lang='lat' dir='ltr'><strong>matrem</strong></span> 
     </span>
    </p>
   </div>
   <div class='ocr_carea' id='block_1_48' title="bbox 50 4478 1667 4568">
    <p class='ocr_par' dir='ltr' id='par_1_48' title="bbox 50 4478 1667 4568">
     <span class='ocr_line' id='line_1_48' title="bbox 50 4478 1667 4568; baseline 0.008 -49"><span class='ocrx_word' id='word_1_324' title='bbox 50 4482 171 4527; x_wconf 85' lang='lat' dir='ltr'><strong>suam</strong></span> <span class='ocrx_word' id='word_1_325' title='bbox 197 4480 458 4534; x_wconf 80' lang='lat' dir='ltr'><strong>carnalem</strong></span> <span class='ocrx_word' id='word_1_326' title='bbox 490 4479 617 4535; x_wconf 87' lang='lat' dir='ltr'><strong>illuc</strong></span> <span class='ocrx_word' id='word_1_327' title='bbox 642 4480 847 4545; x_wconf 89' lang='lat' dir='ltr'><strong>venire,</strong></span> <span class='ocrx_word' id='word_1_328' title='bbox 879 4489 933 4535; x_wconf 94' lang='lat' dir='ltr'><strong>et</strong></span> <span class='ocrx_word' id='word_1_329' title='bbox 957 4495 1075 4534; x_wconf 88' lang='lat' dir='ltr'><strong>eam</strong></span> <span class='ocrx_word' id='word_1_330' title='bbox 1100 4487 1288 4534; x_wconf 89' lang='lat' dir='ltr'><strong>sancto</strong></span> <span class='ocrx_word' id='word_1_331' title='bbox 1315 4478 1585 4534; x_wconf 89' lang='lat' dir='ltr'><strong>desiderio</strong></span> <span class='ocrx_word' id='word_1_332' title='bbox 1617 4507 1667 4568; x_wconf 66' lang='grc' dir='ltr'><strong>Β</strong></span> 
     </span>
    </p>
   </div>
   <div class='ocr_carea' id='block_1_49' title="bbox 51 4569 1583 4640">
    <p class='ocr_par' dir='ltr' id='par_1_49' title="bbox 51 4569 1583 4640">
     <span class='ocr_line' id='line_1_49' title="bbox 51 4569 1583 4640; baseline 0.007 -27"><span class='ocrx_word' id='word_1_333' title='bbox 51 4573 289 4622; x_wconf 76' lang='lat' dir='ltr'><strong>accensam</strong></span> <span class='ocrx_word' id='word_1_334' title='bbox 325 4570 375 4624; x_wconf 92' lang='lat' dir='ltr'><strong>in</strong></span> <span class='ocrx_word' id='word_1_335' title='bbox 423 4570 757 4625; x_wconf 91' lang='lat' dir='ltr'><strong>monasterio</strong></span> <span class='ocrx_word' id='word_1_336' title='bbox 783 4570 1074 4640; x_wconf 86' lang='lat' dir='ltr'><strong>virginum.</strong></span> <span class='ocrx_word' id='word_1_337' title='bbox 1107 4569 1251 4640; x_wconf 92' lang='lat' dir='ltr'><strong>quod</strong></span> <span class='ocrx_word' id='word_1_338' title='bbox 1298 4569 1351 4623; x_wconf 91' lang='lat' dir='ltr'><strong>iu</strong></span> <span class='ocrx_word' id='word_1_339' title='bbox 1396 4570 1583 4625; x_wconf 89' lang='lat' dir='ltr'><strong>eadem</strong></span> 
     </span>
    </p>
   </div>
   <div class='ocr_carea' id='block_1_50' title="bbox 52 4648 1585 4731">
    <p class='ocr_par' dir='ltr' id='par_1_50' title="bbox 52 4648 1585 4731">
     <span class='ocr_line' id='line_1_50' title="bbox 52 4648 1585 4731; baseline 0.007 -28"><span class='ocrx_word' id='word_1_340' title='bbox 52 4648 422 4715; x_wconf 63' lang='lat' dir='ltr'><strong>\‘illaMatbildis</strong></span> <span class='ocrx_word' id='word_1_341' title='bbox 466 4658 707 4728; x_wconf 86' lang='lat' dir='ltr'><strong>ejusdem</strong></span> <span class='ocrx_word' id='word_1_342' title='bbox 750 4660 1012 4731; x_wconf 87' lang='lat' dir='ltr'><strong>principis</strong></span> <span class='ocrx_word' id='word_1_343' title='bbox 1039 4675 1177 4715; x_wconf 80' lang='lat' dir='ltr'><strong>uxor</strong></span> <span class='ocrx_word' id='word_1_344' title='bbox 1209 4667 1264 4715; x_wconf 90' lang='lat' dir='ltr'><strong>et</strong></span> <span class='ocrx_word' id='word_1_345' title='bbox 1289 4658 1585 4731; x_wconf 79' lang='lat' dir='ltr'><strong>Anglorum</strong></span> 
     </span>
    </p>
   </div>
   <div class='ocr_carea' id='block_1_51' title="bbox 52 4737 1588 4823">
    <p class='ocr_par' dir='ltr' id='par_1_51' title="bbox 52 4737 1588 4823">
     <span class='ocr_line' id='line_1_51' title="bbox 52 4737 1588 4823; baseline 0.011 -34"><span class='ocrx_word' id='word_1_346' title='bbox 52 4737 194 4798; x_wconf 87' lang='lat' dir='ltr'><strong>futura</strong></span> <span class='ocrx_word' id='word_1_347' title='bbox 221 4750 393 4821; x_wconf 79' lang='lat' dir='ltr'><strong>regina</strong></span> <span class='ocrx_word' id='word_1_348' title='bbox 441 4760 835 4813; x_wconf 84' lang='lat' dir='ltr'><strong>construxerat,</strong></span> <span class='ocrx_word' id='word_1_349' title='bbox 869 4752 969 4806; x_wconf 89' lang='lat' dir='ltr'><strong>sub</strong></span> <span class='ocrx_word' id='word_1_350' title='bbox 1001 4752 1403 4807; x_wconf 86' lang='lat' dir='ltr'><strong>sanctimoniali</strong></span> <span class='ocrx_word' id='word_1_351' title='bbox 1460 4767 1588 4823; x_wconf 90' lang='lat' dir='ltr'><strong>pro-</strong></span> 
     </span>
    </p>
   </div>
   <div class='ocr_carea' id='block_1_52' title="bbox 50 4835 1587 4913">
    <p class='ocr_par' dir='ltr' id='par_1_52' title="bbox 50 4835 1587 4913">
     <span class='ocr_line' id='line_1_52' title="bbox 50 4835 1587 4913; baseline -0.001 -14"><span class='ocrx_word' id='word_1_352' title='bbox 50 4835 191 4898; x_wconf 81' lang='grc' dir='ltr'><strong>ι)οεὶιο</strong></span> <span class='ocrx_word' id='word_1_353' title='bbox 212 4844 504 4898; x_wconf 87' lang='lat' dir='ltr'><strong>constituit.</strong></span> <span class='ocrx_word' id='word_1_354' title='bbox 535 4844 627 4898; x_wconf 88' lang='lat' dir='ltr'><strong>Illa</strong></span> <span class='ocrx_word' id='word_1_355' title='bbox 670 4844 873 4913; x_wconf 88' lang='lat' dir='ltr'><strong>itaque,</strong></span> <span class='ocrx_word' id='word_1_356' title='bbox 907 4843 957 4897; x_wconf 92' lang='lat' dir='ltr'><strong>in</strong></span> <span class='ocrx_word' id='word_1_357' title='bbox 984 4843 1365 4898; x_wconf 87' lang='lat' dir='ltr'><strong>observatione</strong></span> <span class='ocrx_word' id='word_1_358' title='bbox 1387 4854 1587 4897; x_wconf 72' lang='lat' dir='ltr'><strong>sancta:</strong></span> 
     </span>
    </p>
   </div>
   <div class='ocr_carea' id='block_1_53' title="bbox 52 4925 1583 5002">
    <p class='ocr_par' dir='ltr' id='par_1_53' title="bbox 52 4925 1583 5002">
     <span class='ocr_line' id='line_1_53' title="bbox 52 4925 1583 5002; baseline 0.003 -19"><span class='ocrx_word' id='word_1_359' title='bbox 52 4925 213 4991; x_wconf 64' lang='lat' dir='ltr'><strong>Tegula:</strong></span> <span class='ocrx_word' id='word_1_360' title='bbox 253 4942 305 4984; x_wconf 91' lang='lat' dir='ltr'><strong>et</strong></span> <span class='ocrx_word' id='word_1_361' title='bbox 351 4934 730 4989; x_wconf 86' lang='lat' dir='ltr'><strong>mandatorum</strong></span> <span class='ocrx_word' id='word_1_362' title='bbox 764 4933 856 4988; x_wconf 87' lang='lat' dir='ltr'><strong>Dei</strong></span> <span class='ocrx_word' id='word_1_363' title='bbox 899 4933 1153 4988; x_wconf 86' lang='lat' dir='ltr'><strong>ardenter</strong></span> <span class='ocrx_word' id='word_1_364' title='bbox 1207 4946 1583 5002; x_wconf 80' lang='lat' dir='ltr'><strong>perseverans,</strong></span> 
     </span>
    </p>
   </div>
   <div class='ocr_carea' id='block_1_54' title="bbox 50 5016 1587 5081">
    <p class='ocr_par' dir='ltr' id='par_1_54' title="bbox 50 5016 1587 5081">
     <span class='ocr_line' id='line_1_54' title="bbox 50 5016 1587 5081; baseline 0.005 -9"><span class='ocrx_word' id='word_1_365' title='bbox 50 5016 218 5081; x_wconf 82' lang='lat' dir='ltr'><strong>optimo</strong></span> <span class='ocrx_word' id='word_1_366' title='bbox 251 5023 349 5079; x_wconf 86' lang='lat' dir='ltr'><strong>ﬁne</strong></span> <span class='ocrx_word' id='word_1_367' title='bbox 379 5027 431 5080; x_wconf 93' lang='lat' dir='ltr'><strong>iu</strong></span> <span class='ocrx_word' id='word_1_368' title='bbox 480 5027 672 5081; x_wconf 87' lang='lat' dir='ltr'><strong>eodem</strong></span> <span class='ocrx_word' id='word_1_369' title='bbox 715 5026 835 5081; x_wconf 91' lang='lat' dir='ltr'><strong>loco</strong></span> <span class='ocrx_word' id='word_1_370' title='bbox 860 5027 1024 5079; x_wconf 84' lang='lat' dir='ltr'><strong>vitam</strong></span> <span class='ocrx_word' id='word_1_371' title='bbox 1068 5024 1355 5080; x_wconf 87' lang='lat' dir='ltr'><strong>conclusit.</strong></span> <span class='ocrx_word' id='word_1_372' title='bbox 1396 5024 1463 5079; x_wconf 90' lang='lat' dir='ltr'><strong>Et</strong></span> <span class='ocrx_word' id='word_1_373' title='bbox 1506 5024 1587 5079; x_wconf 91' lang='lat' dir='ltr'><strong>sic</strong></span> 
     </span>
    </p>
   </div>
   <div class='ocr_carea' id='block_1_55' title="bbox 56 5102 1587 5188">
    <p class='ocr_par' dir='ltr' id='par_1_55' title="bbox 56 5102 1587 5188">
     <span class='ocr_line' id='line_1_55' title="bbox 56 5102 1587 5188; baseline 0.012 -34"><span class='ocrx_word' id='word_1_374' title='bbox 56 5102 166 5161; x_wconf 81' lang='lat' dir='ltr'><strong>idem</strong></span> <span class='ocrx_word' id='word_1_375' title='bbox 191 5122 331 5180; x_wconf 86' lang='lat' dir='ltr'><strong>pater</strong></span> <span class='ocrx_word' id='word_1_376' title='bbox 358 5128 582 5174; x_wconf 89' lang='lat' dir='ltr'><strong>matrem</strong></span> <span class='ocrx_word' id='word_1_377' title='bbox 616 5134 792 5182; x_wconf 89' lang='lat' dir='ltr'><strong>suam,</strong></span> <span class='ocrx_word' id='word_1_378' title='bbox 816 5134 936 5188; x_wconf 74' lang='lat' dir='ltr'><strong>qua:</strong></span> <span class='ocrx_word' id='word_1_379' title='bbox 964 5133 1086 5173; x_wconf 89' lang='lat' dir='ltr'><strong>eum</strong></span> <span class='ocrx_word' id='word_1_380' title='bbox 1120 5125 1406 5188; x_wconf 87' lang='lat' dir='ltr'><strong>pepererat</strong></span> <span class='ocrx_word' id='word_1_381' title='bbox 1428 5131 1587 5171; x_wconf 89' lang='lat' dir='ltr'><strong>mun-</strong></span> 
     </span>
    </p>
   </div>
   <div class='ocr_carea' id='block_1_56' title="bbox 56 5192 1586 5280">
    <p class='ocr_par' dir='ltr' id='par_1_56' title="bbox 56 5192 1586 5280">
     <span class='ocr_line' id='line_1_56' title="bbox 56 5192 1586 5280; baseline -0.005 -11"><span class='ocrx_word' id='word_1_382' title='bbox 56 5192 124 5260; x_wconf 64' lang='grc' dir='ltr'><strong>ἀίό</strong></span> <span class='ocrx_word' id='word_1_383' title='bbox 156 5216 240 5268; x_wconf 73' lang='lat' dir='ltr'><strong>Per</strong></span> <span class='ocrx_word' id='word_1_384' title='bbox 281 5210 551 5280; x_wconf 78' lang='lat' dir='ltr'><strong>religionis</strong></span> <span class='ocrx_word' id='word_1_385' title='bbox 598 5211 844 5267; x_wconf 87' lang='lat' dir='ltr'><strong>habitum</strong></span> <span class='ocrx_word' id='word_1_386' title='bbox 885 5218 940 5265; x_wconf 87' lang='lat' dir='ltr'><strong>et</strong></span> <span class='ocrx_word' id='word_1_387' title='bbox 976 5209 1395 5264; x_wconf 89' lang='lat' dir='ltr'><strong>sanctimoniam</strong></span> <span class='ocrx_word' id='word_1_388' title='bbox 1433 5223 1586 5264; x_wconf 88' lang='lat' dir='ltr'><strong>com-</strong></span> 
     </span>
    </p>
   </div>
   <div class='ocr_carea' id='block_1_57' title="bbox 59 5293 532 5357">
    <p class='ocr_par' dir='ltr' id='par_1_57' title="bbox 59 5293 532 5357">
     <span class='ocr_line' id='line_1_57' title="bbox 59 5293 532 5357; baseline 0.042 -20"><span class='ocrx_word' id='word_1_389' title='bbox 59 5293 284 5352; x_wconf 67' lang='lat' dir='ltr'><strong>mandavit</strong></span> <span class='ocrx_word' id='word_1_390' title='bbox 310 5301 433 5357; x_wconf 89' lang='lat' dir='ltr'><strong>Deo.</strong></span> <span class='ocrx_word' id='word_1_391' title='bbox 526 5308 532 5325; x_wconf 87' lang='lat'>‘</span> 
     </span>
    </p>
   </div>
   <div class='ocr_carea' id='block_1_58' title="bbox 112 5381 1587 5466">
    <p class='ocr_par' dir='ltr' id='par_1_58' title="bbox 112 5381 1587 5466">
     <span class='ocr_line' id='line_1_58' title="bbox 112 5381 1587 5466; baseline 0.005 -28"><span class='ocrx_word' id='word_1_392' title='bbox 112 5381 324 5459; x_wconf 72' lang='lat' dir='ltr'><strong>DeniQue</strong></span> <span class='ocrx_word' id='word_1_393' title='bbox 352 5410 470 5450; x_wconf 90' lang='lat' dir='ltr'><strong>cum</strong></span> <span class='ocrx_word' id='word_1_394' title='bbox 502 5412 685 5451; x_wconf 90' lang='lat' dir='ltr'><strong>comes</strong></span> <span class='ocrx_word' id='word_1_395' title='bbox 712 5396 878 5460; x_wconf 89' lang='lat' dir='ltr'><strong>idem,</strong></span> <span class='ocrx_word' id='word_1_396' title='bbox 918 5394 1107 5466; x_wconf 87' lang='lat' dir='ltr'><strong>Anglia</strong></span> <span class='ocrx_word' id='word_1_397' title='bbox 1140 5394 1241 5449; x_wconf 84' lang='lat' dir='ltr'><strong>sibi</strong></span> <span class='ocrx_word' id='word_1_398' title='bbox 1265 5392 1435 5447; x_wconf 89' lang='lat' dir='ltr'><strong>armis</strong></span> <span class='ocrx_word' id='word_1_399' title='bbox 1458 5391 1587 5447; x_wconf 78' lang='lat' dir='ltr'><strong>sub-</strong></span> 
     </span>
    </p>
   </div>
   <div class='ocr_carea' id='block_1_59' title="bbox 66 5481 1586 5559">
    <p class='ocr_par' dir='ltr' id='par_1_59' title="bbox 66 5481 1586 5559">
     <span class='ocr_line' id='line_1_59' title="bbox 66 5481 1586 5559; baseline 0.001 -23"><span class='ocrx_word' id='word_1_400' title='bbox 66 5481 202 5559; x_wconf 60' lang='lat' dir='ltr'><strong>ills-lla</strong></span> <span class='ocrx_word' id='word_1_401' title='bbox 230 5481 352 5552; x_wconf 83' lang='lat' dir='ltr'><strong>jam,</strong></span> <span class='ocrx_word' id='word_1_402' title='bbox 396 5487 446 5540; x_wconf 93' lang='lat' dir='ltr'><strong>iu</strong></span> <span class='ocrx_word' id='word_1_403' title='bbox 479 5505 541 5541; x_wconf 82' lang='lat' dir='ltr'><strong>ea</strong></span> <span class='ocrx_word' id='word_1_404' title='bbox 577 5497 845 5559; x_wconf 81' lang='lat' dir='ltr'><strong>regnaret,</strong></span> <span class='ocrx_word' id='word_1_405' title='bbox 876 5495 931 5541; x_wconf 90' lang='lat' dir='ltr'><strong>et</strong></span> <span class='ocrx_word' id='word_1_406' title='bbox 952 5484 1316 5540; x_wconf 86' lang='lat' dir='ltr'><strong>Lanfrancum</strong></span> <span class='ocrx_word' id='word_1_407' title='bbox 1347 5483 1586 5539; x_wconf 88' lang='lat' dir='ltr'><strong>Cantua-</strong></span> 
     </span>
    </p>
   </div>
   <div class='ocr_carea' id='block_1_60' title="bbox 62 5558 1579 5651">
    <p class='ocr_par' dir='ltr' id='par_1_60' title="bbox 62 5558 1579 5651">
     <span class='ocr_line' id='line_1_60' title="bbox 62 5558 1579 5651; baseline 0.015 -43"><span class='ocrx_word' id='word_1_408' title='bbox 62 5558 191 5618; x_wconf 84' lang='lat' dir='ltr'><strong>riensi</strong></span> <span class='ocrx_word' id='word_1_409' title='bbox 217 5576 515 5638; x_wconf 75' lang='lat' dir='ltr'><strong>pontiﬁcatu</strong></span> <span class='ocrx_word' id='word_1_410' title='bbox 548 5590 603 5634; x_wconf 87' lang='lat' dir='ltr'><strong>et</strong></span> <span class='ocrx_word' id='word_1_411' title='bbox 632 5558 799 5633; x_wconf 83' lang='lat' dir='ltr'><strong>totius</strong></span> <span class='ocrx_word' id='word_1_412' title='bbox 828 5577 1032 5646; x_wconf 77' lang='lat' dir='ltr'><strong>Anglia:</strong></span> <span class='ocrx_word' id='word_1_413' title='bbox 1058 5576 1292 5647; x_wconf 88' lang='lat' dir='ltr'><strong>primatu</strong></span> <span class='ocrx_word' id='word_1_414' title='bbox 1321 5576 1579 5651; x_wconf 82' lang='lat' dir='ltr'><strong>sublima-</strong></span> 
     </span>
    </p>
   </div>
   <div class='ocr_carea' id='block_1_61' title="bbox 58 5661 1585 5748">
    <p class='ocr_par' dir='ltr' id='par_1_61' title="bbox 58 5661 1585 5748">
     <span class='ocr_line' id='line_1_61' title="bbox 58 5661 1585 5748; baseline 0.022 -38"><span class='ocrx_word' id='word_1_415' title='bbox 58 5664 147 5748; x_wconf 49' lang='grc' dir='ltr'><strong>Τίνι.</strong></span> <span class='ocrx_word' id='word_1_416' title='bbox 174 5661 303 5722; x_wconf 84' lang='lat' dir='ltr'><strong>hunc</strong></span> <span class='ocrx_word' id='word_1_417' title='bbox 331 5670 414 5727; x_wconf 89' lang='lat' dir='ltr'><strong>ille</strong></span> <span class='ocrx_word' id='word_1_418' title='bbox 454 5675 507 5729; x_wconf 91' lang='lat' dir='ltr'><strong>in</strong></span> <span class='ocrx_word' id='word_1_419' title='bbox 564 5674 813 5745; x_wconf 77' lang='lat' dir='ltr'><strong>Angliam</strong></span> <span class='ocrx_word' id='word_1_420' title='bbox 846 5689 1029 5729; x_wconf 86' lang='lat' dir='ltr'><strong>secum</strong></span> <span class='ocrx_word' id='word_1_421' title='bbox 1083 5673 1328 5738; x_wconf 85' lang='lat' dir='ltr'><strong>adduxit,</strong></span> <span class='ocrx_word' id='word_1_422' title='bbox 1358 5682 1431 5738; x_wconf 73' lang='grc' dir='ltr'><strong>ειν</strong></span> <span class='ocrx_word' id='word_1_423' title='bbox 1459 5674 1585 5742; x_wconf 62' lang='lat' dir='ltr'><strong>fl“ia</strong></span> 
     </span>
    </p>
   </div>
   <div class='ocr_carea' id='block_1_62' title="bbox 62 5750 1581 5828">
    <p class='ocr_par' dir='ltr' id='par_1_62' title="bbox 62 5750 1581 5828">
     <span class='ocr_line' id='line_1_62' title="bbox 62 5750 1581 5828; baseline 0.009 -24"><span class='ocrx_word' id='word_1_424' title='bbox 62 5753 105 5793; x_wconf 77' lang='lat' dir='ltr'><strong>In</strong></span> <span class='ocrx_word' id='word_1_425' title='bbox 136 5750 269 5809; x_wconf 82' lang='lat' dir='ltr'><strong>rebus</strong></span> <span class='ocrx_word' id='word_1_426' title='bbox 310 5762 459 5820; x_wconf 88' lang='lat' dir='ltr'><strong>etiam</strong></span> <span class='ocrx_word' id='word_1_427' title='bbox 495 5765 857 5823; x_wconf 80' lang='lat' dir='ltr'><strong>exterioribus</strong></span> <span class='ocrx_word' id='word_1_428' title='bbox 904 5763 1199 5821; x_wconf 84' lang='lat' dir='ltr'><strong>industrius</strong></span> <span class='ocrx_word' id='word_1_429' title='bbox 1242 5762 1395 5819; x_wconf 85' lang='lat' dir='ltr'><strong>valde</strong></span> <span class='ocrx_word' id='word_1_430' title='bbox 1444 5772 1581 5828; x_wconf 85' lang='lat' dir='ltr'><strong>erat,</strong></span> 
     </span>
    </p>
   </div>
   <div class='ocr_carea' id='block_1_63' title="bbox 1713 525 3301 605">
    <p class='ocr_par' dir='ltr' id='par_1_63' title="bbox 1713 525 3301 605">
     <span class='ocr_line' id='line_1_63' title="bbox 1713 525 3301 605; baseline 0.008 -27"><span class='ocrx_word' id='word_1_431' title='bbox 1713 525 1899 596; x_wconf 90' lang='lat' dir='ltr'><strong>itaque</strong></span> <span class='ocrx_word' id='word_1_432' title='bbox 1931 530 2033 583; x_wconf 90' lang='lat' dir='ltr'><strong>viri</strong></span> <span class='ocrx_word' id='word_1_433' title='bbox 2076 530 2170 585; x_wconf 82' lang='lat' dir='ltr'><strong>Dei</strong></span> <span class='ocrx_word' id='word_1_434' title='bbox 2205 534 2377 604; x_wconf 87' lang='lat' dir='ltr'><strong>magis</strong></span> <span class='ocrx_word' id='word_1_435' title='bbox 2430 549 2494 589; x_wconf 89' lang='lat' dir='ltr'><strong>ac</strong></span> <span class='ocrx_word' id='word_1_436' title='bbox 2533 534 2705 604; x_wconf 86' lang='lat' dir='ltr'><strong>magis</strong></span> <span class='ocrx_word' id='word_1_437' title='bbox 2760 549 3106 590; x_wconf 89' lang='lat' dir='ltr'><strong>succrescere</strong></span> <span class='ocrx_word' id='word_1_438' title='bbox 3136 536 3301 605; x_wconf 88' lang='lat' dir='ltr'><strong>coepit</strong></span> 
     </span>
    </p>
   </div>
   <div class='ocr_carea' id='block_1_64' title="bbox 1714 620 3298 697">
    <p class='ocr_par' dir='ltr' id='par_1_64' title="bbox 1714 620 3298 697">
     <span class='ocr_line' id='line_1_64' title="bbox 1714 620 3298 697; baseline 0.005 -24"><span class='ocrx_word' id='word_1_439' title='bbox 1714 629 1821 673; x_wconf 90' lang='lat' dir='ltr'><strong>tam</strong></span> <span class='ocrx_word' id='word_1_440' title='bbox 1851 620 1915 675; x_wconf 89' lang='lat' dir='ltr'><strong>de</strong></span> <span class='ocrx_word' id='word_1_441' title='bbox 1945 620 2091 676; x_wconf 92' lang='lat' dir='ltr'><strong>illius</strong></span> <span class='ocrx_word' id='word_1_442' title='bbox 2112 624 2455 679; x_wconf 86' lang='lat' dir='ltr'><strong>sanctissima</strong></span> <span class='ocrx_word' id='word_1_443' title='bbox 2490 626 2750 697; x_wconf 82' lang='lat' dir='ltr'><strong>religione</strong></span> <span class='ocrx_word' id='word_1_444' title='bbox 2776 642 2937 696; x_wconf 90' lang='lat' dir='ltr'><strong>quam</strong></span> <span class='ocrx_word' id='word_1_445' title='bbox 2970 627 3036 681; x_wconf 89' lang='lat' dir='ltr'><strong>de</strong></span> <span class='ocrx_word' id='word_1_446' title='bbox 3059 628 3298 697; x_wconf 86' lang='lat' dir='ltr'><strong>pruden-</strong></span> 
     </span>
    </p>
   </div>
   <div class='ocr_carea' id='block_1_65' title="bbox 1710 709 3319 773">
    <p class='ocr_par' dir='ltr' id='par_1_65' title="bbox 1710 709 3319 773">
     <span class='ocr_line' id='line_1_65' title="bbox 1710 709 3319 773; baseline 0.007 -11"><span class='ocrx_word' id='word_1_447' title='bbox 1710 709 1922 764; x_wconf 89' lang='lat' dir='ltr'><strong>tissima</strong></span> <span class='ocrx_word' id='word_1_448' title='bbox 1970 712 2308 767; x_wconf 61' lang='lat' dir='ltr'><strong>saecularium</strong></span> <span class='ocrx_word' id='word_1_449' title='bbox 2364 729 2549 770; x_wconf 87' lang='lat' dir='ltr'><strong>rermn</strong></span> <span class='ocrx_word' id='word_1_450' title='bbox 2598 717 3091 773; x_wconf 89' lang='lat' dir='ltr'><strong>administratione.</strong></span> <span class='ocrx_word' id='word_1_451' title='bbox 3125 718 3319 773; x_wconf 77' lang='lat' dir='ltr'><strong>Tanta</strong></span> 
     </span>
    </p>
   </div>
   <div class='ocr_carea' id='block_1_66' title="bbox 1708 802 3298 877">
    <p class='ocr_par' dir='ltr' id='par_1_66' title="bbox 1708 802 3298 877">
     <span class='ocr_line' id='line_1_66' title="bbox 1708 802 3298 877; baseline 0.009 -24"><span class='ocrx_word' id='word_1_452' title='bbox 1708 802 1853 854; x_wconf 89' lang='lat' dir='ltr'><strong>enim</strong></span> <span class='ocrx_word' id='word_1_453' title='bbox 1900 802 2224 859; x_wconf 89' lang='lat' dir='ltr'><strong>discretione</strong></span> <span class='ocrx_word' id='word_1_454' title='bbox 2253 805 2359 859; x_wconf 91' lang='lat' dir='ltr'><strong>diei</strong></span> <span class='ocrx_word' id='word_1_455' title='bbox 2390 807 2563 877; x_wconf 90' lang='lat' dir='ltr'><strong>spatia</strong></span> <span class='ocrx_word' id='word_1_456' title='bbox 2596 808 2870 864; x_wconf 83' lang='lat' dir='ltr'><strong>dividebat</strong></span> <span class='ocrx_word' id='word_1_457' title='bbox 2912 819 2972 866; x_wconf 91' lang='lat' dir='ltr'><strong>ut</strong></span> <span class='ocrx_word' id='word_1_458' title='bbox 3001 811 3121 866; x_wconf 90' lang='lat' dir='ltr'><strong>aliis</strong></span> <span class='ocrx_word' id='word_1_459' title='bbox 3150 812 3298 867; x_wconf 91' lang='lat' dir='ltr'><strong>horis</strong></span> 
     </span>
    </p>
   </div>
   <div class='ocr_carea' id='block_1_67' title="bbox 1708 895 3295 968">
    <p class='ocr_par' dir='ltr' id='par_1_67' title="bbox 1708 895 3295 968">
     <span class='ocr_line' id='line_1_67' title="bbox 1708 895 3295 968; baseline 0.007 -20"><span class='ocrx_word' id='word_1_460' title='bbox 1708 895 1775 948; x_wconf 88' lang='lat' dir='ltr'><strong>ad</strong></span> <span class='ocrx_word' id='word_1_461' title='bbox 1798 896 1961 964; x_wconf 89' lang='lat' dir='ltr'><strong>pedes</strong></span> <span class='ocrx_word' id='word_1_462' title='bbox 1978 896 2189 951; x_wconf 90' lang='lat' dir='ltr'><strong>Domini</strong></span> <span class='ocrx_word' id='word_1_463' title='bbox 2219 898 2430 953; x_wconf 90' lang='lat' dir='ltr'><strong>sederet</strong></span> <span class='ocrx_word' id='word_1_464' title='bbox 2451 913 2573 955; x_wconf 92' lang='lat' dir='ltr'><strong>cum</strong></span> <span class='ocrx_word' id='word_1_465' title='bbox 2607 900 2792 968; x_wconf 84' lang='lat' dir='ltr'><strong>Maria,</strong></span> <span class='ocrx_word' id='word_1_466' title='bbox 2813 903 2931 959; x_wconf 87' lang='lat' dir='ltr'><strong>aliis</strong></span> <span class='ocrx_word' id='word_1_467' title='bbox 2961 904 3295 961; x_wconf 77' lang='lat' dir='ltr'><strong>Dominica&#39;m</strong></span> 
     </span>
    </p>
   </div>
   <div class='ocr_carea' id='block_1_68' title="bbox 1707 988 3294 1071">
    <p class='ocr_par' dir='ltr' id='par_1_68' title="bbox 1707 988 3294 1071">
     <span class='ocr_line' id='line_1_68' title="bbox 1707 988 3294 1071; baseline 0.008 -29"><span class='ocrx_word' id='word_1_468' title='bbox 1707 1001 1921 1042; x_wconf 70' lang='lat' dir='ltr'><strong>ecetram</strong></span> <span class='ocrx_word' id='word_1_469' title='bbox 1974 1001 2305 1061; x_wconf 68' lang='lat' dir='ltr'><strong>prmpararet</strong></span> <span class='ocrx_word' id='word_1_470' title='bbox 2350 1007 2470 1047; x_wconf 90' lang='lat' dir='ltr'><strong>cum</strong></span> <span class='ocrx_word' id='word_1_471' title='bbox 2508 992 2718 1049; x_wconf 80' lang='lat' dir='ltr'><strong>Martha</strong></span> <span class='ocrx_word' id='word_1_472' title='bbox 2756 995 2907 1067; x_wconf 89' lang='lat' dir='ltr'><strong>(Luc.</strong></span> <span class='ocrx_word' id='word_1_473' title='bbox 2956 1014 3012 1064; x_wconf 70' lang='grc' dir='ltr'><strong>χ’,</strong></span> <span class='ocrx_word' id='word_1_474' title='bbox 3060 996 3148 1064; x_wconf 76' lang='grc'><strong>59,</strong></span> <span class='ocrx_word' id='word_1_475' title='bbox 3179 988 3294 1071; x_wconf 74' lang='grc'><strong>40).</strong></span> 
     </span>
    </p>
   </div>
   <div class='ocr_carea' id='block_1_69' title="bbox 1711 1078 3297 1145">
    <p class='ocr_par' dir='ltr' id='par_1_69' title="bbox 1711 1078 3297 1145">
     <span class='ocr_line' id='line_1_69' title="bbox 1711 1078 3297 1145; baseline 0.008 -14"><span class='ocrx_word' id='word_1_476' title='bbox 1711 1078 1861 1134; x_wconf 89' lang='lat' dir='ltr'><strong>Hanc</strong></span> <span class='ocrx_word' id='word_1_477' title='bbox 1912 1090 2092 1136; x_wconf 90' lang='lat' dir='ltr'><strong>autem</strong></span> <span class='ocrx_word' id='word_1_478' title='bbox 2125 1082 2379 1137; x_wconf 88' lang='lat' dir='ltr'><strong>virtutem</strong></span> <span class='ocrx_word' id='word_1_479' title='bbox 2413 1083 2757 1141; x_wconf 85' lang='lat' dir='ltr'><strong>discretionis</strong></span> <span class='ocrx_word' id='word_1_480' title='bbox 2807 1085 2985 1142; x_wconf 81' lang='lat' dir='ltr'><strong>bifidae</strong></span> <span class='ocrx_word' id='word_1_481' title='bbox 3017 1097 3124 1143; x_wconf 90' lang='lat' dir='ltr'><strong>tam</strong></span> <span class='ocrx_word' id='word_1_482' title='bbox 3170 1098 3297 1145; x_wconf 89' lang='lat' dir='ltr'><strong>ante</strong></span> 
     </span>
    </p>
   </div>
   <div class='ocr_carea' id='block_1_70' title="bbox 1705 1167 3296 1244">
    <p class='ocr_par' dir='ltr' id='par_1_70' title="bbox 1705 1167 3296 1244">
     <span class='ocr_line' id='line_1_70' title="bbox 1705 1167 3296 1244; baseline 0.009 -24"><span class='ocrx_word' id='word_1_483' title='bbox 1705 1167 2075 1239; x_wconf 88' lang='lat' dir='ltr'><strong>episcopatum</strong></span> <span class='ocrx_word' id='word_1_484' title='bbox 2122 1185 2282 1241; x_wconf 89' lang='lat' dir='ltr'><strong>quam</strong></span> <span class='ocrx_word' id='word_1_485' title='bbox 2330 1171 2385 1226; x_wconf 88' lang='lat' dir='ltr'><strong>in</strong></span> <span class='ocrx_word' id='word_1_486' title='bbox 2429 1173 2740 1243; x_wconf 89' lang='lat' dir='ltr'><strong>episcopatu</strong></span> <span class='ocrx_word' id='word_1_487' title='bbox 2788 1190 3003 1244; x_wconf 90' lang='lat' dir='ltr'><strong>semper</strong></span> <span class='ocrx_word' id='word_1_488' title='bbox 3050 1180 3296 1234; x_wconf 91' lang='lat' dir='ltr'><strong>noscitur</strong></span> 
     </span>
    </p>
   </div>
   <div class='ocr_carea' id='block_1_71' title="bbox 1705 1257 3293 1338">
    <p class='ocr_par' dir='ltr' id='par_1_71' title="bbox 1705 1257 3293 1338">
     <span class='ocr_line' id='line_1_71' title="bbox 1705 1257 3293 1338; baseline 0.009 -27"><span class='ocrx_word' id='word_1_489' title='bbox 1705 1257 1995 1322; x_wconf 86' lang='lat' dir='ltr'><strong>habuisse,</strong></span> <span class='ocrx_word' id='word_1_490' title='bbox 2048 1276 2191 1316; x_wconf 92' lang='lat' dir='ltr'><strong>nunc</strong></span> <span class='ocrx_word' id='word_1_491' title='bbox 2234 1262 2502 1332; x_wconf 85' lang='lat' dir='ltr'><strong>siquidem</strong></span> <span class='ocrx_word' id='word_1_492' title='bbox 2558 1265 2756 1320; x_wconf 82' lang='lat' dir='ltr'><strong>divinae</strong></span> <span class='ocrx_word' id='word_1_493' title='bbox 2811 1270 3293 1338; x_wconf 87' lang='lat' dir='ltr'><strong>contemplationi,</strong></span> 
     </span>
    </p>
   </div>
   <div class='ocr_carea' id='block_1_72' title="bbox 1704 1341 3297 1429">
    <p class='ocr_par' dir='ltr' id='par_1_72' title="bbox 1704 1341 3297 1429">
     <span class='ocr_line' id='line_1_72' title="bbox 1704 1341 3297 1429; baseline 0.008 -26"><span class='ocrx_word' id='word_1_494' title='bbox 1704 1352 2172 1422; x_wconf 56' lang='lat' dir='ltr'><strong>nunc‘pauperum</strong></span> <span class='ocrx_word' id='word_1_495' title='bbox 2208 1361 2352 1408; x_wconf 91' lang='lat' dir='ltr'><strong>totus</strong></span> <span class='ocrx_word' id='word_1_496' title='bbox 2393 1355 2607 1411; x_wconf 88' lang='lat' dir='ltr'><strong>deditus</strong></span> <span class='ocrx_word' id='word_1_497' title='bbox 2634 1358 3026 1425; x_wconf 84' lang='lat' dir='ltr'><strong>precurationi.</strong></span> <span class='ocrx_word' id='word_1_498' title='bbox 3053 1341 3297 1429; x_wconf 66' lang='lat' dir='ltr'><strong>Denique</strong></span> 
     </span>
    </p>
   </div>
   <div class='ocr_carea' id='block_1_73' title="bbox 1703 1448 3309 1523">
    <p class='ocr_par' dir='ltr' id='par_1_73' title="bbox 1703 1448 3309 1523">
     <span class='ocr_line' id='line_1_73' title="bbox 1703 1448 3309 1523; baseline 0.007 -26"><span class='ocrx_word' id='word_1_499' title='bbox 1703 1459 1848 1511; x_wconf 91' lang='lat' dir='ltr'><strong>cum,</strong></span> <span class='ocrx_word' id='word_1_500' title='bbox 1880 1453 2121 1515; x_wconf 91' lang='lat' dir='ltr'><strong>tempore</strong></span> <span class='ocrx_word' id='word_1_501' title='bbox 2156 1449 2409 1517; x_wconf 87' lang='lat' dir='ltr'><strong>quodam,</strong></span> <span class='ocrx_word' id='word_1_502' title='bbox 2444 1448 2619 1503; x_wconf 86' lang='lat' dir='ltr'><strong>valida</strong></span> <span class='ocrx_word' id='word_1_503' title='bbox 2647 1450 2819 1506; x_wconf 86' lang='lat' dir='ltr'><strong>fames</strong></span> <span class='ocrx_word' id='word_1_504' title='bbox 2846 1452 3096 1523; x_wconf 73' lang='lat' dir='ltr'><strong>Angliam</strong></span> <span class='ocrx_word' id='word_1_505' title='bbox 3127 1450 3309 1507; x_wconf 88' lang='lat' dir='ltr'><strong>lotam</strong></span> 
     </span>
    </p>
   </div>
   <div class='ocr_carea' id='block_1_74' title="bbox 1701 1537 3297 1612">
    <p class='ocr_par' dir='ltr' id='par_1_74' title="bbox 1701 1537 3297 1612">
     <span class='ocr_line' id='line_1_74' title="bbox 1701 1537 3297 1612; baseline 0.008 -23"><span class='ocrx_word' id='word_1_506' title='bbox 1701 1537 2052 1593; x_wconf 89' lang='lat' dir='ltr'><strong>vehementer</strong></span> <span class='ocrx_word' id='word_1_507' title='bbox 2071 1539 2451 1610; x_wconf 90' lang='lat' dir='ltr'><strong>oppressisset,</strong></span> <span class='ocrx_word' id='word_1_508' title='bbox 2484 1539 2595 1607; x_wconf 92' lang='lat' dir='ltr'><strong>ille,</strong></span> <span class='ocrx_word' id='word_1_509' title='bbox 2620 1543 2862 1612; x_wconf 90' lang='lat' dir='ltr'><strong>pecuniis</strong></span> <span class='ocrx_word' id='word_1_510' title='bbox 2886 1544 3070 1601; x_wconf 85' lang='lat' dir='ltr'><strong>multis</strong></span> <span class='ocrx_word' id='word_1_511' title='bbox 3093 1561 3123 1600; x_wconf 90' lang='lat' dir='ltr'><strong>a</strong></span> <span class='ocrx_word' id='word_1_512' title='bbox 3154 1546 3297 1601; x_wconf 89' lang='lat' dir='ltr'><strong>Lan-</strong></span> 
     </span>
    </p>
   </div>
   <div class='ocr_carea' id='block_1_75' title="bbox 1704 1626 3291 1705">
    <p class='ocr_par' dir='ltr' id='par_1_75' title="bbox 1704 1626 3291 1705">
     <span class='ocr_line' id='line_1_75' title="bbox 1704 1626 3291 1705; baseline 0.009 -25"><span class='ocrx_word' id='word_1_513' title='bbox 1704 1626 1893 1683; x_wconf 90' lang='lat' dir='ltr'><strong>franco</strong></span> <span class='ocrx_word' id='word_1_514' title='bbox 1926 1630 2187 1700; x_wconf 88' lang='lat' dir='ltr'><strong>acceptis,</strong></span> <span class='ocrx_word' id='word_1_515' title='bbox 2219 1629 2554 1687; x_wconf 87' lang='lat' dir='ltr'><strong>Lundoniam</strong></span> <span class='ocrx_word' id='word_1_516' title='bbox 2586 1633 2740 1699; x_wconf 89' lang='lat' dir='ltr'><strong>adiit,</strong></span> <span class='ocrx_word' id='word_1_517' title='bbox 2772 1649 3067 1705; x_wconf 88' lang='lat' dir='ltr'><strong>pauperum</strong></span> <span class='ocrx_word' id='word_1_518' title='bbox 3108 1637 3291 1694; x_wconf 86' lang='lat' dir='ltr'><strong>multi-</strong></span> 
     </span>
    </p>
   </div>
   <div class='ocr_carea' id='block_1_76' title="bbox 1712 1719 3296 1798">
    <p class='ocr_par' dir='ltr' id='par_1_76' title="bbox 1712 1719 3296 1798">
     <span class='ocr_line' id='line_1_76' title="bbox 1712 1719 3296 1798; baseline 0.009 -27"><span class='ocrx_word' id='word_1_519' title='bbox 1712 1719 1952 1775; x_wconf 88' lang='lat' dir='ltr'><strong>tudinem</strong></span> <span class='ocrx_word' id='word_1_520' title='bbox 1987 1722 2331 1777; x_wconf 90' lang='lat' dir='ltr'><strong>innumeram</strong></span> <span class='ocrx_word' id='word_1_521' title='bbox 2363 1723 2601 1794; x_wconf 86' lang='lat' dir='ltr'><strong>collegit,</strong></span> <span class='ocrx_word' id='word_1_522' title='bbox 2628 1734 2683 1779; x_wconf 91' lang='lat' dir='ltr'><strong>et</strong></span> <span class='ocrx_word' id='word_1_523' title='bbox 2713 1734 2822 1781; x_wconf 91' lang='lat' dir='ltr'><strong>toto</strong></span> <span class='ocrx_word' id='word_1_524' title='bbox 2858 1725 3017 1782; x_wconf 88' lang='lat' dir='ltr'><strong>famis</strong></span> <span class='ocrx_word' id='word_1_525' title='bbox 3050 1736 3296 1798; x_wconf 85' lang='lat' dir='ltr'><strong>tempore</strong></span> 
     </span>
    </p>
   </div>
   <div class='ocr_carea' id='block_1_77' title="bbox 1710 1810 3309 1890">
    <p class='ocr_par' dir='ltr' id='par_1_77' title="bbox 1710 1810 3309 1890">
     <span class='ocr_line' id='line_1_77' title="bbox 1710 1810 3309 1890; baseline 0.008 -26"><span class='ocrx_word' id='word_1_526' title='bbox 1710 1810 1793 1880; x_wconf 91' lang='lat' dir='ltr'><strong>pie</strong></span> <span class='ocrx_word' id='word_1_527' title='bbox 1818 1819 1875 1879; x_wconf 91' lang='lat' dir='ltr'><strong>et</strong></span> <span class='ocrx_word' id='word_1_528' title='bbox 1900 1812 2323 1870; x_wconf 91' lang='lat' dir='ltr'><strong>misericorditer</strong></span> <span class='ocrx_word' id='word_1_529' title='bbox 2347 1816 2513 1886; x_wconf 92' lang='lat' dir='ltr'><strong>pavit.</strong></span> <span class='ocrx_word' id='word_1_530' title='bbox 2529 1817 2728 1872; x_wconf 88' lang='lat' dir='ltr'><strong>Fertur</strong></span> <span class='ocrx_word' id='word_1_531' title='bbox 2748 1827 2927 1873; x_wconf 87' lang='lat' dir='ltr'><strong>autem</strong></span> <span class='ocrx_word' id='word_1_532' title='bbox 2952 1820 3076 1890; x_wconf 88' lang='lat' dir='ltr'><strong>quia</strong></span> <span class='ocrx_word' id='word_1_533' title='bbox 3102 1831 3309 1876; x_wconf 89' lang='lat' dir='ltr'><strong>eorum</strong></span> 
     </span>
    </p>
   </div>
   <div class='ocr_carea' id='block_1_78' title="bbox 1709 1903 3284 1977">
    <p class='ocr_par' dir='ltr' id='par_1_78' title="bbox 1709 1903 3284 1977">
     <span class='ocr_line' id='line_1_78' title="bbox 1709 1903 3284 1977; baseline 0.006 -20"><span class='ocrx_word' id='word_1_534' title='bbox 1709 1903 1943 1960; x_wconf 90' lang='lat' dir='ltr'><strong>miseriis</strong></span> <span class='ocrx_word' id='word_1_535' title='bbox 1983 1905 2120 1961; x_wconf 89' lang='lat' dir='ltr'><strong>adeo</strong></span> <span class='ocrx_word' id='word_1_536' title='bbox 2161 1908 2611 1977; x_wconf 90' lang='lat' dir='ltr'><strong>compatiebatur,</strong></span> <span class='ocrx_word' id='word_1_537' title='bbox 2654 1917 2712 1963; x_wconf 92' lang='lat' dir='ltr'><strong>ut</strong></span> <span class='ocrx_word' id='word_1_538' title='bbox 2758 1925 2949 1965; x_wconf 93' lang='lat' dir='ltr'><strong>eorum</strong></span> <span class='ocrx_word' id='word_1_539' title='bbox 2983 1912 3284 1967; x_wconf 83' lang='lat' dir='ltr'><strong>inﬁrmiora</strong></span> 
     </span>
    </p>
   </div>
   <div class='ocr_carea' id='block_1_79' title="bbox 1707 1992 3289 2069">
    <p class='ocr_par' dir='ltr' id='par_1_79' title="bbox 1707 1992 3289 2069">
     <span class='ocr_line' id='line_1_79' title="bbox 1707 1992 3289 2069; baseline 0.007 -25"><span class='ocrx_word' id='word_1_540' title='bbox 1707 1992 1949 2059; x_wconf 86' lang='lat' dir='ltr'><strong>lavaret,</strong></span> <span class='ocrx_word' id='word_1_541' title='bbox 1994 1994 2230 2067; x_wconf 88' lang='lat' dir='ltr'><strong>lotisque</strong></span> <span class='ocrx_word' id='word_1_542' title='bbox 2277 2007 2464 2069; x_wconf 90' lang='lat' dir='ltr'><strong>postea</strong></span> <span class='ocrx_word' id='word_1_543' title='bbox 2527 1999 2781 2055; x_wconf 90' lang='lat' dir='ltr'><strong>manibus</strong></span> <span class='ocrx_word' id='word_1_544' title='bbox 2839 2000 3021 2055; x_wconf 85' lang='lat' dir='ltr'><strong>statim</strong></span> <span class='ocrx_word' id='word_1_545' title='bbox 3064 2001 3289 2057; x_wconf 88' lang='lat' dir='ltr'><strong>missam</strong></span> 
     </span>
    </p>
   </div>
   <div class='ocr_carea' id='block_1_80' title="bbox 1706 2080 3295 2152">
    <p class='ocr_par' dir='ltr' id='par_1_80' title="bbox 1706 2080 3295 2152">
     <span class='ocr_line' id='line_1_80' title="bbox 1706 2080 3295 2152; baseline 0.006 -17"><span class='ocrx_word' id='word_1_546' title='bbox 1706 2080 2059 2138; x_wconf 55' lang='lat' dir='ltr'><strong>decantatum‘</strong></span> <span class='ocrx_word' id='word_1_547' title='bbox 2079 2084 2204 2152; x_wconf 90' lang='lat' dir='ltr'><strong>iret,</strong></span> <span class='ocrx_word' id='word_1_548' title='bbox 2232 2094 2291 2139; x_wconf 92' lang='lat' dir='ltr'><strong>ut</strong></span> <span class='ocrx_word' id='word_1_549' title='bbox 2319 2101 2505 2141; x_wconf 90' lang='lat' dir='ltr'><strong>eorum</strong></span> <span class='ocrx_word' id='word_1_550' title='bbox 2536 2088 2918 2145; x_wconf 87' lang='lat' dir='ltr'><strong>recordatione</strong></span> <span class='ocrx_word' id='word_1_551' title='bbox 2965 2090 3166 2145; x_wconf 92' lang='lat' dir='ltr'><strong>recenti</strong></span> <span class='ocrx_word' id='word_1_552' title='bbox 3212 2106 3295 2145; x_wconf 81' lang='lat' dir='ltr'><strong>se-</strong></span> 
     </span>
    </p>
   </div>
   <div class='ocr_carea' id='block_1_81' title="bbox 1705 2175 3291 2246">
    <p class='ocr_par' dir='ltr' id='par_1_81' title="bbox 1705 2175 3291 2246">
     <span class='ocr_line' id='line_1_81' title="bbox 1705 2175 3291 2246; baseline 0.006 -19"><span class='ocrx_word' id='word_1_553' title='bbox 1705 2175 1994 2246; x_wconf 87' lang='lat' dir='ltr'><strong>metipsum</strong></span> <span class='ocrx_word' id='word_1_554' title='bbox 2020 2177 2200 2234; x_wconf 88' lang='lat' dir='ltr'><strong>aerius</strong></span> <span class='ocrx_word' id='word_1_555' title='bbox 2225 2178 2367 2235; x_wconf 88' lang='lat' dir='ltr'><strong>inter</strong></span> <span class='ocrx_word' id='word_1_556' title='bbox 2387 2179 2606 2235; x_wconf 90' lang='lat' dir='ltr'><strong>missam</strong></span> <span class='ocrx_word' id='word_1_557' title='bbox 2628 2180 2918 2237; x_wconf 87' lang='lat' dir='ltr'><strong>cruciaret.</strong></span> <span class='ocrx_word' id='word_1_558' title='bbox 2949 2180 3081 2237; x_wconf 87' lang='lat' dir='ltr'><strong>Cum</strong></span> <span class='ocrx_word' id='word_1_559' title='bbox 3110 2190 3291 2237; x_wconf 83' lang='lat' dir='ltr'><strong>autem</strong></span> 
     </span>
    </p>
   </div>
   <div class='ocr_carea' id='block_1_82' title="bbox 1705 2269 3292 2341">
    <p class='ocr_par' dir='ltr' id='par_1_82' title="bbox 1705 2269 3292 2341">
     <span class='ocr_line' id='line_1_82' title="bbox 1705 2269 3292 2341; baseline 0.004 -22"><span class='ocrx_word' id='word_1_560' title='bbox 1705 2274 1855 2320; x_wconf 88' lang='lat' dir='ltr'><strong>tanta</strong></span> <span class='ocrx_word' id='word_1_561' title='bbox 1906 2281 2036 2322; x_wconf 89' lang='lat' dir='ltr'><strong>cura</strong></span> <span class='ocrx_word' id='word_1_562' title='bbox 2067 2276 2213 2325; x_wconf 89' lang='lat' dir='ltr'><strong>esset</strong></span> <span class='ocrx_word' id='word_1_563' title='bbox 2262 2269 2338 2325; x_wconf 92' lang='lat' dir='ltr'><strong>illi</strong></span> <span class='ocrx_word' id='word_1_564' title='bbox 2396 2269 2448 2325; x_wconf 90' lang='lat' dir='ltr'><strong>in</strong></span> <span class='ocrx_word' id='word_1_565' title='bbox 2494 2284 2795 2341; x_wconf 90' lang='lat' dir='ltr'><strong>pauperum</strong></span> <span class='ocrx_word' id='word_1_566' title='bbox 2825 2270 3010 2327; x_wconf 87' lang='lat' dir='ltr'><strong>sedula</strong></span> <span class='ocrx_word' id='word_1_567' title='bbox 3059 2272 3292 2327; x_wconf 80' lang='lat' dir='ltr'><strong>admini-</strong></span> 
     </span>
    </p>
   </div>
   <div class='ocr_carea' id='block_1_83' title="bbox 1703 2356 3291 2431">
    <p class='ocr_par' dir='ltr' id='par_1_83' title="bbox 1703 2356 3291 2431">
     <span class='ocr_line' id='line_1_83' title="bbox 1703 2356 3291 2431; baseline 0.001 -19"><span class='ocrx_word' id='word_1_568' title='bbox 1703 2356 1998 2423; x_wconf 88' lang='lat' dir='ltr'><strong>stratione,</strong></span> <span class='ocrx_word' id='word_1_569' title='bbox 2057 2369 2151 2413; x_wconf 88' lang='lat' dir='ltr'><strong>aut</strong></span> <span class='ocrx_word' id='word_1_570' title='bbox 2216 2359 2662 2429; x_wconf 90' lang='lat' dir='ltr'><strong>impedimentum</strong></span> <span class='ocrx_word' id='word_1_571' title='bbox 2716 2360 2768 2414; x_wconf 92' lang='lat' dir='ltr'><strong>in</strong></span> <span class='ocrx_word' id='word_1_572' title='bbox 2824 2363 3291 2431; x_wconf 89' lang='lat' dir='ltr'><strong>procuraudarum</strong></span> 
     </span>
    </p>
   </div>
   <div class='ocr_carea' id='block_1_84' title="bbox 1703 2450 3293 2515">
    <p class='ocr_par' dir='ltr' id='par_1_84' title="bbox 1703 2450 3293 2515">
     <span class='ocr_line' id='line_1_84' title="bbox 1703 2450 3293 2515; baseline 0.003 -12"><span class='ocrx_word' id='word_1_573' title='bbox 1703 2464 1883 2504; x_wconf 87' lang='lat' dir='ltr'><strong>rerum</strong></span> <span class='ocrx_word' id='word_1_574' title='bbox 1912 2450 2285 2515; x_wconf 82' lang='lat' dir='ltr'><strong>exsecutione,</strong></span> <span class='ocrx_word' id='word_1_575' title='bbox 2332 2453 2445 2506; x_wconf 89' lang='lat' dir='ltr'><strong>sive</strong></span> <span class='ocrx_word' id='word_1_576' title='bbox 2478 2451 2626 2509; x_wconf 91' lang='lat' dir='ltr'><strong>locus</strong></span> <span class='ocrx_word' id='word_1_577' title='bbox 2656 2453 2869 2508; x_wconf 88' lang='lat' dir='ltr'><strong>deesset</strong></span> <span class='ocrx_word' id='word_1_578' title='bbox 2896 2453 2985 2507; x_wconf 92' lang='lat' dir='ltr'><strong>ubi</strong></span> <span class='ocrx_word' id='word_1_579' title='bbox 3019 2453 3087 2507; x_wconf 89' lang='lat' dir='ltr'><strong>ab</strong></span> <span class='ocrx_word' id='word_1_580' title='bbox 3118 2454 3293 2508; x_wconf 73' lang='lat' dir='ltr'><strong>homi-</strong></span> 
     </span>
    </p>
   </div>
   <div class='ocr_carea' id='block_1_85' title="bbox 1703 2528 3287 2613">
    <p class='ocr_par' dir='ltr' id='par_1_85' title="bbox 1703 2528 3287 2613">
     <span class='ocr_line' id='line_1_85' title="bbox 1703 2528 3287 2613; baseline 0.004 -22"><span class='ocrx_word' id='word_1_581' title='bbox 1703 2528 1834 2592; x_wconf 86' lang='lat' dir='ltr'><strong>num</strong></span> <span class='ocrx_word' id='word_1_582' title='bbox 1862 2540 2241 2610; x_wconf 90' lang='lat' dir='ltr'><strong>conspectibus</strong></span> <span class='ocrx_word' id='word_1_583' title='bbox 2262 2550 2576 2612; x_wconf 85' lang='lat' dir='ltr'><strong>segregatus</strong></span> <span class='ocrx_word' id='word_1_584' title='bbox 2594 2540 2934 2598; x_wconf 89' lang='lat' dir='ltr'><strong>orationibus</strong></span> <span class='ocrx_word' id='word_1_585' title='bbox 2951 2554 3006 2597; x_wconf 88' lang='lat' dir='ltr'><strong>et</strong></span> <span class='ocrx_word' id='word_1_586' title='bbox 3031 2542 3287 2613; x_wconf 87' lang='lat' dir='ltr'><strong>lacrymis</strong></span> 
     </span>
    </p>
   </div>
   <div class='ocr_carea' id='block_1_86' title="bbox 1702 2630 3292 2705">
    <p class='ocr_par' dir='ltr' id='par_1_86' title="bbox 1702 2630 3292 2705">
     <span class='ocr_line' id='line_1_86' title="bbox 1702 2630 3292 2705; baseline 0.004 -22"><span class='ocrx_word' id='word_1_587' title='bbox 1702 2630 1756 2684; x_wconf 90' lang='lat' dir='ltr'><strong>in</strong></span> <span class='ocrx_word' id='word_1_588' title='bbox 1794 2631 2082 2700; x_wconf 70' lang='lat' dir='ltr'><strong>prtesentia</strong></span> <span class='ocrx_word' id='word_1_589' title='bbox 2112 2631 2207 2687; x_wconf 92' lang='lat' dir='ltr'><strong>Dei</strong></span> <span class='ocrx_word' id='word_1_590' title='bbox 2240 2648 2391 2687; x_wconf 91' lang='lat' dir='ltr'><strong>more</strong></span> <span class='ocrx_word' id='word_1_591' title='bbox 2415 2632 2575 2687; x_wconf 89' lang='lat' dir='ltr'><strong>solito</strong></span> <span class='ocrx_word' id='word_1_592' title='bbox 2621 2633 2860 2703; x_wconf 91' lang='lat' dir='ltr'><strong>seipsum</strong></span> <span class='ocrx_word' id='word_1_593' title='bbox 2904 2643 3143 2689; x_wconf 89' lang='lat' dir='ltr'><strong>mactare</strong></span> <span class='ocrx_word' id='word_1_594' title='bbox 3165 2649 3292 2705; x_wconf 92' lang='lat' dir='ltr'><strong>pos-</strong></span> 
     </span>
    </p>
   </div>
   <div class='ocr_carea' id='block_1_87' title="bbox 1700 2724 3290 2794">
    <p class='ocr_par' dir='ltr' id='par_1_87' title="bbox 1700 2724 3290 2794">
     <span class='ocr_line' id='line_1_87' title="bbox 1700 2724 3290 2794; baseline 0.006 -21"><span class='ocrx_word' id='word_1_595' title='bbox 1700 2729 1825 2786; x_wconf 90' lang='lat' dir='ltr'><strong>set,</strong></span> <span class='ocrx_word' id='word_1_596' title='bbox 1866 2732 2089 2791; x_wconf 88' lang='lat' dir='ltr'><strong>accepta</strong></span> <span class='ocrx_word' id='word_1_597' title='bbox 2136 2732 2300 2778; x_wconf 89' lang='lat' dir='ltr'><strong>noctu</strong></span> <span class='ocrx_word' id='word_1_598' title='bbox 2363 2724 2619 2790; x_wconf 88' lang='lat' dir='ltr'><strong>candela,</strong></span> <span class='ocrx_word' id='word_1_599' title='bbox 2674 2724 2825 2794; x_wconf 89' lang='lat' dir='ltr'><strong>quasi</strong></span> <span class='ocrx_word' id='word_1_600' title='bbox 2882 2727 2949 2781; x_wconf 89' lang='lat' dir='ltr'><strong>ad</strong></span> <span class='ocrx_word' id='word_1_601' title='bbox 2998 2726 3290 2782; x_wconf 88' lang='lat' dir='ltr'><strong>videndum</strong></span> 
     </span>
    </p>
   </div>
   <div class='ocr_carea' id='block_1_88' title="bbox 1699 2813 3289 2885">
    <p class='ocr_par' dir='ltr' id='par_1_88' title="bbox 1699 2813 3289 2885">
     <span class='ocr_line' id='line_1_88' title="bbox 1699 2813 3289 2885; baseline 0.004 -22"><span class='ocrx_word' id='word_1_602' title='bbox 1699 2824 1869 2882; x_wconf 86' lang='lat' dir='ltr'><strong>equos</strong></span> <span class='ocrx_word' id='word_1_603' title='bbox 1897 2826 2024 2867; x_wconf 91' lang='lat' dir='ltr'><strong>suos</strong></span> <span class='ocrx_word' id='word_1_604' title='bbox 2050 2820 2230 2867; x_wconf 93' lang='lat' dir='ltr'><strong>utrum</strong></span> <span class='ocrx_word' id='word_1_605' title='bbox 2258 2813 2395 2868; x_wconf 89' lang='lat' dir='ltr'><strong>bene</strong></span> <span class='ocrx_word' id='word_1_606' title='bbox 2424 2813 2699 2884; x_wconf 89' lang='lat' dir='ltr'><strong>procurati</strong></span> <span class='ocrx_word' id='word_1_607' title='bbox 2724 2823 2907 2869; x_wconf 85' lang='lat' dir='ltr'><strong>essent</strong></span> <span class='ocrx_word' id='word_1_608' title='bbox 2928 2815 3289 2885; x_wconf 84' lang='lat' dir='ltr'><strong>procedebat;</strong></span> 
     </span>
    </p>
   </div>
   <div class='ocr_carea' id='block_1_89' title="bbox 1699 2904 3293 2974">
    <p class='ocr_par' dir='ltr' id='par_1_89' title="bbox 1699 2904 3293 2974">
     <span class='ocr_line' id='line_1_89' title="bbox 1699 2904 3293 2974; baseline 0.002 -17"><span class='ocrx_word' id='word_1_609' title='bbox 1699 2913 1754 2957; x_wconf 92' lang='lat' dir='ltr'><strong>et</strong></span> <span class='ocrx_word' id='word_1_610' title='bbox 1779 2918 1944 2973; x_wconf 91' lang='lat' dir='ltr'><strong>super</strong></span> <span class='ocrx_word' id='word_1_611' title='bbox 1972 2917 2215 2973; x_wconf 63' lang='lat' dir='ltr'><strong>praesepe</strong></span> <span class='ocrx_word' id='word_1_612' title='bbox 2245 2918 2433 2958; x_wconf 91' lang='lat' dir='ltr'><strong>eorum</strong></span> <span class='ocrx_word' id='word_1_613' title='bbox 2477 2904 2743 2970; x_wconf 90' lang='lat' dir='ltr'><strong>residens,</strong></span> <span class='ocrx_word' id='word_1_614' title='bbox 2776 2914 2872 2959; x_wconf 90' lang='lat' dir='ltr'><strong>aut</strong></span> <span class='ocrx_word' id='word_1_615' title='bbox 2900 2905 2951 2959; x_wconf 91' lang='lat' dir='ltr'><strong>iu</strong></span> <span class='ocrx_word' id='word_1_616' title='bbox 2986 2904 3168 2974; x_wconf 90' lang='lat' dir='ltr'><strong>aliquo</strong></span> <span class='ocrx_word' id='word_1_617' title='bbox 3194 2922 3293 2960; x_wconf 87' lang='lat' dir='ltr'><strong>an-</strong></span> 
     </span>
    </p>
   </div>
   <div class='ocr_carea' id='block_1_90' title="bbox 1698 2992 3292 3065">
    <p class='ocr_par' dir='ltr' id='par_1_90' title="bbox 1698 2992 3292 3065">
     <span class='ocr_line' id='line_1_90' title="bbox 1698 2992 3292 3065; baseline -0.001 -18"><span class='ocrx_word' id='word_1_618' title='bbox 1698 2994 1824 3065; x_wconf 87' lang='lat' dir='ltr'><strong>gulo</strong></span> <span class='ocrx_word' id='word_1_619' title='bbox 1840 3008 1963 3049; x_wconf 89' lang='lat' dir='ltr'><strong>sese</strong></span> <span class='ocrx_word' id='word_1_620' title='bbox 1987 2994 2286 3057; x_wconf 83' lang='lat' dir='ltr'><strong>occultans,</strong></span> <span class='ocrx_word' id='word_1_621' title='bbox 2311 2995 2452 3063; x_wconf 89' lang='lat' dir='ltr'><strong>quod</strong></span> <span class='ocrx_word' id='word_1_622' title='bbox 2477 2994 2530 3048; x_wconf 94' lang='lat' dir='ltr'><strong>in</strong></span> <span class='ocrx_word' id='word_1_623' title='bbox 2559 2992 2752 3048; x_wconf 91' lang='lat' dir='ltr'><strong>diurna</strong></span> <span class='ocrx_word' id='word_1_624' title='bbox 2783 2994 2901 3049; x_wconf 89' lang='lat' dir='ltr'><strong>luce</strong></span> <span class='ocrx_word' id='word_1_625' title='bbox 2923 3003 3050 3049; x_wconf 89' lang='lat' dir='ltr'><strong>ante</strong></span> <span class='ocrx_word' id='word_1_626' title='bbox 3070 2995 3292 3049; x_wconf 83' lang='lat' dir='ltr'><strong>intuen-</strong></span> 
     </span>
    </p>
   </div>
   <div class='ocr_carea' id='block_1_91' title="bbox 1702 3085 3305 3157">
    <p class='ocr_par' dir='ltr' id='par_1_91' title="bbox 1702 3085 3305 3157">
     <span class='ocr_line' id='line_1_91' title="bbox 1702 3085 3305 3157; baseline 0 -16"><span class='ocrx_word' id='word_1_627' title='bbox 1702 3089 1833 3143; x_wconf 91' lang='lat' dir='ltr'><strong>tium</strong></span> <span class='ocrx_word' id='word_1_628' title='bbox 1869 3087 2053 3144; x_wconf 91' lang='lat' dir='ltr'><strong>oculos</strong></span> <span class='ocrx_word' id='word_1_629' title='bbox 2082 3102 2185 3140; x_wconf 90' lang='lat' dir='ltr'><strong>non</strong></span> <span class='ocrx_word' id='word_1_630' title='bbox 2212 3094 2424 3157; x_wconf 90' lang='lat' dir='ltr'><strong>poterat</strong></span> <span class='ocrx_word' id='word_1_631' title='bbox 2458 3095 2554 3140; x_wconf 89' lang='lat' dir='ltr'><strong>aut</strong></span> <span class='ocrx_word' id='word_1_632' title='bbox 2574 3085 2811 3151; x_wconf 88' lang='lat' dir='ltr'><strong>uolebat,</strong></span> <span class='ocrx_word' id='word_1_633' title='bbox 2838 3094 2990 3140; x_wconf 81' lang='lat' dir='ltr'><strong>tanto</strong></span> <span class='ocrx_word' id='word_1_634' title='bbox 3011 3087 3305 3141; x_wconf 82' lang='lat' dir='ltr'><strong>ardentius</strong></span> 
     </span>
    </p>
   </div>
   <div class='ocr_carea' id='block_1_92' title="bbox 1696 3174 3291 3247">
    <p class='ocr_par' dir='ltr' id='par_1_92' title="bbox 1696 3174 3291 3247">
     <span class='ocr_line' id='line_1_92' title="bbox 1696 3174 3291 3247; baseline -0.001 -17"><span class='ocrx_word' id='word_1_635' title='bbox 1696 3186 1902 3247; x_wconf 89' lang='lat' dir='ltr'><strong>quanto</strong></span> <span class='ocrx_word' id='word_1_636' title='bbox 1946 3176 2215 3231; x_wconf 89' lang='lat' dir='ltr'><strong>secretius</strong></span> <span class='ocrx_word' id='word_1_637' title='bbox 2247 3175 2298 3229; x_wconf 92' lang='lat' dir='ltr'><strong>in</strong></span> <span class='ocrx_word' id='word_1_638' title='bbox 2329 3174 2466 3230; x_wconf 76' lang='lat' dir='ltr'><strong>etelo</strong></span> <span class='ocrx_word' id='word_1_639' title='bbox 2498 3175 2793 3244; x_wconf 84' lang='lat' dir='ltr'><strong>reponebat</strong></span> <span class='ocrx_word' id='word_1_640' title='bbox 2833 3174 3057 3229; x_wconf 90' lang='lat' dir='ltr'><strong>sudores</strong></span> <span class='ocrx_word' id='word_1_641' title='bbox 3100 3174 3181 3229; x_wconf 93' lang='lat' dir='ltr'><strong>sui</strong></span> <span class='ocrx_word' id='word_1_642' title='bbox 3213 3175 3291 3229; x_wconf 86' lang='lat' dir='ltr'><strong>la-</strong></span> 
     </span>
    </p>
   </div>
   <div class='ocr_carea' id='block_1_93' title="bbox 1694 3264 3290 3338">
    <p class='ocr_par' dir='ltr' id='par_1_93' title="bbox 1694 3264 3290 3338">
     <span class='ocr_line' id='line_1_93' title="bbox 1694 3264 3290 3338; baseline -0.005 -15"><span class='ocrx_word' id='word_1_643' title='bbox 1694 3267 1864 3335; x_wconf 89' lang='lat' dir='ltr'><strong>boris,</strong></span> <span class='ocrx_word' id='word_1_644' title='bbox 1893 3265 2201 3323; x_wconf 88' lang='lat' dir='ltr'><strong>orationum</strong></span> <span class='ocrx_word' id='word_1_645' title='bbox 2237 3266 2562 3338; x_wconf 83' lang='lat' dir='ltr'><strong>singultibus</strong></span> <span class='ocrx_word' id='word_1_646' title='bbox 2599 3274 2654 3320; x_wconf 89' lang='lat' dir='ltr'><strong>et</strong></span> <span class='ocrx_word' id='word_1_647' title='bbox 2677 3264 3002 3321; x_wconf 66' lang='lat' dir='ltr'><strong>dulcissimae</strong></span> <span class='ocrx_word' id='word_1_648' title='bbox 3030 3282 3290 3335; x_wconf 82' lang='lat' dir='ltr'><strong>compun.</strong></span> 
     </span>
    </p>
   </div>
   <div class='ocr_carea' id='block_1_94' title="bbox 1697 3357 2467 3427">
    <p class='ocr_par' dir='ltr' id='par_1_94' title="bbox 1697 3357 2467 3427">
     <span class='ocr_line' id='line_1_94' title="bbox 1697 3357 2467 3427; baseline -0.003 -15"><span class='ocrx_word' id='word_1_649' title='bbox 1697 3359 1863 3413; x_wconf 88' lang='lat' dir='ltr'><strong>tionis</strong></span> <span class='ocrx_word' id='word_1_650' title='bbox 1893 3358 2161 3413; x_wconf 86' lang='lat' dir='ltr'><strong>imbribus</strong></span> <span class='ocrx_word' id='word_1_651' title='bbox 2191 3357 2467 3427; x_wconf 86' lang='lat' dir='ltr'><strong>irrigatos.</strong></span> 
     </span>
    </p>
   </div>
   <div class='ocr_carea' id='block_1_95' title="bbox 1768 3448 3278 3521">
    <p class='ocr_par' dir='ltr' id='par_1_95' title="bbox 1768 3448 3278 3521">
     <span class='ocr_line' id='line_1_95' title="bbox 1768 3448 3278 3521; baseline -0.001 -16"><span class='ocrx_word' id='word_1_652' title='bbox 1768 3450 1880 3505; x_wconf 89' lang='lat' dir='ltr'><strong>lloc</strong></span> <span class='ocrx_word' id='word_1_653' title='bbox 1916 3451 1969 3505; x_wconf 90' lang='lat' dir='ltr'><strong>in</strong></span> <span class='ocrx_word' id='word_1_654' title='bbox 2017 3458 2261 3520; x_wconf 90' lang='lat' dir='ltr'><strong>tempore</strong></span> <span class='ocrx_word' id='word_1_655' title='bbox 2310 3449 2545 3519; x_wconf 91' lang='lat' dir='ltr'><strong>peccatis</strong></span> <span class='ocrx_word' id='word_1_656' title='bbox 2593 3448 2935 3520; x_wconf 80' lang='lat' dir='ltr'><strong>exigentibus</strong></span> <span class='ocrx_word' id='word_1_657' title='bbox 2962 3449 3193 3521; x_wconf 87' lang='lat' dir='ltr'><strong>contigit</strong></span> <span class='ocrx_word' id='word_1_658' title='bbox 3225 3448 3278 3504; x_wconf 90' lang='lat' dir='ltr'><strong>in</strong></span> 
     </span>
    </p>
   </div>
   <div class='ocr_carea' id='block_1_96' title="bbox 1694 3540 3288 3611">
    <p class='ocr_par' dir='ltr' id='par_1_96' title="bbox 1694 3540 3288 3611">
     <span class='ocr_line' id='line_1_96' title="bbox 1694 3540 3288 3611; baseline 0 -15"><span class='ocrx_word' id='word_1_659' title='bbox 1694 3542 1921 3597; x_wconf 90' lang='lat' dir='ltr'><strong>ecclesia</strong></span> <span class='ocrx_word' id='word_1_660' title='bbox 1972 3541 2175 3597; x_wconf 90' lang='lat' dir='ltr'><strong>Christi</strong></span> <span class='ocrx_word' id='word_1_661' title='bbox 2231 3540 2539 3596; x_wconf 67' lang='lat' dir='ltr'><strong>Cautuariaa</strong></span> <span class='ocrx_word' id='word_1_662' title='bbox 2588 3541 2875 3611; x_wconf 90' lang='lat' dir='ltr'><strong>quemdam</strong></span> <span class='ocrx_word' id='word_1_663' title='bbox 2933 3557 2963 3595; x_wconf 91' lang='lat' dir='ltr'><strong>e</strong></span> <span class='ocrx_word' id='word_1_664' title='bbox 3026 3541 3288 3596; x_wconf 88' lang='lat' dir='ltr'><strong>fratribus</strong></span> 
     </span>
    </p>
   </div>
   <div class='ocr_carea' id='block_1_97' title="bbox 1695 3631 3287 3701">
    <p class='ocr_par' dir='ltr' id='par_1_97' title="bbox 1695 3631 3287 3701">
     <span class='ocr_line' id='line_1_97' title="bbox 1695 3631 3287 3701; baseline -0.001 -14"><span class='ocrx_word' id='word_1_665' title='bbox 1695 3640 1876 3687; x_wconf 90' lang='lat' dir='ltr'><strong>mente</strong></span> <span class='ocrx_word' id='word_1_666' title='bbox 1904 3632 2187 3697; x_wconf 87' lang='lat' dir='ltr'><strong>excidere;</strong></span> <span class='ocrx_word' id='word_1_667' title='bbox 2219 3640 2273 3687; x_wconf 90' lang='lat' dir='ltr'><strong>et</strong></span> <span class='ocrx_word' id='word_1_668' title='bbox 2306 3646 2561 3701; x_wconf 88' lang='lat' dir='ltr'><strong>perverso</strong></span> <span class='ocrx_word' id='word_1_669' title='bbox 2594 3631 2788 3700; x_wconf 85' lang='lat' dir='ltr'><strong>spiritu</strong></span> <span class='ocrx_word' id='word_1_670' title='bbox 2823 3631 3043 3700; x_wconf 90' lang='lat' dir='ltr'><strong>plenus,</strong></span> <span class='ocrx_word' id='word_1_671' title='bbox 3090 3649 3119 3687; x_wconf 89' lang='lat' dir='ltr'><strong>a</strong></span> <span class='ocrx_word' id='word_1_672' title='bbox 3158 3648 3287 3688; x_wconf 87' lang='lat' dir='ltr'><strong>seu-</strong></span> 
     </span>
    </p>
   </div>
   <div class='ocr_carea' id='block_1_98' title="bbox 1694 3721 3285 3780">
    <p class='ocr_par' dir='ltr' id='par_1_98' title="bbox 1694 3721 3285 3780">
     <span class='ocr_line' id='line_1_98' title="bbox 1694 3721 3285 3780; baseline 0.001 -3"><span class='ocrx_word' id='word_1_673' title='bbox 1694 3721 1844 3778; x_wconf 86' lang='lat' dir='ltr'><strong>sibus</strong></span> <span class='ocrx_word' id='word_1_674' title='bbox 1875 3723 2125 3777; x_wconf 89' lang='lat' dir='ltr'><strong>humanis</strong></span> <span class='ocrx_word' id='word_1_675' title='bbox 2158 3723 2209 3776; x_wconf 92' lang='lat' dir='ltr'><strong>in</strong></span> <span class='ocrx_word' id='word_1_676' title='bbox 2238 3724 2418 3776; x_wconf 88' lang='lat' dir='ltr'><strong>verbis</strong></span> <span class='ocrx_word' id='word_1_677' title='bbox 2456 3731 2510 3777; x_wconf 88' lang='lat' dir='ltr'><strong>et</strong></span> <span class='ocrx_word' id='word_1_678' title='bbox 2557 3722 2714 3777; x_wconf 81' lang='lat' dir='ltr'><strong>factis</strong></span> <span class='ocrx_word' id='word_1_679' title='bbox 2743 3722 2952 3778; x_wconf 89' lang='lat' dir='ltr'><strong>alienus</strong></span> <span class='ocrx_word' id='word_1_680' title='bbox 2977 3724 3154 3779; x_wconf 89' lang='lat' dir='ltr'><strong>factus</strong></span> <span class='ocrx_word' id='word_1_681' title='bbox 3179 3734 3285 3780; x_wconf 90' lang='lat' dir='ltr'><strong>est.</strong></span> 
     </span>
    </p>
   </div>
   <div class='ocr_carea' id='block_1_99' title="bbox 1692 3813 3284 3884">
    <p class='ocr_par' dir='ltr' id='par_1_99' title="bbox 1692 3813 3284 3884">
     <span class='ocr_line' id='line_1_99' title="bbox 1692 3813 3284 3884; baseline 0.001 -16"><span class='ocrx_word' id='word_1_682' title='bbox 1692 3813 1958 3884; x_wconf 88' lang='lat' dir='ltr'><strong>Cumque,</strong></span> <span class='ocrx_word' id='word_1_683' title='bbox 1988 3813 2218 3867; x_wconf 89' lang='lat' dir='ltr'><strong>vinculis</strong></span> <span class='ocrx_word' id='word_1_684' title='bbox 2243 3814 2517 3879; x_wconf 71' lang='lat' dir='ltr'><strong>astrictus,</strong></span> <span class='ocrx_word' id='word_1_685' title='bbox 2550 3813 2801 3868; x_wconf 87' lang='lat' dir='ltr'><strong>dentibus</strong></span> <span class='ocrx_word' id='word_1_686' title='bbox 2834 3814 3092 3869; x_wconf 89' lang='lat' dir='ltr'><strong>strideret</strong></span> <span class='ocrx_word' id='word_1_687' title='bbox 3128 3824 3183 3870; x_wconf 92' lang='lat' dir='ltr'><strong>et</strong></span> <span class='ocrx_word' id='word_1_688' title='bbox 3230 3817 3284 3870; x_wconf 93' lang='lat' dir='ltr'><strong>in</strong></span> 
     </span>
    </p>
   </div>
   <div class='ocr_carea' id='block_1_100' title="bbox 1634 3893 3283 3973">
    <p class='ocr_par' dir='ltr' id='par_1_100' title="bbox 1634 3893 3283 3973">
     <span class='ocr_line' id='line_1_100' title="bbox 1634 3893 3283 3973; baseline -0.001 -11"><span class='ocrx_word' id='word_1_689' title='bbox 1634 3893 1668 3967; x_wconf 73' lang='grc'><strong>,’</strong></span> <span class='ocrx_word' id='word_1_690' title='bbox 1692 3907 1878 3962; x_wconf 88' lang='lat' dir='ltr'><strong>multis</strong></span> <span class='ocrx_word' id='word_1_691' title='bbox 1907 3912 1965 3962; x_wconf 86' lang='lat' dir='ltr'><strong>se</strong></span> <span class='ocrx_word' id='word_1_692' title='bbox 1990 3906 2294 3961; x_wconf 88' lang='lat' dir='ltr'><strong>inordinate</strong></span> <span class='ocrx_word' id='word_1_693' title='bbox 2328 3907 2584 3973; x_wconf 87' lang='lat' dir='ltr'><strong>haberet,</strong></span> <span class='ocrx_word' id='word_1_694' title='bbox 2613 3906 2896 3961; x_wconf 86' lang='lat' dir='ltr'><strong>dicebatur</strong></span> <span class='ocrx_word' id='word_1_695' title='bbox 2924 3906 2998 3961; x_wconf 91' lang='lat' dir='ltr'><strong>illi</strong></span> <span class='ocrx_word' id='word_1_696' title='bbox 3033 3923 3061 3959; x_wconf 91' lang='lat' dir='ltr'><strong>a</strong></span> <span class='ocrx_word' id='word_1_697' title='bbox 3098 3908 3283 3961; x_wconf 80' lang='lat' dir='ltr'><strong>fratri-</strong></span> 
     </span>
    </p>
   </div>
   <div class='ocr_carea' id='block_1_101' title="bbox 1692 4003 3281 4073">
    <p class='ocr_par' dir='ltr' id='par_1_101' title="bbox 1692 4003 3281 4073">
     <span class='ocr_line' id='line_1_101' title="bbox 1692 4003 3281 4073; baseline -0.002 -13"><span class='ocrx_word' id='word_1_698' title='bbox 1692 4004 1794 4060; x_wconf 87' lang='lat' dir='ltr'><strong>bus</strong></span> <span class='ocrx_word' id='word_1_699' title='bbox 1826 4024 1837 4058; x_wconf 88' lang='lat'>:</span> <span class='ocrx_word' id='word_1_700' title='bbox 1867 4004 2022 4071; x_wconf 86' lang='lat' dir='ltr'><strong>Tace,</strong></span> <span class='ocrx_word' id='word_1_701' title='bbox 2054 4005 2230 4072; x_wconf 84' lang='lat' dir='ltr'><strong>miser,</strong></span> <span class='ocrx_word' id='word_1_702' title='bbox 2256 4014 2303 4057; x_wconf 88' lang='lat' dir='ltr'><strong>et</strong></span> <span class='ocrx_word' id='word_1_703' title='bbox 2322 4004 2385 4057; x_wconf 88' lang='lat' dir='ltr'><strong>ab</strong></span> <span class='ocrx_word' id='word_1_704' title='bbox 2416 4004 2627 4057; x_wconf 88' lang='lat' dir='ltr'><strong>insania</strong></span> <span class='ocrx_word' id='word_1_705' title='bbox 2652 4013 2741 4056; x_wconf 88' lang='lat' dir='ltr'><strong>tua</strong></span> <span class='ocrx_word' id='word_1_706' title='bbox 2770 4004 2993 4073; x_wconf 84' lang='lat' dir='ltr'><strong>quiesce.</strong></span> <span class='ocrx_word' id='word_1_707' title='bbox 3017 4003 3080 4057; x_wconf 87' lang='lat' dir='ltr'><strong>Et</strong></span> <span class='ocrx_word' id='word_1_708' title='bbox 3111 4004 3155 4057; x_wconf 88' lang='lat' dir='ltr'><strong>si</strong></span> <span class='ocrx_word' id='word_1_709' title='bbox 3180 4020 3281 4057; x_wconf 81' lang='lat' dir='ltr'><strong>non</strong></span> 
     </span>
    </p>
   </div>
   <div class='ocr_carea' id='block_1_102' title="bbox 1692 4092 3281 4166">
    <p class='ocr_par' dir='ltr' id='par_1_102' title="bbox 1692 4092 3281 4166">
     <span class='ocr_line' id='line_1_102' title="bbox 1692 4092 3281 4166; baseline -0.002 -16"><span class='ocrx_word' id='word_1_710' title='bbox 1692 4098 1767 4150; x_wconf 64' lang='lat' dir='ltr'><strong>vis</strong></span> <span class='ocrx_word' id='word_1_711' title='bbox 1813 4108 2024 4166; x_wconf 80' lang='lat' dir='ltr'><strong>propter</strong></span> <span class='ocrx_word' id='word_1_712' title='bbox 2072 4113 2200 4161; x_wconf 86' lang='lat' dir='ltr'><strong>nos,</strong></span> <span class='ocrx_word' id='word_1_713' title='bbox 2250 4095 2495 4149; x_wconf 87' lang='lat' dir='ltr'><strong>dominus</strong></span> <span class='ocrx_word' id='word_1_714' title='bbox 2541 4092 2845 4163; x_wconf 79' lang='lat' dir='ltr'><strong>Gundulfus</strong></span> <span class='ocrx_word' id='word_1_715' title='bbox 2875 4094 2985 4162; x_wconf 80' lang='lat' dir='ltr'><strong>iam</strong></span> <span class='ocrx_word' id='word_1_716' title='bbox 3014 4095 3204 4159; x_wconf 87' lang='lat' dir='ltr'><strong>veniet,</strong></span> <span class='ocrx_word' id='word_1_717' title='bbox 3233 4104 3281 4148; x_wconf 84' lang='lat' dir='ltr'><strong>ct</strong></span> 
     </span>
    </p>
   </div>
   <div class='ocr_carea' id='block_1_103' title="bbox 1691 4186 3279 4257">
    <p class='ocr_par' dir='ltr' id='par_1_103' title="bbox 1691 4186 3279 4257">
     <span class='ocr_line' id='line_1_103' title="bbox 1691 4186 3279 4257; baseline 0.001 -17"><span class='ocrx_word' id='word_1_718' title='bbox 1691 4189 2060 4242; x_wconf 85' lang='lat' dir='ltr'><strong>immoderatos</strong></span> <span class='ocrx_word' id='word_1_719' title='bbox 2087 4189 2162 4242; x_wconf 91' lang='lat' dir='ltr'><strong>tui</strong></span> <span class='ocrx_word' id='word_1_720' title='bbox 2190 4187 2421 4257; x_wconf 82' lang='lat' dir='ltr'><strong>corporis</strong></span> <span class='ocrx_word' id='word_1_721' title='bbox 2456 4195 2627 4240; x_wconf 87' lang='lat' dir='ltr'><strong>motus</strong></span> <span class='ocrx_word' id='word_1_722' title='bbox 2655 4194 2703 4240; x_wconf 87' lang='lat' dir='ltr'><strong>et</strong></span> <span class='ocrx_word' id='word_1_723' title='bbox 2734 4186 2926 4256; x_wconf 69' lang='lat' dir='ltr'><strong>linguae</strong></span> <span class='ocrx_word' id='word_1_724' title='bbox 2973 4198 3279 4257; x_wconf 74' lang='lat' dir='ltr'><strong>compescet.</strong></span> 
     </span>
    </p>
   </div>
   <div class='ocr_carea' id='block_1_104' title="bbox 1691 4276 3280 4349">
    <p class='ocr_par' dir='ltr' id='par_1_104' title="bbox 1691 4276 3280 4349">
     <span class='ocr_line' id='line_1_104' title="bbox 1691 4276 3280 4349; baseline -0.001 -16"><span class='ocrx_word' id='word_1_725' title='bbox 1691 4280 1790 4336; x_wconf 76' lang='lat' dir='ltr'><strong>Ast</strong></span> <span class='ocrx_word' id='word_1_726' title='bbox 1819 4280 1951 4336; x_wconf 90' lang='lat' dir='ltr'><strong>ille:</strong></span> <span class='ocrx_word' id='word_1_727' title='bbox 1995 4278 2188 4343; x_wconf 83' lang='lat' dir='ltr'><strong>Estne,</strong></span> <span class='ocrx_word' id='word_1_728' title='bbox 2224 4278 2429 4348; x_wconf 87' lang='lat' dir='ltr'><strong>inquit,</strong></span> <span class='ocrx_word' id='word_1_729' title='bbox 2460 4277 2549 4331; x_wconf 80' lang='lat' dir='ltr'><strong>ille</strong></span> <span class='ocrx_word' id='word_1_730' title='bbox 2606 4276 2909 4348; x_wconf 66' lang='lat' dir='ltr'><strong>(Inndulfus</strong></span> <span class='ocrx_word' id='word_1_731' title='bbox 2959 4280 3048 4349; x_wconf 85' lang='lat' dir='ltr'><strong>qui</strong></span> <span class='ocrx_word' id='word_1_732' title='bbox 3094 4280 3180 4333; x_wconf 90' lang='lat' dir='ltr'><strong>die</strong></span> <span class='ocrx_word' id='word_1_733' title='bbox 3232 4288 3280 4332; x_wconf 85' lang='lat' dir='ltr'><strong>et</strong></span> 
     </span>
    </p>
   </div>
   <div class='ocr_carea' id='block_1_105' title="bbox 1691 4371 3281 4443">
    <p class='ocr_par' dir='ltr' id='par_1_105' title="bbox 1691 4371 3281 4443">
     <span class='ocr_line' id='line_1_105' title="bbox 1691 4371 3281 4443; baseline 0 -18"><span class='ocrx_word' id='word_1_734' title='bbox 1691 4388 1838 4427; x_wconf 84' lang='lat' dir='ltr'><strong>nocte</strong></span> <span class='ocrx_word' id='word_1_735' title='bbox 1862 4371 2108 4443; x_wconf 84' lang='lat' dir='ltr'><strong>lucrymis</strong></span> <span class='ocrx_word' id='word_1_736' title='bbox 2152 4375 2261 4428; x_wconf 83' lang='lat' dir='ltr'><strong>suis</strong></span> <span class='ocrx_word' id='word_1_737' title='bbox 2293 4383 2339 4428; x_wconf 86' lang='lat' dir='ltr'><strong>et</strong></span> <span class='ocrx_word' id='word_1_738' title='bbox 2367 4373 2663 4427; x_wconf 86' lang='lat' dir='ltr'><strong>orationum</strong></span> <span class='ocrx_word' id='word_1_739' title='bbox 2691 4389 2910 4426; x_wconf 85' lang='lat' dir='ltr'><strong>suarum</strong></span> <span class='ocrx_word' id='word_1_740' title='bbox 2949 4374 3173 4428; x_wconf 85' lang='lat' dir='ltr'><strong>stimulis</strong></span> <span class='ocrx_word' id='word_1_741' title='bbox 3201 4390 3281 4427; x_wconf 82' lang='lat' dir='ltr'><strong>me</strong></span> 
     </span>
    </p>
   </div>
   <div class='ocr_carea' id='block_1_106' title="bbox 1691 4464 3280 4536">
    <p class='ocr_par' dir='ltr' id='par_1_106' title="bbox 1691 4464 3280 4536">
     <span class='ocr_line' id='line_1_106' title="bbox 1691 4464 3280 4536; baseline -0.002 -18"><span class='ocrx_word' id='word_1_742' title='bbox 1691 4466 2010 4519; x_wconf 74' lang='lat' dir='ltr'><strong>exacerbat?</strong></span> <span class='ocrx_word' id='word_1_743' title='bbox 2050 4466 2137 4536; x_wconf 90' lang='lat' dir='ltr'><strong>qui</strong></span> <span class='ocrx_word' id='word_1_744' title='bbox 2167 4468 2220 4519; x_wconf 88' lang='lat' dir='ltr'><strong>in</strong></span> <span class='ocrx_word' id='word_1_745' title='bbox 2249 4465 2526 4519; x_wconf 86' lang='lat' dir='ltr'><strong>missarum</strong></span> <span class='ocrx_word' id='word_1_746' title='bbox 2570 4464 2827 4536; x_wconf 80' lang='lat' dir='ltr'><strong>frequenti</strong></span> <span class='ocrx_word' id='word_1_747' title='bbox 2858 4464 3203 4519; x_wconf 85' lang='lat' dir='ltr'><strong>celebratione</strong></span> <span class='ocrx_word' id='word_1_748' title='bbox 3233 4471 3280 4516; x_wconf 82' lang='lat' dir='ltr'><strong>et</strong></span> 
     </span>
    </p>
   </div>
   <div class='ocr_carea' id='block_1_107' title="bbox 1681 4558 3279 4629">
    <p class='ocr_par' dir='ltr' id='par_1_107' title="bbox 1681 4558 3279 4629">
     <span class='ocr_line' id='line_1_107' title="bbox 1681 4558 3279 4629; baseline -0.003 -17"><span class='ocrx_word' id='word_1_749' title='bbox 1681 4558 1905 4629; x_wconf 83' lang='lat' dir='ltr'><strong>jejuniis</strong></span> <span class='ocrx_word' id='word_1_750' title='bbox 1933 4569 1978 4613; x_wconf 90' lang='lat' dir='ltr'><strong>et</strong></span> <span class='ocrx_word' id='word_1_751' title='bbox 2006 4562 2173 4613; x_wconf 85' lang='lat' dir='ltr'><strong>multa</strong></span> <span class='ocrx_word' id='word_1_752' title='bbox 2204 4559 2379 4613; x_wconf 87' lang='lat' dir='ltr'><strong>carnis</strong></span> <span class='ocrx_word' id='word_1_753' title='bbox 2418 4575 2527 4613; x_wconf 74' lang='lat' dir='ltr'><strong>sua:</strong></span> <span class='ocrx_word' id='word_1_754' title='bbox 2562 4559 2870 4613; x_wconf 88' lang='lat' dir='ltr'><strong>contritione</strong></span> <span class='ocrx_word' id='word_1_755' title='bbox 2910 4574 3098 4625; x_wconf 84' lang='lat' dir='ltr'><strong>corpus</strong></span> <span class='ocrx_word' id='word_1_756' title='bbox 3126 4572 3279 4610; x_wconf 87' lang='lat' dir='ltr'><strong>suum</strong></span> 
     </span>
    </p>
   </div>
   <div class='ocr_carea' id='block_1_108' title="bbox 1691 4648 3276 4721">
    <p class='ocr_par' dir='ltr' id='par_1_108' title="bbox 1691 4648 3276 4721">
     <span class='ocr_line' id='line_1_108' title="bbox 1691 4648 3276 4721; baseline -0.003 -18"><span class='ocrx_word' id='word_1_757' title='bbox 1691 4652 1934 4705; x_wconf 85' lang='lat' dir='ltr'><strong>crucians</strong></span> <span class='ocrx_word' id='word_1_758' title='bbox 1953 4694 1966 4715; x_wconf 97' lang='lat'><strong>,</strong></span> <span class='ocrx_word' id='word_1_759' title='bbox 1994 4652 2233 4721; x_wconf 78' lang='lat' dir='ltr'><strong>operibus</strong></span> <span class='ocrx_word' id='word_1_760' title='bbox 2258 4652 2383 4705; x_wconf 88' lang='lat' dir='ltr'><strong>meis</strong></span> <span class='ocrx_word' id='word_1_761' title='bbox 2408 4660 2459 4704; x_wconf 89' lang='lat' dir='ltr'><strong>et</strong></span> <span class='ocrx_word' id='word_1_762' title='bbox 2490 4648 2744 4704; x_wconf 84' lang='lat' dir='ltr'><strong>voluntati</strong></span> <span class='ocrx_word' id='word_1_763' title='bbox 2780 4648 3130 4703; x_wconf 84' lang='lat' dir='ltr'><strong>indesinenter</strong></span> <span class='ocrx_word' id='word_1_764' title='bbox 3150 4663 3276 4699; x_wconf 85' lang='lat' dir='ltr'><strong>con-</strong></span> 
     </span>
    </p>
   </div>
   <div class='ocr_carea' id='block_1_109' title="bbox 1690 4740 3278 4809">
    <p class='ocr_par' dir='ltr' id='par_1_109' title="bbox 1690 4740 3278 4809">
     <span class='ocr_line' id='line_1_109' title="bbox 1690 4740 3278 4809; baseline -0.005 -12"><span class='ocrx_word' id='word_1_765' title='bbox 1690 4746 1888 4798; x_wconf 85' lang='lat' dir='ltr'><strong>trarius</strong></span> <span class='ocrx_word' id='word_1_766' title='bbox 1915 4744 2140 4798; x_wconf 73' lang='lat' dir='ltr'><strong>existet?</strong></span> <span class='ocrx_word' id='word_1_767' title='bbox 2175 4742 2275 4797; x_wconf 84' lang='lat' dir='ltr'><strong>Ille</strong></span> <span class='ocrx_word' id='word_1_768' title='bbox 2316 4760 2395 4796; x_wconf 90' lang='lat' dir='ltr'><strong>me</strong></span> <span class='ocrx_word' id='word_1_769' title='bbox 2423 4742 2783 4809; x_wconf 84' lang='lat' dir='ltr'><strong>persequitur;</strong></span> <span class='ocrx_word' id='word_1_770' title='bbox 2827 4756 2919 4808; x_wconf 83' lang='lat' dir='ltr'><strong>ego</strong></span> <span class='ocrx_word' id='word_1_771' title='bbox 2960 4740 3135 4807; x_wconf 91' lang='lat' dir='ltr'><strong>utique</strong></span> <span class='ocrx_word' id='word_1_772' title='bbox 3164 4753 3278 4805; x_wconf 54' lang='lat' dir='ltr'><strong>per-</strong></span> 
     </span>
    </p>
   </div>
   <div class='ocr_carea' id='block_1_110' title="bbox 1689 4830 3277 4905">
    <p class='ocr_par' dir='ltr' id='par_1_110' title="bbox 1689 4830 3277 4905">
     <span class='ocr_line' id='line_1_110' title="bbox 1689 4830 3277 4905; baseline -0.006 -15"><span class='ocrx_word' id='word_1_773' title='bbox 1689 4852 1879 4905; x_wconf 84' lang='lat' dir='ltr'><strong>sequar</strong></span> <span class='ocrx_word' id='word_1_774' title='bbox 1915 4834 2105 4890; x_wconf 85' lang='lat' dir='ltr'><strong>illum:</strong></span> <span class='ocrx_word' id='word_1_775' title='bbox 2144 4844 2190 4887; x_wconf 85' lang='lat' dir='ltr'><strong>et</strong></span> <span class='ocrx_word' id='word_1_776' title='bbox 2246 4834 2385 4886; x_wconf 87' lang='lat' dir='ltr'><strong>unde</strong></span> <span class='ocrx_word' id='word_1_777' title='bbox 2430 4833 2583 4885; x_wconf 88' lang='lat' dir='ltr'><strong>modo</strong></span> <span class='ocrx_word' id='word_1_778' title='bbox 2620 4831 2898 4900; x_wconf 85' lang='lat' dir='ltr'><strong>gloriatur,</strong></span> <span class='ocrx_word' id='word_1_779' title='bbox 2939 4830 2993 4881; x_wconf 89' lang='lat' dir='ltr'><strong>in</strong></span> <span class='ocrx_word' id='word_1_780' title='bbox 3042 4830 3277 4896; x_wconf 72' lang='lat' dir='ltr'><strong>proxime</strong></span> 
     </span>
    </p>
   </div>
   <div class='ocr_carea' id='block_1_111' title="bbox 1689 4917 3275 4993">
    <p class='ocr_par' dir='ltr' id='par_1_111' title="bbox 1689 4917 3275 4993">
     <span class='ocr_line' id='line_1_111' title="bbox 1689 4917 3275 4993; baseline -0.006 -15"><span class='ocrx_word' id='word_1_781' title='bbox 1689 4926 1939 4979; x_wconf 88' lang='lat' dir='ltr'><strong>damnum</strong></span> <span class='ocrx_word' id='word_1_782' title='bbox 1964 4924 2061 4978; x_wconf 87' lang='lat' dir='ltr'><strong>sibi</strong></span> <span class='ocrx_word' id='word_1_783' title='bbox 2082 4940 2234 4993; x_wconf 80' lang='lat' dir='ltr'><strong>grave</strong></span> <span class='ocrx_word' id='word_1_784' title='bbox 2255 4931 2554 4990; x_wconf 84' lang='lat' dir='ltr'><strong>consurget.</strong></span> <span class='ocrx_word' id='word_1_785' title='bbox 2583 4920 2788 4985; x_wconf 88' lang='lat' dir='ltr'><strong>Quibus</strong></span> <span class='ocrx_word' id='word_1_786' title='bbox 2817 4918 2915 4971; x_wconf 91' lang='lat' dir='ltr'><strong>sibi</strong></span> <span class='ocrx_word' id='word_1_787' title='bbox 2944 4917 3146 4981; x_wconf 86' lang='lat' dir='ltr'><strong>relatis,</strong></span> <span class='ocrx_word' id='word_1_788' title='bbox 3174 4932 3275 4970; x_wconf 90' lang='lat' dir='ltr'><strong>non</strong></span> 
     </span>
    </p>
   </div>
   <div class='ocr_carea' id='block_1_112' title="bbox 1689 5008 3275 5079">
    <p class='ocr_par' dir='ltr' id='par_1_112' title="bbox 1689 5008 3275 5079">
     <span class='ocr_line' id='line_1_112' title="bbox 1689 5008 3275 5079; baseline -0.007 -8"><span class='ocrx_word' id='word_1_789' title='bbox 1689 5018 1833 5071; x_wconf 87' lang='lat' dir='ltr'><strong>enim</strong></span> <span class='ocrx_word' id='word_1_790' title='bbox 1859 5016 1904 5071; x_wconf 92' lang='lat' dir='ltr'><strong>is</strong></span> <span class='ocrx_word' id='word_1_791' title='bbox 1925 5012 2189 5079; x_wconf 87' lang='lat' dir='ltr'><strong>interfuit,</strong></span> <span class='ocrx_word' id='word_1_792' title='bbox 2206 5013 2288 5067; x_wconf 88' lang='lat' dir='ltr'><strong>vir</strong></span> <span class='ocrx_word' id='word_1_793' title='bbox 2310 5009 2653 5067; x_wconf 87' lang='lat' dir='ltr'><strong>venerandus</strong></span> <span class='ocrx_word' id='word_1_794' title='bbox 2677 5008 3086 5077; x_wconf 76' lang='lat' dir='ltr'><strong>armisjustitia:</strong></span> <span class='ocrx_word' id='word_1_795' title='bbox 3111 5010 3275 5062; x_wconf 89' lang='lat' dir='ltr'><strong>vitam</strong></span> 
     </span>
    </p>
   </div>
   <div class='ocr_carea' id='block_1_113' title="bbox 1690 5100 3276 5173">
    <p class='ocr_par' dir='ltr' id='par_1_113' title="bbox 1690 5100 3276 5173">
     <span class='ocr_line' id='line_1_113' title="bbox 1690 5100 3276 5173; baseline -0.006 -9"><span class='ocrx_word' id='word_1_796' title='bbox 1690 5125 1843 5165; x_wconf 90' lang='lat' dir='ltr'><strong>suam</strong></span> <span class='ocrx_word' id='word_1_797' title='bbox 1890 5108 2166 5168; x_wconf 87' lang='lat' dir='ltr'><strong>muniens,</strong></span> <span class='ocrx_word' id='word_1_798' title='bbox 2217 5113 2406 5160; x_wconf 89' lang='lat' dir='ltr'><strong>contra</strong></span> <span class='ocrx_word' id='word_1_799' title='bbox 2455 5114 2633 5159; x_wconf 88' lang='lat' dir='ltr'><strong>castra</strong></span> <span class='ocrx_word' id='word_1_800' title='bbox 2684 5102 2984 5173; x_wconf 85' lang='lat' dir='ltr'><strong>spiritualis</strong></span> <span class='ocrx_word' id='word_1_801' title='bbox 3026 5100 3276 5171; x_wconf 58' lang='lat' dir='ltr'><strong>nequitiae</strong></span> 
     </span>
    </p>
   </div>
   <div class='ocr_carea' id='block_1_114' title="bbox 1691 5193 3275 5267">
    <p class='ocr_par' dir='ltr' id='par_1_114' title="bbox 1691 5193 3275 5267">
     <span class='ocr_line' id='line_1_114' title="bbox 1691 5193 3275 5267; baseline -0.006 -10"><span class='ocrx_word' id='word_1_802' title='bbox 1691 5201 2063 5257; x_wconf 73' lang='lat' dir='ltr'><strong>robustissima</strong></span> <span class='ocrx_word' id='word_1_803' title='bbox 2095 5199 2331 5265; x_wconf 89' lang='lat' dir='ltr'><strong>restitit,</strong></span> <span class='ocrx_word' id='word_1_804' title='bbox 2360 5205 2415 5253; x_wconf 92' lang='lat' dir='ltr'><strong>et</strong></span> <span class='ocrx_word' id='word_1_805' title='bbox 2452 5195 2580 5251; x_wconf 88' lang='lat' dir='ltr'><strong>licet</strong></span> <span class='ocrx_word' id='word_1_806' title='bbox 2612 5196 2658 5251; x_wconf 92' lang='lat' dir='ltr'><strong>ei</strong></span> <span class='ocrx_word' id='word_1_807' title='bbox 2693 5195 2928 5267; x_wconf 87' lang='lat' dir='ltr'><strong>quadam</strong></span> <span class='ocrx_word' id='word_1_808' title='bbox 2963 5193 3084 5259; x_wconf 90' lang='lat' dir='ltr'><strong>die,</strong></span> <span class='ocrx_word' id='word_1_809' title='bbox 3138 5193 3275 5248; x_wconf 80' lang='lat' dir='ltr'><strong>inter</strong></span> 
     </span>
    </p>
   </div>
   <div class='ocr_carea' id='block_1_115' title="bbox 1690 5286 3277 5355">
    <p class='ocr_par' dir='ltr' id='par_1_115' title="bbox 1690 5286 3277 5355">
     <span class='ocr_line' id='line_1_115' title="bbox 1690 5286 3277 5355; baseline -0.006 -4"><span class='ocrx_word' id='word_1_810' title='bbox 1690 5299 1977 5351; x_wconf 87' lang='lat' dir='ltr'><strong>missarum</strong></span> <span class='ocrx_word' id='word_1_811' title='bbox 2001 5307 2156 5348; x_wconf 90' lang='lat' dir='ltr'><strong>sacra</strong></span> <span class='ocrx_word' id='word_1_812' title='bbox 2189 5291 2477 5355; x_wconf 90' lang='lat' dir='ltr'><strong>solemnia,</strong></span> <span class='ocrx_word' id='word_1_813' title='bbox 2504 5297 2794 5346; x_wconf 89' lang='lat' dir='ltr'><strong>corruente</strong></span> <span class='ocrx_word' id='word_1_814' title='bbox 2818 5286 3010 5352; x_wconf 89' lang='lat' dir='ltr'><strong>calice,</strong></span> <span class='ocrx_word' id='word_1_815' title='bbox 3042 5286 3277 5341; x_wconf 87' lang='lat' dir='ltr'><strong>turbatio</strong></span> 
     </span>
    </p>
   </div>
   <div class='ocr_carea' id='block_1_116' title="bbox 1688 5378 3276 5457">
    <p class='ocr_par' dir='ltr' id='par_1_116' title="bbox 1688 5378 3276 5457">
     <span class='ocr_line' id='line_1_116' title="bbox 1688 5378 3276 5457; baseline -0.004 -17"><span class='ocrx_word' id='word_1_816' title='bbox 1688 5386 1872 5457; x_wconf 80' lang='lat' dir='ltr'><strong>gravis</strong></span> <span class='ocrx_word' id='word_1_817' title='bbox 1902 5384 2194 5452; x_wconf 81' lang='lat' dir='ltr'><strong>acciderit,</strong></span> <span class='ocrx_word' id='word_1_818' title='bbox 2229 5398 2503 5453; x_wconf 88' lang='lat' dir='ltr'><strong>nunquam</strong></span> <span class='ocrx_word' id='word_1_819' title='bbox 2542 5397 2570 5435; x_wconf 84' lang='lat' dir='ltr'><strong>a</strong></span> <span class='ocrx_word' id='word_1_820' title='bbox 2609 5379 2857 5435; x_wconf 85' lang='lat' dir='ltr'><strong>laudibus</strong></span> <span class='ocrx_word' id='word_1_821' title='bbox 2893 5378 2986 5434; x_wconf 88' lang='lat' dir='ltr'><strong>Dei</strong></span> <span class='ocrx_word' id='word_1_822' title='bbox 3018 5378 3101 5435; x_wconf 82' lang='lat' dir='ltr'><strong>vel</strong></span> <span class='ocrx_word' id='word_1_823' title='bbox 3147 5394 3276 5449; x_wconf 83' lang='lat' dir='ltr'><strong>gra-</strong></span> 
     </span>
    </p>
   </div>
   <div class='ocr_carea' id='block_1_117' title="bbox 1691 5471 3278 5543">
    <p class='ocr_par' dir='ltr' id='par_1_117' title="bbox 1691 5471 3278 5543">
     <span class='ocr_line' id='line_1_117' title="bbox 1691 5471 3278 5543; baseline -0.006 -8"><span class='ocrx_word' id='word_1_824' title='bbox 1691 5482 1885 5535; x_wconf 89' lang='lat' dir='ltr'><strong>tiarum</strong></span> <span class='ocrx_word' id='word_1_825' title='bbox 1907 5481 2120 5535; x_wconf 87' lang='lat' dir='ltr'><strong>actione</strong></span> <span class='ocrx_word' id='word_1_826' title='bbox 2142 5477 2395 5534; x_wconf 89' lang='lat' dir='ltr'><strong>cessavit.</strong></span> <span class='ocrx_word' id='word_1_827' title='bbox 2422 5475 2527 5529; x_wconf 86' lang='lat' dir='ltr'><strong>Sed</strong></span> <span class='ocrx_word' id='word_1_828' title='bbox 2549 5473 2673 5543; x_wconf 89' lang='lat' dir='ltr'><strong>quia</strong></span> <span class='ocrx_word' id='word_1_829' title='bbox 2701 5473 2804 5527; x_wconf 90' lang='lat' dir='ltr'><strong>hoc</strong></span> <span class='ocrx_word' id='word_1_830' title='bbox 2826 5482 2891 5527; x_wconf 77' lang='lat' dir='ltr'><strong>ex</strong></span> <span class='ocrx_word' id='word_1_831' title='bbox 2916 5471 3278 5543; x_wconf 88' lang='lat' dir='ltr'><strong>promissione</strong></span> 
     </span>
    </p>
   </div>
   <div class='ocr_carea' id='block_1_118' title="bbox 1689 5561 3275 5642">
    <p class='ocr_par' dir='ltr' id='par_1_118' title="bbox 1689 5561 3275 5642">
     <span class='ocr_line' id='line_1_118' title="bbox 1689 5561 3275 5642; baseline -0.008 -16"><span class='ocrx_word' id='word_1_832' title='bbox 1689 5571 1905 5642; x_wconf 87' lang='lat' dir='ltr'><strong>maligni</strong></span> <span class='ocrx_word' id='word_1_833' title='bbox 1952 5578 2006 5626; x_wconf 91' lang='lat' dir='ltr'><strong>et</strong></span> <span class='ocrx_word' id='word_1_834' title='bbox 2034 5584 2129 5625; x_wconf 88' lang='lat' dir='ltr'><strong>sua</strong></span> <span class='ocrx_word' id='word_1_835' title='bbox 2176 5566 2504 5640; x_wconf 83' lang='lat' dir='ltr'><strong>negligentia</strong></span> <span class='ocrx_word' id='word_1_836' title='bbox 2534 5565 2762 5631; x_wconf 85' lang='lat' dir='ltr'><strong>credidit</strong></span> <span class='ocrx_word' id='word_1_837' title='bbox 2794 5565 3039 5620; x_wconf 75' lang='lat' dir='ltr'><strong>evenisse</strong></span> <span class='ocrx_word' id='word_1_838' title='bbox 3065 5604 3078 5627; x_wconf 96' lang='lat'><strong>,</strong></span> <span class='ocrx_word' id='word_1_839' title='bbox 3123 5561 3275 5631; x_wconf 91' lang='lat' dir='ltr'><strong>quasi</strong></span> 
     </span>
    </p>
   </div>
   <div class='ocr_carea' id='block_1_119' title="bbox 1688 5655 3273 5731">
    <p class='ocr_par' dir='ltr' id='par_1_119' title="bbox 1688 5655 3273 5731">
     <span class='ocr_line' id='line_1_119' title="bbox 1688 5655 3273 5731; baseline -0.009 -9"><span class='ocrx_word' id='word_1_840' title='bbox 1688 5677 1847 5723; x_wconf 88' lang='lat' dir='ltr'><strong>antea</strong></span> <span class='ocrx_word' id='word_1_841' title='bbox 1887 5664 2021 5719; x_wconf 89' lang='lat' dir='ltr'><strong>nihil</strong></span> <span class='ocrx_word' id='word_1_842' title='bbox 2068 5665 2118 5719; x_wconf 89' lang='lat' dir='ltr'><strong>in</strong></span> <span class='ocrx_word' id='word_1_843' title='bbox 2168 5662 2391 5719; x_wconf 85' lang='lat' dir='ltr'><strong>servitio</strong></span> <span class='ocrx_word' id='word_1_844' title='bbox 2440 5660 2533 5718; x_wconf 89' lang='lat' dir='ltr'><strong>Dei</strong></span> <span class='ocrx_word' id='word_1_845' title='bbox 2580 5660 2810 5731; x_wconf 87' lang='lat' dir='ltr'><strong>egisset,</strong></span> <span class='ocrx_word' id='word_1_846' title='bbox 2863 5666 2919 5713; x_wconf 91' lang='lat' dir='ltr'><strong>et</strong></span> <span class='ocrx_word' id='word_1_847' title='bbox 2968 5655 3273 5711; x_wconf 81' lang='lat' dir='ltr'><strong>rudimenta</strong></span> 
     </span>
    </p>
   </div>
   <div class='ocr_carea' id='block_1_120' title="bbox 1692 5750 3273 5827">
    <p class='ocr_par' dir='ltr' id='par_1_120' title="bbox 1692 5750 3273 5827">
     <span class='ocr_line' id='line_1_120' title="bbox 1692 5750 3273 5827; baseline -0.013 -7"><span class='ocrx_word' id='word_1_848' title='bbox 1692 5760 1925 5820; x_wconf 79' lang='lat' dir='ltr'><strong>caelestis</strong></span> <span class='ocrx_word' id='word_1_849' title='bbox 1954 5758 2075 5814; x_wconf 73' lang='lat' dir='ltr'><strong>vitm</strong></span> <span class='ocrx_word' id='word_1_850' title='bbox 2104 5757 2258 5827; x_wconf 90' lang='lat' dir='ltr'><strong>quasi</strong></span> <span class='ocrx_word' id='word_1_851' title='bbox 2310 5764 2434 5812; x_wconf 91' lang='lat' dir='ltr'><strong>tunc</strong></span> <span class='ocrx_word' id='word_1_852' title='bbox 2478 5755 2710 5826; x_wconf 86' lang='lat' dir='ltr'><strong>primum</strong></span> <span class='ocrx_word' id='word_1_853' title='bbox 2759 5750 3103 5815; x_wconf 83' lang='lat' dir='ltr'><strong>iuchoasset,</strong></span> <span class='ocrx_word' id='word_1_854' title='bbox 3150 5760 3273 5801; x_wconf 76' lang='lat' dir='ltr'><strong>sese</strong></span> 
     </span>
    </p>
   </div>
  </div>
