3870 6304
607 373 713 431 819

1688 373 2035 432 GUNDULFI
2063 372 2441 432 ROFFENSIS
2480 370 2786 430 EPISCOPI
3692 377 3757 432 δὲ]

606 504 733 561 plus
783 486 943 545 solito
988 486 1043 543 in
1087 488 1346 560 lacrymis
1395 498 1449 546 ct
1498 488 1621 543 aliis
1666 491 1869 548 sanctis
1918 492 2266 554 laboribusA
2297 488 2582 553 destituis,
2616 487 2871 543 defuncto
2900 484 3138 541 Ernesto
3163 481 3406 553 episeopo
3432 482 3519 555 (Si,
3545 485 3759 555 quinm.

605 583 927 655 gravissime
946 582 1205 647 alliciens,
1234 583 1358 640 inde
1386 584 1559 640 crevit
1589 586 1655 642 ad
1686 586 1961 643 cumulum
1991 594 2193 643 sancta:

602 674 969 741 celsitudinis;
1002 674 1149 731 unde
1180 674 1385 731 fraudis
1416 680 1670 732 inventor
1702 693 1825 734 eum
1852 677 2194 749 praecipitare

602 763 777 818 voluit
808 762 861 817 in
889 764 1211 822 barathrum
1232 765 1591 823 confusionis.
1614 767 1753 825 Nam
1778 767 1921 822 idem
1946 767 2194 822 infirmus

599 868 700 925 per
730 852 793 908 Β.
825 853 1163 912 Dunstanum
1189 866 1410 913 sanatus
1440 867 1626 927 postea
1652 858 1787 926 fuit,
1806 871 1861 915 et
1890 856 2193 914 Gundull'us

600 944 657 999 in
691 955 884 1003 sancto
919 944 1202 1018 proposito
1226 945 1637 1016 infatigabiliter
1662 947 2047 1017 perseveravit.

673 1030 731 1089 In
760 1033 866 1090 illis
902 1033 1095 1091 diebus
1137 1034 1224 1088 vir
1258 1033 1441 1090 clarus
1468 1034 1525 1090 in
1551 1035 1799 1091 doctrina
1829 1044 1885 1091 et
1932 1035 2194 1105 religione

602 1119 763 1191 Becci
794 1137 1021 1179 manens
1044 1121 1337 1178 Ansclmus
1357 1162 1375 1189 ,
1397 1122 1623 1179 audiens
1660 1124 1827 1179 vitam
1855 1135 1913 1182 et
1941 1125 2196 1180 uobilita-
2230 1194 2233 1197 ἱ

602 1220 715 1268 tem
739 1221 958 1269 actuum
979 1213 1254 1281 Gundulli,
1271 1214 1547 1285 antiquam
1563 1215 1859 1271 amicitiam
1883 1216 2195 1273 renovando

603 1305 755 1361 misit
798 1305 873 1360 illi
919 1306 1206 1377 epistolas;
1256 1321 1390 1377 quas
1435 1306 1749 1378 quicunque
1792 1308 2067 1377 audierit,
2120 1324 2188 1364 ex

602 1396 918 1454 testimonio
944 1406 999 1453 ct
1042 1397 1368 1454 auctoritate
1407 1398 1542 1454 tanti
1594 1400 1697 1454 viri
1748 1400 2083 1456 lucidissime
2113 1400 2195 1456 di-

603 1501 869 1558 gnoscere
894 1488 1097 1557 poterit
1128 1488 1251 1558 quis
1280 1489 1424 1544 inter
1457 1504 1553 1546 eos
1603 1492 1775 1546 sancti
1824 1491 2028 1548 amoris
2066 1491 2196 1548 all'e-

603 1585 756 1643 ctus,
800 1578 882 1633 vel
923 1578 1098 1649 qualis
1141 1578 1254 1635 vita
1300 1579 1555 1635 Gundulfi
1592 1582 1884 1638 exstiterit.
1919 1584 1987 1639 Et
2017 1593 2077 1638 ut
2126 1585 2193 1640 ad

601 1668 855 1724 notitiam
885 1669 1223 1725 audientium
1248 1671 1382 1726 odor
1428 1680 1631 1727 sanctae
1681 1673 1961 1728 societatis
2005 1688 2194 1729 eorum

601 1765 881 1831 gratanter
907 1758 1200 1829 fragrando
1227 1761 1589 1832 resplendeat,
1613 1762 1813 1832 placuit
1835 1764 2096 1834 quasdam
2124 1779 2191 1820 ex

599 1849 709 1907 illis
736 1851 790 1906 in
822 1852 928 1908 hoc
949 1854 1210 1925 opusculo
1236 1854 1583 1926 interponere
1617 1855 1671 1911 in
1711 1856 1890 1912 verbis
1919 1856 2038 1911 istis
2070 1873 2086 1911 :

2300 580 2433 635 chus
2462 578 2721 633 Scwardu
2743 586 2798 631 ct
2828 576 2927 646 ipsi
2962 575 3227 630 monacho
3274 574 3326 629 in
3362 574 3667 646 epiSt-Opatam
3686 582 3758 648 qui-

2298 674 2418 727 dem
2468 679 2849 735 successerat,
2880 668 2972 723 sed
3012 669 3066 722 in
3110 682 3177 727 eo
3221 680 3361 720 anno
3402 674 3582 721 tantum
3615 667 3761 727 dimidio

2298 762 2532 817 vixerat.
2566 760 2767 817 Volens
2798 768 2982 815 autem
3026 757 3269 828 pontifex
3292 798 3308 824 ,
3342 766 3399 812 ut
3432 772 3492 812 ex
3530 772 3647 813 more
3677 764 3757 815 arti

2300 872 2533 928 quorum
2582 854 2635 909 in
2681 852 2928 908 Ecclesia
2980 849 3219 907 Bullensi
3252 848 3530 904 monachus
3550 851 3760 907 succedent

2298 948 2567 1002 monacho
2588 988 2603 1013 ,
2630 946 2873 1016 cogitare
2903 942 3070 1013 coepit
3116 957 3276 1013 quem
3319 940 3617 1011 potissimum
3646 958 3763 998 motu-

2300 1041 2525 1097 chorum
2563 1040 2766 1111 eligere
2793 1046 3012 1113 posset,
3047 1036 3139 1106 qui
3167 1035 3269 1091 hoc
3296 1049 3429 1090 onus
3453 1033 3542 1088 sibi
3562 1034 3762 1105 iniunctum

2298 1144 2515 1204 portare
2546 1132 2769 1188 valeret.
2798 1127 3069 1201 Cogitanti
3104 1136 3282 1182 tamen
3313 1123 3546 1181 Gundulli
3582 1124 3763 1181 citiusm-

2299 1224 2442 1280 curri
2453 1233 2469 1279 ι
2496 1222 2759 1279 sanctitas
2778 1262 2795 1288 ,
2821 1236 2941 1291 quae
2964 1218 3076 1290 jam
3121 1215 3288 1273 certis
3331 1214 3659 1285 experimentis
3685 1219 3762 1272 tatis

2273 1315 2348 1369 'ei
2375 1313 2551 1370 fuerat
2574 1305 2897 1385 approbata.
2931 1310 3087 1365 Hunc
3118 1323 3283 1379 ergo,
3313 1307 3493 1362 halitu
3510 1322 3609 1361 cum
3630 1310 3763 1377 sapiet-

2301 1404 2443 1461 tibus
2474 1405 2731 1473 consiiio,
2779 1402 2848 1458 ad
2895 1401 3272 1472 pontificatum
3324 1396 3505 1468 elegit,
3547 1405 3592 1452 et
3626 1407 3669 1452 ut
3696 1400 3763 1469 eius

2298 1493 2552 1551 electioni
2590 1510 2687 1550 rex
2716 1507 3001 1550 assensum
3035 1489 3334 1562 praeberet,
3373 1488 3532 1559 ipsum
3558 1494 3764 1546 transmari-

2298 1598 2397 1639 nas
2421 1582 2487 1638 ad
2511 1592 2697 1655 partes
2725 1584 2791 1638 ad
2822 1596 3006 1653 regem
3054 1578 3273 1635 direxit.
3315 1578 3515 1635 Gaudio
3550 1589 3682 1634 autem
3710 1598 3763 1636 tu

2300 1674 2539 1747 repletus
2567 1692 2672 1731 non
2704 1673 3091 1746 modico,quia
3126 1671 3467 1727 occasionem
3491 1671 3570 1726 Dei
3590 1672 3764 1728 homines

2300 1765 2575 1822 exaltandi
2604 1766 2918 1832 invenerat,
2948 1764 3015 1820 de
3044 1759 3200 1831 cujus
3228 1758 3509 1815 sanctitate
3525 1755 3613 1827 iam
3632 1760 3764 1814 aduri

2228 1844 2269 1900 Β
2296 1857 2431 1914 satis
2465 1858 2614 1914 clara
2662 1856 2809 1912 fama
2838 1865 3196 1929 pervenerat,
3236 1852 3502 1931 pontificis
3530 1852 3766 1923 petitionibus

680 1961 700 1994 ι
741 1943 818 2014 (2)
845 1944 1075 2002 Domino
1100 1948 1421 2014 reverendo,
1453 1947 1604 2004 fratri
1628 1947 1972 2015 charissimo,
1997 1948 2196 2004 domno
2291 1949 2457 2020 justis
2504 1950 2683 2006 libens
2720 1964 3005 2006 assensum
3038 1948 3314 2019 przebuit,
3342 1955 3397 2002 et
3439 1944 3615 2000 honore
3630 1943 3765 2013 pontii-

599 2032 876 2091 Gundulfu
977 2036 1149 2094 frater
1215 2038 1545 2107 Anselmus,
1606 2040 1860 2097 salutem.
1915 2039 2051 2096 Cum
2098 2038 2194 2094 tibi

598 2139 845 2195 propono
873 2126 1147 2193 scribere,
1180 2146 1200 2181 ι
1234 2135 1347 2184 etc.

673 2212 805 2269 Item
830 2214 978 2271 misit
998 2216 1047 2271 ei
1071 2215 1235 2271 aliam
1256 2218 1564 2289 epistolam,
1589 2234 1709 2291 qua:
1733 2220 1798 2275 de
1821 2220 2196 2292 promptuario

600 2319 773 2360 sacrm
798 2305 1107 2363 dilectionis
1132 2305 1390 2378 ellluens,
1419 2320 1657 2366 mentem
1704 2310 1957 2371 Gundulﬂ
2006 2321 2195 2369 contra

603 2394 874 2450 fallaciam
908 2396 1085 2455 inanis
1129 2398 1348 2471 glorite,
1391 2417 1512 2472 qum
1566 2403 1837 2459 interdum
1885 2405 1990 2462 sub
2033 2405 2197 2477 pallio

603 2492 924 2541 sanctarum
953 2486 1219 2545 virtutum
1249 2488 1625 2551 fraudulenter
1649 2510 1708 2550 se
1735 2494 1953 2567 ingerit,
1985 2506 2198 2567 specta-

605 2572 703 2658 bili
735 2573 1035 2633 monitione
1057 2580 1287 2637 munivit
1309 2581 1363 2637 in
1392 2583 1508 2640 haee
1533 2584 1697 2641 verba
1726 2605 1740 2641 :
1768 2605 1787 2640 ι
1820 2586 1897 2661 (5)
1925 2587 2197 2647 Gundulfo

602 2666 915 2724 Anselmus.
938 2670 1065 2726 [deo
1085 2681 1196 2729 tam
1222 2674 1433 2733 amicus
1464 2660 1575 2734 tam
1610 2678 1787 2736 amico
1814 2680 2196 2740 salutationem

601 2773 783 2815 meam
822 2768 930 2816 tam
966 2762 1205 2820 breviter
1251 2778 1556 2839 praenotare
1590 2770 1766 2838 volui,
1799 2773 1928 2844 quia
1959 2774 2039 2831 sic
2066 2774 2197 2831 dile-

604 2861 726 2911 ctus
763 2855 842 2912 sic
867 2856 1066 2913 dilecto
1104 2855 1357 2915 allectum
1386 2876 1566 2917 meum
1602 2864 1915 2936 opulentius
1943 2866 2197 2923 intimare

600 2959 713 2999 non
766 2945 937 3015 potui.
987 2945 1244 3017 Quisquis
1292 2948 1468 3017 enim,
1501 2968 1519 3003 ι
1552 2959 1659 3007 etc.

674 3036 842 3104 Item,
892 3038 1022 3109 quia
1068 3038 1217 3095 illum
1265 3040 1318 3094 in
1350 3042 1694 3101 orationibus
1747 3046 2027 3103 assiduum
2076 3062 2198 3104 esse

602 3124 855 3191 sciebat,
898 3126 1051 3183 misit
1096 3126 1173 3183 illi
1220 3127 1363 3185 idem
1404 3133 1627 3189 caeleste
1655 3148 1955 3206 organum,
1991 3136 2197 3192 scilicet

603 3214 770 3270 Pater
814 3213 1132 3281 Anselmus,
1177 3231 1314 3286 quas
1358 3217 1475 3288 ipse
1523 3219 1708 3277 divino
1739 3222 1953 3280 amatus
1990 3222 2200 3294 Spiritu

604 3314 1016 3375 composuerat,
1053 3314 1167 3364 tres
1194 3306 1263 3364 de
1289 3307 1351 3363 Β.
1378 3307 1547 3368 Maria
1571 3313 1853 3371 orationes
1884 3330 1983 3372 seu
2016 3319 2198 3387 potius

603 3396 1020 3465 meditationes,
1048 3405 1104 3453 et
1137 3397 1375 3470 qualiter
1413 3400 1467 3456 in
1516 3400 1622 3459 illis
1648 3404 1958 3463 meditando
1981 3409 2199 3466 studere

605 3486 859 3554 deberet,
892 3487 1154 3558 insinuat,
1190 3490 1379 3548 dicens
1412 3509 1428 3547 :
1477 3512 1496 3547 ς
1531 3492 1609 3566 (4)
1639 3495 1850 3556 Domno
1895 3497 2195 3568 Gundullo,

606 3579 781 3635 frater
804 3579 1133 3652 Anselmus.
1154 3583 1299 3655 quod
1340 3583 1613 3643 Gundulfo
1636 3586 1944 3649 Anselmus.
1972 3591 2087 3650 Non
2117 3602 2201 3650 est

603 3688 773 3746 Opus,
807 3693 826 3728 ι
867 3682 984 3732 etc;
1268 3730 1282 3737 ,
1516 3730 1519 3731 ν

676 3765 800 3822 Istis
828 3767 1032 3825 auditis
1060 3768 1325 3843 intelligat
1356 3769 1529 3827 lector
1581 3783 1842 3845 quantum
1893 3775 2200 3834 dilectionis

601 3858 880 3917 vinculum
908 3860 1040 3920 istos
1065 3862 1259 3921 Patres
1286 3865 1340 3921 in
1368 3882 1537 3923 unum
1581 3867 1959 3939 conjunxerit,
1984 3878 2040 3925 et
2066 3887 2197 3941 qua-

606 3950 675 4005 lis
724 3950 886 4011 fuet'it
926 3954 984 4010 in
1030 3957 1281 4028 praesenti
1309 3956 1422 4015 vita
1449 3972 1639 4015 eorum
1668 3959 1723 4015 in
1760 3961 1991 4018 terrenis
2029 3976 2201 4033 nego-
2238 3964 2259 3973 "

606 4041 785 4099 tiatio.

1251 4138 1431 4197 PARS
1468 4139 1556 4197 lll.

680 4230 925 4297 Qualiter
952 4246 1084 4289 vero
1125 4230 1431 4290 Gundulfus
1475 4234 1771 4305 pontiﬁcali
1818 4236 2076 4293 cathedra
2108 4252 2201 4294 su-

607 4320 1092 4392 blimatusl’uerit,
1121 4337 1337 4397 quoque
1374 4327 1538 4382 modo
1568 4327 1934 4398 pontificando
1964 4328 2199 4397 vixerit,

610 4426 795 4482 quove
839 4412 944 4468 line
991 4413 1299 4472 deiicienda
1346 4417 1646 4473 Ecclesiam
1699 4418 1799 4476 sibi
1850 4422 2198 4477 commissam

611 4502 825 4558 tristem
856 4502 1299 4576 reliquerit,jam
1331 4506 1495 4577 hinc,
1518 4518 1575 4563 ut
1605 4525 1927 4581 possumus,
1957 4512 2196 4567 enodare

606 4610 895 4652 conemur.
927 4596 1234 4655 Lanfrauco
1279 4599 1447 4672 igitur
1490 4600 1876 4659 ecclesiasticae
1917 4603 2195 4677 dignitatis

605 4706 881 4746 summum
916 4691 1129 4763 apicem
1162 4692 1221 4748 in
1246 4691 1440 4767 Anglia
1474 4703 1693 4752 tenente
1715 4705 1771 4752 et
1801 4696 2079 4768 sapienter
2102 4698 2201 4753 ad-

602 4783 979 4855 ministrante,
1002 4784 1448 4844 Rovecestrensis
1475 4787 1719 4845 Ecclesia
1750 4805 1849 4846 suo
1872 4798 1957 4847 est
1981 4798 2198 4861 pastore

789 4957 981 5038 Exstat
1013 4958 1154 5038 inter
1179 4961 1421 5038 Anselmi
1456 4962 1749 5038 epistolas,
1775 4964 1870 5020 lib.
1906 4981 1950 5031 ι,
1984 4980 2073 5038 ep.
2103 4967 2156 5022 4.

698 5028 754 5101 3)
794 5028 985 5101 [Exstat
1013 5030 1246 5096 ibidem,
1273 5032 1367 5085 lib.
1396 5047 1445 5097 t,
1478 5028 1564 5101 ep.
1607 5034 1661 5089 7.

698 5099 756 5173 ξ)
798 5099 986 5173 Exstat
1012 5102 1215 5173 ibidem
1252 5102 1348 5157 lib.
1379 5119 1427 5167 t,
1461 5099 1549 5173 ep.
1580 5102 1669 5159 20.

598 5232 634 5244 _
673 5169 757 5244 (ἐξ)
786 5168 1151 5244 Chronologia
1191 5171 1464 5229 Saxonica
1495 5168 1670 5231 refert
1716 5176 2008 5232 Ernostum
2053 5177 2197 5233 Lun-

602 5238 779 5296 doniae
807 5256 838 5294 a
882 5238 1192 5298 Lanfranco
1236 5255 1614 5300 consecratum
1662 5261 1784 5303 esse
1821 5257 1980 5303 sexto
2017 5251 2198 5303 archi-

604 5306 952 5394 episcopalgs
976 5313 1059 5368 sui
1092 5328 1264 5394 anno,
1292 5314 1503 5394 scilicet
1550 5316 1690 5370 inter
1732 5318 2196 5394 ςξῇψη-Αιιςῃειί

601 5393 751 5471 alii)?
987 5392 1043 5437 et
1056 5384 1273 5471 exitum
1300 5382 1544 5471 eiusdem
1569 5388 1897 5471 antiomlO'iti.
1930 5380 2196 5471 Eumilem

601 5464 751 5504 anno
788 5453 1007 5507 circiter
1048 5453 1274 5510 dimidio
1318 5454 1579 5512 Ecclesia:
1623 5456 1865 5513 Roll‘eusi
1913 5459 2197 5529 praefuisse

601 5524 1304 5603 arronymusnnoste‘r-ﬁd‘em
1334 5525 1675 5603 facit._0biit
1721 5537 1900 5603 autem
1929 5528 2196 5603 Ernostus

601 5589 784 5646 Idibus
810 5589 937 5647 Julii
965 5607 1031 5647 ex
1060 5592 1164 5649 fide
1191 5594 1455 5652 Obituarii
1483 5595 1895 5656 Cantuaricnsis
1925 5613 2027 5655 ms.
2057 5601 2197 5656 Con-

601 5670 849 5716 secratus
896 5661 1062 5726 igitur
1103 5664 1320 5720 videtur
1363 5668 1464 5721 sub
1503 5669 1716 5723 initium
1759 5670 1885 5725 anni
1934 5671 2105 5726 1076.
2140 5673 2194 5726 in

601 5678 849 5716 secretus
896 5678 1062 5719 ιαιιην
1103 5678 1320 5719 νωεωι·
1363 5683 1389 5719 8

601 5678 849 5716 secretus
896 5678 1062 5733 igitur
1103 5678 1320 5720 videtur
1363 5678 1464 5721 sun
1503 5678 1716 5723 initium
1759 5678 1885 5725 anni
1934 5678 2105 5735 1016,
2140 5678 2194 5728 in

601 5732 835 5811 epncilio
859 5731 1090 5811 Lpndini
1118 5734 1421 5811 in_ec_clgs_ia
1446 5738 1503 5792 S.
1530 5739 2019 5811 Pauligcelebrato;
2048 5745 2192 5811 quod

606 5799 1067 5860 Malmsburiensis
1118 5804 1193 5866 (f.
1251 5805 1391 5876 H7)
1457 5823 1600 5865 anno
1650 5802 1814 5877 1075;
1870 5799 2193 5870 Bromtouus

2224 3198 2272 3261 C

2296 2043 2401 2099 cali
2429 2042 2608 2097 virum
2638 2041 2737 2098 Dei
2763 2040 3143 2113 dignissimum
3166 2037 3456 2109 judicavit.
3524 2052 3525 2055 ‘

2366 2131 2607 2203 Accepta
2656 2131 2844 2203 igitur,
2893 2129 3257 2198 Lanfrancus,
3329 2126 3618 2183 auctoritate
3646 2123 3766 2194 regia.

2296 2222 2559 2295 praesules
2608 2231 2908 2289 convocat,
2950 2220 3224 2291 primores
3269 2216 3584 2276 Roll‘ensium
3608 2217 3767 2279 mandat,

2298 2316 2442 2388 regis
2468 2322 2521 2371 et
2546 2328 2702 2371 suam
2749 2312 3090 2370 voluntatem
3116 2311 3375 2367 omnibus
3398 2308 3588 2381 pandit,
3612 2306 3769 2363 omnibus

2300 2422 2583 2464 assensum
2614 2406 2985 2478 praebentibus
3024 2413 3081 2460 et
3111 2403 3504 2477 gaudentibus,
3530 2400 3687 2457 ﬁdelem
3715 2400 3769 2454 do-

2234 2563 2245 2569 ,
2300 2501 2415 2557 ιιιυί
2450 2499 2546 2555 Dei
2572 2499 3005 2571 dispensatorem
3047 2490 3424 2554 conseCrando
3450 2494 3685 2551 constituit.
3703 2490 3769 2545 lict

2309 2595 2414 2653 fuit
2462 2594 2743 2652 obnitendi
2798 2604 3072 2666 potestas,
3129 2608 3256 2650 cum
3310 2607 3431 2649 eum
3477 2598 3650 2663 urgeret
3690 2588 3769 2658 regis

2299 2686 2483 2760 magni
2506 2695 2561 2742 et
2585 2686 2829 2760 praesulis
2854 2685 2989 2741 tanti
3023 2686 3351 2741 auctoritas.
3378 2684 3487 2740 Vox
3522 2682 3768 2750 seimiigm

2299 2780 2592 2838 clamantis
2620 2779 2971 2853 opprimitur,
3002 2793 3125 2835 cum
3157 2792 3270 2849 quo
3304 2793 3365 2834 se
3404 2776 3580 2832 clamat
3602 2771 3770 2844 indignio-

2300 2888 2450 2942 rem,
2478 2889 2544 2931 eo
2573 2872 2790 2944 dignior
2835 2869 3187 2927 acclamatur.
3234 2869 3525 2929 Ordinatur
3566 2866 3699 2935 itaque
3726 2862 3770 2915 iit

2300 2979 2430 3022 vere
2474 2963 2824 3037 dignissimus
2860 2961 3177 3033 episcopatu
3205 2959 3509 3029 Gundulfus
3550 2957 3593 3011 in
3628 2951 3770 3011 ecclesia

2301 3055 2726 3123 Dorobernensi,
2756 3052 3078 3109 duodecimo
3098 3050 3375 3108 Kalendas
3408 3049 3601 3121 Aprilis,
3621 3042 3771 3100 annon

2304 3146 2680 3205 lncarnationc
2693 3144 2905 3201 Domini
2926 3143 3214 3199 millesimo
3226 3140 3597 3214 septuagesimo
3612 3135 3768 3209 septimo»

2303 3239 2589 3295 undecimo
2609 3252 2738 3293 vero
2757 3235 3025 3291 adventus
3047 3231 3534 3290 Northtnannorum
3556 3231 3600 3286 in
3612 3226 3771 3295 Angliam

2300 3334 2401 3390 sub
2441 3331 2641 3388 comite
2683 3327 3005 3394 Guillelmo,
3055 3342 3182 3398 rege
3223 3325 3553 3397 postmodum
3576 3318 3771 3393 Anglorum

2300 3422 2657 3481 nobilissimo.
2697 3418 3060 3478 Consecratus
3089 3431 3274 3474 autem
3310 3434 3375 3474 ex
3405 3430 3570 3480 more,
3592 3412 3771 3483 ριόρήιιι

2301 3515 2468 3570 tendit
2501 3514 2734 3569 invisere
2759 3512 2984 3579 sedem;
3023 3508 3449 3581 tripudiantibus
3479 3499 3766 3562 turbislloh

2298 3622 2414 3663 sem
2441 3604 2742 3677 ingreditur
2777 3604 3001 3670 urbem,
3019 3600 3324 3673 pontificali
3354 3599 3468 3656 sedi
3488 3594 3772 3654 inthronizaus

2301 3697 2597 3762 inducitur,
2625 3694 2828 3767 praesul
2855 3695 3001 3749 omni
3034 3692 3391 3749 veneratione
3414 3707 3476 3747 ex
3507 3686 3750 3744 eohabeiet.

2370 3789 2690 3847 Redduntur
2735 3796 2792 3843 et
2839 3787 2893 3842 ci
2939 3786 3175 3856 denique
3219 3785 3579 3855 possessiones
3611 3777 3770 3850 quah-

2304 3880 2575 3937 lioll‘ensis
2605 3878 3058 3948 Ecclesiac,quas,
3088 3876 3503 3949 przesulantibus
3525 3865 3771 3933 antecessori-

2300 3976 2404 4031 bus
2430 3972 2564 4038 suis,
2591 3969 2934 4026 Lanfrancus
2952 3968 3004 4023 in
3024 3984 3120 4024 sua
3146 3977 3398 4041 tenuerat
3417 3966 3607 4021 ditione.
3625 3960 3677 4016 Et
3695 3968 3773 4007 tm

2302 4063 2610 4122 conditione
2634 4060 2933 4118 redduntur
2970 4065 3032 4112 ut
3078 4058 3130 4112 in
3177 4056 3412 4129 ecclesia
3440 4045 3772 4114 Rolfensi,sicnt

2297 4156 2408 4228 jam
2437 4153 2638 4227 praesul
2664 4160 2891 4223 uterque
2935 4150 3372 4214 deliberaverat,
3404 4143 3619 4202 motiaclii
3644 4149 3772 4211 ponat-

2304 4257 2412 4303 tur.
2438 4244 2740 4301 Audierant
2766 4242 2911 4298 enim
2939 4242 3011 4296 ibi
3050 4239 3322 4311 quondam
3352 4236 3618 4292 monachos
3642 4231 3769 4287 hinc;

2303 4342 2446 4398 unde
2490 4342 2559 4395 ad
2607 4336 2833 4406 antiqua
2888 4345 3091 4390 statuta
3140 4338 3462 4405 redeuntes,
3501 4326 3770 4389 monachorum

2302 4431 2453 4489 inibi‘
2479 4429 2726 4486 ordinem
2784 4432 3028 4481 statuere
3084 4436 3403 4482 sanxerunt.
3450 4424 3770 4491 Tempore":ll

2226 4548 2273 4609 θ
2300 4524 2449 4582 brevi
2478 4524 2663 4596 elapso
2684 4564 2697 4590 ,
2725 4520 2957 4579 ecclesia
2988 4534 3155 4585 nova,
3184 4518 3358 4574 veteri
3404 4518 3661 4609 destructa.

2302 4616 2468 4687 pitur,
2483 4610 2821 4669 ofﬁcinarum
2848 4609 3084 4665 ambitus
3107 4610 3489 4663 convenienter
3500 4603 3769 4693 disponwllf.

2300 4722 2439 4779 opus
2466 4720 2627 4761 omne
2657 4703 2800 4759 intra
2834 4716 3037 4774 paucos
3064 4716 3275 4768 annos,
3301 4700 3584 4755 Lanfraueo
3604 4696 3770 4783 ιιεεξιηιξί

2301 4797 2751 4876 subministrante
2796 4788 3024 4861 multas,
3064 4793 3371 4866 perﬁcitur.
3416 4791 3568 4863 Igitur
3603 4779 3769 4854 perita”

2303 4977 2433 5051 (col.
2465 4974 2592 5051 975)
2611 4972 2959 5051 _anno“lt)7_ii_
2980 4972 3233 5051 habitum
3271 4970 3433 5038 dicit;
3461 4952 3769 5051 gemit

2301 5036 2732 5103 Annuntia'tione
2776 5044 2849 5117 Β(
2900 5042 3170 5114 Virginis,
3218 5042 3331 5117 iste
3376 5036 3768 5117 {qu

2302 5101 2516 5172 Domini
2544 5132 2792 5172 exorsus.
2824 5115 2980 5186 Anno
2998 5101 3262 5186 “sequenti
3290 5107 3596 5186 Gundulfum
3619 5101 3768 5186 Eryli”

2826 5166 3001 5239 refert
3023 5166 3387 5258 Cb'ronoiogja
3411 5166 3767 5258 ξᾳιρῃξςδῖργξξ

2300 5259 2521 5329 ponitur
2562 5258 2607 5329 is
2654 5256 3021 5329 quidenlcum
3052 5268 3195 5307 anno
3250 5247 3387 5307 N77
3414 5247 3766 5329 CIII’iSljgfL‘E

2301 5316 2514 5418 δουξηιο
2544 5316 3552 5418 “mareEau'i'ririrtaea.res.

2301 5407 2490 5454 noster
2515 5396 2910 5455 consecrationi
2936 5394 3195 5450 Guudulft
3218 5390 3426 5463 posuit.‘
3445 5390 3555 5445 Dies
3573 5390 3742 5463 auten:

2301 5445 2492 5560 35.35;.
2848 5466 2902 5521 in
2924 5445 3368 5560 feriim'tetitiam.
3384 5462 3469 5517 illo

2301 5516 3003 5612 5:155“;aususausus
3014 5516 3022 5518 “
3040 5516 3400 5612 ΚαιζξΑρτῑιίξ
3426 5516 3741 5612 giliusguﬂ

2302 5590 2396 5683 fus
2413 5590 2768 5683 consecratus
2793 5590 3004 5663 cienseri
3034 5605 3223 5675 possit.
3251 5590 3763 5683 Domitiica'elliffg:

2301 5652 2768 5753 iiJaIiE'gEsiiiié'c"
2796 5652 3172 5735 consecratum
3218 5688 3338 5731 esse
3363 5689 3428 5731 ex
3454 5667 3575 5728 infra
3603 5652 3763 5719 diem“

2298 5760 2528 5808 constat.
