3870 6304
99 317 191 371 821

1670 320 1703 373 γ
1714 318 1820 372 l'l'.\
1832 357 1843 368 .

3256 320 3365 376 89.22

100 426 388 492 "turribus,
421 425 637 495 quidam
676 442 738 481 ev
779 426 1016 497 quinque
1052 437 1258 482 tantum
1311 428 1563 494 clericis,
1596 429 1685 499 qui
1718 435 1762 490 Α
1796 425 2037 479 novitate
2087 424 2152 478 ad
2201 422 2519 479 munditiam
2551 423 2671 480 vita:
2701 433 2935 489 mutata,
2987 442 3092 481 non
3129 437 3213 484 est
3246 446 3369 485 cum

102 516 169 569 ibi
199 517 410 570 inventi
448 524 603 582 sunt,
630 518 696 570 ed
728 517 1005 587 religionis
1050 517 1291 574 habitum
1322 520 1685 586 conlluentes,

98 605 377 662 associatis
410 606 593 661 multis
630 606 782 671 aliis,
813 610 879 661 ad
908 611 1323 679 sexagenarium
1369 623 1425 667 et
1454 612 1689 683 amplius

100 713 378 752 numerum
412 700 467 752 in
494 699 641 753 brevi
672 702 771 757 sub
803 701 1045 756 doctrina
1078 703 1255 759 Patris
1283 704 1537 759 Gundulli
1565 720 1689 758 suc-

99 808 313 847 crevere
352 794 625 847 monachi.
660 794 751 848 llis
796 795 1101 851 Gundulf‘us
1134 796 1344 851 vivendi
1376 796 1649 867 speculum
1673 838 1685 859 ,

103 886 182 939 his
234 884 405 940 totius
454 886 730 954 religionis
772 886 946 944 factus
998 898 1081 943 est
1133 889 1535 945 documentum.
1593 890 1687 947 llis

100 980 266 1047 virga,
319 974 550 1046 puerilia
603 978 850 1034 districto
896 981 1254 1052 corrigendo;
1318 983 1402 1037 his
1440 981 1684 1049 baculus,

101 1066 279 1122 senilia
312 1066 747 1123 misericorditer
778 1076 1171 1135 sustentando;
1208 1073 1291 1127 bis
1317 1072 1554 1138 Martha,
1592 1090 1686 1128 ne.

103 1155 336 1211 eessaria
366 1160 742 1225 procurando;
780 1162 864 1215 his
896 1161 1082 1221 Maria.
1114 1163 1335 1219 intentze
1364 1178 1423 1219 se
1454 1163 1684 1221 formam

100 1248 568 1317 contemplationis
618 1251 928 1320 praebendo.
970 1254 1140 1309 Noctu
1195 1264 1372 1315 tamen
1418 1265 1474 1312 et
1524 1274 1688 1313 mane

101 1339 278 1392 orandi
335 1338 545 1404 Maria,
599 1342 747 1398 horis
780 1360 910 1400 vero
946 1346 1068 1400 aliis
1117 1346 1326 1401 Martha
1378 1349 1689 1420 specialiter

103 1444 228 1489 erat.
259 1433 304 1490 Ο
334 1435 560 1503 quantis
588 1428 711 1492 cum
738 1449 923 1493 oraret
964 1439 1220 1511 lacrymis
1251 1441 1560 1497 Dominicos
1591 1458 1685 1513 pe-

105 1528 191 1581 des
241 1526 498 1595 rigabat!
547 1527 594 1585 Ο
641 1538 840 1596 quanta
902 1530 1187 1601 prudentia
1242 1548 1365 1587 cum
1416 1535 1687 1589 exteriora

106 1620 402 1688 disponeret
446 1637 508 1676 se
541 1622 769 1692 agebat!
814 1620 985 1689 Quam
1014 1622 1161 1696 larga
1198 1639 1357 1678 manu
1394 1627 1688 1682 monacho-

108 1729 212 1765 rem
243 1715 323 1768 vel
350 1729 657 1785 pauperum
709 1716 1018 1771 necessaria
1052 1718 1412 1786 procurabat!
1446 1718 1491 1774 Ο
1522 1733 1685 1789 quam

1796 528 2019 570 munere
2063 529 2092 566 a
2140 524 2329 569 sancto
2389 514 2632 584 repulsa,
2679 517 2804 581 sed,
2854 518 3050 588 gaudio
3095 521 3375 590 sospitatis

1795 614 2077 669 manente,
2111 605 2178 659 ad
2215 606 2436 661 domum
2463 622 2615 660 suam
2639 606 2896 663 alacriter
2925 612 3215 676 remeavit,
3245 628 3371 683 grao

1794 700 1897 754 tias
1940 698 2184 755 referens
2214 699 2321 753 Deo
2360 709 2414 754 et
2458 699 2699 769 pontifici
2743 700 3051 769 Gundulfo,
3090 720 3187 774 per
3221 703 3375 774 cujus

1793 789 2075 842 consilium
2106 805 2133 840 a
2164 798 2313 842 tanto
2340 789 2578 858 periculo
2611 790 2839 846 liberata
2868 793 2987 847 fuit.

1863 881 1989 937 llaec
2021 881 2159 936 inter
2189 882 2411 936 audiens
2444 897 2571 936 suus
2619 883 2847 940 dilector
2885 887 3172 943 Anselmns
3222 888 3372 943 illum

1791 976 2068 1046 pontificio
2098 976 2446 1032 sublimatum
2493 989 2650 1045 esse,
2684 980 2750 1034 ad
2790 982 3249 1036 corroborandum
3278 996 3375 1035 cor

1791 1068 1935 1123 illius
1972 1077 2026 1122 et
2049 1079 2236 1124 contra
2267 1070 2515 1134 adversa,
2543 1087 2664 1142 qua:
2707 1070 2973 1128 interdum
3005 1083 3212 1129 mentes
3238 1088 3376 1142 pra:-

1793 1162 2023 1217 latorum
2049 1178 2076 1215 a
2102 1162 2283 1232 quiete
2311 1162 2521 1219 interna
2551 1164 2914 1220 coneutieudo
2938 1164 3155 1220 evenire
3175 1164 3374 1232 solent,

1792 1253 1941 1307 illum
2003 1251 2190 1308 volens
2242 1267 2363 1307 esse
2418 1254 2720 1322 munitum,
2782 1254 2856 1308 illi
2901 1254 3048 1309 misit
3093 1254 3377 1325 epistolam

1790 1344 2210 1401 consolatoriam
2244 1344 2294 1399 in
2337 1344 2451 1400 haec
2482 1345 2645 1399 verba
2679 1363 2692 1399 :

1867 1455 1885 1488 ι
1916 1436 1993 1508 (6)
2012 1435 2150 1493 Olim
2179 1436 2525 1493 dilectissimo
2561 1438 2735 1505 fratri,
2765 1456 2906 1495 nunc
2933 1437 3247 1495 dulcissimo
3276 1438 3377 1493 Pa-

1792 1526 1897 1593 tri,
1938 1546 1956 1578 ι
1995 1536 2103 1582 ctc.

1860 1620 1992 1675 Item
2045 1620 2193 1676 misit
2227 1620 2275 1675 ei
2300 1622 2439 1674 idem
2478 1619 2635 1676 Pater
2676 1637 2847 1677 sacrae
2889 1622 3195 1677 dilectionis
3232 1621 3379 1676 aliud

1791 1710 2234 1767 indiciumiuhac
2260 1712 2483 1780 epistola
2506 1730 2517 1765 ε
2544 1714 2773 1785 «Suo(7)
2791 1715 3125 1779 suus,amico
3143 1713 3378 1776 amicus.

104 1802 265 1858 dulcia
293 1806 493 1861 oscula
544 1805 596 1861 in
644 1807 952 1861 cmlestium
982 1808 1440 1880 contemplatione
1486 1787 1692 1866 orando
1723 1787 1767 1847 Β
1796 1800 1952 1857 fratri
1982 1800 2169 1868 frater.
2201 1801 2473 1859 cundum)
2498 1806 2803 1871 Αιιεηιιηιιε.
2848 1823 2942 1875 DI‘O
2984 1821 3169 1861 amore
3199 1806 3376 1861 {cllei-

107 1895 315 1966 figebat!
348 1897 393 1955 0
436 1915 602 1970 quam
653 1914 873 1955 amaros
918 1900 1189 1970 singultus
1240 1902 1293 1956 in
1343 1912 1690 1973 peccatorum

107 2002 309 2042 suorum
336 1989 724 2047 recordatione
746 1991 1024 2047 trahebat!
1056 1991 1188 2058 Quis
1209 1991 1327 2063 ejus
1348 1992 1535 2049 oculos
1559 1994 1695 2049 vidit

108 2079 304 2136 ﬂetibus
330 2081 512 2138 udos?
535 2082 669 2150 Quis
691 2098 815 2157 eum
843 2093 1147 2154 gementem
1172 2084 1409 2152 audivit,
1433 2094 1488 2141 et
1507 2086 1690 2143 statim

109 2170 209 2240 ipse
240 2189 345 2227 non
378 2174 629 2245 gemuit?
659 2174 792 2241 Quis
822 2173 939 2242 ejus
962 2173 1165 2228 vultum
1198 2174 1559 2246 lacrymarum
1584 2176 1693 2233 sul“.-

110 2260 303 2317 fusione
333 2264 618 2318 turbatum
650 2264 915 2330 attendit,
955 2274 1010 2319 et
1040 2264 1129 2321 diu
1159 2265 1404 2335 aspicere
1430 2266 1639 2337 potuit?

170 2374 429 2432 Perfeais
483 2378 649 2447 igitur
690 2379 973 2441 omnibus,
1013 2378 1156 2433 sicut
1188 2379 1392 2435 dictum
1423 2388 1536 2443 est,
1570 2395 1691 2450 qua:

110 2466 261 2519 servis
286 2466 380 2521 Dei
436 2468 581 2537 apud
613 2468 1025 2524 Rovecestriam
1056 2468 1401 2525 manentibus
1439 2478 1692 2539 poterant

109 2573 213 2615 esse
241 2560 589 2624 necessaria,
645 2561 832 2615 habito
878 2577 1000 2617 cum
1048 2561 1390 2631 sapientibus
1438 2560 1688 2627 consilio,

112 2647 236 2703 idem
289 2653 626 2709 venerabilis
676 2652 861 2719 Pater,
912 2654 1140 2710 collecto
1200 2654 1596 2709 monachorum
1634 2662 1692 2708 et

110 2738 407 2797 clericorum
452 2753 724 2799 conventu
765 2759 977 2800 necnon
1001 2751 1057 2799 et
1087 2745 1305 2816 copiosa
1345 2743 1693 2801 multitudine

116 2833 294 2901 plebis.
323 2851 453 2889 cum
484 2851 680 2907 magna
731 2836 1078 2893 solemnitate
1128 2836 1363 2892 accessit
1406 2837 1475 2891 ad
1513 2835 1692 2906 sepul-

118 2940 249 2981 crum
279 2929 613 2984 sauctissimi
642 2928 979 2984 confessoris
1024 2927 1273 2992 Paulini,
1303 2928 1394 2999 qui
1440 2928 1493 2984 in
1520 2928 1689 2982 veteri

120 3018 323 3073 ecclesia
352 3020 676 3075 reconditus
704 3020 920 3087 fuerat,
949 3031 1003 3077 et
1034 3023 1349 3077 thesaurum
1376 3028 1689 3076 sanctarum

121 3107 445 3179 reliquiarum
480 3110 599 3181 ejus
620 3111 674 3166 in
699 3126 893 3168 novam
923 3110 1214 3169 ecclesiam
1249 3110 1528 3167 transferri
1557 3120 1612 3166 et
1636 3112 1689 3170 in

123 3196 225 3253 loco
250 3202 505 3255 decenter
527 3203 591 3255 ad
620 3202 726 3257 hoc
749 3212 1051 3273 praeparato
1074 3202 1262 3273 reponi
1297 3201 1445 3257 fecit.
1473 3201 1695 3257 interim

123 3286 208 3341 fuit
232 3291 297 3344 ibi
328 3293 576 3363 quaedam
602 3302 854 3349 matrona
889 3294 1089 3350 mentis
1136 3303 1190 3349 et
1236 3295 1483 3366 corporis
1530 3294 1686 3351 infir—

125 3381 287 3435 mitate
309 3384 462 3454 gravi
515 3384 755 3439 detenta.
793 3384 923 3450 Quze
970 3383 1331 3456 promissione
1382 3383 1526 3441 facta
1554 3388 1697 3455 quod

123 3488 372 3543 nunquam
428 3475 664 3532 ulterius
704 3477 915 3533 crimen
959 3476 1267 3547 quoddam,
1309 3493 1417 3548 quo
1466 3479 1700 3549 turpiter

124 3567 474 3633 proritebatur,
503 3567 764 3634 iteraret,
800 3567 845 3622 si
871 3568 1161 3623 sanitatem
1192 3569 1436 3639 recipere
1478 3579 1694 3639 posset,

127 3660 311 3715 meritis
338 3661 398 3715 Β.
430 3659 641 3716 Paulini
674 3660 925 3731 sospitati
962 3658 1171 3715 reddita
1210 3670 1325 3727 est;
1354 3661 1447 3717 sed
1480 3672 1696 3732 pactum

124 3752 431 3814 promissum
460 3752 685 3807 minime
716 3751 976 3807 servavit.
1005 3750 1167 3817 Nam,
1194 3760 1252 3804 ut
1275 3751 1433 3806 rediit
1456 3752 1700 3821 corporis

125 3841 347 3910 sanitas,
393 3844 690 3900 subsecuta
733 3853 819 3899 est
863 3844 1023 3899 citius
1072 3845 1123 3898 in
1173 3845 1279 3897 vita
1330 3843 1472 3899 illius
1519 3844 1697 3899 iterati

127 3932 352 3991 criminis
375 3937 731 4007 perversitas.
773 3935 1041 4006 Tempore
1070 3935 1303 4005 denique
1329 3934 1575 4004 sequenti
1602 3951 1700 4005 pro

130 4027 530 4083 necessitatibus
558 4028 882 4098 quibusdam
903 4069 918 4092 ,
948 4027 1146 4096 quibus
1177 4027 1261 4081 vir
1295 4040 1426 4082 suus
1471 4026 1698 4096 impedi-

132 4122 205 4168 tus
232 4114 431 4184 fuerat,
483 4133 607 4173 cum
658 4117 934 4174 oblatione
968 4132 1062 4171 sua
1109 4131 1268 4185 opem
1321 4116 1507 4171 auxilii
1539 4118 1700 4172 abeo

131 4211 402 4276 quzesitura
428 4223 679 4270 sanctum
705 4214 799 4268 Dei
825 4213 978 4267 adiit.
1007 4211 1113 4266 Sed
1139 4211 1249 4277 illa,
1278 4228 1439 4282 quam
1473 4213 1701 4267 interius

130 4305 441 4361 conscientia
487 4306 661 4377 turpis
691 4305 965 4370 fwdabat,
992 4304 1042 4356 vi
1076 4304 1310 4373 quadam
1337 4303 1530 4359 divina:
1562 4304 1701 4358 indi-

133 4396 382 4461 gnationis
411 4397 572 4467 quasi
604 4396 736 4451 flatu
770 4397 1075 4453 vehementi
1105 4396 1339 4467 repulsa,
1368 4412 1489 4451 cum
1518 4404 1700 4465 spreto

1797 1893 1924 1948 tatis
1973 1894 2430 1964 perseverantiam
2496 1896 2546 1949 in
2607 1897 2893 1951 sanctitate
2926 1939 2942 1966 ,
2994 1913 3093 1979 pro
3143 1899 3372 1977 praemio

1795 1986 2101 2042 sanctitatis
2124 1987 2483 2042 teternitatom
2515 1988 2567 2042 in
2598 1989 2879 2045 felicitate.

1872 2097 1889 2131 ι
1928 2077 2008 2134 En
2040 2092 2194 2134 meus
2218 2077 2551 2146 Gundulfus,
2589 2100 2607 2131 ι
2644 2090 2749 2134 etc.

1872 2191 2178 2247 Redeamus
2222 2191 2387 2261 igitur
2421 2194 2484 2246 ad
2510 2193 2624 2250 haec
2650 2196 3112 2267 qumincmpimus
3135 2196 3201 2259 de
3230 2207 3383 2253 tanto

1793 2282 1957 2338 Patre
2003 2282 2206 2339 dicere.
2254 2282 2565 2341 Laudabilis
2618 2290 2761 2341 enim
2800 2290 2908 2342 vita
2958 2274 3090 2361 ejus
3119 2291 3375 2345 omnibus
3432 2309 3439 2315 ·

1795 2374 1966 2429 Deum
2015 2374 2386 2445 querentibus
2410 2384 2592 2445 potum
2625 2378 2863 2434 caelestis
2901 2380 3204 2436 dulcedinis
3246 2396 3377 2447 sua-

1794 2468 2015 2522 vissime
2050 2468 2472 2538 propinat.D.tas
2501 2468 2738 2542 denique
2774 2472 3002 2543 singulis
3036 2473 3149 2528 fere
3187 2474 3378 2529 diebus

1796 2558 2076 2615 celebrare
2106 2560 2297 2615 solitus
2341 2573 2460 2618 erat
2510 2563 2737 2627 missas,
2775 2580 2910 2633 quas
2968 2566 3112 2619 inter
3160 2565 3378 2619 oculqu

1799 2649 1888 2704 vix
1940 2650 2134 2706 sudmn
2182 2652 2433 2706 habebat.
2481 2653 2715 2708 Primam
2755 2655 2970 2724 quidem
2997 2655 3065 2709 de
3092 2640 3378 2721 Domiulca

1796 2748 1891 2793 aut
1920 2738 1988 2795 de
2015 2737 2547 2798 Commemoratione
2575 2742 2633 2797 Β.
2668 2742 2872 2809 Mariae,
2899 2744 2982 2798 vel
3010 2743 3074 2797 Β.
3106 2744 3341 2800 Andreae
3364 2783 3379 2819 ρ

1798 2838 1896 2885 aut
1946 2828 2176 2900 alicujus
2216 2833 2389 2887 sancti
2441 2832 2595 2902 cujus
2634 2841 2949 2888 memoriam
2980 2835 3267 2904 specialius
3298 2852 3384 2895 re-

1799 2920 2042 2985 colebat,
2077 2922 2195 2978 sive
2242 2939 2341 2994 pro
2395 2922 2758 2980 familiaribus
2814 2926 3033 2990 amicis;
3089 2927 3383 2982 secundam

1798 3025 1948 3079 vero,
1975 3026 2074 3082 pro
2106 3012 2404 3078 Defunetis,
2435 3016 2501 3068 ad
2531 3031 2692 3085 quam
2720 3015 2923 3070 nullum
2956 3023 3154 3086 praeter
3195 3031 3382 3072 mona-

1803 3105 1937 3163 chos
1966 3122 2094 3162 suos
2124 3116 2179 3162 et
2225 3108 2437 3178 aliquos
2465 3123 2660 3178 pueros
2687 3110 2876 3164 adesse
2916 3108 3130 3181 volebat
3173 3111 3383 3166 caeteris

1805 3198 2198 3255 recedentibus.
2239 3200 2375 3255 Cum
2400 3209 2579 3254 autem
2609 3200 2663 3255 in
2692 3200 2955 3255 directum
2985 3201 3189 3271 absque
3218 3210 3384 3263 cantu

1804 3305 1978 3362 usque
2005 3302 2127 3363 post
2167 3291 2536 3363 Evangelium,
2578 3292 2720 3363 quod
2761 3291 2874 3371 ipse
2913 3291 3153 3363 legebat,
3195 3292 3384 3347 eadem

1804 3384 1971 3440 missa
2000 3384 2304 3450 diceretur,
2350 3386 2497 3441 dicto
2544 3384 2801 3440 Dominus
2829 3386 3092 3441 vobiscum
3115 3425 3131 3450 ,
3169 3384 3385 3441 excelsa

1804 3483 1937 3524 voce
1963 3469 2179 3525 dicebat
2209 3470 2453 3526 Oremus.
2487 3470 2685 3525 Statim
2714 3470 3184 3540 subsequebantur
3212 3471 3387 3539 pueri,

1790 3558 2081 3637 ‘dulcisona
2107 3560 2475 3617 modulatione
2500 3570 2785 3615 cantantes
2808 3560 3141 3616 oﬂ‘erendam
3164 3559 3387 3614 Domine

1800 3648 1929 3705 1m
1956 3649 2183 3719 Christe,
2208 3652 2322 3707 sive
2350 3652 2394 3708 0
2430 3655 2514 3723 pie
2554 3653 2713 3708 Deus.
2752 3653 2874 3723 Ipse
2897 3668 3025 3708 vero
3069 3652 3283 3707 interim
3334 3651 3387 3705 in

1801 3742 1954 3797 sedili
1978 3759 2076 3798 suo
2096 3744 2308 3809 sedens,
2325 3755 2378 3801 et
2401 3746 2670 3801 dulcedini
2690 3758 2883 3801 cantus
2907 3747 3217 3812 intendens,
3242 3752 3387 3799 totus

1801 3830 1855 3886 in
1881 3830 2154 3904 lacrymas
2194 3835 2478 3891 suavitatis
2500 3835 2593 3890 Dei
2627 3836 2959 3902 solvebatur,
2985 3845 3039 3892 et
3072 3836 3125 3890 in
3147 3850 3387 3890 amorem

1801 3924 2042 3980 caelestis
2088 3926 2277 3996 patriae
2326 3928 2567 3981 animum
2611 3929 2801 3998 ligens,
2823 3926 3023 3982 erectis
3081 3925 3148 3980 ad
3190 3924 3389 3982 coelum

1800 4015 2099 4079 luminibus
2150 4019 2430 4089 plusquam
2482 4020 2665 4075 dicere
2701 4019 2896 4089 aliquis
2928 4018 3099 4089 possit
3140 4033 3391 4088 superna:

1796 4109 2152 4179 jucunditatis
2178 4110 2373 4180 pabulo
2405 4112 2630 4167 mirifice
2672 4111 2976 4167 fovebatur.
3009 4110 3076 4165 Et
3106 4110 3222 4166 haec
3250 4126 3385 4181 pro-

1800 4203 1964 4259 lixius
1987 4218 2172 4274 agens,
2201 4204 2417 4258 demum
2454 4206 2731 4276 surgebat,
2772 4213 2826 4260 et
2855 4207 2998 4276 quod
3044 4206 3283 4263 restabat
3321 4205 3392 4260 de

1803 4298 1968 4351 missa
1998 4298 2359 4367 persolvebat.
2391 4297 2486 4352 llis
2515 4310 2690 4353 alitem
2719 4298 2977 4369 expletis,
3022 4300 3198 4356 locum
3242 4308 3393 4369 pete-

1801 4385 1896 4440 bat
1940 4396 2207 4442 secretum
2235 4429 2248 4453 ,
2285 4388 2534 4444 maeroris
2575 4390 2843 4455 amicum,
2891 4392 3230 4446 orationibus
3271 4390 3393 4442 suis

134 4497 333 4541 munere
378 4490 606 4542 multum
637 4489 943 4542 verecunda
976 4489 1195 4543 domum
1246 4486 1437 4552 rediit,
1486 4495 1542 4541 et
1592 4502 1697 4540 non
1734 4478 2499 4582 Dspecialiter“deptllalllttto
2560 4479 2803 4582 llatbcbat
2946 4482 3200 4537 omnibus
3246 4478 3391 4532 Villis

134 4574 283 4626 nutlto
310 4585 449 4646 post,
480 4577 738 4648 languore
762 4578 912 4645 gravi
937 4592 1218 4649 percussa,
1244 4576 1535 4632 infeliciter
1557 4577 1699 4631 diem

138 4671 468 4733 exspectabat
494 4679 821 4740 extremum.
851 4671 959 4725 Sed
992 4670 1111 4739 pius
1143 4669 1427 4730 Dominus,
1459 4670 1551 4740 qtti
1582 4671 1702 4723 nul.

138 4749 235 4806 lum
275 4759 509 4826 spernit,
537 4758 745 4813 nullum
784 4738 813 4812 a
852 4759 1227 4816 misericordia
1277 4776 1375 4815 sua
1417 4759 1657 4815 excludit
1683 4803 1697 4826 ,

139 4840 399 4912 inspiravit
431 4850 481 4902 ei
513 4850 745 4919 gratiam
772 4866 966 4913 suam;
999 4862 1054 4905 et
1086 4852 1349 4906 advocato
1393 4852 1459 4905 ad
1507 4867 1567 4906 se
1606 4867 1697 4907 ve-

141 4936 346 4996 nerabili
375 4938 648 4995 Guudulfo
686 4940 942 5011 episcopo
972 4954 1070 5012 per
1108 4940 1365 5017 humilem
1413 4940 1704 4996 confessio-

141 5038 249 5083 nem
274 5040 448 5085 reatus
482 5032 565 5087 sni
594 5032 980 5101 turpitudinem
1004 5033 1212 5113 pandit,
1242 5034 1699 5102 perseverantiam

143 5120 518 5180 emendationis
550 5126 813 5195 integram
846 5126 900 5178 in
926 5124 1033 5183 vita
1065 5139 1163 5181 sua
1197 5138 1262 5179 ex
1300 5139 1495 5195 magna
1523 5125 1702 5179 cordis

144 5215 447 5273 contritione
474 5220 765 5290 promittit.
797 5218 937 5287 Quid
969 5218 1158 5290 plura?
1185 5218 1242 5275 in
1293 5219 1398 5276 bac
1438 5218 1701 5290 pollicita—

147 5300 277 5360 tione
298 5324 327 5362 a
350 5311 437 5379 pio
463 5311 722 5382 pontifice
747 5312 865 5368 ovis
900 5311 1146 5366 morbida
1178 5312 1459 5381 recipitur,
1490 5309 1702 5363 antido-

147 5402 245 5448 tum
273 5400 498 5460 salubris
538 5405 869 5471 pmuitentia:
896 5403 1205 5467 adhibetur,
1257 5414 1312 5459 et
1356 5404 1436 5459 sic
1482 5404 1700 5457 demum

151 5486 366 5548 Perfecta
398 5496 630 5548 sanitate
665 5503 910 5566 recepta,
942 5508 1063 5548 cum
1092 5493 1365 5547 oblatione
1386 5507 1479 5555 sua
1511 5499 1704 5546 sancto

154 5572 233 5630 Dei
264 5578 472 5641 Paulino
522 5586 801 5641 humiliter
850 5600 907 5641 se
959 5587 1341 5657 prccsentaVil.
1394 5585 1703 5654 ωεηιῖειιιιυ

222 5760 288 5830 (ϐ)
318 5762 495 5823 Exstat
532 5768 675 5823 inter
700 5764 939 5824 A-nsclmi
970 5762 1240 5835 epistolas,
1267 5762 1358 5820 lib.
1397 5778 1434 5832 ι,
1462 5778 1546 5836 cp.
1582 5763 1668 5818 69.

1803 4570 1936 4637 suis,
1972 4571 2023 4626 in
2053 4572 2249 4643 quibus
2280 4588 2499 4627 manere
2526 4573 2757 4637 solebat,
2797 4573 3042 4628 celluram
3069 4581 3390 4635 oratoriam,

1808 4665 1898 4719 ubi
1944 4682 2069 4722 cum
2126 4666 2251 4722 illuc
2299 4669 2551 4731 veniret,
2582 4666 2945 4721 cubicularius
2989 4665 3104 4735 ejus
3145 4660 3391 4717 libellum

1805 4757 2115 4813 orationum
2145 4758 2263 4829 ejus
2302 4760 2556 4827 ponebat.
2602 4758 2677 4814 lbi
2722 4774 2850 4829 ergo
2877 4757 2965 4811 ditt
3012 4756 3247 4817 orationi
3296 4770 3393 4809 va-

1807 4850 1986 4915 cabat,
2033 4850 2174 4906 sicut
2219 4860 2275 4904 et
2328 4859 2454 4905 ante
2501 4850 2696 4905 missas
2750 4848 2985 4912 fecerat,
3034 4862 3133 4902 nec
3177 4847 3244 4901 ab
3290 4846 3393 4901 hac

1806 4941 1996 4993 orandi
2048 4940 2162 4995 sive
2190 4940 2383 4995 missas
2408 4940 2718 4995 celebrandi
2751 4938 3119 4994 vicissitudine
3161 4952 3389 5006 usquam

1811 5030 1896 5085 vel
1958 5047 2193 5099 unquam
2238 5033 2507 5086 cessabat.
2564 5030 2833 5085 Praeterea
2878 5027 3213 5083 consuetudo
3270 5027 3392 5099 ejus

1810 5129 1959 5183 erat,
2006 5120 2223 5188 quando
2274 5120 2511 5191 aliquam
2561 5134 2781 5174 suavem
2829 5116 3248 5173 modulationem
3298 5125 3393 5171 aut

1810 5211 2045 5266 sonitum
2088 5208 2317 5279 alicujus
2373 5209 2603 5265 dulciter
2640 5210 2883 5264 sonantis
2943 5222 3221 5279 campanae
3269 5209 3386 5263 sive

1811 5304 2015 5373 aliquid
2067 5303 2370 5373 hujusmodi
2426 5302 2710 5375 [audiret],
2760 5302 2945 5357 statim
3014 5316 3081 5356 ex
3123 5301 3394 5370 profundo

1810 5396 1992 5452 cordis
2018 5395 2127 5450 alte
2154 5394 2435 5464 suspirans
2470 5393 2686 5448 dicebat
2720 5407 2736 5447 :
2772 5391 2816 5447 Ο
2846 5400 3101 5463 quantum
3146 5401 3220 5445 est
3267 5408 3397 5458 qau-

1815 5490 1963 5543 dium
1988 5490 2041 5542 in
2072 5486 2237 5553 caelis,
2278 5487 2367 5539 ubi
2411 5485 2529 5540 laus
2570 5485 2667 5540 Dei
2704 5486 2904 5557 jugtter
2944 5486 3056 5540 sine
3110 5484 3399 5554 ollemione

1816 5580 2133 5637 wternaliter
2161 5578 2419 5633 auditur!
2452 5576 2676 5644 Quando
2705 5578 2934 5634 humana
2965 5592 3151 5631 manus
3180 5574 3253 5629 re!
3295 5573 3395 5627 (in.

1888 5764 1964 5833 (7)
1997 5762 2182 5819 Exstat
2214 5760 2408 5817 ibidem
2435 5760 2525 5816 lib.
2563 5776 2598 5825 I,
2623 5774 2706 5830 ep.
2731 5760 2820 5814 3'5.
