3870 6304
497 319 602 376 823

503 449 609 502 gua
634 442 793 487 tantte
816 431 1117 487 sonoritotis
1137 429 1535 485 consonantiam
1560 421 1655 482 sub
1684 428 1890 500 ingenio
1910 427 2086 498 expri-

497 541 641 579 mere
662 526 861 595 potest!
885 523 1010 580 Haec
1030 524 1137 580 ille.
1166 524 1368 578 Deinde
1392 522 1668 586 velociter,
1701 523 1745 577 si
1771 523 1823 576 in
1867 532 2080 578 secreto

495 613 834 682 locoesset,
882 623 1113 672 assuetae
1139 614 1571 687 eompunctionis
1599 613 1842 685 regulam
1886 629 2082 685 seque-

432 774 440 784 _
497 705 681 763 batur.
1865 748 1870 752 .

570 797 639 854 Et
675 797 802 868 quid
853 799 1390 868 dicemus?'Quanta
1435 809 1556 856 erat
1603 800 1654 856 ei
1699 813 1832 870 pura
1884 807 2083 855 sancta:

494 893 867 950 venerationis
925 893 1232 951 sollicitudo
1281 895 1336 950 in
1391 894 1662 949 audiendo
1717 893 1802 948 vel
1855 893 2083 948 dicendo

496 984 782 1040 servitium
807 984 1040 1041 Domini.
1066 985 1231 1052 Raro,
1253 985 1470 1056 quando
1489 985 1768 1049 dicebatur
1786 985 2080 1039 secundum

496 1076 1182 1146 nocturnum,.sedebat,
1241 1077 1342 1131 nisi
1409 1075 1696 1131 inﬁrmitas
1754 1074 1937 1145 gravis
1990 1083 2084 1127 aut

496 1165 762 1222 lassitudo
788 1167 955 1222 multa
979 1168 1274 1236 coegisset;
1302 1177 1356 1221 et
1384 1167 1656 1232 similiter,
1683 1175 1969 1236 postquam
1997 1164 2083 1219 in-

497 1254 775 1324 cipiebant.
815 1257 1000 1312 dicere
1030 1255 1272 1312 Laudato
1318 1257 1603 1312 Dominum
1632 1257 1696 1310 de
1735 1255 1877 1310 caelis
1915 1263 2087 1324 usdue

449 1335 452 1339 ’
495 1345 555 1402 in
585 1348 746 1403 llnem
775 1349 1188 1417 matutinorum,
1224 1359 1278 1406 et
1327 1351 1429 1405 hoc
1468 1349 1611 1404 idem
1644 1349 1698 1403 in
1745 1347 1994 1403 laudibus
2019 1347 2110 1404 de

497 1437 754 1494 omnibus
776 1440 998 1496 sanctis.
1023 1439 1158 1496 Cum
1181 1449 1381 1511 quanta
1409 1440 1573 1496 etiam
1602 1440 1785 1496 cordis
1807 1439 2085 1511 diligentia

497 1537 558 1584 et
582 1527 794 1584 fervore
823 1530 986 1585 divini
1017 1531 1220 1586 amoris
1250 1531 1525 1588 recolebat
1552 1532 1870 1586 memoriam
1899 1530 2084 1585 Domi-

495 1617 638 1674 nicm
666 1620 966 1689 passionis?
993 1621 1144 1677 Hanc
1187 1622 1404 1678 assidue
1455 1621 1726 1679 retinebat
1779 1623 1832 1677 in
1880 1632 2084 1677 mente.

495 1705 652 1766 Hanc
680 1709 1014 1776 imitabatur,
1050 1711 1290 1784 allligens
1327 1722 1382 1769 et
1407 1713 1636 1769 domans
1665 1730 1887 1770 carnem
1929 1729 2084 1769 suam

493 1796 713 1869 jejuniis
741 1799 927 1856 multis
963 1809 1020 1857 et
1062 1801 1338 1858 interdum
1381 1805 1496 1859 acri
1524 1803 1810 1860 verberum
1841 1819 2087 1860 macera-

494 1889 664 1946 tione.
695 1891 919 1947 Dicebat
965 1891 1132 1948 etiam
1179 1895 1378 1951 nobis:
1414 1895 1554 1962 Quid
1593 1896 1853 1966 facimus,
1896 1897 2084 1966 fratres

492 1981 640 2036 mei?
672 1981 812 2048 Quid
842 1984 1104 2051 dicemus,
1146 2003 1265 2042 cum
1313 1989 1507 2042 venerit
1554 1988 1850 2043 Dominus?
1877 1989 2086 2043 Scimus

495 2083 634 2128 certe
678 2073 818 2142 quod
860 2073 1114 2132 Dominus
1151 2087 1327 2132 noster
1359 2079 1516 2134 Jesus
1569 2077 1809 2134 Christus
1855 2096 1921 2134 ea:
1970 2078 2087 2133 sola

493 2161 707 2236 pietatis
742 2179 854 2218 sua:
903 2165 1264 2221 misericordia
1305 2167 1464 2223 nullis
1515 2170 1708 2222 nostris
1737 2168 2086 2239 prwcedenti-

497 2251 594 2307 bus
618 2253 838 2321 meritis,
861 2270 953 2324 per
990 2256 1286 2325 passionem
1316 2258 1484 2312 crucis
1511 2274 1543 2312 a
1578 2268 1740 2312 morte
1761 2268 1956 2312 artemo
1993 2274 2087 2312 nos

494 2345 736 2399 redemit.
767 2344 884 2400 Hoc
914 2345 1001 2400 ille
1047 2348 1192 2402 nobis
1224 2365 1242 2402 :
1283 2359 1329 2403 et
1361 2365 1476 2413 nos,
1503 2351 1629 2420 quid
1677 2349 1801 2404 illi?
1837 2350 1981 2416 Quas
2013 2353 2090 2406 vi-

497 2452 586 2516 ses
622 2437 756 2491 tanti
786 2437 999 2492 honoris
1029 2438 1113 2492 illi
1140 2441 1631 2511 recompensamus?
1675 2439 1903 2496 Vulnera
1935 2443 2088 2513 quin-

497 2542 602 2597 que
627 2543 724 2597 pro
769 2527 916 2581 nobis
943 2529 1171 2582 moriens
1191 2530 1426 2601 pertulit,
1457 2531 1728 2602 quinquies
1770 2541 1818 2586 et
1867 2548 1961 2586 nos
1989 2533 2104 2596 hoc

496 2618 802 2675 dulcissime
838 2620 892 2674 in
929 2623 1181 2676 memoria
1229 2624 1402 2679 cordis
1438 2624 1711 2679 recolendo
1731 2625 1964 2694 quotidie
1989 2627 2086 2695 [le-

496 2726 558 2766 re
595 2711 920 2792 deberemus.
969 2710 1040 2766 Et
1068 2752 1084 2778 ,
1139 2715 1187 2768 si
1231 2732 1328 2785 pro
1379 2715 1668 2788 fragilitate
1723 2727 2085 2790 nostro,vqute

495 2821 595 2862 nos
616 2807 974 2878 multipliciter
993 2811 1303 2880 corrumpit,
1338 2811 1486 2864 toties
1509 2826 1612 2864 non
1640 2825 1940 2880 possumus,
1971 2810 2085 2866 sal-

497 2909 600 2956 tem
628 2901 697 2955 ad
721 2903 916 2969 minus,
951 2905 1007 2958 in
1037 2903 1529 2958 commemoratione
1552 2901 1717 2969 illius,
1745 2903 1972 2975 quinque
2000 2904 2082 2959 la-

497 3008 709 3063 crymas
751 3011 846 3064 per
880 2994 1116 3064 singulos
1146 2994 1256 3050 dies
1296 2993 1606 3065 fundamus.

571 3083 629 3140 ln
655 3085 776 3141 istis
796 3085 1098 3142 laudandus
1120 3085 1364 3156 pontifex
1393 3086 1627 3142 ducebat
1656 3085 1775 3144 dies
1803 3103 1949 3146 suos.
1975 3089 2082 3145 Pro

491 3174 585 3232 his
611 3190 744 3247 ergo
791 3176 1044 3232 omnibus
1083 3177 1452 3244 admirabilis,
1487 3182 1742 3238 omnibus
1780 3180 2083 3236 habebatur

441 3273 443 3275 ’
497 3269 772 3326 amabilis.
830 3269 1042 3324 Dabaut
1093 3269 1144 3326 ei
1195 3269 1364 3324 multa
1415 3272 1617 3338 multi,
1661 3273 1754 3328 sed
1812 3281 1868 3328 ct
1914 3272 2084 3327 multa

497 3361 665 3418 dabat
689 3370 744 3416 et
785 3361 903 3432 ipse
932 3361 1141 3418 multis.
1172 3361 1376 3432 Majora
1416 3373 1595 3420 tamen
1619 3365 1944 3435 quandoque
1982 3365 2085 3419 mi-

493 3451 728 3522 noribus
757 3467 855 3522 pro
901 3454 1326 3521 necessitudine,
1363 3456 1577 3512 minora
1623 3472 1753 3513 vero
1785 3457 2088 3527 majoribus

492 3556 600 3614 pro
633 3543 998 3602 charitudine.
1037 3544 1276 3604 Minores
1301 3547 1570 3619 siquidem
1599 3546 1719 3619 ejus
1749 3564 1971 3604 munere
1998 3549 2083 3605 di-

494 3636 692 3705 tiores,
709 3635 950 3707 majores
978 3655 1110 3696 vero
1131 3654 1189 3696 se
1216 3641 1335 3699 fore
1361 3643 1654 3699 credebant
1680 3644 1928 3700 tutiores.
1954 3643 2086 3712 Quis

493 3728 652 3786 enim»
693 3730 956 3791 annulum
1002 3733 1089 3787 vel
1143 3748 1373 3803 parvum
1429 3733 1529 3790 sibi
1590 3735 1660 3791 ab
1709 3750 1775 3792 eo
1825 3736 2082 3792 collatum

494 3817 664 3888 digito
704 3820 971 3890 portavit,
1019 3829 1076 3877 et
1107 3836 1166 3880 se
1210 3822 1462 3880 tutiorem
1508 3839 1614 3880 non
1655 3839 1774 3882 esse
1812 3826 2085 3882 credidit?

494 3908 632 3977 Quis
677 3924 740 3966 se
768 3909 918 3968 illius
951 3912 1294 3970 orationibus
1332 3915 1756 3982 commendavit,
1791 3925 1848 3972 et
1879 3932 1986 3973 non
2016 3916 2083 3972 ab

491 4013 560 4056 eo
586 4016 815 4080 securus
841 4003 1144 4082 abscessit?

565 4091 912 4153 Lanl'rancus
945 4097 1110 4169 igitur
1138 4096 1230 4153 Dei
1273 4112 1489 4154 servum
1520 4099 1817 4155 virtutibus
1855 4099 2084 4156 audiens

491 4198 846 4244 succrescere
908 4188 1076 4244 tantis
1105 4199 1160 4244 et
1201 4189 1270 4244 de
1310 4189 1427 4260 ejus
1463 4190 1752 4248 sanctitate
1787 4190 1986 4246 famam
2013 4193 2080 4247 ad

491 4289 668 4345 usque
708 4277 888 4332 sidera
916 4277 1062 4344 tolli,
1097 4279 1293 4350 gaudio
1330 4279 1644 4352 replebatur
1691 4297 1798 4337 non
1840 4283 2079 4348 modico,

495 4367 643 4438 quod
696 4368 765 4423 de
804 4369 922 4439 ejus
970 4370 1323 4427 contubernio
1369 4381 1576 4428 tantum
1633 4373 1878 4430 ecclesia:
1915 4375 2082 4432 decus

490 4457 900 4530 processisset,
952 4459 1175 4530 ejusque
1233 4461 1303 4517 ad
1366 4477 1425 4518 se
1479 4463 1676 4534 saepius
1727 4467 1936 4523 evocati
1992 4465 2080 4523 vel

491 4559 692 4624 sponte
753 4553 1025 4610 venientis
1071 4553 1248 4620 libens
1304 4552 1590 4611 fruebatur
1635 4557 1924 4628 colloquio.
1977 4559 2078 4615 Vix

491 4654 677 4702 autem
713 4659 838 4702 eum
893 4646 1210 4704 remittebat
1247 4661 1512 4717 vacuum;
1555 4648 1652 4705 sed
1684 4665 1834 4706 nunc
1870 4652 2078 4723 cappis,

488 4751 639 4793 nunc
672 4737 1018 4794 candelabris
1051 4739 1335 4810 pretiosis,
1376 4755 1522 4796 nunc
1565 4739 1687 4797 aliis
1721 4741 2080 4802 ecclesiastici

489 4829 706 4887 decoris
741 4831 1080 4888 ornamentis
1112 4834 1394 4888 donatum.
1425 4833 1731 4905 Aliquando
1768 4851 1922 4906 vero,
1953 4852 2078 4894 cum

492 4934 618 4978 eum
660 4937 900 4979 vacuum
953 4924 1252 4982 dimisisset
1287 4934 1344 4981 et
1387 4926 1459 4983 ob
1488 4926 1593 4983 hoc
1630 4936 1962 4986 commotum
2015 4930 2084 4985 ti-

491 5024 696 5072 meret:
731 5015 932 5083 Timeo,
955 5017 1034 5072 ait
1063 5018 1197 5084 suis,
1227 5034 1291 5074 ne
1323 5035 1357 5076 α
1382 5019 1529 5074 nobis
1553 5020 1826 5090 episcopus
1851 5038 2082 5078 commo-

491 5115 577 5160 tus
607 5107 928 5165 discesserit.
960 5108 1177 5180 Aliquid
1207 5109 1383 5180 itaque
1403 5119 1478 5166 est
1507 5111 1556 5165 ei
1582 5112 1912 5180 mittendum,
1939 5115 2080 5185 quod

485 5196 570 5252 illi
599 5213 710 5252 esse
735 5200 897 5266 possit
926 5210 1215 5272 acceptum.
1255 5199 1470 5258 Paratis
1499 5202 1665 5273 igitur
1705 5205 1918 5276 magnis
1959 5205 2083 5276 qui—

487 5291 722 5348 busdam
755 5294 935 5361 donis,
959 5303 1157 5352 ornatu
1185 5295 1430 5351 ecclesiae
1454 5295 1654 5367 dignis,
1677 5296 1725 5354 ei
1754 5297 2082 5379 acceleravit

488 5383 890 5448 transmittere,
946 5386 1214 5442 mandans
1259 5385 1537 5443 humiliter
1585 5395 1648 5442 ut
1681 5386 1743 5442 Β.
1777 5388 2076 5456 Andream,

486 5472 645 5542 cujus
673 5473 908 5531 vicarius
953 5486 1092 5542 erat,
1123 5491 1225 5547 pro
1266 5492 1332 5534 eo
1365 5478 1685 5549 dignaretur
1736 5493 1917 5536 orare.
1965 5479 2080 5537 Ma-

485 5580 652 5636 gnam
698 5565 970 5638 siquidem
1009 5568 1064 5624 in
1097 5568 1342 5639 apostolo
1388 5568 1481 5624 illo
1517 5569 1754 5627 habebat
1795 5569 2073 5638 ﬁduciam,

485 5658 622 5714 adeo
665 5667 744 5726 ut,
785 5673 908 5715 cum
934 5674 1032 5730 per
1061 5659 1374 5729 episcOpum
1397 5659 1578 5728 aliqua
1621 5659 1760 5716 dona
1805 5661 2075 5732 praecipua

487 5748 774 5817 mitteret,
835 5764 958 5807 eum
1016 5749 1241 5820 supplex
1301 5759 1573 5820 exoraret,
1612 5759 1672 5808 ut
1723 5761 1849 5810 ante
1902 5752 2075 5810 altare

1577 315 1928 373 GUNDULFI
1963 315 2344 372 ROFFENSIS
2382 313 2686 374 EPISCOPI

3619 324 3692 381 ὅθι

2112 433 2162 491 Α
2191 423 2431 496 ejusdem
2478 427 2705 497 apostoli
2751 426 3056 484 orationem
3103 428 3268 484 semel
3300 428 3598 487 Dominicatn
3623 449 3695 503 pro

2187 533 2252 573 eo
2283 528 2554 575 cantaret.
2583 518 2887 579 {Ditabatur
2907 520 3091 590 itaque
3121 521 3277 575 valde
3305 521 3550 579 Roﬁ'ensis
3569 530 3696 582 eet-le

2186 610 2266 665 sia
2299 619 2412 666 tum
2447 612 2720 683 praecipue
2741 612 2913 683 ipsius
2938 613 3343 684 archiprtesulis
3369 614 3532 683 donis,
3553 626 3640 671 tam
3659 631 3697 674 et

2186 702 2416 760 aliorum
2442 703 2806 759 oblationibus
2837 703 3041 761 multis.

2257 794 2394 849 Cum
2443 803 2626 852 autem
2659 797 3006 867 postmodum
3040 807 3117 852 tot
3158 806 3306 853 esset
3340 799 3700 868 possessionibus

2185 886 2355 942 ditata
2387 897 2447 942 ut
2487 903 2676 943 earum
2726 894 2856 959 pars
2895 889 3113 959 quidem
3152 890 3436 960 episcopo,
3481 906 3588 960 pars
3608 909 3700 948 vero

2188 980 2470 1035 monachis
2510 979 2760 1036 sufﬁcere
2788 992 2989 1052 posset,
3029 981 3232 1052 placuit
3260 981 3522 1050 episcopo,
3553 984 3700 1050 placuit

2185 1078 2242 1124 et
2275 1068 2588 1126 Laufrauco
2627 1079 2688 1126 ut
2721 1071 3012 1142 episcopus
3066 1087 3155 1127 res
3199 1087 3331 1127 suas
3358 1072 3581 1138 seomit,
3623 1091 3702 1126 rte-

2187 1162 2348 1217 nachi
2373 1177 2504 1218 vero
2533 1171 2588 1218 et
2621 1164 2722 1233 ipsi
2761 1165 3138 1235 possessiones
3163 1179 3293 1219 suas
3335 1163 3700 1219 ltabcrcntseor-

2186 1257 2310 1310 sim.
2347 1256 2458 1310 lloc
2498 1265 2676 1312 autem
2707 1257 2829 1312 ideo
2875 1257 3110 1312 maxime
3149 1256 3361 1311 factum
3395 1267 3492 1319 est,
3534 1272 3589 1311 ne
3616 1259 3701 1326 quis

2186 1348 2472 1417 episcopus
2488 1358 2884 1418 superventuro
2911 1359 3152 1418 tempore
3173 1355 3343 1411 esset,
3369 1348 3456 1415 qui
3478 1350 3701 1401 monachos

2187 1455 2293 1494 non
2326 1439 2462 1494 adeo
2509 1438 2758 1510 diligens,
2791 1453 2878 1494 res
2924 1439 3006 1494 eis
3039 1439 3240 1494 divisas
3283 1437 3519 1492 minuere
3555 1449 3700 1509 posset.

2188 1530 2323 1597 Quia
2375 1544 2506 1584 vero
2559 1529 2813 1584 monachi
2864 1529 3152 1600 pluribus,
3205 1536 3396 1598 utpote
3434 1528 3534 1598 jam
3575 1530 3698 1592 ntulti,

2189 1622 2528 1693 indigebant,
2573 1630 2684 1676 tum
2714 1621 2932 1692 quidem
2969 1635 3068 1692 pro
3095 1635 3290 1676 eorum
3319 1620 3488 1674 victus
3528 1622 3703 1674 necessi-

2191 1714 2376 1769 tudine
2421 1720 2478 1768 et
2523 1713 2779 1779 vestitus,
2823 1720 2934 1767 tum
2992 1727 3124 1767 vero
3153 1728 3257 1782 pro
3299 1713 3552 1782 hospitum
3579 1728 3702 1765 suae

2119 1797 2162 1851 B
2187 1806 2395 1875 ptione,
2435 1804 2714 1876 sapienter
2754 1820 2945 1860 rursus
2977 1805 3259 1873 provisum
3308 1814 3392 1859 est
3427 1813 3481 1857 ut
3518 1804 3700 1859 monachi

2187 1897 2344 1966 plura
2369 1939 2386 1964 ,
2417 1897 2724 1967 'episcopus
2773 1911 2902 1952 vero
2953 1897 3258 1966 possideret
3307 1896 3562 1966 paucion‘a.
3613 1896 3708 1961 Qua

2189 2003 2315 2044 vero
2362 1987 2515 2058 plura
2564 1987 2676 2042 sint
2720 1986 2833 2054 illa,
2884 1986 3017 2041 satis
3047 1986 3290 2041 evidenti
3339 1985 3615 2040 distinctum
3645 1995 3703 2038 est

2188 2078 2378 2135 charta
2409 2078 2468 2132 in
2501 2076 2735 2133 ecclesia
2766 2075 3007 2132 Roﬂensi
3042 2076 3311 2146 reposita,
3351 2090 3522 2144 regunt
3554 2084 3702 2141 etpro-

2188 2185 2373 2226 cerum
2425 2183 2527 2224 nec
2557 2185 2662 2225 non
2695 2179 2750 2224 et
2792 2169 3172 2240 episcoporum
3226 2167 3432 2237 Anglia:
3453 2168 3702 2220 auctoritate

2187 2263 2529 2321 conﬁrmata.
2559 2263 2673 2320 Hoc
2702 2263 2850 2319 enim
2881 2261 2950 2316 ab
2979 2262 3238 2317 omnibus
3262 2259 3502 2318 obtinere
3525 2258 3618 2312 viro
3639 2259 3698 2312 Dei

2187 2356 2509 2413 facillimum
2547 2356 2667 2412 fuit.
2697 2355 2833 2410 Nam
2865 2354 3045 2409 nullus
3076 2369 3266 2424 regum
3299 2351 3416 2421 ejus
3445 2351 3701 2422 temporibus

2188 2448 2244 2503 in
2275 2449 2467 2520 Anglia
2501 2446 2760 2519 regnandi
2789 2453 3110 2516 potestatem
3143 2444 3360 2508 habuit,
3384 2444 3469 2514 qui
3497 2458 3585 2496 non
3615 2458 3699 2496 eum

2187 2538 2465 2594 oﬂ‘endere
2501 2539 2790 2594 timuisset.

2259 2630 2525 2690 Defuncto
2581 2632 2750 2704 igitur
2788 2631 2931 2702 apud
2987 2629 3391 2699 Rothomagum
3443 2627 3700 2680 nobiliss’mo

2186 2741 2314 2798 rege
2339 2725 2634 2798 Anglorum
2663 2723 2957 2790 Willelmo,
2996 2722 3272 2778 successit
3311 2721 3450 2776 ﬁlius
3473 2718 3571 2788 ejus
3599 2717 3702 2773 Guil-

2185 2820 2383 2876 lelmns
2434 2820 2488 2874 in
2545 2832 2793 2889 regnum.
2826 2815 2928 2870 llic
2956 2825 3185 2886 accepto
3220 2829 3389 2885 regno
3438 2829 3545 2868 cum
3572 2811 3701 2864 multis

2185 2912 2255 2967 ob
2282 2911 2530 2968 insolitas
2555 2908 2818 2980 quasdam
2865 2907 3248 2963 infestationes
3273 2915 3330 2960 et
3370 2919 3536 2959 rerum
3563 2902 3700 2956 multa-

2187 3018 2306 3057 rum
2341 3002 2665 3074 gravedines
2697 3015 2962 3058 onerosus
2993 3009 3049 3054 et
3089 2997 3276 3052 minus
3316 2998 3544 3053 amabilis
3581 3005 3698 3058 esset,

2189 3094 2336 3149 hunc
2376 3108 2488 3163 prae
2541 3091 2795 3148 omnibus
2851 3092 3120 3163 episcopis
3170 3090 3503 3146 venerationi
3546 3087 3700 3146 habuit.

2188 3183 2418 3237 audiens
2448 3181 2743 3237 multorum
2782 3165 3050 3236 relatione
3093 3181 3268 3236 vitam
3310 3179 3527 3236 hominis
3561 3177 3631 3232 Dei
3665 3177 3700 3228 in

2187 3273 2368 3328 studio
2392 3287 2639 3343 supernae
2668 3271 2974 3327 dilectionis
3004 3272 3094 3327 diu
3131 3287 3260 3327 esse
3300 3271 3580 3342 probatam.
3609 3265 3699 3320 Etsi

2190 3364 2330 3420 alias
2380 3363 2708 3434 quibusdam
2759 3364 3001 3434 angariis
3043 3363 3408 3435 perturbavit,
3449 3360 3576 3416 Patri
3599 3357 3700 3413 Gun-

2188 3457 2335 3513 dullo
2378 3466 2434 3513 et
2481 3456 2729 3513 ecclesiae
2795 3456 3037 3512 Rolfensi
3103 3457 3366 3512 omnibus
3409 3453 3575 3510 diebus
3623 3450 3700 3504 suis

2186 3551 2422 3620 benigne
2444 3550 2706 3622 pepercit.
2731 3549 2796 3605 Et
2819 3565 2926 3604 non
2950 3549 3123 3605 solum
3146 3548 3410 3620 pepercit,
3435 3545 3518 3602 scd
3535 3555 3579 3600 et
3597 3542 3698 3610 larga

2187 3658 2350 3697 mauu
2377 3641 2749 3712 possessiones
2769 3640 3006 3711 episcopi
3033 3640 3266 3695 multum
3291 3634 3697 3694 liberaliterauxit.

2187 3732 2358 3805 ""305
2407 3734 2627 3806 speciali
2677 3750 2864 3790 amore
2902 3734 3146 3788 maneria
3186 3735 3320 3799 duo,
3351 3724 3696 3788 lianlrehamti-

2186 3826 2384 3882 delicet
2418 3833 2473 3881 et
2511 3824 2868 3882 Lambetham
2900 3865 2917 3890 ,
2973 3825 3208 3896 primutn
3253 3825 3463 3894 quidem
3506 3830 3553 3874 ut
3583 3819 3698 3872 don:-

2186 3925 2340 3971 rctur
2375 3917 2665 3983 concessit,
2705 3915 2935 3971 alterum
2979 3931 3108 3970 vero
3139 3915 3362 3986 propria
3405 3907 3694 3968 tnttniﬁtt‘tttia

2186 4005 2427 4062 donavit.
2455 4005 2588 4060 Nam
2621 4006 2942 4062 Htedreham
2975 4005 3316 4062 Lanlrancus
3340 4003 3696 4074 archiepiscopus

2186 4101 2409 4170 proprio
2439 4100 2628 4155 labore
2657 4110 2712 4155 et
2740 4100 2985 4169 pecuniis
3011 4100 3359 4169 acquisitam,
3392 4114 3486 4154 nou
3522 4095 3632 4152 enim
3651 4105 3694 4143 ex

2187 4193 2427 4263 antiquis
2452 4191 2888 4262 possessionibus
2909 4192 3409 4262 archiepiscopatus
3432 4192 3589 4245 eadem
3608 4183 3694 4238 villa

2185 4292 2326 4347 erat,
2378 4282 2597 4338 favente
2623 4283 2726 4338 hoc
2759 4297 2885 4352 rege
2936 4280 3210 4337 Gundull‘o
3235 4283 3480 4354 episcopo
3507 4291 3552 4334 et
3572 4275 3693 4332 cccle-

2185 4375 2280 4429 size
2310 4389 2421 4429 suae
2453 4374 2602 4429 omni
2629 4382 2754 4445 post
2787 4381 3031 4444 tempore
3061 4388 3129 4430 ex
3159 4373 3372 4442 integro
3395 4369 3691 4444 possidendam

2184 4464 2474 4520 concessit.
2522 4462 2877 4519 Lambetham
2933 4477 3065 4519 vero
3130 4464 3272 4520 idem
3314 4479 3405 4520 rex
3446 4458 3625 4516 donavit
3646 4471 3690 4509 ex

2185 4558 2403 4628 propria
2458 4557 2735 4612 voluntate
2787 4571 2907 4622 sua,
2965 4571 3066 4626 pro
3125 4557 3509 4613 restauratione
3561 4547 3689 4605 danwi

2184 4647 2329 4717 quod
2354 4645 2587 4702 ecclesia
2634 4645 2902 4701 Roﬂ‘eusis
2931 4661 3188 4716 perpessa
3227 4657 3311 4704 est
3355 4647 3404 4701 in
3449 4642 3688 4699 obsidione,

2185 4755 2306 4816 quae
2341 4738 2395 4793 in
2444 4738 2636 4794 eodem
2686 4737 2805 4793 loco
2855 4737 3000 4794 facta
3047 4747 3149 4805 est,
3201 4749 3390 4795 contra
3419 4735 3686 4805 Bajoccusetn

2184 4834 2497 4904 episcopum
2525 4829 2790 4887 Odonem.

2257 4924 2374 4980 Rex
2407 4924 2613 4993 itaque,
2645 4937 2770 4979 eum
2819 4922 3070 4977 eumdem
3107 4921 3348 4977 Odonem
3393 4920 3443 4973 in
3480 4917 3571 4986 ipsa
3595 4910 3686 4964 urbe

2183 5031 2308 5072 cum
2352 5013 2474 5069 aliis
2517 5012 2771 5068 maxima
2819 5011 3073 5083 potentiae
3112 5011 3244 5066 viris
3287 5009 3553 5070 obsideret,
3584 4996 3685 5069 quod

2186 5110 2241 5166 in
2273 5123 2399 5164 eum
2438 5106 2725 5178 plusquam
2779 5103 2958 5160 civilia
3005 5104 3147 5160 bella
3166 5105 3355 5173 comiti
3402 5101 3598 5156 Rolmto
3632 5091 3684 5144 la-

2182 5199 2360 5257 veudo
2389 5199 2674 5262 movisset,
2699 5197 2877 5251 virum
2909 5197 3004 5251 Dei
3053 5206 3232 5252 tamen
3273 5205 3326 5250 et
3364 5185 3682 5248 licentcrexirc

2183 5303 2234 5348 et
2264 5293 2511 5358 licenter,
2535 5306 2657 5346 cum
2686 5289 2924 5354 volebat,
2952 5290 3142 5345 urbem
3166 5286 3490 5359 permittebat
3515 5283 3676 5336 intrare.

2183 5384 2357 5440 Tanta
2409 5382 2677 5454 siquidem
2713 5380 2803 5437 ille
2831 5380 3118 5451 prudentia
3174 5381 3312 5434 inter
3356 5386 3578 5443 utrosque
3599 5380 3678 5422 tne-

2181 5477 2330 5532 dium
2358 5489 2418 5532 se
2464 5477 2660 5547 agebat
2701 5485 2757 5528 ut
2787 5484 2843 5528 et
2877 5471 3249 5528 obsidentibus
3297 5469 3514 5540 placeret
3548 5455 3678 5554 et

2179 5569 2345 5626 sessis
2394 5576 2678 5638 suspectus
2723 5581 2827 5620 non
2877 5573 3045 5620 esset.
3096 5563 3205 5619 Cur
3249 5563 3346 5618 hoc
3386 5568 3560 5618 autem,
3604 5547 3674 5602 nisi

2179 5660 2304 5730 quia
2357 5667 2520 5714 tanta:
2581 5656 2890 5712 sanctitatis
2944 5669 3066 5709 esse
3116 5653 3424 5709 credebatur
3468 5660 3566 5716 qua:
3605 5649 3673 5691 πεί

2179 5751 2420 5812 obsessis
2449 5749 2694 5808 nocitura
2717 5757 2864 5806 esset
2895 5761 2997 5804 nec
3027 5742 3428 5803 obsidentibus?
3467 5739 3557 5793 lino
3584 5739 3671 5784 te!“

2109 3138 2155 3202 C
