3870 6304
52 354 160 410 8'35

1621 347 1780 404 V'lTA

3226 348 3333 405 826

52 466 347 521 familiaris
394 464 672 533 utrisque,
723 462 1043 535 profuturus
1088 476 1188 533 pro
1238 476 1338 519 sua
1380 462 1641 535 religione
1670 466 1716 523 Α
1747 463 1963 519 vivente
2000 478 2066 518 ex
2085 462 2331 534 jussione
2358 462 2531 533 ipsius
2571 471 2628 517 et
2654 462 2827 532 gratia
2872 461 3156 518 habuerat.
3183 461 3329 517 Raro

51 557 385 613 credebatur
418 559 689 629 utrisque.

122 649 369 705 Devictis
427 650 592 721 igitur
630 647 866 704 inimicis
914 644 1049 711 suis,
1104 646 1243 701 idem
1291 646 1544 718 princeps
1587 655 1644 701 et

50 740 242 795 exteri
279 740 491 795 nobiles
535 739 689 811 regni
721 754 845 794 eum
885 739 1052 795 nimia
1084 738 1437 793 veneratione
1464 736 1644 793 colue-

50 841 207 896 runt,
237 832 582 887 attendentes
612 832 666 885 in
695 846 761 885 eo
789 831 1059 902 praecipue
1086 843 1229 883 nunc
1258 828 1441 883 Mariae
1469 827 1644 899 lacry—

49 935 207 976 mosa
250 920 509 991 suspiria,
535 934 681 976 nunc
705 920 930 975 Marthae
972 920 1241 976 laboriosa
1278 918 1477 974 oliicia.
1508 917 1641 986 Quis

47 1010 202 1065 enim
233 1009 518 1065 sollicitior
554 1008 658 1064 fuit
696 1017 820 1079 post
851 1008 1090 1079 quietem
1123 1007 1307 1062 Maria:
1336 1016 1391 1063 et
1418 1005 1641 1063 Martha:

50 1099 303 1156 laborem
332 1101 626 1156 exercere?
659 1098 794 1166 Quis
823 1099 1119 1155 studiosior
1146 1100 1199 1155 in
1233 1096 1491 1155 membris
1527 1097 1642 1153 suis

48 1189 335 1244 Christum
367 1189 491 1246 cibo
534 1197 592 1245 et
620 1196 750 1260 potu
796 1198 961 1261 atque
990 1189 1187 1245 vestitu
1218 1188 1439 1245 fovere?
1485 1187 1641 1258 Saepe

49 1280 252 1336 sedens
299 1280 368 1336 ad
411 1295 682 1347 mensam,
714 1296 843 1351 quae
870 1279 1110 1337 dulciora
1154 1287 1379 1337 noverat
1417 1286 1642 1349 tangere

49 1372 309 1437 nolebat,
337 1372 431 1428 sed
464 1372 531 1428 iis
558 1388 697 1442 quos
726 1372 903 1443 magis
930 1372 1175 1443 indigere
1202 1370 1482 1426 didicisset
1522 1369 1640 1425 sine

48 1480 201 1519 mora
259 1465 526 1521 mittebat.
588 1465 902 1537 lnquirebat
961 1474 1139 1521 autem
1193 1462 1489 1520 studiosius
1547 1461 1639 1531 qui

48 1565 233 1611 essent
274 1556 662 1628 pauperiores,
693 1558 785 1627 qui
827 1557 883 1612 in
920 1555 1049 1611 villa
1094 1554 1179 1611 vel
1214 1563 1368 1610 extra
1408 1551 1639 1608 inveniri

47 1656 277 1718 possent
306 1648 616 1704 debiliores.
649 1647 797 1704 Talis
831 1648 883 1703 in
932 1661 1121 1704 mensa
1154 1645 1466 1711 collocatio,
1521 1642 1639 1698 talis

47 1741 111 1793 de
155 1752 463 1810 pauperum
504 1740 922 1796 necessitatibus
957 1738 1272 1809 disputatio.
1315 1736 1411 1793 His
1458 1735 1636 1792 cibum

1743 556 1888 609 enim
1916 569 2016 624 per
2041 554 2392 625 semetipsum
2419 563 2517 610 aut
2550 554 2917 610 dedicationes
2949 554 3328 618 ecclesiarum,

1744 654 1837 700 aut
1861 646 2187 702 clericorum
2217 646 2610 711 ordinationes,
2635 661 2730 702 seu
2754 646 3009 701 collectas
3034 659 3327 716 puerorum

1741 735 2187 793 confirmationes
2231 738 2503 806 faciebat,
2546 739 2642 794 sed
2683 738 2939 794 dilectum
2975 753 3130 793 suum
3172 736 3325 792 Gun-

1742 826 1951 883 dulfum
1982 829 2203 884 mittens
2242 844 2343 899 pro
2372 844 2431 885 se
2480 830 2585 886 hoc
2642 828 2760 903 ﬁeri
2794 828 3153 885 amicabiliter
3190 845 3324 899 prm-

1742 918 1996 989 cipiebat.
3179 973 3194 982 _

1811 1009 1868 1064 In
1900 1009 2006 1065 illis
2034 1009 2224 1066 diebus
2274 1020 2508 1082 praeerat
2555 1012 2886 1068 monasterio
2935 1011 2996 1068 S.
3043 1012 3323 1082 Augustini

1741 1097 2036 1169 Anglorum
2065 1098 2293 1169 apostoli
2326 1100 2411 1155 vir
2432 1109 2690 1156 strenuus
2721 1102 2889 1158 abbas
2920 1102 3114 1158 Cuido.
3156 1103 3323 1167 Huic,

1741 1199 2053 1247 constructa
2100 1207 2167 1247 ex
2217 1190 2449 1263 plurima
2499 1201 2654 1264 parte
2694 1193 2927 1249 ecclesia
2978 1210 3141 1264 quam
3169 1204 3325 1251 ante-

1740 1295 1925 1338 cessor
1956 1281 2074 1350 ejus
2102 1282 2451 1338 inchoaverat
2470 1323 2487 1349 ,
2528 1284 2733 1355 placuit
2762 1294 2819 1340 ut
2858 1300 3085 1355 corpora
3110 1296 3325 1341 sancto-

1740 1389 1861 1428 rum
1884 1374 2170 1443 Augustini
2199 1375 2582 1447 sociorumque
2608 1377 2726 1444 ejus
2759 1377 2826 1431 ad
2874 1378 3171 1432 excelsiora
3200 1377 3321 1432 loca

1740 1461 1808 1517 de
1871 1464 2096 1532 antiqua
2143 1462 2373 1518 ecclesia
2420 1464 2865 1518 transferrentur.
2913 1465 3058 1531 Qui,
3123 1466 3325 1535 paratis

1739 1553 1992 1609 omnibus
2026 1570 2148 1625 qua:
2179 1564 2328 1609 tanto
2374 1556 2681 1611 ministerio
2722 1559 3029 1612 necessaria
3074 1573 3196 1614 esse
3242 1560 3323 1613 vi-

1740 1642 2043 1711 debantur,
2078 1644 2268 1713 plures
2293 1660 2521 1701 summa:
2559 1647 2844 1717 probitatis
2864 1649 3010 1705 viros
3038 1658 3094 1703 et
3116 1651 3326 1720 specie;

1741 1731 1865 1788 liter
1900 1731 2118 1789 Patrem
2142 1735 2473 1791 Gundulfum
2501 1739 2568 1792 ad
2596 1752 2657 1793 se
2687 1740 2898 1795 vocavit
2924 1757 2938 1805 ;
2975 1751 3030 1795 et
3072 1757 3170 1813 per
3204 1741 3322 1810 ejus

45 1806 421 1887 esurientibus
449 1872 465 1897 ,
504 1830 613 1887 illis
635 1840 820 1903 potum
847 1806 1098 1887 mittebat
1125 1829 1458 1885 sitientibus.
1490 1826 1637 1883 lndi-
1664 1806 1714 1867 Β
1739 1824 2045 1880 sanctitatis
2074 1826 2445 1896 operationem
2469 1829 2613 1897 quod
2636 1828 2958 1900 dispositum
2989 1806 3170 1887 fuerat
3196 1806 3320 1887 cum

45 1921 305 1990 gentibus
376 1937 506 1978 vero
582 1931 817 1994 utroque
879 1920 1308 1978 misericorditer
1386 1918 1637 1976 mittebat

44 2023 359 2084 utrumque.
408 2013 688 2085 Propriam
736 2029 879 2085 saepe
929 2014 1234 2080 scutellam,
1292 2027 1416 2068 cum
1469 2012 1523 2066 in
1569 2025 1634 2067 ca

42 2106 223 2159 cibum
303 2107 512 2162 modice
574 2107 912 2176 degustando
983 2106 1247 2162 sensisset
1308 2104 1631 2170 lautiorem,

42 2198 266 2253 mittere
297 2196 591 2254 festinabat
617 2200 851 2270 cuipiam
885 2198 1162 2269 languenti
1192 2239 1208 2266 ,
1257 2198 1444 2254 dicens
1478 2196 1630 2252 illum

43 2288 219 2344 edulio
261 2289 357 2345 tali
387 2305 446 2345 se
480 2306 600 2345 esse
645 2291 967 2362 digniorem.
999 2290 1153 2358 Quod
1194 2291 1238 2346 si
1270 2306 1375 2361 qua
1401 2305 1633 2361 pauper-

42 2381 155 2435 cula
183 2396 484 2451 praegnans
531 2381 611 2436 vel
641 2397 833 2437 recens
866 2381 1025 2437 enixa
1060 2381 1110 2436 ei
1156 2381 1530 2445 nuntiabatur,
1565 2379 1632 2435 iis

42 2473 345 2542 impensius
369 2474 512 2543 quod
543 2488 771 2529 necesse
804 2482 924 2528 erat
960 2487 1149 2528 eorum
1194 2470 1495 2542 plangendo
1523 2470 1632 2525 mi»

41 2563 215 2618 serias
264 2562 621 2634 largiebatur.
656 2564 914 2619 Faciebat
953 2573 1134 2618 autem
1164 2571 1221 2618 et
1265 2564 1319 2618 in
1354 2562 1477 2617 aula
1507 2577 1630 2628 sua,

41 2669 157 2708 cum
197 2654 536 2723 pranderet,
573 2654 800 2724 singulis
829 2654 1019 2708 diebus
1060 2666 1327 2722 pauperes
1357 2650 1424 2705 ad
1454 2651 1631 2706 minus

41 2748 308 2803 tredecim
336 2746 508 2812 reﬁci,
537 2756 734 2817 prarter
757 2744 1161 2817 prahbendarios
1188 2745 1311 2800 illos
1336 2760 1472 2815 quos
1499 2745 1631 2803 locis

40 2855 258 2910 semper
306 2840 486 2896 alebat
536 2839 790 2895 diversis.
840 2838 975 2893 Erat
1002 2838 1051 2892 ei
1102 2846 1158 2893 et
1210 2837 1449 2892 maxima
1498 2853 1629 2893 cura

39 2934 207 2988 nudos
242 2933 468 2997 vestire,
516 2931 625 2987 imo
657 2946 723 2985 ne
765 2931 892 2985 nudi
926 2939 1107 2985 essent
1136 2929 1362 2985 brumali
1396 2930 1630 2986 maxime

42 3034 291 3096 tempore
334 3039 649 3094 procurare.
696 3022 1013 3077 Multimoda
1058 3022 1241 3091 itaque
1285 3023 1631 3078 indumento-

39 3133 152 3172 rum
184 3133 394 3190 genera
424 3117 729 3187 comparari
771 3116 1016 3186 jubebat,
1055 3123 1112 3170 et
1150 3131 1245 3185 pro
1292 3114 1627 3185 singulorum

38 3208 463 3264 necessitatibus
494 3223 659 3263 sexus
683 3208 963 3275 utriusque
1000 3207 1325 3275 pauperilms
1346 3207 1626 3277 emgabat.

39 3299 89 3353 In
121 3310 341 3356 tantum
375 3300 537 3354 etiam
570 3315 759 3355 eormn
795 3298 1030 3353 miseriis
1074 3313 1391 3368 compassus
1422 3308 1506 3353 est
1550 3306 1629 3363 ut,

37 3394 276 3460 quodam
308 3402 572 3461 tempore,
621 3407 727 3445 nou
778 3391 935 3460 longe
966 3405 995 3443 a
1045 3390 1372 3445 Rovecestra
1410 3405 1630 3460 progre-

36 3487 206 3551 diens,
261 3484 462 3540 vider'it
509 3495 709 3538 terram
751 3486 1045 3555 spatiosam
1084 3483 1323 3538 ferendis
1362 3483 1629 3538 messibus

37 3592 245 3649 aptam,
265 3580 361 3634 sed
391 3581 680 3636 arboribus
704 3589 760 3634 et
788 3580 1042 3649 vepribus
1081 3587 1422 3649 occupatam.
1456 3577 1623 3641 Hauc,

34 3686 149 3725 cum
174 3680 337 3729 esset
368 3670 421 3725 in
467 3671 812 3740 possessione
854 3670 1168 3726 ruouastcrii
1209 3673 1314 3733 sui,
1362 3670 1431 3723 ad
1479 3669 1623 3723 utili-

37 3772 195 3817 tatem
254 3777 544 3818 servorum
605 3762 697 3814 Dei
759 3761 824 3816 de
898 3760 1232 3816 infructuosa
1293 3760 1622 3816 fructuosam

36 3855 276 3909 adhibito
331 3853 517 3909 labore
561 3853 741 3909 facere
786 3854 1072 3923 disposuit.
1112 3854 1179 3908 Et
1224 3869 1291 3908 ne
1328 3868 1522 3923 expers
1570 3862 1626 3907 et

35 3949 180 4015 quasi
212 3962 426 4002 vacuus
462 3963 492 4001 a
522 3946 773 4002 mercede
814 3947 971 4017 hujus
998 3946 1245 4001 exercitii
1286 3936 1423 4016 apud
1455 3945 1621 4000 Deum

34 4052 149 4092 esse
177 4039 484 4104 videretur,
531 4046 734 4091 statuta
763 4037 870 4101 die,
903 4037 1029 4091 illuc
1052 4052 1175 4091 cum
1223 4037 1337 4092 suis
1375 4035 1617 4102 veniens,

34 4128 329 4183 fossorium
363 4130 611 4184 manibus
642 4130 894 4198 propriis,
932 4145 1066 4198 quas
1097 4130 1263 4184 multa
1293 4127 1619 4183 abstinentia

32 4224 159 4277 satis
186 4232 386 4279 tenues
427 4222 662 4285 fecerat,
697 4222 972 4276 lmmilitcr
1004 4223 1247 4291 accepit,
1294 4230 1349 4275 ct
1385 4220 1617 4290 primum

33 4313 275 4370 laborem
331 4314 656 4383 suscipiens,
690 4314 894 4382 primos
924 4314 1151 4368 tribulos
1178 4323 1232 4368 et
1281 4313 1464 4381 spinas
1496 4312 1617 4380 pius

33 4406 269 4475 agricola
313 4405 531 4460 evulsit.
568 4404 769 4459 Deinde
811 4406 1111 4460 exhortans
1153 4404 1410 4458 linuiliam
1460 4418 1613 4458 suam

1739 1918 1978 1973 maximo
2021 1918 2258 1988 tripudio
2302 1928 2358 1974 et
2403 1934 2615 1975 summa
2669 1920 2955 1977 devotione
3005 1923 3318 1994 complevit.

1739 2006 1853 2065 Hoc
1881 2019 2007 2066 tunc
2033 2012 2292 2081 temporis
2319 2011 2371 2066 iu
2393 2011 2583 2083 Anglia
2604 2014 2756 2082 quasi
2776 2015 3318 2071 consuctudinarium

1735 2110 1887 2168 erat,
1915 2110 1975 2156 ut
2000 2118 2126 2159 cum
2154 2105 2347 2176 aliqua:
2368 2103 2642 2175 praecipue
2671 2106 3041 2162 dedicationes
3069 2116 3161 2161 aut
3195 2124 3321 2163 san-

1736 2202 1945 2248 clarum
1985 2196 2316 2252 mutationes
2362 2196 2711 2269 reliquiarum
2752 2198 2947 2253 alicubi
3001 2199 3116 2254 fieri
3157 2199 3321 2254 debe-

1734 2293 1884 2351 rent,
1915 2286 2177 2342 velociter
2223 2286 2527 2344 Gundulfus
2560 2292 2853 2345 vocabatur
2876 2330 2891 2355 ,
2948 2299 3007 2345 ut
3034 2307 3132 2361 per
3163 2308 3319 2345 mua—

1734 2376 1922 2431 ditiam
1960 2394 2219 2435 manuum
2267 2381 2437 2451 ipsius
2491 2392 2763 2437 tantarum
2828 2398 3007 2438 rerum
3056 2383 3322 2439 celsitudo

1736 2481 2096 2528 tractaretur.
2149 2474 2360 2529 Etcum
2385 2474 2473 2529 alii
2504 2475 2793 2545 pontifices
2824 2475 2877 2529 iu
2921 2475 2987 2530 iis
3020 2477 3320 2531 vocationi-

1731 2564 1835 2620 bus
1862 2566 2173 2620 vocantium
2198 2566 2340 2622 datis
2369 2568 2683 2623 muneribus
2705 2567 2863 2638 quasi
2890 2584 2989 2638 pro
3014 2556 3318 2638 gratiarum

1734 2656 1948 2712 actione
1990 2656 2433 2727 lzetificarentur,
2494 2660 2606 2729 ipse
2664 2662 2768 2715 hoc
2827 2661 2978 2715 omni
3035 2662 3322 2716 conamine

1734 2763 2024 2820 respuens,
2083 2765 2243 2805 versa
2297 2751 2417 2806 vice
2452 2753 2765 2819 vocantium
2811 2753 3021 2807 animos
3050 2768 3145 2807 sua
3180 2770 3321 2823 smpe

1733 2839 2100 2895 munificentia
2134 2840 2462 2898 lzetilicabat.

1802 2931 1931 2986 Post
1952 2933 2066 2987 iure
2105 2942 2311 2998 autem,
2353 2934 2531 3004 spatio
2562 2934 2715 3005 quasi
2762 2944 3000 3005 quatuor
3051 2950 3317 2989 annorum

1731 3033 1853 3094 post
1878 3033 2107 3079 mortem
2135 3024 2424 3080 Lanfranci
2472 3035 2779 3091 transacto,
2842 3043 2937 3082 rex
2995 3026 3317 3095 Guillelmus

1734 3116 1885 3186 gravi
1941 3117 2255 3173 infirmitate
2308 3118 2591 3185 detentus,
2627 3133 2842 3175 onmem
2902 3117 3016 3173 fere
3062 3121 3316 3189 populum

1732 3209 1938 3279 Anglia:
1964 3210 2299 3281 desperanda
2322 3210 2495 3266 salute
2530 3211 2655 3266 vitae
2688 3227 2797 3266 sua:
2839 3210 3150 3281 ambiguum
3198 3212 3318 3266 red-

1731 3302 1885 3355 didit.
1917 3301 2153 3357 Venerat
2177 3303 2367 3358 eadem
2400 3312 2719 3374 tempestate
2750 3302 2801 3357 in
2833 3302 3107 3373 Angliam;
3127 3318 3318 3374 urgen-

1733 3389 1875 3445 tibus
1905 3391 2230 3460 quibusdam
2285 3392 2735 3457 necessitatibus,
2785 3391 2948 3447 Pater
2988 3392 3314 3459 Anselmus,

1726 3481 1796 3538 de
1820 3498 1927 3552 quo
1955 3483 2208 3554 superius
2226 3484 2554 3538 mentionem
2580 3483 2837 3547 fecimus,
2871 3485 2961 3553 qui
2990 3493 3116 3538 tunc
3148 3482 3317 3538 abbas

1729 3574 1789 3628 S.
1837 3574 2019 3629 Mariae
2070 3574 2225 3629 Becci
2278 3584 2417 3629 erat.
2456 3574 2715 3630 Videntes
2765 3575 2930 3645 igitur
2976 3575 3212 3646 episcopi
3263 3584 3317 3631 et

1727 3666 2001 3734 principes
2032 3666 2183 3737 regni
2206 3666 2504 3734 periculum
2548 3666 2838 3722 imminens
2876 3668 3018 3737 regi,
3060 3679 3115 3721 et
3150 3667 3317 3722 deso-

1728 3754 1984 3811 lationem
2005 3796 2019 3819 ,
2051 3771 2151 3811 nec
2176 3771 2282 3811 non
2322 3768 2375 3813 et
2403 3757 2811 3828 Oppressioucm
2866 3758 3229 3813 Ecclesiarum
3262 3767 3316 3814 et

1725 3848 1959 3903 maxime
1987 3847 2431 3913 Cantuaricnsis,
2485 3849 2648 3905 uteis
2691 3849 2743 3903 in
2798 3850 3315 3904 lanlo'discriminc

1724 3940 2008 4009 primatem
2032 3940 2356 4007 constituat,
2395 3940 2672 3995 humiliter
2710 3940 3020 4009 implorant.
3080 3942 3306 4015 Factum

1724 4041 1807 4087 est
1853 4042 2055 4087 autem.
2106 4033 2270 4087 Audit
2316 4049 2408 4087 rex
2480 4048 2668 4087 eorum
2723 4032 3048 4097 consilium,
3090 4043 3142 4087 et
3200 4033 3314 4103 ipso

1722 4134 1995 4179 annuente
2023 4138 2214 4177 omnes
2245 4124 2451 4194 pariter
2496 4124 2812 4193 providente
2856 4124 3030 4195 gratia
3074 4124 3167 4179 Dei
3209 4125 3313 4179 Au-

1721 4217 1949 4270 sclmum
1980 4216 2220 4287 eligunt,
2253 4216 2481 4270 electum
2516 4216 2817 4282 advocant,
2858 4225 3134 4283 vocatum,
3189 4217 3314 4274 licet

1722 4308 1850 4362 tutis
1880 4307 2086 4362 viribus
2129 4308 2479 4372 renitentem,
2530 4308 2997 4379 archiepiscopum
3044 4319 3311 4367 statuunt.

1719 4399 2259 4472 Gundulfusitaque,
2303 4401 2393 4471 qui
2428 4399 2584 4469 hujus
2630 4402 2707 4456 rei
2752 4400 3085 4457 voluntarius
3116 4418 3310 4473 coope-

31 4508 81 4551 et
119 4498 264 4555 alios
313 4508 649 4567 operatorcs,
683 4498 734 4551 in
776 4497 926 4551 brevi
977 4513 1073 4567 per
1119 4513 1336 4551 manum
1380 4496 1613 4567 ipsorum
1646 4514 1694 4571 ο
1723 4503 1869 4547 ralor
1891 4492 2129 4577 exstitit,
2184 4493 2544 4549 desideratam
2591 4493 2771 4549 dilecti
2817 4494 2900 4549 sui
2940 4494 3214 4549 dilectoris
3244 4495 3297 4548 in

32 4591 292 4647 desiderii
340 4591 423 4644 sui
459 4589 712 4644 i-ﬂ'ectnm
741 4590 1050 4660 complevit,
1082 4591 1268 4659 sicque
1298 4590 1465 4659 ipsam
1500 4588 1616 4643 cul-

35 4694 206 4736 turam
238 4697 345 4751 per
367 4696 557 4735 ein-am
585 4680 998 4748 eleemosyuarii
1022 4682 1103 4736 sui
1126 4681 1455 4752 pauperibus
1477 4695 1617 4735 sem-

34 4790 123 4842 per
150 4776 207 4830 in
261 4784 539 4846 postermn
586 4774 967 4843 possidendam
1006 4774 1356 4829 contradidit.
1404 4773 1529 4828 Haec
1562 4782 1619 4827 et

36 4867 269 4932 plurima
325 4866 543 4935 pietatis
580 4882 764 4936 opera,
792 4866 1012 4921 sedulus
1049 4877 1233 4921 custos
1278 4866 1471 4919 domus
1513 4865 1619 4919 Do—

34 4959 159 5013 mini
187 4960 302 5020 sui.
334 4959 569 5029 inopiam
599 4959 932 5029 patientibus
963 4958 1164 5029 jugitcr
1200 4957 1566 5027 impendebat.

98 5051 275 5120 igitur
312 5050 643 5119 temporibus
689 5052 849 5122 hujus
880 5050 1162 5122 principis,
1196 5049 1469 5105 Guillelmi
1510 5049 1616 5105 sci-

33 5140 156 5197 licet
184 5141 464 5208 Junioris,
498 5144 738 5199 secundo
771 5152 891 5214 post
937 5142 1274 5198 obsidionem
1308 5140 1621 5199 Roﬂ‘eusem.

32 5248 194 5299 anno,
231 5233 576 5290 Lanfrancus
608 5237 858 5306 egregius
890 5234 1145 5291 Ecclesia:
1177 5234 1375 5290 Christi
1404 5236 1614 5300 doctor,

33 5326 229 5394 quinto
266 5326 539 5381 Kalendas
564 5325 710 5382 Junii
747 5329 813 5383 de
842 5329 946 5383 hac
974 5329 1083 5382 vita
1125 5327 1389 5395 sublatus,
1419 5327 1621 5387 multos.

33 5428 85 5469 et
108 5417 348 5471 maxime
371 5415 587 5472 Patrem
612 5417 940 5473 Gundulfum
975 5418 1042 5473 de
1085 5433 1181 5474 sua
1228 5427 1401 5472 morte
1430 5418 1617 5475 tristes

34 5517 87 5559 et
141 5507 383 5577 graviter
424 5507 695 5565 desolatos
741 5508 979 5579 reliquit.
1033 5508 1286 5579 Suscepit
1336 5510 1500 5580 igitur
1547 5528 1615 5566 cx

34 5614 310 5675 prmcepto
348 5607 492 5678 regis
543 5613 600 5660 et
628 5602 1024 5659 consuetudine
1060 5601 1313 5658 Ecclesia:
1347 5600 1614 5659 Roﬂ'cnsis

36 5709 223 5750 rurant
273 5698 767 5768 archiepiscopatus
814 5695 866 5749 in
906 5694 970 5748 iis
1011 5709 1130 5763 qua:
1177 5696 1243 5749 ad
1287 5695 1454 5749 Deum
1492 5710 1614 5765 per-

36 5787 213 5844 tincnt
251 5791 609 5848 nominandus
647 5789 862 5858 praesul,
903 5803 1066 5857 quam
1111 5789 1273 5845 ctiam
1306 5788 1613 5847 Laufranco

1719 4586 1927 4658 gremio
1955 4597 2158 4642 sanetae
2184 4586 2469 4641 suavitatis
2495 4586 2750 4641 ardenter
2775 4586 3125 4656 amplectens,
3153 4586 3311 4640 refri-

1719 4680 1923 4748 gerium
1948 4678 2333 4735 consolationis
2376 4677 2601 4743 intimae,
2654 4694 2814 4747 quam
2848 4676 3016 4731 multo
3062 4687 3314 4745 tempore

1718 4788 1817 4841 pro
1848 4781 2021 4827 morte
2054 4770 2346 4826 Lanfranci
2380 4770 2714 4839 perdiderat,
2762 4769 2924 4823 corde
2969 4767 3309 4823 exhilaratus

1718 4864 1943 4932 recepit.
1972 4862 2102 4929 Quae
2125 4870 2305 4917 autem
2335 4858 2499 4915 fuerit
2529 4859 2636 4913 vita
2668 4858 2906 4913 Anselmi
2938 4867 3068 4912 ante
3090 4858 3309 4927 episco-

1716 4956 1901 5025 patum
1932 4962 1986 5008 et
2019 4954 2069 5007 in
2095 4953 2444 5022 episcopatu,
2497 4958 2591 5004 aut
2628 4965 2764 5020 quas
2812 4948 3174 5005 adversitatcs
3221 4950 3313 5003 vel

1719 5047 1911 5103 exsilia
1943 5061 2040 5117 pro
2080 5044 2332 5099 libertate
2367 5050 2571 5098 sancta:
2602 5040 2857 5097 Ecclesia:
2895 5039 3221 5110 acquireuda
3252 5050 3313 5094 ut

1718 5141 2128 5198 robustissimus
2160 5140 2314 5196 miles
2342 5137 2551 5203 Domini
2608 5137 2659 5191 in
2706 5144 2946 5206 tempore
2992 5150 3089 5191 suo
3139 5136 3313 5189 susti-

1717 5234 1931 5298 nuerit,
2001 5232 2310 5303 quicunque
2352 5230 2594 5300 perfecte
2641 5228 2959 5298 dignoscere
3015 5227 3179 5296 cupit,
3255 5227 3313 5280 in

1716 5325 1967 5394 scriptis,
2024 5338 2143 5394 ane
2166 5323 2232 5378 de
2260 5321 2377 5393 ejus
2407 5320 2515 5375 vita
2547 5329 2601 5375 et
2632 5318 2936 5374 admirabili
2973 5318 3217 5372 doctrina
3252 5328 3313 5371 ct

1718 5418 2006 5473 sanctitate
2036 5416 2181 5471 edita
2214 5422 2370 5482 sunt,
2411 5413 2544 5469 satis
2583 5411 2758 5467 lucide
2810 5411 3053 5481 reperire
3084 5410 3305 5480 poterit.

1717 5510 1825 5566 Nos
1850 5520 2031 5565 autem
2068 5509 2135 5563 ad
2158 5506 2491 5578 propositum
2519 5505 2824 5560 redeamus.

1790 5602 1883 5657 lsti
1923 5603 2087 5673 igitur
2138 5598 2440 5656 Gundulfus
2470 5604 2524 5653 et
2554 5596 2840 5652 Anselmus
2888 5594 3106 5667 gloriosi
3150 5594 3305 5665 priu-

1720 5696 1868 5764 cipes
1893 5692 2358 5762 ternmquomodo
2386 5691 2435 5745 in
2459 5690 2568 5745 vita
2599 5706 2694 5745 sua
2715 5689 2765 5743 in
2794 5687 3057 5759 principio
3081 5701 3304 5739 convcr-

1727 5787 1897 5847 sionis
1923 5800 2034 5843 sure
2060 5784 2214 5841 Decci
2252 5782 2555 5839 dilexerunt
2591 5797 2670 5851 sc,
2717 5782 2786 5836 ita
2830 5779 2882 5841 in
2919 5778 3112 5832 liuibus
3143 5784 3307 5829 terrae
