3870 6304
607 347 708 398 8ὶί

1691 329 2042 392 GUNDULFI
2065 329 2213 389 “0F!

2297 325 2446 388 usus
2484 321 2788 382 EPISCOPI
3673 335 3744 394 η,

609 475 708 530 per
722 471 1008 528 supernam
1038 421 1380 511 clementiam
1405 443 1608 524 junctis
1635 451 2032 522 episcopalibus
2054 451 2187 512 suis,
2221 451 2267 510 Α
2298 439 2522 514 speciali
2553 440 2788 510 quoiam
2819 415 3081 506 diligebat
3103 447 3306 530 amore,
3357 433 3498 508 hujus
3525 431 3743 503 meum.

609 567 718 606 non
760 559 886 605 sunt
934 548 1193 618 separati.
1226 544 1628 618 Recedcntibus
1662 545 1805 598 enim
1834 543 1956 598 aliis
1983 543 2190 612 episco-

611 639 693 711 pis
718 655 750 694 a
773 640 1154 695 communione
1175 635 1412 692 Anselmi
1443 645 1666 707 propter
1695 635 1956 706 quasdam
1981 635 2188 690 discor-

607 733 815 788 diarum
845 730 1191 796 occasiones,
1222 744 1341 800 quae
1373 728 1515 784 inter
1545 730 1720 797 ipsum
1764 737 1815 784 et
1859 729 2010 798 regni
2043 727 2192 796 priu-

607 821 758 891 cipes
798 831 932 876 ortae
981 822 1228 887 fuerant,
1273 819 1581 875 Gundnlfus
1619 819 1760 872 dulci
1815 819 1866 872 0‘
1887 819 2076 888 sequio
2117 818 2188 871 illi

607 927 826 982 semper
871 922 928 966 et
987 913 1216 966 firmiter
1272 919 1328 966 et
1375 913 1606 966 ﬁdeliter
1650 909 1906 975 atlluesit,
1954 917 2010 964 et
2055 909 2195 964 inter

610 1011 865 1072 utrosque
893 995 1184 1072 prudenter
1229 1019 1290 1058 se
1321 1002 1627 1066 moderans,
1663 1001 1716 1054 in
1755 999 1934 1056 cauis
1977 1016 2192 1066 eorum,

607 1101 662 1145 t-t
688 1093 1098 1163 archiepiscopo
1145 1091 1367 1149 omnino
1419 1081 1576 1148 ﬁdem
1605 1091 1870 1155 servavit,
1913 1099 1968 1146 et
2005 1091 2195 1144 adver-

610 1185 786 1239 sarios
810 1183 926 1252 ejus
957 1200 1298 1255 nequaquam
1323 1183 1570 1240 olfendit.
1599 1181 1980 1238 Consolatione
2005 1181 2188 1251 itaque

610 1277 850 1347 antiqua:
897 1277 1200 1332 dilectionis
1252 1285 1528 1348 percepta,
1565 1275 1654 1332 isti
1707 1288 1957 1344 supernae
2010 1274 2197 1343 patriae

614 1377 908 1433 amatores,
949 1385 1086 1440 quos
1111 1370 1278 1426 multo
1301 1379 1540 1440 tempore
1589 1378 1748 1423 terra:
1777 1367 2050 1436 marisque
2080 1381 2199 1437 spa-

617 1462 688 1517 tia
711 1471 1130 1532 separaverunt,
1168 1464 1218 1516 in
1248 1479 1412 1517 unum
1437 1461 1710 1532 ceiijitncti
1731 1502 1746 1526 ,
1799 1458 2046 1514 dulcibus
2076 1459 2198 1512 vita:

613 1562 830 1608 atternze
850 1551 1162 1623 colloquiis,
1213 1553 1411 1623 quibus
1435 1569 1494 1610 se
1522 1553 1665 1610 soliti
1705 1553 1924 1610 fuerant
1953 1551 2201 1608 refove-re

615 1643 794 1697 adhuc
823 1641 876 1697 in
908 1644 1143 1701 claustro
1171 1644 1458 1711 nionachi,
1503 1643 1698 1700 iisdem
1729 1659 1789 1699 se
1820 1643 2065 1700 relevere
2091 1653 2197 1698 non

616 1733 948 1790 distulerunt
981 1733 1096 1804 jam
1146 1737 1198 1790 in
1230 1736 1423 1806 Anglia
1449 1738 1744 1792 venerandi
1776 1736 2036 1807 episcopi.
2091 1735 2202 1789 Ste—

2289 542 2346 588 et
2386 533 2699 603 quotidiana
2755 527 3271 584 commemoratione
3317 535 3369 582 et
3415 545 3564 585 annua
3605 550 3744 606 semp,

2293 624 2474 681 facere
2524 623 2803 693 satagebat
2859 619 3222 676 solemnitate.
3281 619 3410 686 Quia
3445 621 3564 674 enim
3597 627 3743 680 multum

2293 725 2636 786 peecatorem
2658 727 2718 769 se
2743 726 2868 768 esse
2891 709 3168 778 credebat,
3200 725 3318 765 eam
3348 725 3456 778 qua:
3476 713 3650 768 multum
3671 733 3742 786 μτς.

2294 810 2466 864 catrix
2491 808 2700 871 fuerat,
2732 805 2864 876 quid
2889 804 3122 858 multum
3157 801 3422 872 peccaturi
3457 805 3600 874 magis
3633 823 3750 864 neces-

2294 901 2499 956 sarium
2541 909 2720 960 esset,
2761 897 2933 967 magis
2957 911 3116 951 nosse
3136 893 3377 961 dicebat,
3431 904 3479 951 et
3521 897 3748 969 magisrelle

2297 991 2539 1047 misereri
2577 989 2851 1046 credebat.
2886 988 3039 1043 lianc
3065 987 3232 1056 igitur
3263 987 3548 1042 assidnabat
3571 991 3746 1058 pretilnt,

2297 1081 2926 1152 interpellabatﬂetibus,
2981 1079 3196 1134 caeteris
3239 1079 3544 1150 sequendam
3575 1095 3748 1150 propone.

2297 1175 2390 1232 bat
2445 1183 2704 1245 quantmn
2753 1172 3028 1243 sequenda
3083 1171 3312 1228 essetin
3344 1171 3598 1242 semetipso
3635 1175 3750 1242 prafe-

2301 1267 2474 1324 rebat.
2515 1267 2560 1325 0
2589 1268 2872 1322 doctorem
2903 1266 3270 1336 sequendum,
3319 1267 3407 1337 qui
3455 1265 3574 1335 quod
3611 1277 3750 1322 eam

2299 1357 2606 1414 faciendum
2634 1359 2882 1422 docebat,
2913 1358 3066 1428 prius
3090 1357 3226 1427 ipse,
3251 1366 3309 1410 ut
3329 1357 3500 1412 caeteri
3521 1373 3616 1411 eum
3635 1373 3752 1427 seque-

2300 1459 2508 1517 rentur,
2539 1447 2800 1504 faciebat!
2827 1447 2872 1504 0
2899 1449 3211 1519 episcopum
3231 1447 3466 1520 dignum,
3493 1463 3578 1503 non
3601 1453 3752 1520 muniis

2301 1543 2394 1599 sed
2426 1543 2683 1616 lacrymis
2711 1544 3082 1614 episcopatum
3112 1544 3396 1613 adeptum!
3445 1541 3580 1598 Fiunt
3608 1545 3750 1614 epismpi

2303 1637 2522 1706 quidam
2550 1633 2954 1690 simulationem
2992 1633 3094 1690 sub
3141 1633 3406 1689 velamine
3442 1632 3754 1706 religionum:-

2307 1743 2584 1800 nunquam
2613 1729 2792 1784 minus
2837 1737 2997 1784 caute
3040 1722 3405 1792 ostendendo;
3450 1727 3754 1782 faetttsestiste

615 1825 736 1894 pius
769 1825 912 1880 enim
943 1826 996 1880 in
1019 1827 1250 1882 diversis
1278 1827 1410 1882 locis
1440 1827 1824 1884 convenientes
1849 1870 1866 1896 ,
1915 1825 2114 1880 mutuis
2145 1838 2202 1880 se

2307 1819 2593 1890 cpiscopus
2634 1819 2905 1891 lacrymas
2947 1817 3148 1876 multas
3175 1833 3246 1874 ex
3283 1817 3440 1876 corde
3478 1817 3750 1888 profundenda.

615 1915 796 1971 verbis
817 1916 870 1970 in
901 1915 992 1972 Dei
1019 1918 1422 1974 snccendebant
1459 1935 1696 1976 antorem
1733 1938 1746 1976 :
1793 1917 2203 1990 archiepiscopo

618 2016 798 2063 tamen
835 2009 998 2064 divini
1022 2012 1224 2066 amoris
1259 2012 1438 2081 ignem
1487 2011 1822 2084 frequentius
1873 2012 2204 2068 accendente

617 2099 884 2170 loquendo
908 2141 923 2164 ,
949 2101 1205 2174 episcOpo
1231 2118 1360 2159 vero
1397 2119 1456 2160 se
1482 2104 1550 2160 ad
1584 2105 1759 2176 ignem
1817 2103 1968 2162 illum
2009 2117 2206 2160 accen-

618 2205 737 2246 sum
769 2192 990 2262 propius
1018 2194 1372 2252 calefaciente
1411 2197 1658 2268 tacendo.
1717 2197 1979 2265 Quaesivit
2025 2207 2203 2252 tamen

619 2283 906 2355 cpiscOpus
930 2286 1226 2360 aliquando
1253 2295 1434 2343 utrum
1465 2288 1719 2344 omnibus
1744 2304 1864 2357 qua:
1887 2288 1940 2342 in
1973 2288 2204 2344 ecclesia

624 2377 944 2434 dicerentur
969 2380 1210 2434 animum
1239 2379 1680 2448 archiepiscopus
1722 2377 2001 2448 mtptaliter
2036 2377 2211 2432 inten-

622 2471 776 2523 deret
796 2470 1140 2540 aequaliterve
1165 2471 1448 2526 retinuerat.
1503 2472 1574 2524 At
1624 2469 1750 2525 ille:
1811 2469 1944 2540 Ego,
2009 2457 2220 2540 inquit,

623 2559 864 2616 omnibus
902 2561 1112 2633 quidem
1141 2579 1257 2634 qua:
1299 2564 1460 2616 audio
1501 2563 1613 2618 htt'c
1654 2563 1874 2617 retinere
1913 2561 2090 2616 uolens
2123 2563 2207 2615 in-

624 2652 812 2718 tendo;
837 2654 929 2708 sed
953 2655 1144 2724 stupius
1179 2653 1386 2725 fugiunt
1415 2665 1639 2708 mentem
1668 2671 1836 2710 meam
1855 2697 1870 2722 ,
1899 2654 2027 2708 dum
2051 2653 2210 2710 simul

624 2747 800 2800 omnia
822 2763 1004 2816 capere
1025 2745 1163 2802 volo.
1207 2747 1306 2802 Cui
1336 2747 1652 2817 episcopus:
1703 2747 1834 2804 Jure
1882 2749 2080 2818 utique,
2131 2747 2213 2800 in-

623 2837 759 2906 quit,
791 2837 880 2894 ille
898 2840 1090 2894 amittit
1117 2839 1313 2904 omnia,
1344 2840 1437 2912 qui
1463 2841 1638 2894 omnia
1666 2840 2078 2910 concupiscendo
2100 2855 2216 2892 am-

621 2929 880 2998 ﬂectitur.
913 2929 1024 2990 Iloc
1049 2933 1204 3002 quasi
1233 2931 1481 3012 alludens
1513 2931 1746 2987 dicebat.
1797 2931 2002 2988 Deinde
2029 2932 2215 2986 subin-
2245 2995 2257 3006 θ

623 3022 870 3078 ferebat:
902 3023 1018 3094 Ego
1047 3037 1224 3080 autem
1255 3042 1358 3078 non
1383 3025 1620 3079 omnibus
1668 3041 1788 3095 qua:
1834 3025 1996 3079 audio
2036 3039 2205 3095 tt’qtta-

624 3116 742 3169 liter
766 3115 1014 3180 intendo;
1053 3119 1144 3172 sed
1171 3134 1237 3172 ea:
1257 3119 1493 3174 omnibus
1525 3135 1685 3174 unum
1711 3119 1852 3190 quod
1889 3117 2018 3174 mihi
2047 3117 2214 3191 magis

626 3215 700 3258 est
721 3206 870 3288 cordi
891 3208 1056 3277 eligo,
1085 3209 1231 3280 eique
1255 3211 1543 3266 studiosius
1589 3211 1850 3266 inha'rens
1895 3209 2127 3280 aliquam
2151 3228 2217 3266 ex

523 3319 530 3324 -
625 3313 687 3350 eo
716 3299 928 3368 superni
954 3315 1148 3354 amoris
1169 3302 1296 3356 mihi
1311 3301 1636 3356 du’cedinem
1657 3303 1827 3358 clicio.
1857 3301 2217 3369 Quemadmo-

585 3451 588 3454 ί
627 3389 756 3446 dunt
782 3391 828 3446 si
851 3391 938 3446 oui
981 3402 1174 3462 wgroto
1212 3392 1366 3464 plura
1395 3394 1628 3448 ciborum
1666 3411 1857 3466 genera
1887 3394 2214 3464 offerantur,

631 3480 723 3536 ille
746 3492 920 3538 autem
946 3501 1048 3539 non
1071 3487 1250 3540 omnia
1279 3487 1371 3542 sed
1391 3504 1458 3542 ea:
1479 3487 1720 3543 omnibus
1750 3503 1912 3542 unum
1933 3487 2033 3543 sibi
2048 3489 2217 3559 magis

630 3581 842 3638 gratum
871 3573 1028 3628 ueluti
1053 3591 1264 3645 pomum
1285 3577 1466 3650 eligat,
1515 3579 1657 3650 quod
1693 3579 2020 3650 degustando
2049 3593 2214 3634 reme-

631 3663 778 3718 dium
805 3664 1019 3736 aliquod
1037 3685 1148 3722 sute
1183 3667 1509 3737 inﬁrmitatis
1551 3686 1736 3742 capere
1757 3668 1951 3725 ualeat.
2001 3669 2070 3726 Et
2101 3671 2217 3726 hate

631 3755 849 3822 quidem
877 3757 984 3814 ille.
1021 3757 1132 3815 Nos
1152 3770 1331 3814 autem
1355 3761 1446 3830 qui
1479 3761 1597 3832 ejus
1621 3761 1788 3816 vitam
1825 3775 1924 3816 usu
1953 3770 2008 3818 et
2031 3761 2220 3817 auditu

631 3849 767 3904 satis
803 3852 1190 3922 cognovimus,
1221 3853 1364 3908 hanc
1391 3853 1466 3908 illi
1497 3867 1716 3924 semper
1737 3853 1904 3910 fuisse
1929 3865 2223 3912 consuetu-

633 3941 815 3998 dinem
867 3943 1182 4015 frequenter
1224 3946 1436 4016 experti
1486 3961 1692 4002 sumus.
1742 3945 2046 4016 Aliquando
2074 3950 2238 4003 enim-

633 4049 757 4090 cum
801 4035 855 4090 in
899 4035 1140 4092 Ecclesia
1200 4037 1330 4092 illud
1389 4037 1669 4092 decantari
1731 4039 1978 4094 audiret:
2035 4039 2224 4110 Aﬁiicti

633 4148 730 4200 pro
755 4137 978 4203 peccatis
1006 4137 1196 4193 nostris
1217 4137 1426 4193 assidue
1451 4155 1570 4192 cum
1601 4137 1846 4208 lacrymis
1867 4147 2224 4208 exspectamus

636 4221 792 4290 ﬁnem
820 4235 1089 4294 nostrum;
1122 4227 1206 4285 vel
1231 4227 1405 4284 illud:
1452 4229 1576 4284 Dies
1623 4227 1750 4290 illa.
1803 4228 1915 4282 dies
1963 4229 2100 4294 iraz,‘
2140 4229 2224 4283 Vel

639 4309 785 4366 aliud
821 4313 996 4370 simile
1037 4318 1441 4388 compunctioni
1493 4318 1772 4383 amicum,
1819 4317 1961 4373 illico
2009 4319 2225 4374 czeteris

637 4403 891 4461 omnibus
915 4407 1132 4466 omissis
1157 4411 1206 4466 ei
1231 4451 1247 4476 ,
1273 4412 1418 4482 quod
1458 4412 1561 4468 sibi
1599 4413 1770 4482 magis
1812 4420 2095 4481 acceptum
2125 4428 2223 4464 au-

641 4493 850 4559 dierat.
879 4497 1218 4556 solummodo
1244 4500 1590 4567 intendebat;
1619 4501 1899 4571 oculisque
1939 4501 1992 4556 in
2024 4501 2222 4558 cmlnm
2259 4538 2302 4592 ο

638 4587 857 4654 erectis,
889 4587 971 4644 bis
1003 4588 1129 4644 illud
1157 4599 1306 4647 terve
1329 4591 1411 4648 vel
1437 4603 1632 4662 quater
1671 4593 1993 4662 suspirando
2017 4605 2228 4664 repete-

636 4681 760 4747 bat;
795 4689 1076 4751 totumque
1113 4697 1175 4738 se
1215 4682 1268 4738 in
1299 4685 1536 4755 gemitus
1584 4699 1855 4755 vocesque
1895 4683 2226 4756 laci-ymosas

641 4771 963 4829 resolvebat.
989 4773 1347 4842 Videbamus,
1398 4785 1454 4832 et
1499 4776 1550 4830 in
1580 4777 1850 4850 lacrymas
1885 4777 1966 4832 vel
1995 4778 2230 4846 gemitus

637 4863 832 4922 saltem
859 4866 995 4921 solvi
1029 4879 1081 4922 et
1105 4867 1206 4938 ipsi
1235 4868 1586 4938 cogebamur.
1621 4869 1761 4936 Quid
1805 4885 1926 4924 cum
1963 4870 2030 4922 ad
2060 4884 2232 4938 popa-

639 4949 749 5012 lum
777 4971 1084 5014 sermonem
1111 4957 1354 5016 faceret?
1379 4958 1686 5029 Aliquando
1707 4959 2229 5030 inter-rumpentibus

639 5048 900 5122 laerymis
949 5050 1097 5123 loqui
1139 5059 1197 5109 et
1244 5053 1358 5124 ipse
1403 5068 1514 5108 non
1561 5061 1794 5122 poterat,
1857 5068 1956 5109 nec
2003 5053 2230 5122 populus

642 5147 938 5220 quidquam
964 5150 1109 5205 aliud
1133 5167 1296 5220 quam
1319 5149 1572 5215 lierejel
1609 5165 1830 5222 gemere
1855 5151 2005 5205 illum
2052 5159 2230 5204 atten—

645 5241 780 5294 dens
807 5251 1039 5311 poterat.
1074 5241 1371 5300 Cessabant
1397 5243 1562 5298 verba
1583 5283 1598 5306 ,
1641 5242 1894 5312 lacryma:
1921 5257 2228 5298 sermonem

645 5329 952 5402 explebant.
993 5331 1107 5390 Hoc
1135 5343 1312 5392 autem
1339 5335 1576 5390 maxime
1605 5334 1791 5396 ﬁebat,
1835 5349 1958 5388 eum
1994 5334 2045 5389 in
2076 5333 2229 5389 festi-

649 5421 816 5476 vitatc
838 5422 900 5478 Β.
931 5423 1114 5478 Maria:
1141 5425 1470 5496 Magdalena:
1499 5427 1566 5482 de
1613 5423 1732 5496 eius
1780 5425 2098 5494 ptenitentia
2146 5425 2231 5481 vel

649 5512 903 5584 lacrymis
931 5528 1238 5570 sermonem
1270 5517 1337 5570 ad
1373 5517 1628 5589 populum
1678 5514 1928 5571 faciebat.
1982 5514 2234 5585 Loquens

649 5608 850 5680 quippe
876 5609 942 5664 de
971 5607 1087 5678 ejus
1107 5611 1444 5680 pestilentia,
1465 5608 1721 5682 populum
1753 5611 1821 5664 ad
1849 5607 2228 5678 pmoitentiam

650 5699 998 5770 provocabat.
1039 5697 1294 5753 iteeitans
1321 5699 1464 5755 illius
1503 5702 1794 5769 laerymas,
1839 5698 2149 5770 lacrymans
2181 5709 2234 5752 et

652 5796 769 5870 ipse
799 5803 1025 5854 cancros
1057 5795 1122 5850 ad
1157 5795 1426 5866 lat-rymas
1453 5793 1833 5850 succendebat.
1871 5791 2016 5848 Hanc
2040 5791 2234 5862 quippe

2307 1911 2421 1968 Hoc
2447 1922 2629 1968 tamen
2663 1913 2839 1983 ipsum
2887 1911 3171 1967 tnateriam
3203 1910 3544 1984 lacrymarmn
3595 1909 3664 1966 sibi
3697 1911 3754 1980 iisi

2305 2007 2674 2076 preponebat,
2743 2004 2887 2076 quod
2952 2003 3206 2060 videlicet
3277 2003 3541 2074 quamdam
3587 2001 3756 2068 tetigimus

2306 2097 2542 2168 speciem
2574 2096 2910 2151 ostentando
2959 2085 3140 2152 factus
3189 2093 3472 2165 episcopus
3513 2091 3659 2146 luerat.
3687 2089 3756 2154 l'r,

2309 2187 2581 2258 inquiens,
2631 2187 2760 2241 mihi
2816 2185 3114 2258 peccatori,
3177 2185 3306 2255 quia
3342 2185 3466 2240 sicut
3505 2183 3664 2254 quidam
3695 2184 3756 2252 rai-

2306 2287 2574 2347 scOpatum
2613 2286 2790 2332 emunt
2819 2276 3160 2348 pecuniarum
3189 2274 3541 2339 distractione,
3577 2273 3632 2327 sic
3649 2283 3680 2326 et
3705 2289 3756 2340 ψ

2309 2367 2606 2422 sanctitatis
2661 2366 2945 2438 cujusdam
3002 2366 3177 2420 minus
3224 2375 3382 2420 cauta
3433 2361 3758 2419 ostentatione“)

2309 2459 2480 2530 gloria
2525 2457 2722 2524 inanis,
2767 2457 2896 2528 quid
2923 2457 3052 2511 mihi
3073 2467 3124 2514 et
3158 2455 3296 2511 tibi?
3330 2457 3483 2524 Quid,
3517 2455 3759 2525 quadrntal

2311 2567 2505 2617 meum,
2542 2567 2625 2606 me
2661 2560 2924 2606 ostentare
2954 2551 3188 2622 suggeris
3210 2553 3364 2622 quasi
3387 2550 3571 2604 meum?
3590 2545 3760 2616 luoqtd

2313 2653 2387 2696 est
2415 2639 2570 2708 nihil,
2599 2655 2694 2696 cur
2717 2641 2844 2694 mihi
2865 2643 3056 2696 suades
3079 2651 3133 2694 ut
3165 2639 3436 2696 ostendam
3469 2639 3594 2710 quasi
3614 2637 3760 2722 aliqud?

2316 2732 2457 2799 Quid
2485 2741 2559 2788 est
2605 2733 2745 2806 quod
2791 2732 2844 2786 in
2901 2733 3235 2787 meinrenire
3261 2749 3448 2802 queas,
3499 2747 3582 2800 quo
3615 2743 3670 2782 me
3694 2726 3761 2796 jut

2315 2826 2560 2883 attollere
2586 2826 2760 2882 ualeas
2784 2827 2809 2881 ?
2837 2823 2936 2880 Ubi
2963 2827 3239 2880 materiam
3263 2825 3518 2880 attollendi
3538 2839 3616 2877 non
3633 2821 3760 2878 interit,

2315 2935 2412 2976 cur
2431 2933 2512 2972 me
2533 2917 2769 2974 attollere
2796 2919 3030 2989 quwris?
3058 2917 3134 2971 La
3144 2917 3210 2988 nf
3209 2935 3421 2972 raucum
3437 2914 3762 2986 archiepiscopis.

2316 3017 2441 3072 dum
2467 3017 2652 3070 viveret
2671 3054 2687 3079 ,
2714 3013 2864 3066 adire
2887 3013 3126 3082 potuisti,
3154 3022 3205 3066 et
3238 3011 3372 3064 alios
3394 3026 3517 3063 nunc
3537 3019 3764 3072 sumuspro-

2320 3104 2495 3158 bitatis
2519 3103 2686 3170 riros‘,
2736 3104 2782 3156 si
2828 3101 3065 3156 homines
3097 3102 3169 3156 ris
3211 3101 3437 3156 invenire
3475 3100 3622 3168 dignos
3655 3092 3764 3146 attolli.

2241 3163 2285 3223 ς’
2319 3193 2348 3249 Ι
2354 3194 2402 3247 bi
2426 3193 2739 3262 sapientiam
2773 3207 2890 3246 cum
2919 3192 3168 3257 scientia,
3211 3192 3289 3246 ibi
3315 3190 3508 3244 diuitias
3543 3185 3766 3240 iltttllittll

2315 3287 2568 3362 palemia.
2629 3283 2715 3340 Ibi
2770 3286 2970 3341 invenis
3025 3286 3160 3340 viros
3207 3281 3546 3339 instrumentis
3579 3287 3766 3331 unctum

2315 3381 2569 3436 virtutum
2619 3379 2979 3451 multipliciter
3013 3385 3264 3442 ornatos,
3305 3385 3352 3430 et
3397 3373 3492 3428 tuis
3529 3365 3768 3440 [romulidis

2318 3471 2483 3542 plenis
2504 3469 2982 3526 machinationibus
3017 3465 3378 3522 robustissime
3401 3463 3601 3518 resistere
3617 3456 3766 3511 Mlt'lm.

2322 3563 2410 3620 Me
2429 3573 2752 3634 peccatorem
2783 3573 2831 3618 et
2879 3559 3010 3616 nihil
3034 3561 3223 3614 horum
3255 3559 3514 3614 habentem
3554 3551 3726 3620 relinqui
3741 3547 3770 3594 1"

2320 3673 2424 3727 quo
2449 3657 2657 3712 nonnisi
2684 3666 2955 3728 peccatum
2985 3665 3130 3728 potas
3161 3655 3412 3708 invenire.
3449 3649 3644 3705 Addebat
3676 3651 3711 3696 et
3739 3653 3770 3690 se

2323 3749 2611 3804 admodum
2645 3749 2824 3804 vereri
2859 3763 2925 3804 ne
2959 3747 3009 3802 ei
3037 3747 3290 3802 eveniret
3331 3743 3468 3816 quod
3507 3739 3672 3811 quidam
3699 3747 3768 3786 etc-

2324 3840 2468 3897 nisse
2496 3840 2760 3906 audierat,
2789 3839 2881 3910 qui
2916 3839 2982 3894 ad
3007 3847 3316 3895 extremum
3339 3837 3562 3896 veniens,
3601 3841 3685 3882 cum
3707 3823 3769 3890 iam

2324 3933 2573 3990 ultimum
2612 3933 2798 3990 efﬂare
2841 3932 3095 4003 spiritum
3149 3930 3395 3994 deberet,
3437 3925 3585 3982 dixit:
3615 3917 3648 3976 0
3677 3913 3770 3987 dot“

2323 4021 2497 4077 inanis
2525 4033 2749 4092 quantos
2787 4021 3086 4093 perdidisti,
3134 4036 3362 4089 quorum
3416 4034 3500 4088 rgo
3545 4027 3648 4068 unus
3681 4003 3770 4060 uitt-l

2324 4113 2563 4172 Gloriam
2595 4129 2728 4184 ergo
2754 4113 2974 4170 inanem
3005 4124 3062 4169 et
3089 4113 3336 4168 studiose
3363 4109 3565 4172 vitabat,
3605 4107 3646 4158 et
3671 4095 3770 4151 ιιιὶιιιῖδ

2326 4209 2570 4266 Studiose
2596 4223 2718 4264 eam
2749 4223 2811 4265 se
2837 4209 3010 4264 vitare
3037 4207 3284 4262 timebat.
3313 4201 3646 4262 Altcrcabatur
3663 4194 3766 4284 itI‘l‘l'e

2325 4315 2448 4354 cum
2471 4299 2557 4355 illa
2581 4313 2754 4372 saepe,
2786 4307 2846 4354 ut
2877 4298 3082 4354 dictum
3113 4306 3226 4360 est,
3264 4295 3409 4351 velut
3434 4307 3541 4349 cum
3573 4285 3769 4376 adversati"

2326 4391 2584 4462 quodam,
2617 4401 2671 4447 ut
2704 4409 2733 4447 a
2756 4408 2816 4448 se
2849 4405 2970 4447 eam
2994 4389 3303 4461 repelleret,
3337 4399 3403 4442 ne
3429 4399 3536 4440 eum
3561 4392 3634 4450 pro
3653 4373 3770 4427 'uetilt

2328 4487 2615 4549 laudabilis
2643 4487 2769 4542 vitae
2799 4485 2867 4541 ab
2896 4483 3148 4538 omnibus
3177 4481 3508 4542 laudabatur,
3533 4475 3574 4528 ci
3599 4467 3768 4524 undeun-

2329 4601 2437 4656 que
2467 4583 2766 4651 subrepere
2787 4585 2989 4650 posset.
3023 4575 3193 4642 Quem
3247 4573 3394 4630 enim
3439 4559 3684 4660 exuillentia
3713 4567 3768 4648 tot

2333 4683 2577 4744 tangeret
2597 4673 2810 4743 aliqua,
2846 4685 2967 4726 cum
2991 4681 3257 4739 proceres
3307 4661 3453 4736 regni
3481 4659 3584 4714 aliis

2335 4749 2514 4834 ipsum.
2539 4759 2890 4834 prteferentes
2910 4799 2925 4824 ,
2958 4758 3132 4829 ipsum
3161 4757 3442 4817 adeuntes,
3477 4735 3768 4836 ipsius

2336 4861 2552 4913 ritatetn
2585 4862 2933 4926 appeterent,
2983 4850 3199 4921 propria
3233 4849 3280 4904 ei
3335 4859 3536 4919 peccas
3571 4831 3769 4926 familiai-Its

2334 4951 2693 5016 denudantes,
2725 4961 2784 5002 se
2813 4961 2909 5013 per
2936 4958 3060 4998 eum
3085 4941 3441 4996 absolutiores
3471 4932 3566 4988 fieri
3593 4941 3666 4982 non
3688 4917 3766 5016 libr

2337 5051 2517 5099 tarent
2533 5082 2549 5106 ,
2589 5009 2826 5095 tutiores
2843 5035 3074 5104 denique
3095 5051 3162 5089 eo
3187 5049 3248 5089 se
3265 5029 3534 5087 crederent
3555 5019 3635 5084 die.
3651 5009 3768 5110 ᾳυθτεξ

2340 5134 2458 5205 eius
2485 5129 2720 5190 osculari
2747 5145 2940 5184 manus
2965 5127 3048 5182 vel
3073 5125 3262 5182 saltem
3286 5137 3408 5179 eum
3437 5117 3592 5172 videre
3607 5107 3768 5208 ultre"?

2339 5229 2404 5286 Et
2455 5237 2603 5284 certe
2649 5223 2832 5280 audivi
2865 5237 2895 5276 a
2926 5220 3159 5292 quodam
3189 5217 3314 5273 boni
3347 5205 3602 5270 testimonii
3623 5205 3768 5270 episwi"

2339 5335 2396 5383 et
2418 5323 2664 5381 veritatis
2687 5327 2929 5377 amatore
2960 5315 3272 5380 referri,se,
3295 5327 3414 5368 cum
3439 5295 3766 5380 gravissimis

2339 5417 2425 5474 nis
2471 5430 2584 5472 suae
2644 5409 2877 5468 stimulis
2925 5415 2981 5463 et
3033 5405 3417 5462 tentationibus
3457 5399 3503 5452 in
3537 5387 3768 5474 adoleuit”

2340 5521 2458 5570 sua,
2520 5515 2581 5560 ut
2630 5501 2902 5558 interdum
2954 5498 3173 5556 evenire
3208 5494 3362 5560 solet,
3411 5491 3664 5560 urgeretur.
3688 5469 3754 5525 5"”

2347 5597 2495 5654 dulfo
2549 5593 2860 5666 passionum
2914 5605 3132 5646 suarum
3192 5586 3408 5642 nebulas
3455 5577 3590 5635 corde
3624 5573 3766 5666 plin."

2341 5657 2974 5760 integromanifesmsse,
2994 5694 3047 5738 ct
3067 5680 3211 5738 omni
3241 5689 3356 5747 post
3385 5685 3591 5742 tempore
3607 5661 3654 5716 ab

2353 5783 2493 5840 modi
2551 5779 2840 5837 criminum
2863 5775 3258 5848 impedimentis
3285 5767 3496 5828 consilio
3531 5769 3572 5817 et
3611 5753 3750 5809 enim
