3870 6304
148 366 237 426 829

1682 353 1857 409 VITA.

3278 348 3388 411 830

147 512 229 559 bus
249 497 355 567 ejus
376 494 686 551 liberiorem
715 508 855 550 esse.
886 492 1010 559 [hec
1035 492 1238 565 quippe
1282 491 1606 547 dicebantur
1634 490 1701 545 de
1727 477 1777 533 Α
1806 485 2035 555 proximi
2083 470 2205 539 Deo»
2229 492 2280 540 et
2329 485 2589 543 affinitate
2623 474 3059 555 sanctisangelis
3089 482 3387 554 conjuncti,

144 593 239 649 illo.
262 588 371 659 Ipse
401 595 712 641 tamennon
743 600 802 641 se
852 585 907 639 in
949 583 1229 638 hominum
1274 596 1370 637 ore
1398 578 1694 652 quaerebat,

141 680 226 740 sed
248 679 297 735 in
325 693 380 733 se
408 675 537 746 quid
563 682 707 731 esset
736 689 767 728 a
806 689 864 729 se
891 673 1156 727 attentius
1206 670 1563 741 disquirebat.
1615 666 1697 722 llli

142 787 246 832 eum
269 768 577 837 efferebant,
606 766 723 838 ejus
746 766 1040 821 attollenda
1068 765 1294 831 merita;
1322 764 1436 835 ipse
1458 762 1697 832 seipsum

141 863 471 939 deprimebat,
503 877 600 919 sua
625 862 691 916 ad
722 863 1039 916 memoriam
1086 857 1395 914 reducendo
1449 865 1694 925 peccata.

140 961 188 1017 Si
225 957 428 1030 quando
456 969 585 1009 vero
628 952 866 1008 inaniter
908 961 1191 1024 raperetur
1218 960 1371 1005 extra
1400 964 1478 1014 se,
1519 947 1697 1018 quoti-

138 1055 279 1110 diana
304 1046 766 1118 contemplatione
804 1060 865 1102 se
897 1059 1149 1115 quaerens
1185 1052 1240 1098 et
1266 1040 1569 1104 inveniens,
1599 1052 1698 1107 per

135 1142 414 1201 custodiam
464 1139 789 1195 humilitatis
834 1136 995 1194 citius
1043 1151 1102 1192 se
1152 1134 1447 1191 reducebat
1498 1132 1567 1185 ad
1612 1144 1692 1185 se.

136 1237 284 1294 Dictis
311 1235 493 1303 itaque
523 1232 844 1303 quibusdam
873 1230 939 1285 de
970 1227 1213 1284 moribus
1252 1227 1399 1297 ejus,
1448 1238 1592 1280 [tunc
1628 1221 1696 1276 ad

132 1326 517 1398 exsequendum
557 1338 784 1395 operum
832 1321 950 1393 ejus
982 1320 1228 1376 ordinem
1266 1316 1536 1373 calamum
1565 1328 1695 1372 con-

133 1433 410 1480 vertatnus.
1700 1392 1709 1403 ’

192 1512 378 1569 llabito
405 1512 569 1581 igitur
595 1524 718 1566 cum
747 1503 1081 1576 sapientibus
1106 1502 1351 1569 consilio,
1379 1508 1436 1556 et
1461 1498 1696 1554 maxime

131 1606 325 1661 favente
351 1615 407 1658 et
431 1602 690 1657 auxilium
727 1600 1003 1671 praebente
1057 1596 1111 1650 in
1165 1594 1350 1649 multis
1394 1590 1693 1647 venerabili

127 1696 365 1752 Auselmo
399 1692 835 1762 archiepiscopo,
889 1689 1031 1757 sicut
1089 1685 1143 1740 in
1189 1684 1407 1739 civitate
1448 1679 1692 1736 Roffensi

126 1784 490 1844 construxerat
510 1784 775 1848 virorum,
812 1780 884 1834 ita
924 1788 979 1833 et
1018 1775 1344 1832 feminarum
1382 1772 1693 1829 coenobium

124 1884 169 1936 in
191 1879 527 1952 possessione
562 1892 680 1943 sua,
704 1887 869 1944 quam
897 1870 1177 1940 Mellingas
1214 1869 1423 1935 dicunt,
1474 1864 1557 1920 vir
1602 1864 1696 1920 Dei

122 1975 377 2029 aedificare
403 1970 634 2026 curavit.
665 1964 928 2022 Amabilis
967 1963 1113 2018 enim
1165 1960 1378 2030 utrique
1419 1958 1593 2024 sexui,
1627 1957 1695 2011 ad

123 2064 381 2134 religionis
402 2063 660 2133 pietatem
691 2059 949 2128 prodesse
973 2054 1183 2110 studuit
1207 2062 1260 2107 et
1284 2051 1496 2120 utrique
1519 2048 1692 2104 sexui.

122 2155 170 2210 lu
196 2153 452 2226 praedicto
487 2150 651 2223 igitur
678 2150 796 2202 loco
813 2146 1043 2202 ccclesza
1065 2144 1117 2199 in
1134 2143 1396 2198 honorem
1425 2140 1485 2194 Β.
1514 2138 1697 2193 Maria:

122 2260 315 2314 semper
342 2240 587 2311 Tvirginis
636 2238 960 2308 composita,
993 2232 1311 2304 compositis
1359 2241 1416 2287 et
1461 2229 1694 2285 oﬂiciuis

120 2336 374 2408 aliquibus
397 2348 500 2405 pro
525 2332 785 2404 temporis
829 2327 1257 2400 opportunitate,
1287 2332 1491 2396 quanta
1520 2322 1696 2393 potuit

120 2428 359 2485 instantia
379 2468 398 2494 ,
432 2420 925 2482 sanctimonialium
956 2420 1088 2475 inibi
1120 2416 1433 2490 aggregavit
1455 2429 1695 2470 conven-

121 2530 250 2588 tum;
277 2536 372 2577 eas
400 2519 647 2576 doctrina
678 2514 904 2571 instanti
931 2512 1189 2568 erudiens
1213 2508 1466 2574 interius,
1501 2508 1583 2562 eis
1606 2506 1690 2560 in-

120 2614 313 2675 dustria
346 2604 543 2670 solerti
573 2611 697 2666 vitae
743 2605 1051 2664 necessaria
1080 2618 1380 2675 procurans
1428 2600 1689 2658 exterius.

119 2705 291 2778 Magna
316 2703 592 2777 siquidem
623 2700 947 2773 providebat
976 2713 1107 2753 cura
1155 2705 1215 2751 ut
1253 2705 1309 2751 et
1332 2695 1527 2749 anima:
1561 2708 1690 2763 pro-

118 2798 276 2853 futura
306 2798 390 2854 eis
425 2796 644 2852 omnino
671 2808 888 2862 semper
916 2793 1191 2855 adessent,
1221 2796 1276 2843 et
1306 2802 1428 2857 quae
1471 2785 1691 2854 corpori

116 2890 406 2945 necessaria
435 2896 591 2944 erant
610 2887 692 2942 eis
713 2899 990 2955 nunquam
1019 2883 1287 2937 deessent.
1309 2879 1507 2933 Matres
1528 2877 1693 2947 igitur

114 2980 411 3053 spirituales
437 2981 502 3036 de
525 2976 646 3034 aliis
677 2984 929 3047 acceptas
966 2970 1311 3028 monasteriis
1353 2967 1563 3039 priores
1607 2962 1690 3018 vel

114 3076 347 3129 custodes
377 3072 462 3129 eis
483 3069 834 3144 pra‘ficiebat,
885 3064 1130 3121 redditus
1158 3062 1241 3117 vel
1290 3070 1469 3117 terras
1515 3057 1688 3113 unde-

113 3180 306 3235 cunque
332 3172 552 3237 poterat
573 3159 892 3232 acquirebat
912 3199 927 3225 ,
958 3172 1147 3211 earum
1177 3152 1463 3210 ecclesiam
1489 3159 1686 3207 ornatu

112 3256 251 3309 vario
279 3256 553 3311 decorare
584 3252 836 3307 curabat.
874 3249 1026 3306 Unde
1052 3255 1109 3304 et
1153 3246 1336 3318 plures
1379 3243 1545 3301 etiam
1592 3259 1689 3297 no-

112 3346 232 3401 biles
258 3347 409 3403 illius
432 3344 746 3417 magisterio
768 3342 1002 3398 subdere
1024 3356 1081 3396 se
1103 3337 1431 3411 gaudebant,
1460 3349 1686 3406 speran-

111 3446 183 3492 tes
210 3453 266 3493 se
300 3452 406 3509 per
431 3436 576 3492 illius
600 3434 851 3491 obtinere
874 3432 1242 3495 sanctitatem,
1268 3430 1411 3499 quod
1438 3442 1535 3498 per
1561 3441 1689 3497 pro-

110 3528 269 3601 priam
295 3546 410 3585 non
436 3536 688 3600 poterant
725 3525 971 3596 corporis
1014 3522 1384 3594 fragilitatem.
1440 3518 1691 3573 Abbatis-

110 3640 215 3699 sam
243 3635 429 3682 tamen
458 3624 540 3681 eis
575 3623 808 3696 primum
837 3619 1114 3693 praeficere
1139 3617 1327 3682 noluit,
1358 3616 1453 3672 sed
1480 3629 1572 3670 eos
1594 3628 1692 3682 per

110 3718 282 3789 plures
312 3734 494 3773 annos
532 3715 748 3786 propria
773 3728 902 3769 cura
935 3725 1119 3782 regere
1142 3710 1374 3765 curavit.

171 3811 225 3867 ln
256 3811 363 3866 illis
394 3810 586 3866 diebus
615 3806 819 3863 obortis
848 3815 1071 3878 propter
1099 3802 1406 3857 libertatem
1437 3798 1692 3855 Ecclesiae

111 3903 241 3959 inter
264 3902 491 3961 Patrem
514 3899 830 3955 Anselmum
859 3905 915 3953 et
945 3909 1124 3965 regem
1152 3893 1364 3964 magnis
1390 3890 1690 3947 discordia-

110 4010 221 4048 rum
249 3992 513 4064 querelis,
547 3990 686 4045 idem
715 3986 1001 4044 Anselmus
1030 3983 1277 4055 Angliam
1320 3983 1509 4037 exiens
1550 3979 1692 4051 apud

110 4083 425 4156 Lugdunum
460 4082 763 4140 exsulabat.
808 4078 1047 4150 Contigit
1086 4086 1268 4132 autem
1320 4085 1440 4146 post
1486 4072 1696 4142 aliquot

32 4186 41 4192 ’
107 4198 273 4239 annos
302 4192 363 4239 ut
395 4183 510 4254 ipse
536 4196 651 4246 rex,
691 4179 886 4251 sagitta
910 4190 1225 4246 percussus,
1264 4170 1578 4227 terribiliter
1601 4185 1695 4225 oc-

109 4275 408 4342 cumberet,
434 4282 491 4329 et
522 4272 689 4328 frater
725 4270 844 4339 ejus
873 4268 1141 4323 Henricus
1174 4263 1241 4320 ad
1282 4263 1431 4334 regni
1476 4260 1693 4331 fastigia

106 4366 351 4422 sublatus
378 4374 548 4421 esset.
588 4362 690 4430 Qui
738 4361 922 4416 statim
975 4357 1291 4413 Anselmum
1352 4357 1418 4408 ad
1462 4352 1693 4424 patriam

110 4460 412 4526 revocavit,
444 4467 499 4514 et
528 4456 689 4511 laude
729 4453 951 4525 dignum
986 4449 1339 4515 Gundull‘um,
1372 4448 1514 4503 sicut
1543 4455 1696 4499 ante-

1804 575 1896 644 qui
1933 575 2141 631 semina
2165 578 2314 646 pacis
2338 577 2392 632 in
2424 577 2682 633 cordibus
2712 576 2825 633 suis
2851 575 3172 646 suscipiunt,
3195 584 3249 630 et
3272 576 3390 633 haec

1798 668 1857 724 in
1889 665 2187 723 manifesto
2233 684 2332 738 per
2378 683 2603 740 operum
2642 670 3049 725 exsecutionem
3074 669 3388 724 ostendunt.

1802 759 1927 815 Istis
1962 759 2187 825 auditis,
2233 761 2454 831 quidam
2472 777 2539 817 ex
2575 762 2708 833 ipsis
2760 762 3122 816 innocentiam
3156 761 3258 815 viri
3291 759 3388 816 Dei

1800 859 1857 904 et
1916 849 2335 905 sanctimoniam
2383 852 2823 918 considerantes,
2874 854 3080 906 monita
3127 851 3388 907 salutaria

1802 940 1997 995 devote
2048 940 2375 1011 suscipiunt,
2429 943 2775 998 concordiam
2813 957 2937 997 cum
2971 959 3099 1014 rege
3136 942 3380 1008 firmant,

1802 1029 2006 1086 fmdera
2031 1030 2183 1101 pacis
2210 1031 2479 1101 deinceps
2508 1033 2737 1087 tenenda
2762 1034 3101 1105 promittunt.
3119 1033 3226 1091 Pro
3271 1035 3385 1089 istis

1800 1134 1930 1190 ergo
1977 1119 2228 1175 amabilis
2269 1118 2450 1177 factus
2479 1130 2564 1177 est
2601 1122 2713 1193 regi
2751 1131 2805 1177 et
2843 1123 3177 1194 principibus
3211 1125 3388 1194 regni,

1798 1221 1997 1267 etcum
2028 1213 2095 1266 de
2116 1211 2239 1267 aliis
2260 1211 2535 1269 nobilibus
2569 1223 2729 1270 terne
2759 1215 2812 1268 in
2842 1214 3043 1283 palatio
3064 1225 3157 1270 aut
3183 1216 3309 1272 alibi
3333 1216 3386 1270 in

1800 1303 2188 1360 collationibus
2215 1319 2405 1359 eorum
2435 1306 2590 1362 fleret
2620 1307 2846 1371 mentio,
2894 1305 3199 1363 Gundulfus
3249 1307 3385 1361 inter

1798 1411 1921 1463 eos,
1947 1414 2052 1453 non
2085 1412 2144 1456 ut
2174 1399 2379 1465 socius,
2410 1401 2506 1454 sed
2539 1408 2597 1454 ut
2639 1400 2889 1469 superior
2941 1407 2997 1454 et
3039 1399 3195 1469 quasi
3228 1397 3385 1455 Pater

1800 1492 2178 1559 reputabatur.

1876 1581 2076 1638 Videas
2098 1583 2283 1653 itaque
2309 1582 2570 1653 providus
2610 1581 2772 1637 Pater
2809 1596 3104 1653 congruam
3134 1589 3369 1652 opportu

1799 1673 2025 1729 nitatem
2069 1689 2129 1729 se
2174 1674 2375 1729 habere
2397 1686 2455 1729 et
2477 1682 2708 1743 tempus,
2736 1674 2789 1727 in
2822 1690 2930 1743 quo
2975 1673 3219 1743 utrisque
3274 1687 3385 1727 mo-

1800 1765 2056 1821 nasteriis
2073 1764 2188 1820 suis
2213 1765 2267 1819 in
2308 1764 2490 1835 aliquo
2520 1765 2779 1834 prodesse
2820 1774 3024 1834 posset,
3060 1763 3303 1819 redditus
3333 1771 3386 1818 et

1799 1858 2173 1930 possessiones
2206 1859 2600 1914 monachorum
2644 1872 2889 1923 suorum,
2915 1873 2945 1912 a
2972 1857 3085 1912 suis
3115 1857 3387 1928 quondam

1797 1958 2123 2020 separatas,
2172 1950 2500 2005 auctoritate
2552 1950 2697 2019 regis
2752 1948 2971 2002 Henrici
3021 1956 3077 2002 et
3125 1947 3387 2002 nobilium

1798 2042 1949 2112 regni
1987 2056 2090 2097 nec
2122 2056 2230 2097 non
2263 2051 2317 2096 et
2345 2040 2743 2111 archiepiscopi
2780 2039 3021 2093 Anselmi
3052 2047 3108 2093 et
3133 2052 3228 2092 sua
3258 2051 3387 2107 pro-

1795 2136 1910 2203 pria
1943 2142 1999 2188 et
2029 2134 2257 2189 aliorum
2285 2134 2665 2215 episcOporum
2694 2133 2902 2202 Anglire
2934 2131 3385 2187 corroboratione

1794 2225 2177 2291 confirmatas,
2204 2233 2369 2296 atque
2390 2241 2488 2296 per
2508 2227 2754 2280 chartam
2778 2241 2965 2280 eorum
2996 2225 3252 2287 sancitas,
3277 2224 3387 2279 eis-

1794 2314 1915 2370 dem
1953 2314 2081 2371 filiis
2108 2316 2222 2372 suis
2249 2318 2608 2392 contradidit.
2642 2317 2711 2372 Et
2756 2318 2900 2386 quod
2955 2326 3082 2371 tunc
3118 2326 3385 2371 statutum

1792 2418 1871 2465 est
1900 2409 2147 2479 quisquis
2192 2410 2627 2465 temerarioausu
2652 2408 2960 2479 infregerit,
2984 2409 3084 2462 nisi
3114 2408 3274 2478 digna
3298 2420 3388 2461 sa-

1795 2499 2101 2556 tisfactione
2130 2501 2448 2567 correxerit,
2480 2501 2844 2556 anathematis
2886 2515 3148 2555 mucrone
3162 2514 3387 2568 percus-

1792 2609 1885 2649 sus
1912 2594 2236 2648 sententiam
2268 2593 2636 2649 damnationis
2654 2609 2779 2650 cum
2800 2591 2935 2647 Juda
2958 2592 3238 2663 proditore
3266 2606 3385 2646 sor-

1792 2685 1983 2742 tiatur.
2007 2685 2165 2755 Apud
2192 2684 2471 2757 Mellingas
2502 2699 2651 2753 vero,
2685 2686 2775 2740 ubi
2807 2685 3116 2740 coenobium
3143 2683 3377 2737 femina-

1792 2794 1912 2833 rum
1975 2785 2396 2841 construxerat,
2438 2791 2563 2831 cum
2615 2776 2807 2831 eadem
2857 2774 2984 2828 villa
3031 2775 3099 2829 ab
3149 2773 3386 2843 antiquis

1792 2870 2126 2940 temporibus
2179 2870 2502 2940 campestris
2555 2877 2703 2924 esset
2760 2879 2815 2923 et
2874 2882 2999 2922 raro
3055 2865 3387 2920 incoleretur

1792 2964 2123 3028 habitatore,
2168 2961 2387 3017 favente
2407 2962 2581 3032 gratia
2611 2961 2753 3033 regis
2782 2959 3026 3025 Henrici,
3054 2960 3189 3013 satis
3216 2972 3387 3027 popu-

1793 3052 2003 3121 larem,
2057 3061 2113 3107 et
2161 3052 2506 3108 affluentibus
2554 3055 2912 3121 undecunque
2954 3050 3126 3106 turbis
3176 3058 3234 3104 et
3280 3047 3387 3103 sibi

1794 3146 2130 3202 mansionem
2156 3145 2507 3210 facientibus,
2543 3145 2598 3198 in
2649 3145 2841 3199 eodem
2889 3145 3010 3197 loco
3054 3142 3196 3197 sicut
3222 3140 3387 3195 hodie

1793 3246 2040 3309 apparet,
2069 3238 2248 3292 vicum
2285 3237 2642 3307 pergrandem
2670 3246 2726 3291 et
2770 3234 3168 3290 mercatoribus
3198 3239 3386 3303 aptum

1794 3331 1861 3385 ad
1892 3330 2182 3385 utilitatem
2212 3328 2709 3384 sanctimonialiqu
2735 3326 2936 3383 effecit.

1863 3422 2135 3477 Mathildis
2171 3428 2431 3490 praeterea
2456 3419 2653 3474 nobilis
2674 3419 2971 3491 Anglorum
3004 3416 3216 3489 regina,
3248 3426 3389 3469 uxor

1791 3516 2032 3586 ejusdem
2072 3513 2337 3586 principis
2384 3513 2627 3578 Henrici,
2674 3512 2950 3581 cognitam
2998 3509 3206 3564 habens
3235 3520 3388 3562 reve-

1795 3607 2024 3663 rentiam
2052 3607 2178 3660 vita:
2208 3602 2499 3659 laudabilis
2524 3612 2580 3657 et
2599 3602 2807 3673 digmta
2821 3612 2927 3657 tem
2959 3600 3225 3655 bonorum
3255 3612 3389 3667 epe-

1796 3716 1915 3754 rum
1952 3699 2052 3753 viri
2083 3696 2201 3763 Dei,
2230 3697 2348 3767 ejus
2374 3696 2657 3751 sanctitati
2684 3694 2840 3749 valde
2861 3692 3148 3747 familiaris
3173 3689 3384 3761 effecta,

1793 3806 1917 3847 eum
1946 3789 2013 3843 ad
2042 3803 2101 3842 se
2125 3787 2440 3856 frequenter
2459 3785 2648 3841 venire
2671 3779 3167 3851 faciebat,ejusque
3182 3776 3389 3832 salubri

1793 3882 2065 3951 colloquio
2096 3877 2511 3950 infatigabiliter
2537 3875 2729 3932 satiari
2772 3874 3049 3943 cupiebat.
3083 3873 3140 3925 In
3175 3875 3390 3923 tantum

1793 3976 1959 4032 etiam
1988 3986 2229 4027 amorem
2256 3970 2400 4025 illius
2442 3967 2749 4039 amplexata
2797 3973 2989 4030 estut,
3038 3978 3165 4017 cum
3217 3958 3391 4015 illium

1795 4065 2094 4138 genuisset,
2126 4061 2227 4130 ipsi
2258 4059 2573 4130 Speeialiter
2608 4057 2988 4128 baptizandum
3018 4062 3076 4109 et
3121 4053 3188 4108 de
3234 4064 3392 4107 sacro

1795 4160 1945 4213 fonte
1971 4156 2258 4209 levandum
2280 4168 2406 4208 eum
2434 4149 2865 4206 commendaret.
2907 4147 3058 4215 Quod
3086 4153 3140 4200 et
3186 4143 3266 4200 sic
3311 4143 3393 4197 fa-

1794 4259 1945 4303 ctum
1965 4254 2070 4301 est.
2094 4244 2307 4300 Charus
2330 4243 2512 4312 itaque
2538 4240 2649 4313 regi
2679 4248 2734 4295 et
2759 4238 2983 4311 reginae,
3007 4236 3391 4293 charusetiam

1794 4340 1944 4396 omni
1980 4338 2181 4409 populo
2208 4335 2437 4408 Anglice.
2465 4334 2601 4390 Nam
2645 4348 2768 4387 cmn
2813 4331 2969 4388 multi
3017 4330 3160 4402 apud
3208 4344 3389 4400 regem

1797 4445 1894 4487 seu
1944 4429 2189 4500 reginam
2242 4427 2427 4496 aliquo
2477 4423 2870 4495 impedimento
2919 4422 3141 4493 obligati
3183 4429 3386 4481 essent,

106 4567 356 4609 cessares
395 4517 524 4621 'ejus
564 4517 828 4610 fecerant,
880 4543 1048 4599 nimia
1102 4541 1451 4597 veneratione
1506 4537 1694 4606 coluit,
1729 4556 1775 4613 ι)
1802 4528 1919 4598 ipse
1944 4528 2013 4583 ab
2044 4524 2318 4595 impeditis
2358 4522 2673 4593 requisitus,
2712 4521 2836 4592 pius
2876 4520 3216 4575 interventor
3254 4517 3394 4573 ﬁdu-

108 4644 401 4698 attendens
447 4641 502 4695 in
544 4653 609 4694 eo
666 4638 791 4691 vita:
843 4634 933 4691 diu
984 4633 1227 4704 probatae
1271 4630 1615 4686 sanctitatem
1643 4636 1699 4681 et

103 4752 266 4805 quam
288 4734 398 4791 sibi
415 4732 705 4789 exhibebat
731 4730 871 4785 inter
888 4742 1145 4800 prospera
1164 4735 1219 4780 et
1236 4727 1465 4781 adversa
1489 4734 1699 4792 magna:

108 4828 419 4884 devotionis
436 4834 494 4881 et
524 4824 646 4879 fidei
674 4822 1047 4878 securitatem.
1074 4818 1332 4873 Turbatis
1359 4816 1505 4871 enim
1540 4813 1700 4868 rebus

105 4921 176 4977 ob
200 4919 567 4978 mutationem
599 4932 807 4988 regum,
827 4914 1102 4986 principes
1122 4911 1342 4981 quidam
1372 4907 1521 4978 regni
1546 4921 1699 4961 secu-

109 5013 255 5069 ritati
285 5012 415 5067 novi
452 5010 595 5079 regis
615 5008 792 5062 minus
833 5006 993 5061 fidem
1043 5010 1354 5066 servantes,
1409 4997 1697 5067 imperium

107 5106 245 5177 ejus,
278 5106 335 5160 in
368 5112 627 5173 quantum
654 5107 924 5170 poterant,
947 5096 1308 5152 fraudulentis
1334 5090 1701 5147 machinatio-

108 5199 271 5254 nibus
298 5197 540 5251 titubare
569 5193 860 5253 faciebant,
897 5190 971 5244 illi
1018 5187 1174 5243 suhdi
1207 5184 1590 5255 despicientes.
1632 5182 1704 5235 At

108 5288 446 5351 Gundulfus,
480 5287 779 5359 perspectis
810 5284 973 5339 tantis
999 5277 1530 5353 perturbationibus,
1562 5275 1703 5329 mul-

107 5396 220 5439 tum
252 5381 580 5445 elaboravit,
608 5391 666 5435 ut
701 5378 851 5448 pacis
881 5375 1095 5430 vincula
1131 5373 1271 5427 inter
1302 5386 1482 5441 regem
1524 5377 1580 5424 et
1605 5367 1704 5421 ad-

110 5475 395 5531 versarios
421 5475 537 5545 ejus
562 5482 781 5526 nectere
805 5475 1007 5539 posset.
1037 5464 1189 5521 Unde
1216 5475 1270 5518 et
1294 5462 1703 5534 perturbatores

108 5570 258 5622 uacis
294 5582 403 5637 per
431 5564 777 5639 semetipsum
820 5561 1016 5635 stepius
1049 5557 1258 5622 adibat,
1284 5554 1577 5610 ostendens
1617 5568 1705 5607 sa-

111 5657 217 5710 rris
250 5653 743 5718 admonitionibus,
799 5659 1001 5721 quanta
1058 5648 1197 5704 mala
1259 5662 1323 5701 ex
1371 5642 1703 5698 abundantia

109 5747 413 5801 discordia:
440 5746 566 5799 oriri
599 5745 792 5810 solent,
839 5754 894 5798 et
944 5742 1070 5812 quid
1126 5746 1401 5794 merentur
1447 5733 1571 5789 mali
1610 5733 1701 5802 qui

113 5840 274 5911 hujus
324 5837 564 5894 scandali
610 5845 906 5895 sectatores
956 5838 1225 5901 existunt,
1269 5840 1319 5886 et
1369 5845 1528 5905 quam
1578 5835 1702 5883 sunt

1800 4622 2012 4677 cialiter
2042 4620 2109 4673 ad
2132 4632 2227 4673 eos
2253 4616 2567 4680 accedebat,
2613 4623 2667 4668 et
2698 4628 2854 4683 Opem
2905 4612 3293 4667 misericordia:
3336 4620 3394 4666 et

1800 4712 2197 4769 sublevationis
2220 4724 2279 4767 se
2308 4708 2716 4778 requirentibus
2744 4707 2814 4761 ab
2847 4706 2929 4761 eis
2971 4705 3170 4775 saepius
3217 4704 3389 4772 impe-

1802 4806 2006 4859 trahat.

1874 4898 2127 4952 Militavit
2161 4906 2340 4951 autem
2374 4894 2486 4951 Deo
2517 4895 2619 4950 sub
2658 4893 2876 4963 regibus
2912 4891 3107 4957 tribus,
3139 4889 3395 4946 omnibus

1801 4992 1868 5045 iis
1901 4990 2103 5044 cbarus
2140 4997 2195 5043 et
2225 4994 2501 5058 acceptus.
2537 4985 2683 5055 Rege
2710 5000 2834 5038 nam
2868 4982 3156 5039 Guillelmo
3188 4982 3393 5053 primo,

1800 5080 2092 5138 ecclesiam
2148 5076 2482 5143 ltoﬂ'ensem,
2515 5075 2822 5131 Lanfranco
2855 5072 3205 5145 suﬂ'ragante,
3257 5088 3393 5127 con-

1802 5174 2034 5239 struxit;
2067 5180 2328 5244 regnante
2358 5171 2618 5234 secundo,
2674 5167 2835 5223 terris
2886 5167 3158 5237 aliquibus
3199 5165 3392 5231 auxit;

1802 5268 1948 5338 Rege
1981 5266 2214 5321 llenrico
2247 5264 2355 5320 lilio
2380 5264 2579 5334 prioris
2600 5270 2651 5317 et
2682 5260 2855 5315 fratre
2881 5259 3127 5327 secundi,
3160 5273 3249 5314 res
3273 5273 3393 5313 mo-

1804 5361 2107 5416 nachorum
2135 5373 2165 5411 a
2194 5357 2310 5412 suis
2338 5356 2502 5428 regiae
2530 5353 2873 5410 auctoritatis
2906 5352 3099 5408 charta
3147 5351 3396 5407 distinxit

1803 5459 1860 5506 et
1899 5449 2267 5505 confirmavit.
2310 5445 2519 5501 Annuit
2564 5454 2745 5500 autem
2801 5458 2899 5499 rex
2954 5443 3167 5513 primus
3219 5441 3395 5497 libens

1804 5551 1955 5599 const
1965 5540 2169 5607 ruenti,
2183 5540 2456 5595 secundus
2475 5536 2786 5607 adaugenti,
2813 5535 3008 5592 tertius
3025 5534 3391 5599 confirmanti,

1802 5636 2061 5691 omnibus
2094 5632 2380 5704 cooperari
2421 5629 2787 5703 gaudentibus
2841 5628 2936 5684 Dei
2994 5628 3199 5683 homini
3247 5628 3391 5698 quod

1805 5729 2002 5783 bonum
2025 5735 2144 5782 crat
2170 5724 2441 5796 operanti.
2474 5726 2592 5790 Quo
2623 5736 2753 5778 vero
2782 5721 2965 5786 modo,
2996 5720 3099 5773 sub
3132 5732 3259 5787 rege
3286 5726 3391 5771 ter-

1809 5822 1903 5888 tio,
1935 5822 2075 5878 Deus
2099 5820 2296 5876 dilecto
2319 5834 2415 5876 suo
2438 5815 2669 5883 dederit,
2691 5824 2748 5870 ut
2778 5814 2902 5870 hinc
2920 5812 2970 5871 ei
2993 5811 3255 5882 inciperet
3282 5809 3391 5868 bte-
