3870 6304
528 334 628 390 851

1631 325 1986 384 CUNDU‘LFI
2029 323 2412 381 ltOFFENSIS
2445 325 2748 382 EPISCOPI
3631 334 3700 392 δη

528 448 739 504 reditas
782 444 1020 511 Domini,
1069 443 1184 515 jam
1231 458 1376 500 nunc
1423 458 1654 499 narrare
1707 442 1993 512 incipiam,
2045 455 2113 495 ne
2143 444 2187 502 Α
2222 440 2486 507 residens,
2532 440 2812 511 inquisitis
2857 440 3120 497 attentius
3148 440 3531 498 necessitatibus
3551 459 3701 514 eorum,

530 537 700 592 multa
723 536 902 592 adhuc
929 535 1155 590 dicenda
1183 534 1416 589 dicendo
1445 533 1720 588 fastidium
1763 531 1989 588 lectoris
2031 531 2112 585 in-

533 643 771 684 curram.
803 627 955 694 Quod
977 637 1032 683 ut
1072 627 1202 682 nulli
1244 626 1564 683 incredibile
1618 627 1885 690 videatur,
1937 624 2113 680 sciant

529 733 746 784 omnes,
771 718 1081 789 quicunque
1127 719 1242 774 haec
1285 719 1522 774 audituri
1563 726 1710 784 sunt,
1756 717 1899 787 quod
1944 715 2112 770 multo

528 811 793 881 ampliora
827 810 894 866 iis
924 812 1028 867 sub
1061 813 1376 868 testimonio
1418 812 1665 868 veritatis
1705 810 1922 866 fuerunt
1946 825 2112 881 opera

525 903 962 974 compunctionis
985 915 1041 960 et
1073 905 1292 974 pietatis
1315 905 1483 961 illius.

597 996 760 1050 Anno
793 996 960 1067 igitur
1011 1007 1138 1052 ante
1166 997 1371 1053 obitum
1401 1013 1566 1054 suum
1618 997 1738 1067 plus
1777 998 1956 1054 minus
1978 1013 2109 1062 uno,

523 1087 754 1142 verbere
781 1095 1006 1157 paterno
1018 1089 1243 1159 corripi,
1265 1090 1527 1160 gravique
1550 1090 1868 1146 infirmitate
1887 1105 2111 1162 oppres-

525 1189 640 1242 sus,
673 1177 884 1233 viribus
908 1181 1154 1249 corporis
1175 1181 1228 1235 in
1244 1181 1362 1236 dies
1385 1182 1557 1253 magis
1585 1184 1864 1252 magisque
1886 1182 2110 1237 destitui

526 1269 719 1338 carpit.
752 1267 954 1325 Tactus
991 1280 1076 1326 est
1103 1282 1284 1327 autem
1311 1281 1368 1328 et
1389 1274 1556 1330 nimio
1586 1277 1780 1346 capitis
1826 1275 2014 1332 dolore
2041 1292 2109 1332 ex

528 1371 586 1416 et
610 1363 802 1424 nimia,
825 1371 882 1418 ut
904 1364 1176 1432 dicebant,
1194 1367 1410 1422 assidua
1435 1367 1797 1439 lacrymarum
1823 1369 2106 1424 effusione.

526 1451 649 1507 Non
705 1455 888 1523 itaque
941 1456 1100 1510 solita
1163 1459 1454 1512 missarum
1500 1459 1782 1516 celebrare
1816 1460 2105 1526 solemnia,

525 1560 634 1598 non
682 1544 1040 1616 lacrymarum
1077 1546 1352 1605 effundere
1383 1548 1635 1618 flumina,
1668 1567 1774 1608 non
1801 1553 2106 1608 orationum

524 1637 744 1691 solitum
776 1638 1002 1694 reddere
1039 1655 1263 1710 pensum
1313 1652 1548 1712 poterat.
1604 1643 1893 1700 Nitebatur
1929 1655 2107 1700 tamen

523 1726 897 1782 infirmitatem
939 1729 1161 1786 vincere
1215 1747 1280 1786 ex
1329 1733 1467 1788 bona
1516 1744 1992 1806 quantumcunque
2015 1751 2107 1806 po-

523 1827 664 1874 terat
686 1821 1104 1876 consuetudine.
1131 1822 1318 1878 Primo
1349 1824 1516 1895 igitur
1543 1827 1667 1896 quia
1693 1843 1820 1893 non,
1855 1835 1912 1883 ut
1932 1827 2102 1898 prius,

523 1911 658 1967 duas
697 1921 942 1981 poterat,
1002 1930 1162 1971 unam
1213 1917 1406 1973 saltem
1465 1921 1704 1989 quandiu
1762 1921 1938 1991 potuit
1977 1921 2107 1976 mis-

521 2017 637 2058 sam
687 2003 963 2062 celebrare
990 2010 1296 2078 satagebat.
1350 2010 1671 2068 Orationum
1727 2028 1961 2085 quoque,
2002 2013 2105 2069 etsi

523 2111 631 2151 non
662 2107 856 2163 totum,
887 2099 1146 2154 reddebat
1173 2111 1350 2158 tamen
1376 2119 1499 2159 cum
1531 2105 1790 2178 lacrymis
1827 2108 1970 2176 quod
2010 2121 2107 2177 po-

523 2195 664 2244 terat
685 2203 934 2258 pensum.
967 2191 1448 2265 Eleemosynarnat
1478 2213 1609 2252 vero
1632 2197 1953 2268 largitiones
1977 2199 2107 2252 mul-

520 2287 604 2334 tas
654 2296 752 2352 per
800 2281 958 2336 villas
1015 2300 1144 2346 snas
1186 2288 1300 2342 fieri
1359 2288 1549 2357 jussit,
1583 2291 1727 2359 quod
1779 2299 1955 2345 tamen
2007 2305 2106 2346 suo

521 2375 825 2428 successori
865 2375 956 2429 ditt
985 2375 1229 2433 sufﬁcere
1258 2387 1460 2448 posset,
1505 2390 1566 2434 ut
1605 2382 1840 2450 prudens
1881 2382 2105 2451 dispen-

525 2471 678 2517 sator
704 2463 909 2520 faciens
933 2468 1223 2522 reservari.
1254 2469 1356 2536 Qui
1397 2485 1518 2524 eum
1565 2470 1806 2526 audisset
1846 2488 2001 2527 suum
2031 2473 2108 2526 di-

519 2553 721 2611 lectum
749 2556 1065 2613 dilectorem
1083 2561 1436 2631 praecipuum,
1457 2560 1905 2620 Cantuariensem
1927 2566 2106 2620 arcbi-

519 2646 832 2716 episcopum
860 2649 1174 2706 Anselmum
1198 2652 1419 2716 dixisse,
1437 2654 1563 2722 quia
1588 2670 1694 2712 non
1719 2665 1836 2713 erat
1864 2657 2102 2727 episcopi

524 2736 810 2792 morientis
851 2753 938 2794 res
965 2739 1332 2799 ecclesiastica
1373 2743 1475 2798 sibi
1515 2745 1834 2800 commissas
1878 2761 1946 2804 ex
1995 2756 2105 2802 toto

520 2825 786 2892 dividere,
835 2831 926 2884 sed
974 2835 1304 2888 successoris
1333 2835 1417 2890 sui
1471 2835 1661 2891 usibus
1712 2837 1890 2906 aliqua
1931 2853 2106 2892 rescr-

519 2931 694 2974 vare:
739 2920 867 2984 Deo,
903 2923 1095 2994 inquit,
1125 2927 1324 2995 gratias
1375 2944 1496 2996 ago,
1537 2929 1665 2996 quia
1716 2930 1844 2982 mihi
1877 2929 2106 2998 facultas

521 3014 816 3080 suppeditat
843 3023 1012 3078 tanta,
1027 3032 1145 3084 qua:
1168 3033 1462 3086 pauperum
1488 3019 1829 3088 indigentimn
1853 3023 2103 3086 relevare,

521 3111 569 3154 et
609 3106 898 3158 successori
929 3121 1042 3159 meo
1080 3123 1254 3160 secum
1305 3109 1538 3164 homines
1571 3110 1729 3165 etiam
1759 3113 1968 3168 habenti
2009 3115 2102 3167 tri-

522 3196 669 3262 ginta
704 3211 862 3249 novos
905 3197 974 3249 ad
1016 3214 1176 3266 usque
1221 3200 1456 3255 redditus
1509 3210 1662 3255 teme
1709 3204 1910 3270 capiant
1943 3206 2100 3274 possit

523 3292 794 3349 prtt'slare.
833 3283 1136 3356 Pauperttm
1179 3288 1362 3358 igitur,
1397 3299 1456 3343 ιιι
1483 3302 1744 3360 cmperal,
1783 3305 2010 3350 mortem
2039 3297 2105 3352 ad

526 3386 706 3441 usque
733 3390 918 3430 curam
951 3388 1230 3446 paternam
1260 3383 1388 3452 egit,
1435 3399 1536 3438 ncc
1566 3395 1742 3441 tamen
1771 3388 2104 3458 episcopium

527 3477 692 3519 suum
755 3482 1054 3537 pauperum
1124 3474 1432 3533 miserenth
1499 3483 1837 3552 pauperavit.
1905 3485 2106 3542 Domus

527 3557 798 3650 siquidem
836 3564 1011 3619 fidelis
1044 3566 1388 3637 dispensator
1414 3582 1472 3629 et
1503 3577 1762 3644 prudens,
1792 3587 1849 3634 et
1887 3579 1940 3634 in
1970 3595 2107 3650 prae-

524 3652 668 3716 senti
699 3642 910 3712 Domini
943 3660 1024 3714 sui
1065 3661 1236 3718 servis
1266 3665 1408 3732 quod
1448 3642 1818 3725 necessarium
1848 3642 2108 3728 eratdis-

525 3744 736 3812 tribuit,
765 3758 822 3804 et
853 3750 903 3804 in
934 3751 1175 3809 futurtnn
1217 3759 1365 3826 quod
1393 3759 1640 3815 distribui
1671 3761 1886 3818 abunde
1926 3774 2108 3834 posset

522 3837 802 3906 sapienter
855 3845 1178 3899 reservavit.
1211 3846 1376 3916 Cujus
1411 3851 1698 3918 prudentia
1741 3854 1979 3926 pontifex
2011 3871 2107 3912 ve-

522 3929 800 3986 nerandus
835 3936 1073 4004 cognita,
1100 3935 1218 4005 ejus
1258 3939 1657 3997 distributionis
1701 3944 1850 4011 pium
1898 3946 2109 4003 deside-

520 4021 663 4077 rium
692 4031 750 4079 et
787 4024 1080 4083 discretum
1105 4034 1382 4089 exsultans
1419 4032 1689 4099 laudavit,
1710 4045 1760 4090 et
1791 4035 1856 4091 de
1885 4035 2106 4092 instanti

519 4114 641 4182 ejus
669 4119 1072 4186 perseverantia
1103 4121 1154 4174 in
1184 4122 1325 4179 bono
1353 4123 1464 4180 Deo
1484 4126 1689 4196 gratias
1725 4129 1853 4199 egit.
1888 4129 1955 4184 Et
1980 4143 2108 4186 vere

523 4204 796 4262 laudanda
850 4220 967 4266 erat
1012 4213 1128 4283 ejus
1179 4216 1231 4271 in
1279 4217 1534 4288 Operibus
1563 4217 1725 4287 justis
1752 4235 2109 4290 perseverans

525 4295 763 4360 devotio,
801 4301 952 4367 quia,
1001 4319 1124 4359 cum
1180 4315 1342 4362 tanta:
1387 4319 1534 4366 esset
1563 4311 1857 4369 debilitatis
1914 4321 2108 4370 utnec

527 4388 692 4443 etiam
740 4404 882 4460 equo
933 4393 1170 4450 insidere
1221 4409 1419 4466 posset,
1470 4403 1562 4456 sed
1616 4403 1862 4459 vehiculo
1895 4406 2106 4462 duobus

2217 533 2484 604 lacrymas
2515 533 2702 597 oculis
2731 532 3104 598 fundentibus,
3153 548 3337 588 eorum
3373 535 3575 590 miseriis
3602 553 3704 592 eom-

2217 625 2453 697 patiens,
2496 624 2793 680 secundum
2824 625 3041 679 modum
3067 623 3490 694 uniuscujusque,
3532 625 3575 679 in
3603 629 3702 683 victa

2214 725 2271 789 et
2306 717 2510 772 vestitu
2537 717 2618 772 eis
2643 716 2788 788 quod
2822 732 2959 786 opus
2985 725 3106 771 erat
3147 716 3494 770 ministrabat.

2227 877 2232 882 α
2285 809 2354 865 Ει
2379 810 2509 880 quid
2541 810 2784 865 dicemus
2813 810 2882 866 de
2921 810 3167 865 custodia
3194 807 3497 862 humilitatis
3524 807 3640 874 eius?
3668 811 3706 865 in

2214 901 2445 958 secretis
2479 902 2716 972 denique
2747 902 2871 976 lilia:
2914 903 3083 974 regis,
3112 901 3267 970 cujus
3299 902 3466 955 omnis
3500 901 3633 972 gloria
3655 914 3709 958 est

2214 998 2283 1052 ab
2321 996 2467 1052 intus
2495 995 2670 1068 (Psal.
2702 1011 2852 1061 κων,
2902 996 3016 1066 ll),
3074 996 3356 1050 thesauros
3381 994 3605 1048 virtutum
3627 1011 3708 1049 sua-

2213 1104 2334 1144 rum
2360 1090 2462 1159 sub
2511 1088 2648 1144 clavi
2692 1089 3016 1145 humilitatis
3061 1102 3350 1158 reponens,
3384 1096 3442 1142 ut
3465 1084 3710 1142 fructuseo-

2213 1197 2332 1238 rum
2357 1181 2410 1236 in
2441 1181 2529 1239 die
2557 1181 2901 1237 necessitatis
2937 1181 3178 1250 recipere
3211 1187 3414 1249 posset,
3451 1177 3709 1233 nolebatet-

2214 1272 2405 1328 tollere
2431 1286 2490 1329 se
2521 1286 2688 1342 super
2722 1287 2802 1328 se.
2851 1271 2920 1327 Et
2958 1283 3017 1325 ut
3057 1286 3222 1326 unum
3254 1269 3321 1324 de
3350 1267 3518 1324 multis
3537 1268 3711 1338 profers-

2209 1373 2358 1430 mus,
2385 1364 2436 1418 in
2471 1364 2587 1435 ipso
2633 1379 2777 1418 anno
2827 1363 2880 1418 in
2909 1362 3255 1418 solemnitate
3285 1361 3524 1416 Omnium
3554 1361 3711 1416 Sancto-

2213 1473 2332 1514 rum
2353 1498 2378 1523 η,
2428 1472 2553 1512 eum
2593 1457 2648 1512 in
2699 1456 2928 1512 ecclesia
2977 1455 3172 1524 majori
3221 1453 3364 1525 apud
3410 1453 3708 1509 Rovecestram

2213 1549 2433 1614 missam
2467 1547 2714 1603 festivam
2744 1547 3098 1610 celebrasset,
3128 1555 3187 1601 et
3219 1562 3320 1615 pro
3349 1560 3404 1599 re
3424 1545 3620 1614 qualibet
3643 1545 3709 1598 sibi

2213 1639 2422 1710 ingrata
2453 1636 2787 1707 aliquantum
2811 1636 2967 1706 quasi
2993 1636 3166 1690 iratus
3189 1635 3512 1696 turbaretur,
3531 1635 3662 1689 astitit
3678 1635 3710 1689 ei

2212 1731 2431 1800 quidam
2487 1729 2850 1801 delfratribus
2895 1729 2998 1785 sibi
3052 1729 3417 1794 famiiiariter,
3443 1727 3636 1781 dicens:
3667 1727 3710 1780 Et

2209 1825 2335 1896 quid
2379 1834 2475 1891 est,
2505 1821 2710 1879 Pater?
2763 1821 2914 1877 Unde
2961 1823 3074 1877 lucc
3124 1820 3482 1892 perturbatio?
3509 1818 3566 1872 Et
3603 1836 3711 1889 quare

2207 1928 2560 1973 commovetur
2599 1917 2851 1972 serenitas
2901 1915 3075 1969 cordis
3121 1913 3321 1968 vestri?
3372 1912 3518 1967 Totus
3556 1913 3710 1981 populi:

2207 2009 2357 2062 istius
2403 2008 2628 2063 ciuitatis
2657 2023 2864 2062 summo
2899 2005 3133 2075 tripudio
3179 2021 3277 2074 pro
3311 2003 3646 2073 recuperatione
3666 2004 3711 2054 r1"-

2206 2102 2346 2171 goris
2382 2101 2564 2168 vestri,
2611 2101 2745 2155 sicut
2788 2109 3023 2169 sperant,
3075 2099 3201 2167 quia
3247 2098 3470 2150 insonuit
3502 2096 3622 2148 hodie
3649 2112 3711 2147 tu:

2206 2206 2376 2250 vestra
2403 2194 2497 2249 diu
2531 2193 2832 2250 desiderata
2869 2192 2925 2247 in
2970 2192 3188 2246 auribus
3233 2207 3433 2256 eorum,
3470 2207 3556 2242 non
3577 2189 3709 2242 medio-

2206 2288 2365 2350 criter
2392 2286 2642 2352 exsultat,
2684 2295 2732 2340 et
2760 2301 2850 2340 vos
2885 2285 3216 2338 turbamini?
3255 2285 3334 2336 Ad
3371 2285 3478 2336 base
3504 2281 3576 2335 ille
3601 2297 3612 2334 :
3638 2279 3708 2332 Pro

2209 2395 2312 2444 me,
2357 2378 2554 2449 inquit,
2610 2377 2818 2449 plaudit
2871 2375 3138 2445 populus?
3198 2375 3264 2428 Et
3310 2375 3411 2428 hoc
3462 2372 3710 2443 frequentius

2209 2468 2434 2535 iterans,
2475 2468 3010 2538 interrumpcutibns
3059 2482 3249 2522 vocem
3283 2467 3578 2537 singultibus
3606 2473 3643 2518 et
3660 2464 3708 2516 la-

2208 2563 2428 2633 crymis,
2469 2563 2534 2619 iis
2562 2563 2802 2618 intentus
2831 2561 3034 2615 diutius
3064 2559 3237 2614 siluit.
3284 2560 3348 2614 Et
3387 2559 3546 2612 dixit:
3576 2555 3610 2611 0
3635 2558 3709 2626 qui:

2205 2665 2279 2708 est
2317 2656 2406 2726 qui
2427 2672 2520 2725 pro
2550 2672 2630 2710 me
2650 2653 2879 2725 gaudere
2901 2652 3080 2705 debeat
3096 2652 3123 2704 .9
3154 2651 3294 2704 Ecce
3315 2649 3588 2718 infirmitate
3606 2648 3708 2718 grati

2207 2750 2445 2815 detentus
2485 2749 2684 2803 morior
2704 2765 2723 2812 ;
2750 2756 2797 2802 et
2835 2746 2963 2818 quid
3003 2745 3163 2799 laude
3189 2746 3403 2814 dignum
3436 2745 3482 2796 in
3516 2742 3626 2795 omni
3643 2740 3708 2791 rita

2207 2859 2323 2896 mea
2351 2842 2471 2910 egi?
2505 2839 2636 2894 Nec
2682 2839 2841 2893 etiam
2870 2853 3099 2908 unquam
3127 2836 3466 2890 scintillulnm
3493 2850 3619 2887 unum
3643 2831 3708 2899 {cr-

2208 2934 2344 2987 uoris
2375 2942 2424 2987 et
2470 2932 2667 2986 amoris
2718 2930 2836 2994 Dei,
2869 2939 2924 2983 ut
2951 2930 3168 3000 dignum
3216 2939 3376 2992 esset,
3418 2928 3573 2980 (audin
3596 2924 3710 2976 circa:

2207 3025 2593 3095 apprehendere
2622 3024 2793 3093 potui.
2825 3021 2952 3077 llaec
2979 3021 3251 3092 prolixius
3277 3034 3572 3089 exsequens,
3600 3017 3709 3067 vitim

2208 3130 2362 3175 suam
2393 3113 2562 3168 annis
2577 3112 2810 3184 justitice
2854 3119 2909 3166 ct
2937 3110 3156 3182 pietatis
3193 3124 3368 3179 usque
3394 3109 3442 3162 iu
3474 3106 3604 3160 liuent
3628 3119 3710 3172 ptu-

2208 3204 2585 3260 videntissime
2619 3201 2832 3258 munire
2867 3216 2974 3256 non
3006 3201 3241 3257 destitit.

2279 3297 2696 3367 Ingravescente
2742 3294 3084 3365 postmodum
3124 3293 3453 3348 infirmitatis
3488 3285 3709 3345 suremole-

2211 3390 2341 3454 stia,
2373 3389 2519 3443 venit
2561 3389 2628 3443 ad
2673 3403 2794 3444 eum
2827 3386 3000 3442 dulcis
3027 3385 3240 3440 amicus
3271 3385 3387 3454 ejus
3424 3383 3562 3438 Pater
3581 3376 3709 3433 Ausci-

2209 3495 2353 3545 mus,
2397 3487 2454 3534 et
2505 3478 2698 3533 videns
2741 3493 2865 3533 eum
2911 3478 3055 3531 viam
3109 3477 3381 3530 universa:
3412 3473 3566 3528 carnis
3606 3467 3708 3538 quasi

2210 3573 2556 3642 incipientem
2611 3569 2860 3640 ingredi,
2917 3567 3059 3623 facta
3104 3567 3260 3638 prius
3294 3582 3422 3636 pura
3467 3572 3514 3618 et
3549 3554 3710 3627 simplici

2209 3665 2573 3730 confessione,
2603 3663 2669 3718 ab
2697 3661 2950 3716 omnibus
2980 3660 3219 3731 peccatis
3252 3660 3369 3714 vice
3404 3656 3460 3711 B.
3490 3654 3604 3710 l‘etri
3628 3664 3710 3705 eum

2209 3757 2460 3823 absolvit,
2492 3765 2545 3811 et
2586 3771 2653 3810 ex
2689 3769 2838 3809 more
2887 3769 3058 3808 sacra:
3092 3752 3370 3807 unctionis
3411 3749 3515 3805 oleo
3551 3744 3709 3802 devors-

2210 3849 2347 3903 sime
2376 3847 2518 3901 livit.
2552 3843 2839 3900 Commisit
2869 3852 3050 3898 autem
3080 3842 3373 3912 episcopus
3400 3840 3447 3894 in
3477 3838 3573 3909 ejus
3604 3847 3710 3887 renc-

2212 3938 2412 3994 randas
2442 3951 2633 3991 manus
2659 3943 2716 3990 et
2737 3950 2796 3989 se
2821 3943 2874 3988 et
2896 3949 3024 3989 suos
3045 3949 3180 4003 quos
3204 3935 3570 4004 aggregaverat
3592 3925 3707 3985 ﬁlios;

2210 4043 2269 4087 ut
2298 4043 2353 4086 et
2388 4046 2535 4097 eum,
2567 4029 2656 4099 qui
2688 4029 2752 4084 de
2797 4029 2901 4083 hoc
2944 4027 3144 4082 mundo
3189 4025 3486 4090 recedebat,
3515 4021 3605 4075 suis
3637 4019 3709 4070 Deo

2210 4121 2463 4194 precibus
2504 4118 2931 4180 commendaret,
2966 4126 3021 4172 et
3061 4132 3181 4180 nos,
3212 4130 3354 4184 quos
3392 4113 3440 4168 in
3469 4113 3555 4166 hoc
3577 4103 3710 4196 ετςειιὶῡ

2211 4212 2573 4282 relinquebat,
2591 4225 2719 4265 cura
2749 4207 3005 4279 pastorali
3029 4207 3144 4260 vice
3169 4211 3269 4259 sua
3293 4203 3578 4260 custodiret.
3596 4200 3706 4282 obor-

2213 4313 2280 4360 ta:
2318 4280 2481 4375 igitur
2523 4301 2775 4371 lacrymae
2813 4297 2916 4369 piis
2946 4295 3296 4351 sermonibus
3326 4292 3491 4347 Patris
3517 4280 3708 4340 lluuntah

2213 4406 2480 4466 utroque;
2541 4392 2760 4448 madent
2811 4389 3043 4444 llllOI'llm
3114 4383 3556 4466 circumstantium
3594 4389 3706 4444 gen-1‘.

527 4482 683 4552 equis
710 4493 922 4551 parato,
947 4497 1070 4542 cum
1108 4488 1246 4543 ratio
1273 4493 1552 4558 poscebat,
1583 4494 1648 4553 dc
1680 4495 1803 4550 villa
1835 4499 1902 4550 ad
1926 4497 2107 4552 villam

2212 4489 2398 4558 Longa
2446 4485 2740 4541 trahuntur
2777 4482 3028 4552 suspiria,
3062 4477 3396 4533 intoleranda
3425 4470 3707 4558 praecognita!

525 4573 942 4643 transferretur,
969 4577 1154 4634 statim
1189 4595 1312 4635 cum
1346 4581 1444 4641 illo
1472 4586 1827 4653 pervenisset,
1849 4590 2111 4645 memoria

522 4682 824 4738 pauperum
855 4671 922 4725 ad
949 4680 1182 4727 mentem
1213 4675 1595 4745 reducebatur,
1627 4687 1680 4734 et
1709 4681 1944 4737 maxime
1971 4697 2110 4751 pra:-

521 4757 911 4816 bendariorum
943 4777 1186 4825 suorum,
1217 4781 1447 4835 quorum
1480 4771 1852 4838 procurationi
1900 4772 2111 4834 studio-
2148 4756 2163 4775 “

513 4850 640 4916 sius
679 4852 1012 4926 invigilabat.
1045 4855 1161 4910 Non
1201 4859 1432 4914 credens
1467 4858 1650 4930 itaque
1691 4875 1757 4916 ex
1790 4872 1903 4918 toto
1947 4863 2109 4918 mini-

525 4943 656 4998 stris
681 4944 815 5008 suis,
845 4946 988 5014 quod
1018 4961 1076 5002 se
1101 4948 1326 5003 absente
1359 4950 1658 5004 secundum
1697 4949 1903 5006 libitum
1949 4967 2106 5006 suum

526 5023 802 5105 procurati
858 5045 1063 5102 essent,
1123 5036 1224 5092 sibi
1258 5038 1366 5092 vim
1425 5037 1648 5103 faciens,
1679 5048 1733 5094 et
1780 5040 2110 5095 infirmitatis

525 5127 821 5192 gravedine
851 5130 1170 5199 postposita,
1218 5130 1478 5202 nt_magis
1508 5130 1786 5186 solitarius
1812 5133 1956 5202 quod
2002 5133 2114 5186 dis-

531 5216 762 5286 ponebat
812 5221 1027 5292 explere
1067 5222 1362 5291 potuisset,
1405 5224 1552 5280 circa
1601 5240 1879 5295 veSperam
1948 5239 2015 5280 ne
2043 5225 2112 5280 ab

523 5310 841 5368 hominibus
871 5325 1280 5386 agnosceretur,
1311 5317 1466 5372 nobis
1496 5317 1838 5380 mirantibus,
1861 5317 2114 5372 manibus

509 5421 754 5464 suorum
795 5421 958 5477 super
990 5425 1187 5478 equum
1242 5410 1545 5474 levabatur,
1598 5419 1652 5463 ct
1701 5420 1977 5480 assumpto
2005 5427 2114 5464 uno

515 5507 745 5569 tantum
775 5498 1043 5559 monacho
1068 5510 1125 5555 et
1157 5502 1364 5556 duobus
1391 5501 1608 5560 fatnnlis
1648 5516 1853 5571 seetnn,
1895 5501 2113 5556 cellulas

525 5591 794 5648 debilium
827 5600 886 5647 et
915 5607 1102 5647 eorum
1131 5593 1300 5648 etiam
1331 5593 1422 5662 qui
1463 5592 1756 5664 podagrico
1785 5600 1840 5647 et
1866 5592 2117 5664 elephan-

531 5688 676 5740 tioso
704 5685 965 5758 languore
991 5685 1399 5754 dissipabantur
1434 5699 1530 5752 per
1551 5686 1903 5756 semetipsum
1935 5685 2116 5740 visita-

533 5783 733 5848 l.a~t,,et
771 5782 918 5838 intus
958 5778 1313 5850 progrediens
1334 5787 1386 5834 et
1413 5787 1555 5852 .ante
1599 5779 1904 5835 cubiculum
1928 5794 2112 5836 eorum

2163 4586 2166 4590 ’
2215 4554 2445 4639 orbitas.
2485 4579 2717 4634 Peracto
2755 4572 2987 4643 denique
3020 4586 3190 4626 saera:
3224 4566 3485 4624 unctionis
3505 4554 3708 4617 olliciodi-

2213 4651 2358 4731 cedit
2387 4671 2854 4742 archiepiscopus,
2894 4664 3217 4734 quibusdam
3257 4662 3528 4715 advertens
3560 4645 3708 4706 indiciis

2210 4763 2354 4835 quod
2377 4760 2689 4833 aliquandiu
2719 4766 2866 4814 esset
2897 4755 2984 4810 ille
3019 4755 3279 4808 victurus.
3519 4837 3530 4839 _
3639 4828 3649 4839 .

2288 4858 2353 4911 At
2380 4842 2510 4910 vero
2539 4853 2823 4924 episc0pus
2864 4865 2985 4903 cum
3030 4854 3259 4900 mortem
3303 4837 3603 4913 Ροείωοδαω

2213 4947 2524 5002 adfuturam
2560 4917 2797 5008 timeret,
2830 4956 2929 4996 nec
2960 4947 3019 4994 ut
3044 4939 3328 5008 cpiscopus
3359 4933 3409 4986 in
3438 4930 3572 4983 domo
3596 4917 3708 5014 subli-

2215 5039 2467 5101 miorum,
2521 5035 2618 5090 sed
2682 5043 2742 5088 ut
2790 5030 3088 5086 monachus
3134 5037 3190 5082 et
3228 5027 3369 5080 inter
3409 5014 3706 5074 monachos“!

2211 5136 2333 5188 loco
2362 5128 2633 5186 humiliori
2663 5126 2798 5182 tnori
2825 5124 3027 5186 mallet,
3053 5122 3193 5176 inter
3218 5133 3404 5174 manus
3424 5108 3706 5198 ministram:ll

2211 5207 2276 5279 Isc
2299 5222 2465 5291 jussit
2485 5219 2678 5284 attolli,
2704 5225 2761 5272 ct
2793 5217 2846 5271 in
2875 5213 3160 5270 ecclesiam
3195 5213 3252 5266 Β.
3282 5209 3497 5264 Andreze
3521 5188 3705 5269 apostoli,

2218 5290 2372 5382 cuius
2413 5310 2648 5366 vicarius
2695 5315 2834 5374 erat,
2885 5303 3104 5360 deferri.
3139 5301 3211 5356 Ibi
3260 5313 3386 5371 ergo
3425 5290 3705 5391 ind-nque:

2219 5397 2560 5476 geniitusque
2592 5398 2880 5460 resolutus,
2927 5394 3118 5450 orabat
3148 5389 3438 5462 apostolum
3485 5382 3561 5484 Dei

2217 5471 2279 5554 ut
2324 5497 2413 5568 pie
2461 5471 2814 5548 misereretur
2854 5487 3017 5552 illius,
3048 5498 3267 5555 prorsus
3294 5473 3562 5552 ignorantis
3579 5471 3702 5568 utra?

2219 5591 2287 5645 ad
2317 5563 2435 5658 ejus
2463 5585 2753 5643 ecclesiam
2775 5583 2886 5651 jam
2914 5579 3142 5635 ulterius
3165 5584 3303 5632 esset
3333 5571 3596 5627 rediturus;
3619 5563 3700 5658 tu“?

2220 5646 2404 5753 itaque
2427 5697 2456 5735 a
2485 5677 2729 5750 peccatis
2750 5675 2862 5730 suis
2892 5671 3226 5748 absolveret,
3253 5660 3586 5753 benedictione

2221 5745 2502 5830 licentiam
2517 5766 2749 5826 abeundi
2773 5759 3123 5827 concederet;
3141 5745 3323 5815 locum
3349 5752 3480 5810 illurn
3501 5753 3542 5801 et
3572 5745 3699 5796 mon”
