3870 6304
122 376 215 431 853

1660 365 1836 421 VITA.

3265 381 3372 439 εδι

118 493 239 546 chos
268 492 319 545 in
370 490 479 559 ejus
530 486 848 559 obsequium
897 492 1249 557 congregatos
1278 495 1408 538 cura
1442 480 1683 552 pcrvugili
1714 485 1762 542 Α
1793 478 2066 547 defuncto,
2097 481 2255 550 hujus
2286 484 2517 560 actionis
2540 488 2865 557 obscuritas,
2898 491 3037 547 sicut
3070 492 3229 564 paulo
3254 508 3376 565 post

118 582 419 638 custodiret.
451 580 551 637 llis
580 582 747 651 igitur
770 578 1106 634 similibusvc
1129 582 1309 630 mente
1338 576 1528 629 dcv0ta
1561 586 1685 643 pro-

117 673 262 738 fusis,
295 674 347 726 in
393 675 609 727 domum
645 670 1004 733 inﬁrmorum,
1039 681 1098 722 ut
1128 670 1266 723 inter
1296 666 1683 720 monachorum

116 778 297 818 manus
322 763 570 833 spiritum
597 763 864 823 redderet,
888 778 945 815 se
976 758 1172 815 deferri
1202 758 1356 822 fecit;
1388 758 1476 812 ubi
1504 765 1682 811 tamen

111 855 385 924 aliquando
418 864 537 924 post
566 864 805 924 tempore
842 855 893 907 in
938 868 1129 923 magna
1153 851 1332 907 cordis
1357 859 1412 907 et
1437 847 1684 919 corporis

111 945 425 1001 contritione
453 946 772 1015 supervixit.

172 1034 374 1101 Quibus
400 1036 563 1091 etiam
610 1035 818 1097 diebus,
854 1051 979 1089 cum
1018 1034 1065 1089 ei
1108 1033 1247 1087 lecto
1275 1031 1682 1087 decumbenti'a

108 1128 413 1197 quibusdam
444 1128 760 1188 instaretur,
796 1137 853 1180 ιιι
881 1125 1244 1194 hlellingensis
1271 1123 1506 1178 emnobii
1539 1123 1685 1192 prio-

109 1233 209 1272 rem
235 1219 445 1273 czetcris
480 1218 807 1273 abbatissam
841 1218 1159 1288 pra-liceret,
1195 1232 1283 1281 ne,
1307 1235 1373 1273 co
1404 1218 1679 1280 defuncto,

104 1308 243 1363 locus
291 1308 379 1363 ille
412 1310 530 1364 sine
581 1310 844 1378 regimine
896 1300 1225 1373 remaneret,
1275 1309 1481 1365 aliusve
1528 1308 1682 1377 cujus

106 1417 199 1455 non
230 1401 519 1457 interesset
549 1418 713 1472 super
744 1402 919 1456 locmn
948 1403 1096 1461 illum
1125 1401 1549 1456 dominationem
1579 1400 1680 1456 sibi

102 1504 416 1562 usurparet:
457 1494 619 1560 Quid,
651 1495 848 1564 inquit,
890 1493 1198 1563 compellitis
1241 1510 1322 1547 me
1350 1493 1542 1562 facere,
1592 1491 1683 1564 qui

101 1601 203 1636 cccc
239 1584 477 1639 morior?
505 1586 645 1655 quod
670 1598 842 1639 utrum
879 1586 1081 1655 placeat
1107 1585 1214 1640 Deo
1235 1602 1449 1654 prorsus
1472 1587 1678 1655 ignoro.

102 1675 315 1730 Ostensa
350 1686 532 1733 tamen
567 1679 726 1748 justa:
763 1679 990 1733 rationis
1032 1678 1379 1742 necessitate,
1415 1689 1468 1733 et
1498 1677 1676 1732 consi-

102 1764 218 1818 lium
253 1767 509 1821 dantibus
534 1783 597 1822 ex
634 1770 737 1823 hoc
783 1783 905 1837 rege
936 1777 988 1821 cl
1020 1767 1433 1836 archiepiscopo
1465 1782 1560 1836 per
1586 1764 1677 1818 lit-

1789 571 1840 624 in
1865 572 2058 627 ordine
2092 590 2192 628 suo
2226 577 2515 633 scribendo
2539 582 2762 649 patebit.

1858 660 2101 728 Quadam
2133 675 2310 719 autem
2340 669 2427 726 die
2453 677 2689 743 posthaec
2718 678 3191 747 congregationem
3234 695 3371 734 con-

1785 755 1972 835 venire
1995 752 2174 821 jussit,
2203 766 2257 810 et
2301 767 2357 811 ιιι
2390 760 2443 815 in
2472 766 2712 820 omnium
2744 779 3035 837 conspectu
3082 786 3180 839 pro
3206 773 3377 826 omni-

1789 847 1891 902 bus
1936 851 2174 918 peccatis
2225 854 2338 909 suis
2385 859 2682 926 corporalis
2749 861 2798 915 ei
2858 861 3012 916 licret
3066 863 3371 931 disciplina,

1786 938 2098 1005 postulavit.
2126 942 2231 996 Sed
2262 960 2383 1001 eum
2406 947 2508 1000 hoc
2537 947 2754 1015 fratres,
2786 951 3007 1005 tnultatn
3039 952 3371 1009 debilitatem

1787 1028 1929 1086 illius
1957 1034 2390 1102 considerantes,
2430 1039 2572 1093 factu
2605 1041 2933 1098 horrendum
2979 1056 3257 1114 putarent,
3288 1064 3367 1100 [‘0-

1786 1122 2119 1203 sponderunt
2150 1127 2252 1181 hoc
2297 1142 2356 1182 se
2387 1128 2453 1183 de
2492 1128 2580 1184 illo
2607 1129 2821 1199 quidem
2855 1133 3033 1190 facere
3056 1150 3162 1191 non
3190 1151 3372 1205 posse,

1788 1213 1855 1265 de
1886 1215 2079 1284 seipsis
2112 1232 2238 1271 vero
2266 1235 2362 1287 pro
2390 1220 2479 1275 illo
2502 1221 2759 1277 hocidem
2791 1238 2979 1279 omnes
3007 1224 3189 1282 facere
3215 1227 3371 1282 velle.

1786 1294 2009 1357 Factum
2041 1316 2122 1360 est
2152 1307 2329 1378 igitur.
2362 1310 2427 1363 Et
2474 1326 2601 1366 ecce
2646 1312 2969 1389 insequenti
3015 1314 3250 1371 Sabbato
3281 1333 3372 1372 vc-

1787 1396 2059 1451 nerandus
2109 1396 2291 1465 Pater,
2344 1401 2625 1457 vicinitate
2664 1404 2853 1458 mortis
2897 1422 3206 1475 oppressus,
3239 1408 3377 1460 mul-

1787 1496 1898 1541 tum
1926 1488 2194 1544 debilitari
2235 1494 2398 1562 ccepil
2425 1511 2439 1556 ;
2466 1542 2469 1543 ν
2498 1505 2675 1549 tamen
2710 1497 2888 1567 aliqua
2942 1498 3159 1568 pictatis
3202 1516 3369 1569 opera

1786 1578 2152 1650 indigentibus
2199 1583 2311 1652 ipsa
2346 1585 2432 1640 die
2465 1585 2579 1641 fieri
2625 1590 2905 1657 praecepit,
2938 1599 2992 1644 et
3024 1591 3090 1644 ad
3125 1591 3366 1659 missam,

1783 1684 1905 1738 qua:
1938 1671 1991 1724 in
2021 1672 2226 1741 capella
2259 1675 2599 1731 infirmorum
2636 1679 2752 1745 ipso
2783 1680 3039 1735 audiente
3069 1681 3368 1741 dicebatur.

1787 1759 2142 1817 intentionem
2176 1765 2525 1823 tlevotissime
2561 1768 2821 1838 dirigens,
2854 1787 2976 1825 cmn
3018 1771 3367 1843 Evangelium

100 1868 319 1911 terarum
352 1875 579 1912 suarum
623 1859 676 1913 in
712 1859 997 1929 praesentia
1025 1859 1141 1928 ejus
1186 1858 1462 1912 recitalani
1493 1866 1678 1909 aucto-
1712 1846 1755 1905 Β
1788 1850 2076 1922 legeretur,
2104 1857 2169 1911 ad
2204 1860 2558 1914 reverentiam
2604 1862 2735 1915 tanti
2789 1863 3029 1934 mysterii
3073 1880 3194 1919 sese
3236 1865 3369 1934 erigi

101 1948 321 2013 ritatem,
353 1949 664 2003 astantibus
696 1950 842 2004 circa
892 1948 1090 2003 lectum
1131 1947 1301 2017 ipsius
1342 1946 1547 2009 multis,
1582 1962 1677 2000 ac-

97 2038 286 2107 cipiens
330 2040 588 2095 baculum
626 2040 953 2112 pastoralem
1009 2040 1083 2094 illi
1133 2039 1298 2110 priori
1327 2038 1676 2103 contr-allidit,

99 2138 144 2182 et
175 2130 415 2199 ejusdem
454 2132 553 2186 loci
592 2133 819 2202 primam
852 2132 1181 2187 abbatissam
1223 2146 1344 2186 eam
1374 2130 1678 2197 constituit,

97 2222 200 2289 ipsa
247 2224 449 2279 deinde
493 2224 711 2292 jurautc
767 2225 1130 2279 obedientiam
1177 2234 1233 2279 et
1288 2224 1675 2295 sultjeetionem

96 2315 394 2369 cariouicam
430 2318 688 2387 episcopo
728 2328 783 2372 et
835 2316 1087 2373 Ecclesiae
1139 2315 1411 2381 Roffensi,
1453 2325 1509 2370 et
1548 2316 1675 2385 quia

104 2420 191 2459 nec
219 2423 310 2474 per
338 2424 398 2462 se
432 2424 534 2462 nec
571 2424 669 2480 per
699 2410 861 2463 alium
917 2410 1058 2464 idem
1098 2408 1427 2464 ctenobium
1461 2407 1675 2461 subtra~

98 2494 212 2550 here
236 2509 525 2554 conaretur
555 2500 877 2570 subjectioni
918 2499 1177 2553 Rolfensi.

160 2594 347 2650 Deinde
401 2595 552 2649 orntti
604 2596 1096 2665 circumspectione
1146 2592 1675 2664 providus,‘vestes

97 2702 205 2740 suas
249 2697 297 2740 ct
343 2702 577 2758 qua:th
616 2688 849 2743 habebat
887 2701 1055 2757 parva
1101 2694 1157 2740 et
1190 2683 1314 2739 vilia
1357 2682 1672 2737 indumenta

98 2795 246 2849 usque
268 2781 330 2835 ad
357 2782 589 2852 caligas,
613 2790 797 2851 utpote
824 2781 962 2836 liber
991 2779 1316 2846 monachus,
1342 2795 1400 2835 se
1428 2779 1673 2848 levigans

97 2871 154 2924 ab
176 2872 310 2925 otttui
350 2871 713 2942 ignominioso
742 2872 1091 2942 proprietatis
1119 2871 1377 2940 pondere,
1411 2869 1672 2924 fratribus

98 2970 142 3013 ct
183 2964 356 3028 egenis
403 2964 645 3017 scienter
674 2962 971 3018 distribuit.
1016 2961 1289 3016 Anuulum
1320 2974 1536 3030 quoque
1563 2959 1673 3030 epi-

98 3055 342 3123 scopalettt
374 3066 592 3127 gestare
619 3055 941 3120 fortnidans,
974 3070 1095 3109 eum
1123 3055 1335 3109 cuidam
1372 3053 1526 3108 fratri
1567 3053 1669 3107 sibi

98 3148 287 3201 assidue
312 3147 648 3201 ministranti
669 3146 1092 3201 commendavit.
1121 3145 1365 3213 Cumque
1387 3159 1416 3197 a
1438 3144 1667 3213 quibus-

96 3238 204 3289 dant
257 3248 563 3306 rogaretur,
612 3246 670 3290 ut
719 3238 931 3292 cuidam
994 3238 1109 3290 viro
1166 3236 1421 3305 religioso
1457 3234 1660 3299 abbati,

96 3328 281 3384 scilicet
334 3331 401 3385 de
459 3329 626 3393 Bello,
667 3330 756 3399 qui
810 3330 861 3384 in
908 3329 1316 3400 exspectatione
1359 3328 1481 3382 linis
1522 3328 1665 3381 illius

97 3422 219 3485 apud
245 3440 363 3475 eum
421 3424 759 3488 morabatur,
808 3422 1053 3476 eumdem
1086 3421 1341 3476 annulum
1373 3423 1548 3483 daret,
1579 3436 1668 3475 re-

96 3515 287 3579 spondit
317 3528 330 3566 :
361 3514 659 3571 Monachus
683 3524 793 3579 est;
832 3512 961 3566 nihil
992 3513 1089 3566 sibi
1116 3522 1163 3566 et
1195 3511 1414 3565 annulo.

158 3602 274 3656 Erat
301 3606 351 3659 in
382 3605 577 3674 Anglia
605 3607 656 3660 in
688 3606 791 3661 illis
814 3606 1002 3660 diebus
1031 3606 1115 3658 vir
1145 3606 1321 3673 magni
1356 3603 1590 3657 nontiuis
1611 3612 1665 3659 et

97 3695 351 3766 religionis
390 3697 661 3763 famosus,
703 3697 963 3752 lladulfus
989 3697 1225 3761 nomine,
1266 3696 1436 3751 abbas
1481 3694 1657 3765 Sagii;

94 3790 168 3855 qui
215 3789 559 3846 infestatione
608 3789 889 3858 cujusdam
941 3790 1155 3861 tyranni
1221 3789 1288 3843 de
1333 3789 1662 3845 monasterio

94 3899 177 3935 suo
214 3885 498 3953 expulsus,
530 3885 670 3954 apud
702 3884 920 3939 Patrem
964 3883 1303 3945 Anselamm,
1354 3898 1460 3935 nou
1509 3881 1664 3951 quasi

92 3975 244 4037 exsul.
272 3978 362 4031 sed
396 3977 754 4047 compatriota
791 3976 1062 4037 manebat,
1112 3974 1209 4043 ipsi
1250 3971 1521 4029 Condulfo
1565 3987 1663 4026 uo-

95 4067 331 4123 tissitnus.
368 4068 471 4124 llic
503 4070 729 4123 audiens
750 4068 983 4122 amicum
1014 4084 1169 4121 suum
1202 4065 1492 4130 infirmari,
1518 4064 1667 4120 venit

92 4158 148 4209 ad
170 4176 284 4213 eum
306 4162 423 4232 jam
449 4161 588 4213 inter
614 4160 856 4216 inﬁrmos
877 4161 1017 4213 diem
1046 4168 1451 4236 exspectantem
1484 4166 1665 4213 extre-

94 4264 239 4305 mmn.
261 4254 503 4320 Ctunque
518 4252 603 4306 ille
624 4261 744 4321 post
769 4251 943 4306 dulcia
968 4251 1203 4306 cwlestis
1225 4250 1350 4304 vitze
1371 4248 1659 4319 colloquia,

93 4356 297 4415 accepta
348 4347 555 4399 ultima:
606 4345 966 4413 separatiouis
1016 4354 1071 4397 et
1116 4343 1349 4397 abeundi
1411 4342 1661 4409 licentia,

90 4438 257 4494 cll'usis
306 4440 435 4494 hinc
480 4440 604 4495 inde
650 4439 884 4509 copiosis
931 4436 1292 4507 lacrymarum
1325 4434 1656 4501 fluminibus,

1784 1941 1932 2000 fecit.
1962 1948 2198 2016 Vespere
2249 1950 2390 2005 facto
2418 1954 2757 2017 commutuit,
2803 1964 2856 2008 ct
2891 1970 3057 2026 usque
3086 1957 3153 2010 ad
3181 1957 3371 2011 horam

1785 2037 1974 2091 mediae
2024 2040 2196 2094 noctis
2241 2052 2566 2111 exspectans
2619 2045 2737 2098 sine
2788 2061 2938 2113 voce,
2992 2048 3085 2101 sed
3116 2064 3222 2103 non
3252 2048 3372 2103 sine

1783 2142 1946 2183 sensu
1967 2128 2161 2198 jacuit,
2187 2143 2242 2187 et
2271 2132 2430 2188 dictis
2464 2134 2740 2190 Malutinis
2764 2136 2815 2190 in
2844 2139 3127 2206 praesentia
3152 2137 3268 2207 ejus
3299 2140 3367 2192 ad

1783 2220 1924 2274 diem
1954 2220 2372 2289 pertinentibus,
2404 2234 2457 2276 et
2486 2225 2734 2279 omnibus
2770 2223 2926 2280 Horis
2972 2228 3038 2280 de
3086 2226 3143 2281 S.
3175 2226 3365 2292 Maria,

1786 2318 1913 2363 tunc
1935 2309 2152 2364 demum
2190 2314 2441 2381 spiritum
2474 2326 2773 2369 extremum
2805 2315 3016 2370 trahere
3034 2318 3216 2387 cmpit.
3257 2318 3366 2373 Τε-

1779 2396 1904 2451 bula
1930 2398 2092 2467 igitur
2108 2401 2175 2455 de
2210 2418 2360 2457 more
2390 2421 2669 2473 percussa,
2696 2406 2921 2475 ipsoque
2939 2424 3101 2475 super
3128 2409 3366 2464 cilicium

1779 2483 1977 2553 posito,
2029 2487 2278 2539 tnonacbi
2332 2505 2541 2543 summa
2591 2510 2712 2545 cum
2769 2490 3114 2547 festinatione
3174 2512 3369 2551 accur-

1782 2584 1925 2638 runt,
1966 2575 2223 2646 Sytnbolo
2255 2579 2374 2634 fidei
2433 2587 2713 2652 praemisso
2755 2592 2987 2657 psalmos
3019 2592 3370 2665 litauiamque

1776 2681 2085 2761 calllanles,
2111 2680 2307 2734 anitnze
2334 2684 2859 2739 commendationem
2903 2688 3167 2757 incipiunt
3199 2691 3371 2761 lacry-

1777 2771 1878 2825 mis
1910 2780 1965 2824 et
1992 2773 2330 2825 orationibus
2356 2773 2591 2826 animam
2625 2773 2803 2829 Patris
2824 2780 3189 2847 egredientem
3214 2791 3268 2834 et
3296 2784 3361 2835 ad

1773 2862 2090 2918 Creatorem
2138 2881 2292 2919 suum
2348 2876 2704 2921 revertentem
2760 2870 3089 2923 conducunt.
3124 2871 3365 2942 Cumque

1775 2953 1827 3006 in
1877 2955 1977 3009 bac
2013 2956 2289 3009 tremenda
2323 2958 2728 3025 exspectatione
2758 2961 2935 3029 aliqua
2983 2979 3132 3016 mora
3183 2964 3359 3029 fieret,

1772 3057 1935 3117 atque
1963 3048 2245 3103 orantibus
2276 3048 2533 3105 fratribus
2558 3061 2612 3105 et
2643 3052 3015 3120 psallentibus,
3050 3058 3115 3109 ad
3146 3042 3367 3126 septua!

1772 3142 2036 3209 gesimum
2062 3159 2259 3198 nouum
2284 3142 2550 3213 psalmum
2577 3156 2892 3214 perventum
2920 3146 3107 3203 fuisset
3134 3148 3362 3204 dicendo

1769 3234 1912 3289 circa
1950 3233 2109 3289 illud:
2178 3233 2320 3288 Deus
2368 3234 2635 3298 virtutum,
2676 3248 2990 3303 convertere,
3049 3240 3244 3307 respice
3293 3240 3356 3293 de

1774 3326 1921 3391 mlo,
1954 3337 2003 3381 et
2036 3326 2167 3393 vide,
2207 3338 2255 3382 et
2300 3328 2451 3383 visita
2482 3328 2685 3383 vineam
2731 3330 2901 3393 istam,
2935 3332 3154 3399 spiritus
3184 3332 3362 3386 Patris

1765 3417 1976 3472 oriente
2022 3434 2219 3472 aurora
2248 3418 2315 3472 de
2363 3433 2591 3488 corpore
2627 3421 2927 3489 egreditur,
2962 3421 3170 3475 vineam
3200 3438 3360 3488 quam

1766 3508 1884 3581 ipse
1924 3509 2290 3579 plantaverat,
2334 3509 2544 3565 scilicet
2586 3512 3060 3582 congregationem
3100 3512 3355 3566 Ecclesia:

1766 3616 1897 3666 suae,
1931 3618 2094 3673 quam
2127 3602 2179 3657 in
2204 3604 2384 3659 studio
2405 3605 2646 3661 cmlestis
2670 3605 2968 3675 disciplina:
2990 3603 3358 3674 uudtiplicitcr

1768 3694 2065 3760 erudierat,
2104 3696 2362 3752 custodiae
2406 3709 2461 3753 et
2492 3698 2789 3753 visitatioui
2839 3699 3035 3752 stuntni
3068 3699 3347 3754 Creazoris

1768 3786 2098 3856 relinquens.
2131 3786 2341 3858 Corpus
2370 3800 2551 3845 autem
2568 3792 2916 3845 attendentes
2949 3790 3220 3855 relictmn,
3254 3792 3353 3844 mi-

1768 3896 1888 3933 rutn
1936 3880 2122 3935 dictu!
2167 3882 2349 3936 vident
2393 3881 2667 3938 albescere
2717 3883 2837 3936 miri
2885 3883 3136 3937 candoris
3176 3882 3355 3949 splen-

1768 3970 1920 4036 dore,
1943 3972 2085 4041 quod
2108 3981 2292 4025 uatmn
2315 3987 2529 4041 seraper
2558 3974 2770 4043 nigrum
2794 3972 2939 4027 soliti
2962 3983 3118 4026 erant
3145 3974 3349 4028 videre.

1765 4062 2039 4132 lmputant
2105 4079 2236 4135 ergo
2300 4063 2766 4141 cleemosynarum
2848 4064 3144 4135 largitioni,
3209 4067 3353 4135 quod

1766 4154 2051 4212 albescunt
2088 4172 2311 4222 manus;
2343 4156 2607 4226 imputant
2631 4167 2685 4212 et
2711 4158 3072 4227 lacrymarum
3103 4155 3351 4211 eﬂ‘usioni

1765 4259 1820 4306 et
1858 4257 2064 4305 sancta:
2115 4249 2237 4303 vita:
2285 4248 2446 4311 illius,
2495 4249 2636 4318 quod
2685 4259 2855 4302 totmn
2915 4248 3076 4304 etiam
3122 4249 3351 4304 albescit

1766 4358 1983 4413 corpus.
2025 4342 2216 4398 Lotutn
2246 4342 2428 4412 itaque
2458 4357 2577 4395 cum
2606 4344 2905 4397 reverentia
2924 4334 3096 4397 ‘dcbiti
3128 4344 3349 4399 honoris

1768 4437 2098 4493 indumentis
2137 4435 2534 4507 pontificalibus
2585 4438 2835 4505 induunt,
2873 4448 2925 4493 et
2968 4439 3020 4492 in
3058 4438 3347 4495 ecclesiam

90 4547 245 4602 usque
272 4536 337 4589 ad
379 4535 578 4589 ostium
608 4532 799 4587 domus
847 4530 1106 4587 recedens
1138 4529 1515 4602 processisset,
1560 4544 1656 4585 \‘0—
1692 4553 1736 4612 υ
1767 4529 1827 4584 Β.
1856 4529 2083 4586 Andrea:
2129 4533 2353 4602 apostoli
2388 4550 2511 4589 cum
2539 4534 2667 4589 lla-tu
2711 4544 2767 4588 et
2809 4542 2970 4589 cantu
3022 4544 3145 4589 ante
3177 4535 3349 4603 ipsius

88 4636 197 4679 cato
220 4628 506 4697 cpiscopus
534 4626 700 4681 fratre
737 4625 952 4680 interim
982 4622 1066 4678 cui
1100 4621 1447 4677 commiserat
1478 4636 1652 4674 annu-

88 4710 183 4781 lum
212 4732 386 4783 suum,
414 4717 624 4788 accepit
652 4717 798 4771 illum
826 4716 893 4769 ab
924 4731 1011 4780 eo,
1038 4723 1093 4769 et.
1126 4713 1307 4767 statim
1334 4712 1611 4783 subjunxit
1639 4730 1653 4765 :

95 4802 292 4871 Vocate,
324 4810 523 4880 inquit,
570 4810 832 4863 abbatem.
862 4808 963 4875 Qui
1002 4815 1226 4861 vocatus
1269 4804 1452 4868 rediit,
1498 4814 1551 4860 et
1587 4822 1654 4861 ex

87 4911 341 4970 prarcepto
367 4903 601 4971 episcopi
652 4899 1032 4957 recedentibus
1061 4897 1294 4959 cunctis,
1325 4905 1515 4952 tenens
1535 4914 1655 4954 tua—-

90 5006 201 5043 num
228 4994 439 5047 abbatis
484 4994 709 5047 immisit
737 4994 1019 5047 annulum.
1056 4991 1157 5059 Qui
1209 5008 1574 5064 expavescens
1600 5003 1657 5048 et

87 5083 145 5131 ad
191 5084 260 5136 rei
299 5086 594 5140 novitatem
637 5086 1041 5156 obstupefactus
1075 5104 1088 5141 :
1126 5086 1266 5153 Quid
1294 5097 1367 5141 est
1397 5088 1514 5151 hoc,
1573 5086 1655 5140 itt—

86 5174 208 5236 quit,
242 5176 463 5232 Domine
497 5179 661 5233 Pater
682 5181 708 5233 .9
767 5196 871 5235 non
899 5193 972 5234 est
1018 5183 1120 5235 mei
1170 5183 1369 5235 ordinis
1398 5182 1653 5236 mmulum

86 5261 286 5331 habere;
322 5286 439 5321 sum
486 5273 625 5324 enim
683 5272 864 5325 habitu
894 5272 1199 5326 Monachus
1239 5272 1335 5332 etsi
1376 5290 1477 5327 non
1510 5275 1650 5337 vita;

86 5354 209 5405 unde
234 5358 359 5409 mihi
387 5375 438 5410 re
468 5370 570 5414 nan
596 5363 891 5417 necessaria
923 5364 1131 5417 onerari
1154 5363 1402 5433 formido.
1426 5365 1505 5419 Ad
1539 5367 1652 5420 lurc

86 5445 389 5516 episcopus:
431 5451 616 5517 Sume,
659 5454 854 5524 inquit,
906 5455 1094 5521 illum;
1135 5457 1231 5509 erit
1267 5458 1404 5510 enim
1426 5456 1527 5511 tibi
1564 5475 1652 5512 ne-

87 5540 351 5603 cessarius,
408 5552 454 5595 et
509 5561 572 5597 ne
612 5545 909 5600 inobediens
953 5547 1008 5600 in
1049 5547 1343 5610 recipiendo
1380 5548 1648 5616 persistas,

86 5628 194 5692 quia
220 5616 419 5701 expedit
456 5645 512 5688 ut
544 5635 638 5705 ﬁat
683 5638 822 5707 quod
851 5639 985 5692 volo.
1018 5638 1170 5694 Tunc
1198 5639 1286 5693 ille
1324 5640 1459 5695 satis
1482 5641 1652 5694 admi-

90 5734 223 5785 rans,
250 5712 304 5778 δι
341 5724 602 5782 latentem
650 5727 812 5797 bujus
862 5730 937 5783 rei
980 5745 1202 5785 causam
1240 5745 1464 5800 prorsus
1493 5732 1651 5802 igno.

87 5822 230 5878 ωηεν
265 5826 485 5884 accepto
525 5818 727 5874 annulo
775 5818 1021 5875 recessit.
1059 5819 1265 5878 Claruit
1295 5831 1496 5891 tamen,
1531 5822 1645 5893 ipso

1763 4620 1935 4676 altare
1976 4623 2270 4693 deponunt.
2300 4625 2532 4680 Mittitur
2562 4636 2615 4680 et
2660 4627 2777 4680 sine
2817 4640 2968 4679 mora
3001 4626 3093 4693 qui
3116 4625 3350 4680 Cantua-

1762 4714 1882 4768 rino
1910 4716 2315 4788 arclticpisc0po
2343 4717 2595 4771 Anselmo
2628 4716 2778 4771 chari
2826 4717 2906 4770 sui
2951 4715 3157 4770 obitum
3210 4731 3347 4769 nun-

1762 4804 1877 4869 tiet,
1898 4813 1954 4858 et
1985 4814 2041 4859 ut
2070 4806 2136 4858 ad
2162 4816 2464 4859 extremum
2493 4805 2744 4860 amicitiae
2767 4822 2961 4858 munus
2982 4805 3200 4875 corpori
3228 4805 3344 4875 ejus

1759 4895 2170 4966 persolvendum
2221 4898 2425 4963 veniat,
2464 4907 2632 4969 roget.
2674 4897 2797 4965 Qui,
2840 4898 3029 4952 nuntio
3095 4909 3339 4966 accepto,

1757 4990 2077 5057 quantocius
2103 4989 2489 5045 Roveeestram
2522 4990 2749 5055 accedit,
2779 5000 2832 5044 et
2855 4989 3015 5046 amici
3047 4990 3341 5059 exsequias

1757 5081 1934 5139 debita
1964 5084 2100 5138 satis
2135 5083 2502 5145 veneratione,
2530 5092 2690 5152 prout
2712 5083 3078 5153 episcopalem
3113 5083 3341 5138 decebat

1756 5174 2093 5245 dignitatem,
2124 5190 2220 5243 per
2245 5177 2425 5230 omnia
2465 5192 2785 5247 exsequens,
2831 5191 2955 5236 eum
3004 5186 3130 5232 anle
3164 5177 3338 5236 altare

1756 5266 2009 5321 (λι-ιιοίιίκί
2062 5267 2329 5333 ecclesiae,
2364 5284 2527 5339 quam
2572 5271 2686 5340 ipse
2714 5287 2741 5325 a
2785 5270 3156 5329 fundamentis
3202 5287 3338 5327 cou-

1754 5368 2045 5425 struxerat,
2076 5360 2377 5415 tumulavit.

1826 5450 1871 5505 Ο
1897 5462 2133 5521 quantus
2162 5453 2379 5507 interim
2407 5456 2792 5510 monachorum
2827 5456 3026 5523 luctus,
3052 5471 3193 5528 quos
3218 5456 3334 5526 ipse

1753 5548 2165 5615 aggregaverat!
2224 5546 2268 5601 Ο
2311 5557 2545 5619 quantus
2603 5551 3095 5606 sanctimonialium
3149 5549 3330 5615 ﬂetus,

1750 5653 1887 5709 quas
1912 5648 1964 5691 et
2000 5636 2147 5706 ipsas
2176 5640 2373 5695 mundo
2410 5640 2766 5695 subduxerat!
2801 5641 2844 5696 Ο
2870 5651 3108 5711 quantus
3151 5640 3333 5711 populi

1750 5734 2021 5802 planctus,
2069 5748 2235 5802 super
2287 5748 2447 5803 quem
2500 5733 2926 5790 benedictionem
2977 5749 3128 5789 suam
3172 5732 3333 5786 toties

1712 5882 1717 5887 ,
1752 5823 1955 5877 fuderat
1978 5823 1991 5877 !
2017 5822 2061 5880 Ο
2081 5833 2317 5899 quantus
2345 5839 2638 5897 pauperum
2663 5826 2911 5898 gemitus,
2937 5839 3069 5894 quos
3101 5837 3332 5893 paterno
