3870 6304
480 300 587 358 835

1408 292 1764 351 GUNDULFI
1811 291 2193 348 ROFFENSIS
2219 291 2521 349 EPISCOPI
2561 291 2943 352 EPISTOLIE.
3611 304 3687 362 ω

485 410 690 465 all‘cctu
739 407 1000 480 paverat!
1041 404 1086 463 0
1132 413 1370 477 quantus
1421 403 1576 459 dolor
1623 402 1883 467 omnium,
1936 418 2072 473 quos
2103 408 2146 465 Α
2178 403 2506 457 imbecillitas
2533 421 2647 458 mea
2701 422 2804 459 non
2830 406 3063 475 sufﬁcere
3099 405 3381 474 videretur,
3405 410 3558 463 mead
3593 430 3683 474 οιη

484 515 671 577 pastor
698 505 872 561 bonus
894 500 1177 569 annisjam
1208 500 1425 572 triginta
1467 506 1523 555 et
1565 513 1675 554 uno
1700 498 1816 553 sine
1850 496 2070 567 querela

484 597 734 651 rexerat!
769 594 915 650 Obiit
945 592 1213 663 siquidem
1237 589 1580 647 venerandus
1616 589 1707 644 hic
1736 586 1901 644 Pater
1921 594 2076 643 octa-

482 704 550 744 vo
597 689 721 743 ldus
760 686 964 747 Martii.
1011 683 1290 741 Dominica
1340 682 1501 739 tertia
1539 680 1981 753 Quadragesimm
2016 680 2069 734 in

446 778 583 851 'qua
625 779 840 835 canitur
889 776 1153 839 Ofﬁcium,
1198 774 1355 831 Oculi
1398 776 1501 829 mei
1549 790 1750 843 semper
1783 773 1851 827 ad
1887 771 2072 827 Domi-

480 889 605 926 num
633 872 651 939 (
668 870 820 926 Psal.
858 885 1007 939 xxnv,
1034 869 1146 939 15).
1174 869 1241 924 Ει
1268 868 1410 923 idem
1439 874 1716 923 cantatum
1738 874 1821 921 est
1843 864 1894 919 in
1936 878 2070 920 eon-

478 965 783 1021 secratione
822 964 1011 1035 ipsius,
1050 972 1109 1017 ut
1133 961 1297 1019 etiam
1324 976 1421 1031 per
1442 959 1547 1015 hoc
1576 958 1833 1014 Dominus
1862 956 2073 1013 cunctis

479 1057 732 1113 innueret
759 1056 957 1126 quibus
985 1054 1181 1111 studiis
1232 1051 1347 1121 ejus
1369 1052 1479 1107 vita
1506 1052 1558 1107 in
1583 1047 1834 1120 praesenti
1873 1046 2072 1103 saeculo

479 1150 660 1205 dedita
689 1148 811 1203 fuit.
836 1145 980 1201 Bene
1003 1144 1149 1200 enim
1180 1144 1292 1213 ipsa
1322 1142 1407 1197 die
1435 1141 1652 1196 transiit
1676 1139 1741 1194 de
1780 1138 1884 1194 hoc
1910 1154 2071 1192 mun-

479 1242 571 1310 do,
604 1228 735 1310 quia
752 1238 1049 1295 secundum
1078 1236 1222 1307 quod
1246 1234 1448 1290 dictum
1475 1242 1579 1296 cst,
1610 1247 1677 1285 ex
1701 1231 2075 1300 compunctio—

480 1331 568 1386 nis
618 1330 791 1401 gratia
854 1327 995 1383 oculi
1040 1327 1157 1398 ejus
1203 1324 1419 1380 assidue
1470 1322 1664 1377 intenti
1724 1319 1943 1375 fuerunt
2005 1319 2072 1376 ad

480 1422 790 1477 Dominum.
826 1419 891 1472 Et
924 1418 1061 1483 ideo,
1093 1426 1152 1471 ut
1181 1413 1512 1471 credendum
1570 1419 1673 1475 est,
1730 1410 1797 1465 ad
1828 1409 2072 1465 retribu-

482 1512 685 1568 tionem
735 1510 996 1565 bonorum
1027 1516 1244 1562 actuum
1300 1505 1469 1576 ipsius
1528 1502 1691 1557 euulsi
1743 1508 1863 1553 sunt
1918 1498 2074 1570 pedes

482 1604 601 1674 ejus
646 1602 710 1656 de
760 1600 945 1671 laqueo
984 1600 1315 1653 miseriarum
1348 1595 1522 1668 (Psal.
1556 1612 1702 1663 χειν,
1733 1597 1844 1668 15),
1877 1594 2073 1668 quibus

481 1694 720 1749 abundat
750 1706 988 1764 praesens
1014 1690 1142 1744 vita.
1199 1688 1324 1744 Fuit
1349 1699 1530 1744 autem
1582 1686 2076 1748 tunc.lncarnalio-

2174 495 2288 566 ejus
2318 495 2585 565 stupidum
2628 506 2675 550 et
2725 497 2963 567 accipere
3015 506 3311 552 renuentem
3361 499 3626 571 increpavit,
3654 520 3685 565 α

2172 600 2287 659 post
2311 589 2713 659 increpationem
2746 593 3002 644 annulum
3029 607 3111 645 me
3141 592 3364 661 recipere
3384 606 3565 664 coegit,-
3582 598 3684 651 dein.

2175 681 2240 736 de
2270 696 2372 735 non
2395 682 2661 751 apparuit.
2692 680 2820 737 Haec
2849 680 2961 738 ille.
2995 680 3106 738 Nos
3141 691 3325 737 autem
3354 683 3440 752 qui
3465 696 3691 753 praestes

2175 769 2245 826 ab
2296 786 2362 827 eo
2403 771 2520 828 haec
2571 772 2903 839 audivimus,
2954 772 3324 829 intelleximus
3392 783 3563 842 postea
3616 792 3690 831 non

2174 860 2572 933 pbantasticam
2604 879 2725 921 esse
2779 862 3107 930 illusionem,
3145 879 3310 936 quam
3355 866 3437 920 vir
3459 877 3641 923 sanctus
3657 871 3692 923 in

2176 954 2384 1009 somnis
2412 954 2646 1021 viderat,
2690 955 2845 1027 quia,
2908 956 3251 1027 postmodum
3287 956 3461 1012 factus
3489 957 3695 1015 Rodensis

2174 1045 2420 1116 pontifex
2452 1048 2705 1104 eumdem
2743 1048 3005 1104 annulum
3036 1048 3261 1120 recepit,
3302 1064 3458 1120 quem
3502 1049 3691 1107 Gundnl-

2176 1135 2262 1194 lus
2284 1139 2571 1210 episcopus
2618 1140 2808 1197 vivens
2834 1139 3071 1198 Rodult‘o
3118 1142 3299 1197 adhuc
3324 1140 3519 1207 abbati,
3541 1144 3617 1198 sed
3635 1144 3693 1197 lu-

2174 1236 2301 1285 turo
2326 1230 2582 1300 episcopo
2603 1230 2848 1288 dederat.

2250 1321 2375 1379 [huc
2401 1324 2468 1380 de
2515 1324 2625 1379 vita
2667 1324 2845 1381 Patris
2873 1323 3125 1381 Gunduln
3160 1340 3306 1381 nunc
3344 1324 3548 1396 quidem
3583 1342 3697 1398 prosa

2176 1415 2336 1471 latius
2363 1413 2744 1485 disseruimus,
2775 1420 2869 1475 Sed
2916 1421 3105 1491 paucis
3139 1421 3378 1476 antehac
3402 1421 3615 1477 versibus
3635 1423 3699 1479 bo-

2176 1510 2339 1567 roicis
2394 1512 2633 1567 breviter
2705 1512 3245 1583 comprehendimus.
3313 1512 3515 1568 Placuit
3569 1525 3698 1569 autem

2175 1615 2270 1659 eos
2322 1602 2471 1673 ipsos
2512 1613 2568 1660 et
2615 1603 2705 1660 hic
2757 1607 3114 1670 subnectere;
3162 1607 3292 1675 quia
3355 1605 3607 1661 metricam
3626 1607 3699 1661 vim

2174 1710 2336 1765 prosa
2376 1697 2674 1767 gratiorem
2743 1697 3065 1766 quibusdam
3118 1697 3373 1755 navimus
3436 1715 3564 1753 esse.
3606 1699 3701 1754 Sunt

479 1784 567 1841 nis
588 1784 882 1840 Dominica:
915 1798 1091 1838 annus
1118 1781 1434 1837 millesimus
1465 1782 1798 1837 centesimus
1822 1790 2071 1844 octavus,
2104 1781 2149 1842 Β
2178 1789 2344 1861 igitur
2377 1789 2461 1844 bis
2488 1789 2631 1855 deni,
2658 1791 2852 1846 ordine
2879 1791 3189 1862 subscripta
3221 1790 3505 1862 dispositi:

483 1874 636 1949 regni
668 1890 797 1930 vero
850 1873 995 1944 regis
1038 1871 1339 1941 Anglorum
1388 1871 1609 1928 llenriei
1660 1872 1861 1937 octavi,
1898 1871 2074 1926 aetatis

480 1976 663 2024 autem
712 1981 823 2022 sum
853 1965 972 2037 plus
998 1964 1178 2019 minus
1208 1964 1571 2036 octogesimus
1603 1964 1851 2034 quintus,
1881 1977 2073 2019 mona-

480 2056 674 2113 cbatus
725 2070 854 2111 vero
902 2052 1384 2124 quinquagesimus
1448 2052 1676 2123 primus,
1725 2052 2075 2124 episcopatus

479 2160 689 2213 autem,
713 2158 770 2203 ut
796 2148 997 2203 dictum
1035 2158 1139 2213 est,
1173 2146 1481 2222 tricesimus
1505 2145 1735 2219 primus.

551 2241 842 2312 Aliquanto
870 2249 991 2311 post
1013 2239 1218 2295 obitum
1244 2238 1422 2293 Patris
1452 2237 1623 2293 nostri
1647 2238 1832 2308 elapso
1865 2243 2076 2307 tempo-

479 2348 564 2399 re,
604 2334 771 2403 coepit
816 2332 1261 2402 archiepiscopus
1303 2331 1596 2388 Anselmus
1650 2338 1887 2385 tractare
1916 2344 2076 2399 quem

481 2422 536 2477 in
588 2422 709 2477 loco
738 2423 857 2494 ejus
895 2432 1081 2493 posset
1125 2421 1439 2494 episcopum
1498 2418 1852 2477 substituere.
1887 2420 1954 2475 Et
1978 2421 2075 2475 ba-

480 2514 617 2568 bens
658 2513 967 2580 consilium,
1011 2513 1152 2584 quod
1184 2514 1325 2569 sicut
1366 2510 1640 2570 credimus
1679 2512 1747 2566 de
1799 2511 1947 2567 vultu
1978 2511 2075 2567 Dei

480 2605 703 2676 prodiit,
730 2605 797 2661 de
818 2621 925 2676 quo
953 2606 1207 2676 superius
1250 2603 1510 2670 diximus,
1565 2604 1936 2659 venerandum
1968 2603 2077 2658 Ra-

479 2698 687 2754 dull‘um
718 2698 967 2752 abbatem
999 2697 1169 2769 Sagii,
1217 2694 1531 2753 faventibus
1562 2696 1838 2762 omnibus,
1869 2696 1936 2751 ad
1962 2693 2078 2765 epi-

478 2796 757 2861 scopatum
796 2786 1105 2844 Rollensem
1132 2785 1314 2857 elegit,
1338 2794 1394 2841 et
1418 2784 1651 2841 clectmn
1681 2800 1746 2841 ex
1780 2798 1956 2853 more,
1984 2782 2078 2839 he-

479 2879 723 2935 tantibus
780 2879 1009 2943 cunctis,
1062 2877 1305 2949 ejusdem
1340 2876 1446 2933 loci
1503 2876 1817 2947 pontiﬁcem
1880 2878 2076 2934 devote

478 2974 839 3030 consecravit.
895 2972 1021 3040 Qui,
1062 2970 1239 3027 factus
1288 2970 1596 3042 cpiscopus,
1653 2978 1783 3025 tunc
1835 2968 2073 3042 primum

479 3063 753 3121 intellexit
804 3080 969 3135 quam
1024 3064 1077 3119 in
1134 3079 1194 3119 se
1238 3064 1470 3120 haberet
1513 3062 1936 3133 signiﬁcantiam
1981 3062 2071 3119 illa

479 3159 691 3215 occulta
722 3159 908 3215 annuli
940 3156 1107 3222 datio,
1141 3173 1303 3231 quem
1345 3155 1651 3213 Guudull'us
1680 3156 1861 3211 adhuc
1883 3156 2072 3227 vivens

480 3251 635 3307 alteri
671 3260 926 3322 negatura
954 3251 1056 3306 sibi
1080 3248 1393 3321 specialiter
1421 3248 1747 3320 designavit.
1782 3245 1940 3305 Unde
1969 3262 2072 3318 ap-

480 3354 678 3410 parere
739 3340 955 3395 videtur
1016 3339 1166 3394 illum
1226 3336 1625 3410 praescieutiam
1689 3337 1742 3392 in
1804 3337 1915 3392 vita
1972 3351 2070 3393 sua

483 3429 738 3486 habuisse
766 3431 891 3501 quis
937 3440 1058 3501 post
1084 3446 1208 3486 cum
1252 3431 1304 3484 in
1337 3430 1455 3485 loco
1479 3444 1577 3485 suo
1603 3428 1882 3499 pontiﬁcio
1909 3429 2071 3485 debe-

482 3530 568 3579 ret
607 3523 910 3579 sublimari.
956 3522 1065 3579 Sed
1116 3532 1171 3578 et
1200 3523 1287 3579 hic
1326 3522 1590 3578 Radull‘us
1632 3538 1756 3579 cum
1802 3521 1915 3578 fere
1974 3537 2070 3578 sex

482 3612 641 3669 annis
676 3611 982 3669 Roﬂensem
1034 3614 1269 3669 rexisset
1296 3613 1619 3679 Ecclesiam,
1661 3611 1917 3668 defuncto
1961 3612 2074 3667 An-

481 3701 672 3771 selmo,
695 3704 761 3756 ad
780 3702 1302 3774 archiepiscopatum
1328 3703 1640 3767 translatus,
1664 3702 1970 3770 Ernultum,
1992 3703 2071 3757 vi.

482 3808 600 3848 rum
631 3792 789 3848 laude
837 3794 1216 3864 dignissimum
1254 3803 1309 3850 et
1347 3795 1575 3851 scientia
1614 3794 1836 3851 litterali
1861 3804 1917 3849 et
1945 3794 2071 3849 reli-

480 3884 638 3955 gioue
673 3884 763 3939 diu
794 3886 1101 3956 probatum,
1132 3886 1265 3943 olim
1312 3888 1529 3958 quidem
1559 3886 1798 3958 priorem
1835 3886 2072 3942 Cantua-

481 3974 715 4029 riensem
774 3975 870 4030 sed
916 3984 1045 4032 tunc
1091 3977 1346 4033 abbatem
1405 3977 1737 4049 Burgeusem
1768 4015 1784 4043 ,
1836 3985 1957 4046 post
2010 3990 2070 4032 se

480 4064 763 4121 constituit
805 4067 1141 4140 episcopum.
1168 4069 1270 4137 Qui
1301 4070 1449 4125 omni
1500 4069 1689 4124 favore
1722 4084 1751 4122 a
1781 4068 1893 4123 suis
1915 4083 2067 4123 rece-

480 4163 624 4225 ptus,
652 4156 769 4228 ipso
803 4157 889 4213 die
933 4159 1219 4216 electionis
1259 4175 1372 4216 sua:
1397 4159 1536 4215 dixit
1572 4161 1762 4215 nobis:
1806 4157 2067 4224 Sciebam,

482 4246 679 4318 inquit,
713 4249 926 4319 fratres,
974 4264 1095 4307 ante
1146 4270 1343 4323 paucos
1385 4253 1497 4307 dies
1527 4268 1610 4307 me
1637 4252 1754 4306 licet
1793 4252 2067 4321 indignum

481 4335 550 4389 ad
575 4336 935 4394 celsitudinem
970 4342 1127 4409 hujus
1158 4344 1361 4398 ordinis
1406 4344 1462 4398 in
1486 4344 1729 4413 proximo
1757 4358 2069 4412 promoven-

481 4428 627 4483 dum.
683 4428 943 4500 Apparuit
984 4435 1121 4488 enim
1176 4433 1306 4488 mihi
1371 4435 1673 4500 dormienti,
1719 4450 1839 4489 cum
1891 4435 2067 4489 adhuc

480 4540 640 4580 essem
669 4526 725 4581 in
759 4526 872 4582 loco
901 4544 1034 4593 meo,
1067 4527 1230 4583 Pater
1252 4528 1581 4601 Guudulfus,
1606 4528 1861 4584 annulum
1888 4531 2067 4601 magni

480 4621 722 4675 ponderis
747 4621 876 4675 mihi
910 4623 1156 4694 o/j‘erens.
1182 4624 1417 4697 Cumque
1443 4626 1513 4679 ad
1547 4622 1878 4695 gravedinem
1898 4623 2064 4694 ipsius

2179 1917 2272 1986 Te,
2311 1918 2583 1990 Gundulfe
2605 1917 2789 1987 Pater,
2818 1922 3016 1992 peperit
3038 1920 3437 1977 Northmannia
3462 1932 3619 1986 mater,

2179 2009 2444 2066 Mundam
2481 2011 2742 2081 spreristi,
2766 2013 3056 2066 claustrum
3080 2011 3344 2068 Beccense
3364 2013 3546 2084 petisti.

2179 2101 2253 2159 Te
2276 2103 2520 2158 monachi
2545 2104 2672 2157 texit
2696 2105 2869 2168 vestis,
2900 2112 2951 2159 te
2978 2104 3163 2175 regula
3203 2105 3369 2160 rexit.

2179 2190 2337 2248 Rexit
2365 2204 2413 2247 et
2439 2194 2625 2256 erexit,
2655 2210 2749 2248 nec
2774 2203 2825 2248 te
2850 2194 2934 2249 via
2959 2209 3125 2264 praua
3152 2194 3385 2259 reﬂexit.

2179 2283 2363 2340 Primo
2391 2284 2673 2341 Beccenses
2685 2284 2897 2357 juvisti,
2921 2295 3040 2349 post
3066 2284 3445 2341 Cadomenses.

2179 2373 2339 2430 Hunc
2364 2391 2511 2435 mare
2531 2375 2791 2441 transisti,
2820 2373 3126 2445 Lanfranco
3154 2376 3538 2446 complacuistt,

2178 2463 2396 2521 Summo
2421 2466 2695 2521 doctorum
2720 2465 2998 2521 doctorum
3027 2468 3444 2538 pracipuorum.

2180 2555 2296 2613 Hoc
2338 2558 2567 2615 donante
2596 2557 2782 2612 datum
2826 2558 3010 2614 resisti
3046 2559 3441 2629 pontiﬁcatum.

2180 2645 2451 2718 Templum
2473 2647 2736 2720 fundasti,
2765 2649 2920 2705 donis
2948 2648 3084 2703 illud
3102 2648 3399 2714 decorasti,

2180 2736 2257 2792 Tu
2282 2738 2537 2810 collegisti
2562 2740 2868 2808 monachos,
2895 2756 3025 2812 quos
3046 2740 3132 2795 hic
3167 2743 3417 2811 posuisti.

2181 2827 2260 2883 Tu
2283 2827 2446 2885 Pater
2470 2829 2682 2887 illorum
2705 2831 2902 2898 vixisti,
2923 2841 2980 2887 tu
3001 2832 3346 2903 populorum.

2180 2921 2251 2979 Te
2271 2934 2379 2979 tam
2401 2925 2628 2995 majores
2647 2942 2808 2997 quam
2837 2926 3068 2983 dilecere
3100 2926 3355 2982 minores.

2180 3015 2260 3071 Tu
2285 3027 2618 3090 peccatorum
2637 3017 2894 3083 solamen,
2924 3026 2981 3072 tu
3003 3019 3347 3074 miserorum.

2178 3106 2509 3179 Pauperibus
2534 3108 2715 3181 largus
2747 3110 2971 3175 vivebas,
2997 3122 3045 3165 et
3070 3110 3165 3166 tibi
3190 3127 3412 3179 parcus.

2178 3194 2397 3257 orando
2417 3202 2600 3272 ﬂebas,
2632 3203 2862 3273 suspiria
2892 3201 3050 3272 longa
3071 3202 3345 3257 trahebas.

2180 3291 2316 3347 Dum
2343 3293 2419 3347 sic
2443 3292 2679 3364 lugebas,
2706 3292 2895 3348 missas
2934 3292 3199 3349 celebrare
3242 3291 3469 3359 solebas.

2179 3381 2251 3445 Te
2298 3400 2457 3455 prope
2501 3384 2790 3441 multarum
2845 3386 3059 3441 uacauit
3106 3385 3227 3456 fons
3294 3385 3633 3456 lacrymarunt.

2176 3478 2307 3534 Aule
2334 3477 2472 3533 diem
2498 3478 2685 3533 mortis
2714 3477 2870 3532 dolor
2896 3478 3179 3533 adveniens
3208 3478 3312 3533 tibi
3335 3476 3503 3547 fortis,

2176 3568 2331 3623 Auno
2379 3568 2538 3622 dante
2593 3584 2819 3636 moram,
2858 3578 3180 3641 postremam
3230 3569 3401 3625 traxit
3444 3568 3508 3622 ad
3549 3567 3706 3619 hom.

2179 3660 2250 3716 Te
2310 3676 2454 3716 mors
2518 3662 2597 3719 bis
2649 3648 2840 3733 quarta
2904 3662 3023 3717 tulit
3090 3662 3227 3718 Idus
3303 3662 3490 3718 Martis
3544 3660 3706 3713 adorta.

2248 3792 2507 3849 Versibus
2532 3807 2663 3865 ergo
2710 3801 2766 3850 et
2798 3809 2959 3865 prosa
2999 3794 3339 3852 venerabilis
3387 3793 3552 3850 Patris
3576 3787 3708 3846 nostri

2176 3881 2341 3938 vitam
2370 3885 2599 3955 posteris
2630 3886 2695 3941 ad
2722 3887 3026 3958 exetnplum
3056 3888 3275 3943 vivendi
3312 3884 3704 3942 transmittimus:

2175 3983 2227 4029 et
2255 3975 2300 4029 si
2324 3985 2529 4044 quanta
2561 3977 2789 4047 gesserit
2836 3993 2942 4032 non
2979 3987 3183 4048 quanta
3210 3979 3497 4034 debuimus
3522 3970 3706 4033 dictandi

2177 4078 2460 4124 venustate
2499 4069 2870 4141 depinximus,
2894 4070 3125 4126 fecimus
3153 4080 3340 4127 tamen
3376 4070 3540 4126 aliena
3572 4064 3707 4138 potius

2176 4160 2434 4231 petitione
2471 4177 2637 4233 (luam
2686 4171 2872 4217 nostra
2923 4163 3353 4234 praesumptione
3397 4162 3533 4233 quod
3570 4154 3707 4228 polli‘

2176 4270 2317 4323 mus,
2348 4255 2413 4310 ad
2439 4254 2653 4311 laudem
2700 4264 2755 4311 et
2801 4258 3063 4311 honorem
3104 4256 3273 4324 illius,
3300 4256 3399 4326 qui
3442 4264 3494 4310 et
3520 4252 3564 4307 ei
3597 4244 3706 4319 quod

2177 4348 2305 4405 fecit
2331 4347 2511 4404 facere
2537 4355 2591 4403 et
2618 4348 2774 4403 nobis
2801 4350 2944 4417 quod
2973 4349 3296 4418 scripsimus
3329 4346 3582 4405 concessu
3604 4338 3705 4397 scri-

2172 4439 2325 4506 bere,
2384 4440 2475 4512 qui
2530 4439 2664 4496 vivit
2712 4447 2768 4497 et
2813 4450 3005 4512 regnat
3060 4439 3115 4495 in
3173 4440 3378 4501 mula
3421 4435 3703 4495 εωωιοω

2172 4534 2365 4589 Amen.

2387 4739 3690 4771 ...ν-*Μ

1123 4898 1843 5014 GUNDULFI
1932 4893 2667 5012 EPISTOL/E
2752 4808 3128 5011 DUzE.

1920 5105 2252 5163 EPISTOLA
2284 5104 2523 5162 PRIMA.

972 5218 1055 5273 Ad
1081 5217 1364 5274 monachos
1388 5214 1694 5272 Becceuses.
1723 5246 1793 5258 —
1818 5215 1886 5272 Ut
1920 5233 2025 5272 non
2059 5217 2335 5272 tristeutur
2357 5218 2420 5273 de
2439 5227 2615 5289 erepto
2641 5217 2740 5273 sibi
2769 5216 2956 5272 abbate
2992 5215 3255 5272 Anselnso.

922 5307 1081 5380 (Vide
1126 5326 1290 5382 supra
1321 5310 1465 5366 inter
1492 5308 1752 5381 epistolas
1785 5310 2051 5377 Ansclmi,
2092 5309 2186 5364 lib.
2218 5326 2298 5377 ιιι,
2341 5325 2429 5381 ep.
2472 5309 2526 5375 5,
2560 5310 2722 5381 hujus
2749 5310 3039 5366 voluminis
3068 5311 3173 5367 col.
3218 5308 3333 5381 t7.)

1983 5423 2315 5482 EPISTULA
2354 5424 2418 5481 ll.

593 5536 677 5598 Ad
702 5534 1003 5593 Anselmum
1028 5538 1269 5607 Lugduni
1297 5537 1676 5610 degentem.f—
1704 5535 1772 5592 Ut
1798 5536 2070 5663 ecclesiam
2100 5540 2536 5666 Cantiltari‘ensem
2574 5541 2904 5599 multimodis
2934 5542 3362 5599 tribulationibus
3400 5540 3615 5613 αμίαω

1763 5626 1963 5666 υναέεη
1991 5628 2042 5663 ιιι
2070 5628 2167 5665 sua
2190 5629 2245 5666 re
2267 5629 2355 5666 eve
2384 5652 2399 5666 .

1763 5626 1982 5680 pra’seut
1991 5628 2042 5663 ιιι
2070 5628 2167 5665 sua
2190 5626 2399 5667 τειρυει.

1272 5703 1428 5773 (Vide
1453 5718 1616 5774 supra
1643 5704 1695 5759 in
1724 5702 1976 5760 Eadmeri
2008 5700 2149 5760 llist.
2175 5721 2293 5761 non.
2324 5704 2420 5761 lib.
2448 5720 2525 5773 tv,
2550 5702 2653 5763 col.
2683 5703 2835 5777 455.)
