3870 6304
570 324 679 378 839

1628 318 1922 381 PlliLlPPl
1959 320 1978 374 l
2017 318 2451 376 FliANCOliUM
2478 320 2684 377 REGIS
3678 336 3746 395 ur)

568 443 625 487 et
656 430 970 502 patientiam
997 439 1233 484 vestram
1256 428 1450 484 amodo
1473 429 1799 501 diligentiam
1814 432 2162 503 disposuisse.
2192 452 2242 508 Α
2271 435 2560 490 monastici
2609 434 2819 491 ordinis
2864 434 3147 507 religione,
3175 435 3297 493 dein
3340 454 3460 494 veto
3501 446 3743 507 exteriorum

570 522 772 577 Verum
796 523 920 592 quia
944 520 1128 576 multis
1166 529 1222 575 et
1272 520 1484 590 magnis
1537 522 1863 592 praepeditus
1908 525 2157 594 negotiis,

567 615 805 685 peccatis
832 615 985 681 meis,
1032 614 1224 680 fateor,
1250 615 1613 686 exigentibus,
1647 627 1841 673 vestrae
1884 619 2160 677 sanctitati

568 702 886 759 satisfacere
931 702 1165 771 neglexi,
1208 719 1351 758 nunc
1389 704 1589 759 obnixe
1637 706 1927 775 deprecor,
1959 718 2015 761 ut
2049 723 2156 771 me,

566 796 693 851 licet
714 796 1065 863 immeritum,
1085 794 1341 868 deinceps
1368 797 1421 852 in
1448 800 1790 856 orationibus
1820 801 2016 857 vestris
2038 817 2161 857 sus-

565 889 804 959 cipiatis,
835 899 1102 960 quatenus
1141 905 1239 959 per
1267 906 1363 946 eas
1403 891 1457 945 in
1484 894 1739 960 pra-senti
1773 902 1828 948 et
1881 894 1936 948 in
1970 886 2156 948 futuro

564 996 782 1036 merear
811 980 1079 1050 adjuvari.
1115 984 1339 1039 Conﬁdo
1369 984 1513 1038 enim
1550 986 1691 1054 quod
1716 1002 1966 1058 magnam
2016 987 2159 1057 apud

564 1071 733 1127 Deum
758 1072 959 1129 habent
989 1075 1263 1130 fiduciam.
1314 1074 1653 1147 Nuncigitur
1671 1079 1947 1147 sequendo
1992 1080 2160 1134 vesti-

564 1161 646 1229 gia
682 1163 1139 1232 przedecessorum
1174 1174 1507 1233 nostrorum,
1533 1168 1925 1223 monasterium
1954 1179 2157 1226 sanctae

564 1249 747 1304 Mariae
772 1266 987 1320 semper
1018 1253 1241 1325 virginis
1283 1264 1596 1325 sancteque
1626 1256 1803 1323 Farae,
1830 1257 1895 1311 in
1924 1273 2035 1329 quo
2084 1276 2154 1315 ex

566 1340 884 1398 infirmitate
923 1355 976 1398 et
999 1345 1204 1399 incuria
1228 1346 1644 1403 inhabitantium
1677 1350 1854 1405 omnis
1882 1351 2071 1422 religio
2100 1362 2156 1408 et

565 1432 895 1488 monasticus
950 1436 1082 1489 ordo
1141 1437 1355 1504 penitus
1401 1448 1485 1493 est
1515 1440 1847 1505 annullatus,
1879 1450 1934 1496 et
1987 1444 2153 1513 (quod

563 1524 926 1581 miserabilius
952 1528 1056 1597 est)
1094 1529 1447 1597 proStiliulum
1485 1531 1689 1587 factum
1736 1550 1858 1590 esse
1902 1538 2155 1593 condole-

564 1632 702 1680 tnus,
731 1632 829 1685 pro
860 1618 1034 1673 salute
1069 1621 1268 1674 animae
1302 1637 1434 1676 mea:
1465 1640 1563 1693 per
1610 1636 1935 1695 pnesentem
1993 1630 2154 1685 char-

566 1713 671 1758 tam
728 1705 781 1760 in
831 1706 1022 1761 cellam
1085 1710 1239 1764 vobis
1284 1710 1407 1778 jure
1458 1726 1720 1783 perpetuo
1765 1718 2152 1787 possidendum

2269 524 2707 594 depopulatione,
2739 535 2798 581 ut
2832 528 2990 595 pauci
3042 527 3255 594 fratres,
3311 531 3398 600 qui
3447 533 3595 590 adhuc
3619 538 3669 593 ibi
3692 558 3745 597 re-

2265 625 2607 682 manserant,
2629 616 2696 671 de
2726 617 2891 673 rebus
2935 618 3202 683 ecclesiae,
3232 630 3389 689 prout
3428 628 3667 689 monachos
3688 634 3744 686 de.

2265 716 2374 775 cet,
2401 708 2697 764 sustentari
2727 723 2835 763 non
2870 710 3140 776 valerent,
3172 720 3226 765 et
3254 711 3363 780 jam
3391 727 3515 783 pene
3555 719 3606 771 ad
3635 736 3744 776 mu.

2265 798 2537 855 laritatem
2564 802 2788 867 redacti,
2816 803 3192 874 unusquisque
3213 804 3277 860 de
3308 807 3513 876 prOprio
3533 823 3626 877 suo,
3643 828 3744 882 prout

2261 903 2502 961 poterat,
2534 909 2658 949 cum
2690 910 2887 965 magna
2932 896 3258 952 necessitate
3304 906 3359 952 et
3404 900 3585 957 ordinis
3628 916 3743 962 trans-

2261 986 2544 1056 gressione
2571 988 2672 1043 sibi
2724 988 3071 1058 procumbat.
3108 987 3184 1043 De
3220 989 3320 1044 hac
3347 1004 3469 1061 ergo
3503 992 3743 1053 desolatioue

2260 1091 2387 1132 cum
2415 1091 2576 1146 supra
2598 1077 2744 1133 dicto
2769 1078 2963 1135 abbate
2990 1078 3255 1133 llaimone
3271 1080 3523 1137 rationem
3544 1096 3739 1154 ponentes,

2262 1182 2388 1222 cum
2415 1182 2475 1223 se
2501 1183 2769 1225 excusare
2820 1186 2927 1225 non
2976 1177 3183 1240 posset.
3217 1180 3272 1225 et
3320 1186 3419 1243 per
3461 1174 3741 1245 negligentiam

2259 1279 2415 1319 suam
2439 1263 2622 1319 omnia
2658 1264 2773 1320 luce
2819 1265 3086 1320 accidisse
3125 1278 3500 1337 cognosceret,
3523 1271 3743 1328 assensione

2257 1356 2501 1425 ejusdem
2541 1366 2598 1411 et
2628 1357 3023 1427 supplicatione
3055 1357 3287 1414 fratrum
3342 1360 3441 1415 loci
3486 1362 3623 1432 ipsius
3649 1364 3743 1419 lubi-

2261 1459 2519 1516 tatorum,
2539 1450 2908 1505 admonitione
2936 1466 3152 1521 quoque
3181 1454 3493 1521 optimatum
3506 1464 3741 1521 nostrorum,

2256 1546 2312 1593 et
2354 1540 2701 1608 suggestione
2746 1540 3106 1609 quorumdam
3168 1541 3530 1612 religiosorum
3564 1544 3740 1607 virorum,

2258 1629 2361 1684 hoc
2389 1619 2674 1684 consilium
2699 1629 2915 1685 salubre
2938 1632 3605 1700 reperitnus,utecclesiam
3629 1636 3739 1705 ipsam

2259 1722 2309 1775 in
2342 1736 2535 1777 manus
2569 1724 2819 1777 ordinate
2847 1732 2901 1779 et
2930 1725 3232 1780 monastice
3262 1726 3561 1793 viventium,
3586 1729 3743 1791 abbatis,

562 1798 852 1866 tradimus,
887 1802 1259 1869 concedimus,
1286 1818 1339 1858 et
1379 1806 1703 1861 auctoritate
1754 1810 1903 1880 regia
1949 1812 2153 1865 contir-
2186 1838 2228 1895 Β
2259 1814 2511 1869 videlicet
2536 1813 2801 1871 Bernardi
2851 1823 2903 1870 et
2950 1818 3345 1873 monachorum
3390 1818 3557 1875 Sancti
3601 1820 3743 1878 Martini

561 1903 771 1943 ruamus
802 1907 814 1943 :
838 1900 1112 1959 quatenus
1125 1908 1220 1962 per
1242 1894 1547 1950 sanctitatis
1570 1906 1764 1952 vestra:
1786 1900 2151 1969 prudentiam,

558 1989 615 2035 et
636 1983 939 2038 orationum
975 1994 1277 2041 vestrarum
1309 1986 1625 2042 instantiam
1656 1992 1791 2046 ordo
1823 1996 2153 2050 monasticus

557 2070 762 2126 ibidem
796 2073 1162 2143 reformetur;
1192 2089 1246 2132 et
1278 2080 1517 2134 Ecctesia
1568 2079 1684 2145 Dei,
1718 2097 1838 2151 qua:
1867 2085 2149 2154 hactenus,

555 2164 692 2232 proli
735 2164 925 2220 dolor!
978 2168 1295 2225 adulterinis
1340 2170 1541 2228 ftndata
1586 2182 1670 2227 est
1724 2177 2100 2247 complexibus
2135 2221 2149 2247 ,

557 2266 613 2309 et
640 2266 788 2311 tanto
819 2268 1061 2329 tempore
1083 2276 1113 2315 a
1142 2264 1366 2318 servitio
1401 2264 1490 2319 Dei
1517 2267 1731 2336 privata
1758 2278 1860 2334 est,
1894 2286 2017 2326 cum
2055 2288 2149 2329 ccr

557 2345 738 2401 clesiae
768 2360 960 2404 vestrae
990 2350 1117 2406 ﬁliis
1149 2352 1217 2407 de
1256 2353 1392 2409 Valle
1422 2356 1787 2428 lacrymarum
1836 2362 2149 2429 ascendere,

556 2443 614 2488 et
630 2437 903 2491 canticum
927 2440 1189 2511 graduum
1215 2458 1274 2497 se
1297 2453 1519 2501 cantare
1543 2448 1971 2519 congratuletur.
2005 2452 2122 2507 Con
2138 2482 2153 2494 ο

556 2521 837 2581 fortamini
868 2529 1048 2599 itaque
1079 2528 1133 2585 in
1163 2532 1391 2589 Domino
1428 2534 1562 2591 nihil
1614 2539 1947 2606 haesitantes,
1971 2543 2149 2616 scien:

558 2627 752 2686 tesque
801 2619 1065 2677 auxilium
1117 2637 1297 2678 meum
1357 2627 1507 2683 vobis
1546 2628 1599 2683 in
1629 2629 1776 2687 nullo
1819 2632 2148 2689 defuturum.

559 2703 768 2761 Valete.
798 2710 874 2781 (i)

552 2887 787 2966 Philippi
808 2895 940 2966 regis
971 2898 1191 2966 epistola
1224 2900 1296 2953 ad
1338 2904 1599 2958 eumdem.
1629 2934 1678 2944 -ρ
1726 2904 1824 2960 Illi
1879 2918 2150 2964 monaste-
2204 2910 2211 2914 ’

623 2964 759 3015 rium
793 2964 1136 3037 δς-Μαριοι-ίί
1189 2967 1523 3029 Pariaiemis
1566 2977 1840 3032 committit
1873 2979 1926 3033 in
1968 2980 2149 3035 melio-

621 3049 729 3085 rem
755 3046 953 3089 statum
978 3040 1379 3099 restituendum.

906 3127 1157 3196 (MABILL.
1197 3133 1284 3186 ubi
1314 3150 1496 3203 supra,
1527 3153 1581 3207 p.
1629 3138 1782 3212 516.)

621 3212 816 3270 Notum
848 3218 918 3272 sit
948 3222 1201 3279 omnibus
1228 3226 1428 3282 habere
1452 3245 1551 3286 nos
1592 3232 1854 3303 capellam
1912 3236 2145 3294 domiui-
2172 3219 2214 3277 (ἶ

550 3321 693 3397 eam,
726 3308 781 3387 in
803 3309 1007 3368 honore
1034 3314 1176 3383 beati
1198 3318 1585 3379 Bartbolomaai
1611 3326 1846 3397 apostoli
1887 3339 1943 3385 et
1994 3330 2139 3388 beati

548 3392 795 3465 Maglorii
818 3401 1149 3463 confessoris
1183 3420 1577 3483 constructam,
1603 3392 1765 3474 sitam
1801 3420 1858 3475 in
1904 3419 2142 3479 Parisio-

551 3502 670 3540 rum
704 3490 925 3548 civitate
940 3494 1097 3565 juxta
1146 3500 1325 3558 aulam
1378 3507 1607 3579 regiam,
1637 3525 1758 3580 quin
1797 3513 2064 3571 hactenus
2107 3532 2138 3573 a

547 3582 783 3675 prepriis
810 3585 1095 3675 abbatibus
1116 3609 1223 3649 non
1253 3603 1362 3651 tam
1384 3599 1692 3669 gubernata
1749 3620 1913 3675 quam
1971 3607 2137 3665 deso-

546 3666 653 3722 lata
682 3671 985 3744 videbatur,
1015 3682 1255 3740 maxime
1280 3666 1521 3758 tempore
1564 3666 1843 3749 Haimonis
1890 3696 2133 3763 abbatis,

544 3775 644 3829 per
672 3764 828 3835 cujus
854 3767 1119 3828 incuriam
1142 3774 1195 3830 in
1231 3784 1443 3833 tantum
1471 3783 1769 3839 anniliilata
1800 3797 1921 3841 erat
1956 3787 2133 3858 primo

2254 1903 2476 1975 Majoris
2520 1903 2854 1973 Monasterii,
2903 1907 2971 1961 ad
3024 1910 3441 1965 restaurandum
3488 1912 3743 1967 traderemus.

2253 1986 2398 2071 quod
2418 1997 2718 2055 etfecintus
2743 2016 2843 2071 pro
2873 2002 3245 2073 redemptione
3274 2002 3466 2058 anima:
3494 2015 3742 2069 nostranetc.

2322 2094 2521 2149 Actum
2548 2103 2634 2149 est
2691 2094 2795 2149 ltoc
2846 2093 3094 2151 Parisios
3147 2096 3368 2167 publice
3412 2098 3462 2151 in
3502 2098 3603 2151 aula
3638 2099 3744 2166 regia.

2253 2200 2437 2241 coram
2475 2185 2796 2255 subscriptis
2854 2187 3104 2255 testibus,
3150 2204 3302 2245 anno
3348 2188 3414 2243 ab
3459 2189 3572 2245 lnc.-
3603 2189 3743 2244 Domini

2255 2278 2412 2343 1095,
2438 2278 2628 2334 indict.
2670 2294 2711 2345 ι,
2735 2288 2928 2350 epacta
2958 2296 3109 2347 xxvr,
3135 2298 3166 2335 x
3196 2280 3324 2336 Kal.
3368 2280 3551 2347 Martii,
3571 2294 3745 2354 regnante

2254 2367 2502 2440 l’bilippo
2532 2384 2682 2438 rege,
2709 2384 2854 2423 anno
2881 2370 3250 2427 ordinationis
3276 2387 3390 2428 sua:
3411 2389 3579 2428 xxx".

2325 2483 2690 2566 (llisnlitteris
2729 2484 2976 2566 apposita
3015 2492 3141 2566 sunt
3194 2484 3356 2566 signa
3405 2485 3553 2566 ipsi-us
3591 2485 3742 2566 Philippi

2254 2555 2415 2628 regis,
2430 2626 2437 2628 ξ
2453 2552 2700 2628 l_J_rsio_ttis
2730 2552 3155 2628 Silvanectensis
3170 2552 3441 2628 episcopi:
3470 2556 3658 2628 llugouis
3678 2552 3745 2609 in.

2255 2626 2355 2679 tris
2383 2624 2811 2696 Pliilippiirtegis,
2843 2624 3094 2679 Widonis
3146 2624 3385 2696 da‘piferi
3433 2624 3572 2693 regis,
3605 2628 3745 2681 Atlrlrl-

2255 2696 2326 2749 uti
2350 2695 2768 2781 constabularii"
2791 2696 2952 2781 regis,
2984 2696 3223 2777 Simonis
3247 2698 3330 2781 με
3357 2696 3553 2781 _Nielfo,
3578 2697 3743 2781 poisliui

2254 2765 2396 2846 regis
2428 2765 2795 2846 cantherini-ii,
2829 2765 3081 2822 Gauterii
3115 2768 3468 2846 caiitberlarii
3497 2769 3628 2846 regis,
3657 2767 3745 2846 iiii-3

2252 2835 2397 2890 lelnti
2428 2835 2774 2907 catnlierlarii
2831 2852 3048 2907 regina},
3084 2846 3138 2891 et
3178 2834 3449 2893 Harduiiti
3497 2834 3744 2892 cantberlani

2252 2907 2474 2977 reginae,
2511 2916 2567 2959 et
2614 2906 3008 2977 aliorunt._4Ex
3065 2909 3357 2963 monachis
3406 2909 3520 2963 huic
3560 2910 3743 2963 sattctioni

2251 2974 2550 3049 pricsentes
2608 2977 2827 3049 l'ut‘rtint
2871 2974 3173 3049 Ililgodus,
3202 2979 3303 3048 qui
3350 2979 3448 3049 fuit
3494 2979 3743 3035 Suessionum

2248 3046 2521 3128 episcopus
2548 3058 2595 3101 et
2625 3048 2865 3128 Andreas
2895 3046 3246 3128 frater-ejus,
3266 3046 3528 3128 liotbertus
3558 3050 3745 3128 [furiacii-

2249 3117 2321 3174 δίε
2341 3118 2489 3187 prior
2515 3134 2674 3185 supra
2701 3119 2829 3171 dicit
2858 3117 3097 3183 caenobii,
3121 3128 3168 3172 et
3200 3119 3478 3175 llolbcrtus
3496 3120 3551 3175 de
3571 3119 3743 3181 Camilli,

2248 3192 2337 3259 qui
2373 3188 2474 3257 fuit
2504 3187 2713 3262 (lupifer
2737 3205 2901 3262 supra
2916 3188 3284 3262 scriptiregis
3323 3188 3568 3262 Philippi.
3595 3188 3742 3243 [luber-

2246 3258 2330 3313 ιω
2358 3258 2710 3315 cuncellarius
2738 3258 2948 3330 scripsit
2967 3269 3015 3314 et
3041 3258 3410 3333 subscripsit.)

3004 3362 3091 3432 Iit.

2246 3485 2667 3560 l’ltilippiqregis
2705 3487 2959 3560 epistola;
2988 3490 3058 3543 ad
3116 3489 3178 3545 S.
3242 3492 3536 3547 Auximium
3578 3488 3745 3560 Lugduni

2383 3556 2705 3614 exulantem.
2730 3556 2802 3599 4—-
2825 3557 2890 3613 Ut
2917 3557 3162 3633 Galliam,
3182 3563 3401 3618 visitare
3444 3556 3659 3634 dignetur.

2315 3651 2474 3723 (Vide
2509 3666 2669 3722 supra
2710 3652 2853 3707 inter
2886 3653 3146 3724 epistolas
3200 3656 3467 3721 Anselmi,
3494 3656 3572 3712 lib.
3617 3665 3743 3721 imp.

2242 3749 2334 3819 50,
2358 3754 2518 3824 hujus
2542 3754 2672 3809 ιοιηί
2700 3753 2805 3810 col.
2831 3749 2983 3819 250-)
3036 3828 3039 3829 ν

615 3882 692 3951 (l)
726 3882 855 3940 Vide
890 3886 1071 3944 lvonis
1092 3891 1380 3961 epistolam
1419 3894 1509 3961 70.
1540 3899 1609 3956 ad
1656 3898 1954 3956 Galterinm
2000 3904 2325 3961 Mel-denscm
2347 3908 2678 3981 episcopum.

691 4047 799 4061 *ιο-κη
818 4051 1071 4064 ——o.-—_-—-

551 4043 1071 4079 mw...—

1658 4062 1927 4072 m——.

1936 4065 2242 4075 Ἡ

2482 4080 3248 4097 ιη’-..Ἥ
3255 4086 3365 4100 -

986 4069 2439 4097 Μ

1351 4223 2011 4342 JURAMEN
2026 4228 2113 4340 T
2136 4220 2329 4344 UM
2414 4229 3035 4351 PHILIPPI

1840 4455 2047 4513 REGIS
2085 4455 2520 4517 FRANCORUM

930 4604 1049 4672 Quo
1079 4603 1676 4675 Bertradampe.'licem,
1695 4605 1916 4678 jubente
1956 4610 2202 4680 pontiﬁce
2254 4611 2519 4683 Romano,
2588 4631 2646 4672 se
2691 4615 3041 4674 dimissurum
3091 4619 3403 4691 pollicetur.

1824 4764 2037 4837 (LABB.,
2061 4767 2295 4833 Concil.,
2330 4767 2398 4837 X,
2435 4770 2583 4842 658.)

1964 4933 2351 4952 M

612 5093 630 5127 ι
670 5078 898 5144 Audias,
951 5088 1007 5135 tu
1056 5079 1371 5147 Lamberte,
1415 5082 1798 5143 Atrebatensis
1851 5087 2125 5159 episcope,

542 5185 559 5216 ι
607 5168 700 5237 qui
729 5170 818 5225 hic
844 5172 1139 5241 apostolica
1186 5174 1303 5229 vice
1352 5173 1596 5244 iungeris
1626 5192 1643 5232 :
1673 5178 1895 5233 audiant
1945 5180 2128 5235 archi-

543 5274 561 5306 t
604 5258 862 5330 episcopi,
897 5272 953 5316 et
995 5274 1293 5333 praesentes
1314 5267 1578 5337 episcopi,
1604 5268 1748 5337 quod
1795 5283 1895 5337 ego
1925 5267 2128 5340 Philip-

544 5368 562 5401 t
608 5366 732 5421 pus,
761 5368 855 5409 rex
879 5354 1236 5423 Francorum,
1265 5370 1548 5429 peccatum
1585 5368 1643 5415 et
1677 5361 2124 5418 consuetudinem

544 5461 561 5493 ι
610 5445 849 5500 carnalis
889 5458 944 5503 et
989 5450 1192 5507 illicita:
1237 5453 1442 5524 ροιιυιω
1491 5469 1655 5523 quam
1698 5454 1960 5509 hactenus
2000 5471 2125 5511 cum

545 5555 561 5589 t
603 5536 859 5592 Bertrada
873 5543 1112 5607 exercui,
1139 5544 1363 5599 ulterius
1386 5561 1495 5600 non
1527 5545 1795 5601 exercebo
1827 5563 1843 5599 :
1870 5546 1966 5601 sed
1993 5562 2123 5617 pec-

544 5648 559 5680 r
604 5641 799 5705 catum
836 5632 976 5686 istud
1028 5643 1083 5688 et
1125 5633 1384 5703 ﬂagitium
1434 5636 1649 5709 penitus
1703 5648 1757 5692 et
1807 5637 1926 5693 sine
1975 5641 2125 5695 omni

545 5739 559 5771 ι
611 5710 994 5788 retractatione
1024 5724 1230 5794 abjnro.
1274 5725 1406 5781 Cum
1440 5728 1627 5783 cadem
1673 5745 1886 5801 quoque
1918 5729 2111 5786 femina

2240 5103 2259 5138 ς
2307 5095 2557 5143 mutuum
2617 5088 2948 5160 colloquium
3004 5100 3062 5148 et
3096 5093 3523 5157 contubernium,
3550 5085 3636 5144 nisi
3668 5079 3733 5137 Sub

2236 5196 2257 5231 ί
2307 5180 2618 5238 testimonio
2638 5197 2994 5252 personarum
3038 5185 3264 5241 minime
3289 5186 3731 5255 suspectammen

2236 5289 2255 5323 ι
2303 5271 2536 5329 habebo.
2575 5273 2702 5330 Haec
2729 5276 2936 5343 omnia,
2971 5277 3114 5333 sicut
3145 5277 3335 5334 litterae
3357 5290 3501 5348 papa:
3524 5273 3670 5329 dicunt
3696 5270 3731 5315 σί

2232 5382 2251 5415 ι
2296 5379 2394 5421 vos
2422 5365 2745 5437 intelligitis,
2761 5367 2880 5423 sine
2907 5368 3057 5424 onmi
3080 5368 3221 5424 malo
3249 5368 3463 5439 Ingenio
3476 5356 3724 5420 observabo-

2231 5474 2249 5506 ι
2295 5454 2387 5512 Sic
2418 5472 2505 5512 me
2535 5458 2679 5514 Deus
2725 5458 2967 5531 adjuvet,
3015 5470 3072 5517 et
3116 5462 3232 5517 haec
3286 5462 3605 5517 sacrosancta
3644 5446 3728 5504 les“

2228 5565 2249 5600 ι
2292 5545 2494 5605 Christi
2520 5551 2831 5624 Evangelia.
2880 5571 2901 5606 ι
3632 5631 3643 5635 Δ
3698 5626 3706 5635 ⁸

2297 5640 2564 5698 Similiter
2621 5656 2678 5699 et
2726 5644 2988 5701 Bertrada
3053 5661 3175 5701 cum
3234 5631 3725 5731 excommunicallmlis

2231 5734 2448 5792 vinculo
2472 5735 2796 5808 solveretur,
2836 5740 2993 5796 tactis
3018 5738 3378 5797 sacrosanctis
3414 5728 3662 5799 Evangelii:
3683 5728 3717 5771 ﬁ"
