3870 6304
108 399 207 455 εει

101 523 338 584 persona
376 522 477 563 sua
532 509 636 565 hoc
681 508 825 564 idem
867 506 1073 578 iuravit
1097 514 1531 562 sacramentum.

172 604 370 656 Actum
410 600 653 655 Parisios
699 600 753 653 in
791 598 1078 669 prasentia
1133 597 1335 654 domini
1388 597 1690 653 Daimbertl

107 692 463 759 Senonensis,
492 703 549 747 et
592 690 807 745 Radulﬁ
853 688 1208 754 Turonensis,
1242 688 1689 760 archiepiscopo-

106 798 261 846 rum;
290 780 494 839 domini
537 794 752 849 quoque
800 779 977 833 lvonis
1025 778 1376 833 Carnotensis
1428 778 1690 849 episcopi,

105 870 396 928 Humbaldi
436 868 936 925 Antissiodorensis
976 868 1236 937 episcopi,
1259 866 1486 923 Joannis
1517 868 1692 923 Aure-

104 962 370 1019 lianensis
417 959 694 1028 episcopi,
750 958 1009 1015 Gualonis
1053 958 1375 1014 Parisiensis
1420 958 1683 1030 episcopi,

104 1054 352 1111 Ianasse
380 1053 670 1108 Meldensis
717 1052 980 1123 episcopi,
1012 1051 1246 1107 Baldrici
1301 1051 1685 1108 Noviomensis

103 1146 368 1216 episcopi,
399 1144 675 1200 Lamberti
703 1144 1083 1199 Atrebatensis
1107 1144 1365 1214 episcopi,
1398 1142 1689 1199 iiumberti

103 1237 534 1292 Silvanectensis
590 1237 829 1306 episcopi
869 1250 888 1290 :
935 1236 1190 1291 abbatum
1244 1251 1507 1305 quoque,
1558 1234 1693 1291 Atla:

102 1326 449 1393 Parisiensis,
479 1324 646 1383 Olrici
687 1327 938 1382 similiter
958 1326 1303 1391 Parisiensis,
1336 1325 1591 1381 Raiualdi
1624 1325 1693 1381 de

1549 393 1942 453 DlPLOMATA
1954 434 1969 448 .

1712 505 1956 573 APrato
2003 505 2179 561 sancti
2229 504 2489 562 Germani
2524 502 2871 581 Parisiensis,
2902 506 3156 566 Rainoldi
3208 506 3385 569 nihilo

3277 392 3385 458 8n

1798 595 1979 652 minus
2007 594 2345 666 Stampensis
2375 612 2389 649 :
2419 595 2929 652 archidiaconorum
2978 598 3144 655 etiam
3190 612 3385 670 quamq

1796 686 2054 758 plurium,
2080 696 2137 742 et
2185 687 2584 743 honorabilium
2621 688 2969 754 clericorum,
2992 700 3048 745 et
3095 690 3381 759 laicorum,
3466 725 3477 731 -

1796 793 1904 833 non
1933 792 2096 848 parva
2121 778 2467 832 multitudine
2498 778 2629 832 inibi
2659 779 3105 834 consistentium.

1870 867 2076 923 Taliter
2098 868 2281 937 itaque
2301 881 2367 921 ex
2388 866 2697 937 apostolicae
2718 868 2864 924 sedis
2885 870 3210 925 auctoritate
3232 870 3383 924 rein-

1793 966 2112 1030 oorporatus
2132 967 2216 1013 est
2242 957 2519 1028 Philippus
2546 973 2640 1013 rex
2662 958 2998 1014 Francorum
3046 972 3251 1015 sanctae
3297 976 3388 1015 ca-

1796 1050 2011 1106 tholica:
2040 1049 2299 1105 Ecclesia:
2349 1052 2508 1105 matri
2536 1066 2647 1105 sua:
2704 1065 2759 1105 IV
2808 1050 2991 1107 Nonas
3042 1053 3380 1117 Decembris,

1799 1139 2095 1196 indictione
2131 1156 2253 1205 xm,
2294 1157 2437 1196 anno
2460 1151 2640 1196 autem
2679 1140 2773 1197 Dei
2827 1141 3032 1197 Christi
3063 1142 3221 1209 1104,
3249 1158 3385 1212 pon-

1800 1231 2046 1287 tificante
2075 1247 2208 1289 vero
2243 1233 2299 1288 iu
2356 1234 2484 1289 sede
2532 1234 2775 1289 ltomana
2821 1233 3073 1290 Paschali
3132 1249 3275 1306 papa
3313 1233 3387 1302 ll,

1800 1339 1945 1380 armo
1966 1334 2147 1381 δειιο.

1009 1639 1833 1755 ΡΠῙΙιῙΡΡῙ
1907 1640 2461 1757 REGIS

1216 1867 1913 1961 DIPLOMATA
1987 1866 2272 1962 DUO.

96 2305 348 2377 Sigillum
402 2304 635 2380 Philippi
679 2310 813 2380 regis
861 2308 928 2363 de
969 2306 1170 2380 “Sancto
1195 2305 1688 2380 _Germnno.—_-Ad

166 2376 510 2448 augmentum
544 2376 870 2447 Iundationis
901 2378 1044 2433 cella:
1084 2379 1146 2434 S.
1180 2376 1431 2434 Germani
1462 2380 1519 2432 in
1558 2378 1689 2434 Laia

168 2464 307 2501 nova
343 2451 580 2502 concedit
616 2450 843 2520 prwdia.

696 2539 877 2611 (Anno
915 2536 1097 2609 1072.)

95 2625 419 2698 [Mm-reae,
458 2627 620 2701 ampl.
650 2627 890 2701 Collect,
936 2627 977 2693 1,
998 2626 1143 2701 {90,
1176 2640 1243 2682 ex
1272 2626 1550 2682 chartario
1578 2623 1687 2680 Co-

742 2697 1056 2770 lumbensi.]

167 2790 228 2843 In
261 2789 483 2845 nomine
509 2798 711 2847 sanetae
754 2799 810 2844 et
855 2789 1143 2845 individua:
1170 2787 1476 2854 Trinitatis,
1511 2786 1689 2844 Patris

94 2878 378 2945 videlicet,
412 2887 469 2934 et
496 2879 642 2946 Filii,
668 2888 724 2934 et
747 2878 982 2949 Spiritus
1009 2877 1206 2932 sancti.
1245 2878 1439 2932 Amen.

162 2970 288 3040 Ego
329 2969 614 3026 PHILIPPUS
642 2964 816 3040 gratia
852 2969 943 3024 Dei
970 2969 1303 3024 Francorum
1337 2983 1454 3022 rex.
1497 2966 1690 3021 Notiii-

90 3063 210 3118 cari
242 3063 369 3117 volo
411 3074 518 3117 tam
548 3062 907 3133 praesentibus
933 3078 1093 3133 quam
1128 3060 1275 3116 aetati
1320 3069 1685 3130 posterorum,

87 3162 369 3223 quatenus
395 3170 528 3210 avus
562 3162 747 3210 noster
772 3153 1044 3210 Robertus
1071 3168 1167 3207 rex
1199 3152 1251 3206 in
1282 3152 1487 3207 honore
1511 3153 1606 3207 Dei
1638 3161 1691 3208 et

86 3245 287 3300 Sancti
342 3245 599 3301 Germani
658 3246 797 3315 apud
849 3245 1038 3300 silvam
1084 3260 1204 3315 qua!
1254 3242 1383 3299 Laia
1431 3255 1687 3310 vocatur,

85 3337 378 3407 quoddam
447 3342 870 3393 construxerunt
924 3334 1366 3401 monasterium,
1432 3333 1690 3390 adhibitis

81 3427 425 3483 necessariis
460 3425 656 3483 ibidem
698 3424 1047 3481 servientium
1077 3424 1328 3479 fratrum.
1369 3423 1533 3480 Pater
1562 3439 1690 3481 vero

82 3534 275 3585 meus,
304 3518 557 3573 videlicet
593 3532 687 3572 rex
720 3516 1005 3580 Henricus,
1038 3515 1131 3585 qui
1173 3523 1296 3586 post
1328 3531 1451 3573 eum
1502 3516 1687 3571 Gallia:
1716 3542 1760 3604 ρ

81 3609 237 3662 rexit
271 3608 577 3677 imperium,
612 3605 890 3661 concessis
911 3605 1162 3660 omnibus
1187 3620 1308 3676 quas
1330 3605 1417 3661 ille
1440 3606 1686 3671 dederat,

77 3698 252 3768 plura
287 3696 571 3750 tribuendo
602 3696 776 3750 locum
816 3694 1184 3764 ampliﬁcavit.
1241 3693 1353 3765 Ego
1398 3694 1579 3765 igitur,
1630 3704 1689 3749 ut

73 3804 275 3845 essem
316 3786 588 3857 particeps
640 3785 776 3842 tanti
818 3785 1089 3852 beneﬁcii,
1139 3786 1452 3856 supradicto
1492 3801 1687 3840 mona-

74 3880 273 3936 sterio
316 3886 373 3933 et
416 3877 697 3933 monachis
742 3876 1189 3934 tioiumbensibus
1242 3876 1430 3933 eodem
1477 3877 1531 3932 in
1572 3877 1689 3933 loco

71 3974 203 4031 Deo
270 3971 678 4039 famulantibus,
718 3968 842 4025 dedi
894 3984 1111 4026 omnem
1164 3968 1432 4024 decimam
1473 3968 1582 4023 vini
1634 3977 1690 4024 et

72 4079 329 4120 annona:
360 4079 510 4129 meae,
541 4079 661 4133 qua:
693 4062 964 4134 pertinent
984 4060 1052 4118 ad
1077 4059 1354 4117 cellarium
1382 4061 1465 4117 vel
1495 4078 1690 4131 grana-

69 4159 236 4214 rium
268 4156 516 4222 Pissiaci,
556 4154 807 4211 videlicet
833 4155 901 4211 de
937 4152 1079 4220 Trel,
1104 4162 1160 4210 et
1195 4152 1263 4209 de
1304 4154 1498 4210 Charta
1532 4170 1686 4220 vana,

69 4259 133 4305 et
161 4251 247 4305 de
272 4249 388 4320 ipso
428 4248 707 4315 Pissiaco;
758 4248 1026 4305 decimam
1065 4247 1231 4304 etiam
1271 4247 1451 4303 Alvers
1492 4246 1604 4303 vini
1632 4254 1697 4303 et

68 4355 331 4397 annona:
374 4350 429 4396 et
470 4340 826 4409 leguminum,
855 4349 912 4395 et
943 4355 1129 4396 avena:
1173 4340 1553 4409 undecumque
1593 4338 1686 4394 sit.

68 4434 367 4491 Similiter
420 4434 544 4490 dedi
595 4449 811 4490 omnem
852 4433 1120 4490 decimam
1166 4446 1398 4488 annonae
1445 4445 1583 4488 mea
1632 4438 1690 4488 et

68 4542 304 4589 avenae,
330 4526 662 4598 leguminum
690 4526 759 4582 de
784 4525 1057 4596 Aquilina,
1084 4532 1140 4580 et
1163 4525 1406 4581 omnium
1434 4538 1687 4581 cremen‘

66 4629 282 4674 torum
319 4632 583 4683 meorum,
616 4632 738 4687 quae
769 4615 912 4673 facta
942 4616 1164 4673 fuerunt
1209 4618 1266 4673 in
1304 4632 1391 4672 ea.
1432 4614 1688 4672 Molendi-

68 4723 226 4763 num
279 4706 448 4762 etiam
504 4705 883 4762 Filioli-curtis
922 4707 1046 4761 dedi
1085 4718 1141 4762 et
1182 4714 1382 4761 terram
1423 4704 1685 4760 Gaudine.

62 4800 339 4854 Brancas
369 4796 534 4852 etiam
569 4796 637 4852 de
667 4795 798 4852 Laia
842 4806 1104 4867 quantum
1143 4811 1369 4855 necesse
1414 4795 1579 4851 fuerit
1620 4794 1688 4848 ad

62 4895 280 4949 focum
340 4891 767 4967 monachorum,
810 4906 1018 4947 necnon
1073 4898 1130 4945 et
1182 4897 1456 4944 mortuum
1498 4887 1688 4945 lucum
1723 4890 1767 4945 D

58 4992 361 5056 quantum
388 4981 583 5038 suﬁicit
610 4984 676 5037 ad
707 4988 863 5037 usum
892 4982 1303 5045 monachorum,
1331 4988 1386 5035 et
1407 4979 1687 5049 hospitum

58 5090 345 5141 suorum,
374 5086 429 5129 et
454 5083 735 5144 pasturam
764 5083 931 5129 totam
960 5073 1247 5144 pecoribus
1272 5073 1684 5137 monachorum,

52 5178 127 5223 ct.
182 5165 358 5220 etiam
385 5163 657 5235 hospitum
698 5180 940 5220 suorum.
983 5163 1112 5219 Dedi
1154 5163 1319 5219 etiam
1373 5162 1551 5217 vivum
1595 5178 1689 5217 ne-

54 5274 216 5315 mus
248 5266 511 5326 quantum
556 5256 720 5313 fuerit
745 5257 1110 5312 necessarium
1146 5257 1213 5312 ad
1251 5255 1480 5310 aedilicia
1504 5269 1691 5311 mona-

50 5354 350 5414 chorum,
398 5348 481 5404 vel
524 5364 663 5403 nova
700 5349 945 5404 facienda
984 5348 1068 5402 vel
1118 5346 1448 5418 reparanda.
1488 5345 1690 5401 Gaute-

51 5447 233 5501 rium
287 5457 507 5510 quoque
546 5442 834 5511 quemdam
884 5441 962 5513 (2)
1009 5440 1347 5496 eollibertum
1388 5454 1593 5506 meum,
1632 5451 1690 5497 et

48 5550 315 5593 omnem
355 5533 473 5603 ejus
513 5534 912 5604 posteritatem,
968 5543 1023 5588 et
1069 5533 1212 5604 apud
1264 5531 1687 5588 Rivoldicurtem

48 5628 336 5699 quinque
366 5626 607 5695 hospites
627 5626 886 5696 praedicto
916 5624 1033 5679 loco
1076 5622 1221 5679 beati
1262 5622 1519 5679 Germani
1556 5637 1688 5679 con-

149 5760 244 5830 (Ξ)
286 5759 562 5816 Collibcrti
601 5775 702 5814 nec
733 5759 874 5813 servi
916 5766 1074 5813 erant
1103 5772 1204 5813 nec
1232 5756 1408 5824 liberi,
1443 5758 1537 5814 sed
1566 5774 1685 5814 me-

48 5836 244 5889 dium
283 5834 571 5900 quemdam
620 5832 761 5885 inter
794 5838 1052 5896 utrosque
1076 5838 1276 5885 statum
1304 5830 1580 5902 tenebant,
1611 5831 1686 5888 ita

549 5925 817 5984 PATROL.
863 5921 1074 5983 CLIX.

1492 6018 1601 6027 ...α-ο..

1714 2184 1762 2244 Β
1791 2194 1907 2251 tuli.
1946 2178 2014 2248 Et
2045 2207 2113 2248 ne
2148 2195 2409 2252 memoria
2435 2195 2706 2255 deleretur
2730 2199 2890 2273 hujus
2922 2206 3195 2273 beneﬁcii,
3240 2168 3393 2268 litte-l

1790 2303 1882 2344 ras
1906 2288 2030 2344 inde
2062 2288 2181 2345 ﬁeri
2219 2290 2477 2361 praecepi,
2506 2306 2642 2360 quas
2672 2291 2787 2363 ipse
2819 2298 3033 2367 propria
3075 2316 3240 2357 manu
3285 2302 3381 2359 ﬁr-

1791 2382 1958 2438 mavi.
1997 2382 2191 2439 Testes
2238 2385 2565 2454 supradictae
2604 2383 2842 2443 dationis
2891 2390 3202 2449 subtitulari
3245 2411 3384 2466 prae-

1786 2467 1928 2536 cepi.
1964 2466 2332 2525 Considerans
2369 2486 2498 2525 vero
2531 2472 2675 2541 quod
2707 2472 2776 2527 de
2809 2474 2896 2530 die
2926 2476 2977 2531 in
3004 2477 3144 2533 diem
3181 2479 3234 2534 in
3263 2480 3386 2551 plu-

1790 2558 1939 2615 ribus
1960 2560 2237 2617 hominum
2266 2562 2568 2634 refrigeseit
2587 2564 2825 2623 Charitas
2847 2577 2902 2623 et
2924 2571 3162 2626 abundat
3187 2570 3386 2643 iniqui-

1789 2659 1894 2716 tas,
1943 2650 2059 2707 hatc
2106 2654 2289 2709 omnia
2320 2655 2373 2710 in
2425 2657 2585 2727 sigilli
2625 2660 2732 2715 mei
2774 2662 3026 2731 praesidio
3056 2674 3113 2719 et
3153 2665 3381 2723 tuitione

1789 2742 2057 2801 subscribi
2086 2744 2216 2812 feci,
2246 2755 2305 2802 ut
2330 2750 2422 2819 qui
2451 2761 2572 2821 post
2614 2768 2715 2808 nos
2758 2755 3027 2821 venerint,
3058 2758 3233 2814 sciant
3258 2775 3380 2831 quae

1788 2848 1889 2905 pro
1922 2837 2119 2893 animae
2147 2853 2303 2906 mea),
2342 2850 2399 2896 et
2430 2852 2835 2901 antecessorum
2884 2862 3130 2903 meorum
3176 2852 3382 2907 redem-

1791 2930 1975 2997 ptione
2018 2932 2297 2988 monachis
2326 2934 2772 2994 Columbensibus
2807 2940 2916 2995 Deo
2945 2950 3001 2996 et
3028 2950 3216 2998 sancto
3243 2942 3383 3000 Ger-

1792 3035 1953 3077 mano
1975 3022 2341 3080 servientibus
2361 3029 2605 3083 concessi
2642 3030 2723 3085 vel
2754 3032 2896 3086 dedi.

1864 3113 2058 3167 Actum
2098 3115 2314 3184 publice
2351 3116 2592 3174 Parisius
2641 3136 2718 3175 xu
2767 3122 3035 3179 Kalendas
3082 3123 3249 3194 Junii,
3292 3140 3377 3183 re-

1792 3212 1992 3273 gnante
2028 3218 2155 3275 rege
2191 3205 2458 3277 Philippo,
2491 3224 2589 3264 xm
2629 3213 2777 3282 regni
2810 3213 2891 3268 sui
2927 3230 3087 3271 anno.

1910 3333 1925 3347 .
1963 3294 2222 3353 Goiﬁ‘redi
2255 3297 2582 3356 Parisiensis
2610 3303 2869 3375 episcopi.

1908 3423 1923 3438 .
1963 3383 2204 3455 Hugonis
2229 3389 2443 3445 comitis
2466 3390 2722 3448 Mellenti.

1913 3513 1926 3528 .
1968 3474 2207 3533 Simonis
2233 3477 2300 3533 de
2325 3478 2657 3537 Monteforti.

1904 3605 1924 3623 .
1964 3567 2227 3625 Guidonis
2249 3571 2312 3624 de
2334 3570 2779 3631 Monte-Lelterii.

1908 3698 1922 3712 .
1964 3659 2206 3730 Hugonis
2224 3659 2292 3715 de
2310 3660 2552 3719 Puteolo.

1910 3784 1926 3805 .
1964 3750 2142 3808 lvonis
2170 3752 2404 3809 comitis.

1909 3885 1921 3898 .
1964 3844 2221 3900 Willelmi
2245 3842 2457 3901 Albani.

1906 3974 1919 3987 .
1961 3932 2224 3990 Gaulerii.

1907 4065 1922 4080 .
1964 4025 2236 4082 Garnerii.

1951 4118 2243 4174 Fromondi
2274 4120 2458 4178 fratris
2484 4121 2620 4194 ejus.

1907 4251 1919 4265 .
1961 4210 2227 4267 Goisfredi
2254 4212 2346 4268 ﬁlii
2371 4213 2613 4272 Nivardi.

1907 4342 1920 4356 .
1962 4301 2177 4358 Nizardi
2216 4304 2397 4361 fratris
2423 4305 2558 4378 ejus.

1906 4435 1921 4452 .
1959 4396 2197 4468 Hugonis
2229 4397 2321 4452 ﬁlii
2345 4398 2587 4455 Gauterii
2611 4401 2677 4456 de
2699 4400 2959 4458 Pissiaco.

1908 4528 1921 4542 .
1964 4488 2210 4546 Walterii
2241 4489 2460 4549 infantis
2482 4492 2665 4549 fratris
2689 4493 2824 4563 ejus.

1790 4734 2068 4812 Philippus
2099 4737 2130 4791 1
2174 4755 2265 4793 rex
2300 4737 2635 4812 Francorum
2659 4739 2809 4812 jubet
2838 4739 2972 4795 bona
3012 4740 3371 4812 episcoporum

1999 4812 2358 4867 arnuteusium
2386 4808 2753 4878 defunctorum
2774 4811 2974 4866 intacta
3000 4808 3218 4866 servari.

2383 4901 2562 4971 (Anno
2600 4900 2783 4971 nos.)

2182 4992 2444 5065 [Acut-nui,
2485 4993 2667 5063 Spicil.
2708 4993 2794 5059 Ill,
2834 4992 2984 5065 296.]

1862 5082 1920 5139 In
1951 5084 2170 5139 nomine
2199 5093 2400 5139 sancta:
2434 5093 2491 5140 et
2523 5084 2811 5140 individua:
2838 5084 3150 5151 Trinitatis,
3181 5085 3317 5140 Amo

1793 5173 2070 5244 Philippus
2101 5175 2192 5228 Dei
2224 5175 2393 5244 gratia
2418 5173 2751 5229 Francorum
2778 5189 2892 5229 rex.

1866 5263 2060 5319 Notum
2110 5263 2225 5318 ﬁeri
2260 5264 2510 5319 volumus
2533 5263 2800 5319 universis
2830 5264 2883 5318 in
2920 5261 3109 5333 Regna
3141 5262 3373 5321 Franco-

1795 5368 1915 5409 rum
1944 5368 2040 5423 per
2065 5353 2243 5408 futura
2284 5361 2526 5422 tempora
2569 5355 2935 5419 successuris,
2966 5354 3109 5423 quod
3150 5357 3380 5412 domnus

1793 5444 1885 5501 lvo
1914 5452 2117 5512 sancta-
2143 5443 2490 5499 Carnotensis
2519 5442 2772 5498 Ecclesia:
2810 5444 3136 5500 venerabilis
3170 5447 3381 5516 episco-

1794 5552 1897 5608 pus
1921 5535 2109 5590 humili
2131 5537 2414 5591 devotione
2442 5537 2812 5594 celsitudinem
2842 5549 3043 5595 nostrae
3069 5542 3378 5596 serenitatis

1795 5628 2011 5696 adierit,
2038 5629 2237 5685 obnixe
2282 5629 2579 5699 deprecans
2605 5639 2663 5685 ut
2687 5646 2909 5702 pravam
2932 5633 3377 5689 consuetudinem

1864 3292 1904 3348 8

1864 3383 1903 3438 8

1869 3474 1907 3529 8

1864 3566 1912 3622 8.

1862 3656 1912 3712 8.

1863 3749 1912 3805 8.

1863 3841 1912 3898 8.

1861 3931 1912 3987 8.

1862 4025 1912 4080 8.

1852 4118 1912 4173 8.

1862 4210 1912 4265 8.

1860 4301 1912 4358 8.

1860 4394 1912 4451 8.

1862 4486 1912 4543 8.

1795 5771 1976 5890 hamen
2011 5769 2070 5817 ut
2103 5760 2325 5832 propius
2352 5761 2638 5844 ad'servos
2682 5778 2849 5834 quam
2876 5763 2943 5818 ad
2971 5760 3174 5817 liberos
3221 5775 3378 5813 acce-

1833 5843 2004 5890 erent.

1833 5843 2004 5890 erent.

2974 5925 3051 5984 27
