3870 6304
70 338 171 394 εις)

1166 335 1343 393 VlTA.
1384 367 1454 378 —
1488 337 1941 395 COMMENTAR.
1974 340 2203 397 PRJEV.

3208 382 3211 385 ς
3229 342 3333 421 85o

66 456 259 514 mator,
272 446 373 504 hoc
396 445 531 505 mihi
556 446 758 504 laboris
778 447 1013 519 injunxit
1036 445 1281 504 utVitam
1303 448 1641 518 B.0dilonis,
1674 447 1723 521 A’
1750 462 1928 508 autem
1948 453 2092 509 illius
2110 430 2353 510 ecclesiae
2381 454 3058 521 abbatibus‘ctmonachis,
3084 465 3334 527 tanquam

64 542 361 601 deocsSoris
386 542 640 599 videlicet
666 544 770 611 sui,
796 544 1014 615 pr0prio
1046 544 1185 618 stylo
1218 545 1495 602 succincte
1518 562 1646 617 per-

65 638 402 707 stringerem,
440 646 501 691 ut
537 652 603 692 ex
642 637 748 705 his,
781 653 901 707 qua:
944 640 995 693 in
1039 640 1405 697 anterioribus
1441 641 1651 711 paginis

65 730 223 785 latius
272 728 688 799 reperiebantur
731 743 853 785 esse
903 729 1129 795 diffusa,
1167 729 1383 786 utiliora
1422 745 1650 801 quaeque

64 821 338 892 magisque
378 820 688 875 necessaria
739 819 892 875 brevi
948 822 1277 891 compendio
1303 821 1646 877 deﬂorarem.

64 912 228 980 Cujus
262 925 362 983 ego
389 910 703 981 compulsus
742 912 993 982 imperio,
1040 928 1148 967 non
1196 911 1451 968 luculenti
1482 928 1651 967 venu-

61 1009 257 1055 statem
283 1000 593 1070 aucupabor
633 1000 857 1071 eloquii,
908 1001 1000 1056 sed
1035 1002 1179 1056 sicut
1213 1017 1279 1056 ex
1306 1001 1503 1057 oblatis
1532 1002 1649 1072 api-

64 1089 209 1147 cibus
239 1090 577 1161 deprenderc
598 1100 812 1161 potero,
848 1107 971 1147 cum
1010 1092 1101 1147 Dei
1127 1093 1517 1162 omnipotentis
1548 1109 1648 1147 au-

64 1184 211 1252 xilio,
260 1201 393 1240 mea:
426 1185 639 1241 veritati
687 1185 966 1243 deservire
1020 1188 1259 1241 tentabo.
1294 1206 1314 1239 ι
1370 1186 1649 1241 Desiderio

63 1293 271 1348 quoque
299 1278 496 1334 abbate
518 1277 826 1345 Casinensi,
858 1294 1073 1335 summo
1102 1289 1287 1351 postea
1313 1280 1570 1351 pontifice
1593 1289 1650 1336 et

62 1370 275 1425 Victore.
325 1368 391 1424 ΙΙΙ
445 1372 734 1442 appellato,
779 1370 1130 1429 familiariter
1174 1373 1274 1429 fuit
1319 1388 1448 1429 usus
1494 1373 1648 1445 llugo

59 1469 315 1527 sanctus;
371 1476 499 1517 nam
532 1462 794 1521 Casinum
835 1466 981 1522 circa
1014 1481 1107 1521 an.
1157 1465 1297 1521 1085
1346 1465 1644 1537 profectus,

63 1554 200 1611 inter
238 1570 371 1611 suos
404 1570 469 1610 ac
506 1556 832 1614 Casinenses
867 1558 1165 1613 monachos
1209 1558 1646 1613 communionem

61 1648 377 1704 meritorum
409 1664 533 1706 cum
562 1664 628 1706 eo
658 1649 909 1714 instituit,
942 1649 1085 1720 quod
1118 1650 1195 1704 ita
1246 1649 1341 1705 lib.
1374 1664 1433 1704 ιη
1472 1648 1648 1705 Chro-

60 1737 159 1792 uici
191 1737 528 1804 Casinensis,
554 1754 674 1810 cap.
697 1739 792 1807 50,
818 1739 928 1796 Leo
953 1738 1214 1796 Ostiensis
1233 1740 1411 1810 prodit
1436 1757 1452 1795 :
1490 1758 1509 1791 ι
1551 1739 1648 1796 llis

1754 545 1954 599 nostris
1981 545 2249 616 episc0pis
2275 554 2330 602 et
2369 547 2678 615 canonicis,
2737 557 2794 604 et
2836 547 2973 611 vivis
3023 556 3077 603 et
3113 548 3339 605 mortuis

1750 632 2071 689 faceremus.
2121 651 2139 685 ι

1830 744 1859 818 §
1899 744 1965 799 ll.
2008 744 2393 821 Imperatorum
2432 765 2497 821 ac
2524 764 2700 818 regum
2738 767 2861 819 ergo
2902 748 2959 811 ἃ.
2996 748 3269 821 Hugonem

2209 818 2533 872 observantia
2571 818 2874 889 singularis.

1818 907 1874 961 6.
1919 905 2113 961 Smculi
2138 907 2489 980 principibus
2511 908 3339 980 impensewdjamg”etigmwfuit

1978 974 2187 992 *n'ww‘
2199 974 2361 994 ..μαψ-ω’.-
2374 974 2443 989 ,ιιρδι
2450 980 2451 983 η
2458 976 2489 983 «-

1708 980 2638 1082 mgiﬁi'g‘a‘iiiﬁi’ii‘é'piimus
2662 1002 3020 1077 nominandus
3036 1003 3313 1087 ,lrlenricus

1748 1088 2048 1159 imperator
2096 1088 2256 1158 hujus
2286 1082 2524 1145 nominis
2542 1086 2761 1159 'll,_rcx
2788 1082 3204 1159 ,Germauorum
3248 1098 3334 1165 ill,

1748 1182 1832 1236 °"‘
1862 1196 1986 1235 ⁰ί¹¹τ¹
2024 1180 2319 1263 ῑριεθῆςιρρ
2338 1180 2489 1259 195.1.
2504 1181 2699 1259 ΑΕ.
2714 1183 2977 1263 ριςςέςιέιειη
2996 1170 3233 1253 Samiae
3266 1174 3338 1244 ἐι

1749 1256 2437 1358 εδίτέρεὶίιῇεξειέρείέω
2457 1256 2800 1344 nomne:
2826 1256 2981 1355 es...
2994 1294 3097 1358 Pg-
3120 1279 3338 1358 quas...

1749 1348 3097 1438 Wmmm‘earsuanéisﬁaiye‘a
3106 1348 3229 1435 tor;
3242 1348 3337 1427 "sic

1741 1448 2025 1513 concinuit
2050 1444 2333 1527 epistolam
2364 1473 2380 1513 :
2433 1477 2453 1510 ί
2495 1459 2648 1527 Quod
2683 1471 2866 1516 autem
2899 1472 2949 1517 te
3003 1478 3100 1533 pro
3131 1463 3339 1533 longin-

1748 1552 1957 1621 quitate
1986 1552 2198 1608 itineris
2226 1552 2433 1624 negasti
2469 1554 2712 1624 potuisse
2740 1555 2944 1621 venire,
2995 1555 3135 1612 sicut
3172 1554 3340 1625 jussi-

1749 1659 1920 1709 mus,
1975 1659 2284 1715 quanquam
2349 1652 2630 1717 gratanter
2692 1654 2842 1700 tuum
2911 1648 3337 1717 suscepissemus

1751 1736 2062 1801 adventum,
2106 1752 2170 1793 eo
2210 1737 2538 1808 ignoscimus
2574 1746 2781 1803 tenore,
2816 1747 2872 1792 ut
2915 1738 2968 1793 iu
3026 1738 3229 1795 Pascha
3268 1740 3337 1796 ad

60 1829 391 1900 temporibus
437 1830 592 1903 Hugo
631 1832 982 1901 venerabilis,
1028 1831 1401 1889 Cluniacensis
1456 1829 1646 1897 abbas,
1680 1818 1724 1874 Β
1750 1844 1851 1883 nos
1875 1827 2157 1883 Coloniam
2185 1828 2395 1894 venias,
2426 1827 2471 1884 si
2489 1838 2570 1884 est
2598 1828 2711 1883 fieri
2744 1829 3019 1899 possibile,
3046 1841 3335 1901 quatenus,

58 1920 137 1975 vir
181 1920 312 1976 vitae
362 1936 427 1977 ac
487 1920 645 1978 fama:
700 1922 952 1989 celebris,
1010 1924 1079 1979 ad
1131 1922 1311 1979 Patris
1362 1922 1643 1979 Benedicti

60 2009 238 2065 limina
276 2009 513 2067 devotus
554 2012 793 2067 advenit.
838 2010 1010 2080 Quem
1054 2011 1382 2068 venerabilis
1426 2010 1648 2067 Deside-

60 2102 182 2165 rius,
210 2110 271 2156 ut
307 2110 516 2157 tantum
542 2102 770 2159 decebat
794 2102 992 2166 virum,
1048 2118 1242 2174 magno
1272 2117 1396 2157 cum
1440 2103 1647 2156 honore

64 2193 401 2264 suscipiens,
451 2203 506 2248 et
555 2194 873 2249 societatem
921 2193 1357 2249 Cluniacensium
1413 2192 1643 2248 fratrum

65 2297 250 2342 ucstra:
284 2276 697 2359 congregationi
730 2286 1088 2359 coniungens,
1135 2286 1271 2341 inito
1316 2285 1542 2352 fmdere,
1592 2294 1647 2341 et

66 2390 249 2433 nostra:
276 2378 423 2448 apud
454 2378 572 2433 illos
596 2386 652 2433 et
678 2378 890 2433 illorum
915 2378 1054 2447 apud
1079 2394 1179 2434 nos
1204 2377 1645 2449 congregationis

66 2472 373 2522 memoriam
419 2477 682 2538 perpetuo
728 2466 1037 2524 habendam
1075 2466 1380 2537 singulares
1430 2467 1504 2522 illi
1540 2467 1641 2523 viri

68 2560 438 2613 decreverunt.
484 2578 504 2611 ι

125 2649 175 2703 5.
216 2648 360 2716 Quid
392 2664 536 2705 nunc
562 2647 859 2705 Galliarum
905 2650 1191 2721 episcopos
1219 2649 1418 2711 dicam,
1452 2664 1547 2719 per
1577 2649 1637 2706 S.

69 2742 335 2813 llugonem
384 2744 722 2801 monasterio
762 2744 1105 2801 Cluniacensi
1144 2744 1467 2800 devinctos?
1503 2743 1646 2798 Duos

69 2834 210 2896 nobis
231 2836 458 2891 exhibet
483 2836 740 2909 spicilegii
766 2836 1056 2892 Acheriani
1075 2846 1253 2891 tomus
1274 2836 1336 2891 Vl
1359 2836 1412 2890 iu
1438 2834 1647 2890 Miser-l-

69 2922 221 2982 lancis
275 2927 657 2998 epistolarum,
715 2928 976 2983 Araldum
1020 2937 1075 2984 et
1118 2928 1515 2992 lsembardutn,
1550 2942 1647 3002 per

69 3030 189 3083 quos
218 3016 506 3089 insigniter
520 3016 897 3072 commendata
916 3017 1222 3088 disciplina,
1244 3024 1300 3071 et
1320 3015 1644 3085 locupletata

71 3108 285 3173 quadam
310 3116 481 3164 tenus
513 3106 758 3162 Ecclesia
788 3106 1161 3163 Cluniacensis
1187 3114 1291 3162 est.
1322 3125 1343 3159 ‹
1382 3106 1641 3171 Araldns,

69 3196 303 3256 Ecclesia:
331 3199 1004 3271 Carnotensis’episcopus
1029 3208 1085 3256 et
1107 3199 1349 3268 ejusdem
1390 3198 1645 3254 Ecclesiae

68 3288 307 3344 canonica
348 3288 683 3357 fraternitas,
732 3290 870 3345 bona
918 3290 1061 3345 fama
1118 3291 1380 3346 virtutum
1422 3289 1644 3345 Clunia-

70 3382 231 3436 censis
256 3382 578 3437 monasterii
602 3392 862 3453 tanquam
892 3382 1136 3438 florentis
1168 3382 1391 3447 hortuli,
1427 3383 1642 3438 suavis-

69 3474 441 3532 simoliliorum
454 3473 616 3546 atque
644 3491 895 3532 rosarum
918 3477 1085 3532 odore
1108 3475 1339 3546 perflati,
1359 3483 1416 3531 et
1440 3475 1645 3530 idcirco

72 3563 309 3622 habendae
339 3565 703 3623 fraternitatis
744 3566 986 3637 ejusdem
1028 3566 1342 3624 monaSterii
1375 3562 1644 3623 desiderio

69 3654 307 3713 divinitus
342 3655 613 3727 inspirati,
647 3660 995 3730 praebendam
1035 3661 1326 3730 quamdam
1382 3660 1644 3715 fratribus

70 3747 287 3813 prredicti
317 3749 639 3803 monasterii
665 3750 716 3804 in
750 3760 1039 3821 perpetuos
1070 3765 1200 3805 usus
1225 3750 1532 3805 concedunt
1563 3768 1579 3806 :
1618 3770 1638 3804 ι

71 3849 123 3887 ιιι
155 3836 386 3891 habetur
410 3856 560 3892 num.
591 3839 690 3903 23;
717 3841 934 3906 deinde,
969 3857 1123 3896 num.
1172 3840 1244 3895 24
1277 3859 1290 3896 :
1332 3860 1350 3892 ι
1381 3841 1646 3896 lsembar—

69 3927 155 3983 dus
202 3932 378 4001 gratia
431 3931 525 3987 Dei
585 3932 1003 3987 Aurelianorum
1063 3933 1351 4005 episc0pus
1405 3942 1461 3989 et
1531 3941 1643 3989 tota

70 4021 410 4093 congregatio
448 4033 648 4078 sancta:
673 4021 865 4079 Crucis
897 4063 912 4079 .
954 4063 970 4078 .
1015 4064 1030 4079 .
1072 4024 1140 4079 ab
1166 4024 1393 4095 llugone
1413 4040 1640 4080 venera-

70 4108 150 4165 bili
173 4114 362 4170 abbate
384 4114 727 4173 Cluniacensi
756 4127 813 4173 et
844 4118 1193 4173 sanctissima
1223 4119 1645 4190 congregatione

70 4203 159 4259 sibi
188 4209 477 4264 commissa
538 4210 733 4280 rogati,
793 4218 852 4264 ut
899 4225 998 4280 pro
1030 4212 1288 4266 anteriori
1322 4212 1557 4266 dictione
1588 4217 1644 4265 et

69 4298 309 4355 societate
337 4316 504 4371 quam
536 4300 765 4355 invicem
800 4301 1053 4367 inierant,
1086 4302 1429 4371 praebendam
1461 4300 1643 4372 cujus-

71 4391 179 4446 dam
208 4396 475 4462 canonici,
507 4382 750 4451 ecclesia:
786 4406 840 4452 et
872 4397 1016 4452 Petri
1049 4406 1105 4451 et
1140 4396 1400 4454 fratribus
1442 4399 1640 4454 ibidem

1747 1920 1796 1976 si
1821 1921 2082 1976 audemus
2117 1919 2587 1987 dicere,eumdem
2616 1936 2863 1992 puerum,
2893 1937 3001 1992 quo
3030 1922 3103 1977 ita
3125 1922 3336 1980 laetatus

1748 2026 1830 2076 es.
1863 2013 1931 2067 de
1959 2026 2118 2068 sacro
2169 2012 2320 2068 fonte
2376 2015 2714 2083 susciperes,
2752 2022 2806 2069 et
2856 2013 3150 2084 spiritualis
3183 2025 3338 2085 pater

1749 2109 1855 2157 tua:
1900 2102 2294 2157 benedictionis
2341 2117 2570 2157 munere
2620 2102 2899 2172 signares,
2949 2104 3136 2173 sicque
3173 2104 3337 2159 simul

1747 2192 1953 2263 expiati
1988 2193 2255 2247 fermento
2304 2191 2647 2258 delictorum,
2704 2193 2943 2263 paschali
2994 2196 3338 2251 solemnitate

1748 2296 2056 2338 mereamur
2106 2280 2315 2352 perfrui
2368 2280 2573 2353 azymis
2632 2282 2866 2336 caelestis
2917 2283 3120 2354 gloriae.
3171 2303 3189 2336 ι
3258 2284 3335 2340 Ita

1748 2370 1949 2427 factum
1976 2386 2118 2426 anno
2158 2372 2428 2442 sequenti,
2456 2380 2512 2427 et
2557 2378 2785 2441 paterno
2810 2373 3028 2429 nomine
3073 2372 3337 2431 Henricus

1749 2471 2092 2533 nuncupatus
2147 2477 2300 2533 puer,
2364 2461 2661 2532 imperator
2720 2470 2908 2530 postea
2962 2462 3337 2533 appellationis

1749 2554 1905 2610 istius
1934 2552 2021 2619 Ill,
2067 2568 2162 2609 rex
2188 2552 2286 2620 1V;
2336 2553 2511 2625 cujus,
2562 2553 2817 2610 defuncto
2874 2564 3031 2625 patre
3082 2556 3335 2629 orphani,

1750 2656 1926 2701 mater
1950 2646 2135 2713 vidua,
2169 2663 2187 2697 ι
2224 2645 2580 2701 dilectissimo
2603 2645 2749 2701 Patri
2768 2656 2824 2701 et
2848 2648 2996 2703 omni
3020 2649 3339 2718 acceptione

1750 2735 1912 2805 digno
1938 2734 2119 2789 abbati
2145 2732 2377 2805 llugoni,
2399 2752 2417 2785 ι
2449 2748 2591 2789 anno
2624 2734 2760 2789 1056
2783 2736 3000 2807 scripsit
3027 2739 3336 2805 epistolam,

1747 2842 1869 2899 qua:
1902 2836 1989 2883 est
2034 2828 2101 2882 14
2144 2830 2195 2882 in
2229 2826 2505 2898 Spicilegii
2547 2828 2835 2883 Acheriani
2888 2828 2929 2883 ll
2980 2828 3337 2885 Miscellaneis

1749 2921 1862 2992 (ubi
1895 2922 2207 2990 pratcedens
2233 2935 2448 2991 quoque
2476 2928 2532 2975 et
2580 2921 2700 2976 aliae
2750 2937 2871 2976 mox
2922 2921 3151 2979 citauda:
3199 2923 3337 2978 refe.

1751 3013 1965 3085 runtur)
1998 3014 2050 3068 in
2080 3014 2224 3070 hunc
2249 3029 2464 3072 sensum
2491 3035 2505 3073 :
2543 3034 2562 3067 ‹
2604 3015 2741 3083 Quia
2772 3016 2824 3069 in
2850 3015 3047 3070 luctum
3089 3033 3233 3071 versa
3258 3027 3336 3073 est

1753 3109 1957 3165 cithara
1980 3127 2094 3165 mea
2128 3111 2270 3182 (Job.
2301 3128 2432 3179 xxx,
2479 3114 2597 3183 51).
2646 3127 2745 3184 pro
2795 3112 2990 3182 gaudio
3037 3115 3333 3185 gemitum,

1745 3214 1802 3261 et
1838 3221 1937 3276 pro
1963 3205 2341 3273 exsultatione,
2372 3224 2535 3279 quam
2582 3208 2778 3264 littera:
2822 3217 3017 3264 vestrae
3071 3205 3334 3276 fecerant,

1748 3296 1925 3354 refero
1966 3299 2367 3355 lamentabilem
2417 3300 2717 3372 planctum.
2747 3300 2854 3357 Cor
2881 3309 3066 3358 tamen
3102 3315 3338 3358 maerore

1746 3392 2003 3463 pavidum
2040 3392 2237 3463 refugit
2257 3409 2323 3449 ex
2351 3401 2466 3450 toto
2494 3393 2720 3449 referre.
2755 3392 3095 3464 Quapropter
3123 3402 3178 3449 et
3208 3382 3337 3464 quia

1748 3483 1903 3539 velox
1930 3481 2073 3566 fama
2097 3484 2385 3549 malorum,
2413 3493 2472 3539 ut
2508 3484 2665 3549 solet,
2699 3499 2877 3539 meum
2904 3484 3058 3539 vobis
3094 3470 3337 3539 dolorem

1747 3574 2040 3640 nuntiavit,
2066 3589 2261 3646 precor
2300 3583 2361 3630 ut
2389 3575 2676 3631 Dominum
2705 3589 2906 3639 meum,
2935 3590 3096 3643 quem
3134 3574 3339 3630 diutius

1747 3665 1802 3721 in
1832 3682 1997 3723 carne
2026 3680 2243 3722 servare
2272 3664 2544 3731 noluistis,
2563 3666 2754 3721 saltem
2775 3664 2982 3720 orando
3003 3680 3124 3719 cum
3152 3677 3333 3721 vestro

1747 3765 2013 3811 conventu
2056 3754 2371 3811 defunctum
2423 3755 2533 3810 Deo
2575 3755 3001 3820 commendetis;
3056 3754 3338 3823 filiumque

1747 3858 1986 3902 vestrum
2010 3848 2100 3901 diu
2132 3845 2236 3902 sibi
2271 3845 2543 3901 baeredem
2574 3844 2691 3899 fore
2714 3860 2780 3899 ac
2810 3844 2922 3898 Deo
2944 3844 3164 3915 dignum
3195 3842 3338 3898 obti-

1748 3938 1946 4002 neatis,
1974 3946 2030 3992 et
2059 3937 2267 4004 turbas,
2314 3935 2360 3991 si
2392 3950 2513 4005 qua:
2552 3943 2743 3990 contra
2787 3948 2912 3988 eum
2948 3934 3001 3987 in
3036 3932 3230 3988 vestris
3258 3933 3339 3987 vi-

1746 4029 1886 4084 cinis
1931 4028 2177 4100 partibus
2223 4027 2377 4097 regni
2430 4026 2512 4081 sui
2568 4025 2838 4092 oriantur,
2894 4024 3059 4081 etiam
3107 4024 3337 4081 consilio

1745 4117 1937 4173 sedare
1963 4119 2246 4173 studeatis.
2287 4116 2436 4182 Vale,
2471 4115 2650 4170 Pater.
2692 4134 2711 4167 ι

1817 4210 1871 4263 7.
1913 4208 2027 4264 Non
2068 4208 2237 4264 defuit
2279 4209 2526 4281 partibus
2556 4207 2669 4262 suls
2719 4206 2894 4278 llugo,
2926 4207 3017 4262 sed
3068 4207 3335 4278 pessimo-

1746 4316 1864 4354 rum
1921 4300 2355 4356 consiliariorum
2409 4299 2725 4355 adulatoriis
2778 4300 3213 4371 suggestionibus
3243 4300 3340 4357 dc-

1742 4401 2005 4462 pravatns
2046 4393 2307 4462 paulatim
2344 4392 2612 4450 llenricus
2642 4392 2725 4458 Ill,
2755 4393 3007 4449 Ecclesia:
3029 4390 3337 4449 libertatem

71 4485 414 4541 servientibus
445 4496 704 4558 perpetuo
740 4489 1045 4543 habendam
1074 4490 1454 4554 concederent,
1484 4508 1503 4542 ι
1534 4528 1551 4545 ,
1575 4526 1595 4546 .
1617 4526 1637 4547 ,
1672 4518 1718 4575 D
1743 4483 1946 4553 acjura
1977 4484 2250 4550 violando,
2288 4500 2385 4555 per
2411 4485 2757 4541 manifestam
2794 4487 3192 4542 contumaciam
3254 4487 3338 4541 in-

68 4587 123 4626 ea
152 4576 352 4633 ratione
380 4588 713 4647 auntterunt,
764 4588 825 4634 ut
867 4589 924 4635 et
959 4580 1104 4650 ipsos
1146 4595 1265 4645 nos,
1304 4579 1480 4651 inquit
1527 4583 1643 4654 epi-

72 4677 266 4735 scopus,
310 4669 364 4724 in
396 4686 495 4725 suo
532 4670 914 4737 instrumento,
949 4690 969 4725 ι
1015 4672 1069 4728 in
1101 4673 1434 4729 consortium
1482 4690 1640 4731 suum

75 4757 382 4827 reciperent,
424 4772 479 4817 et
521 4778 961 4834 unumquemque
1002 4765 1393 4822 eanonicorum
1427 4778 1642 4824 nostro-

72 4858 198 4912 rum,
226 4856 480 4919 tanqnam
510 4868 673 4906 unum
698 4867 765 4907 ex
802 4853 1080 4910 monachis
1110 4854 1370 4923 facerent,
1402 4866 1458 4912 ct
1486 4858 1641 4913 nobis

71 4938 359 4994 orationum
388 4952 442 4996 et
490 4941 954 5013 clcemosynarum
997 4953 1053 4999 et
1106 4956 1424 5001 cancrorum
1479 4946 1643 5002 benc-

72 5025 318 5086 factorum
366 5048 583 5088 suorum
625 5036 968 5106 participium
1010 5037 1227 5103 darent;
1282 5047 1338 5093 et
1386 5037 1644 5092 uniuscu-

66 5114 245 5192 jusque
272 5127 659 5181 eanonicorum
701 5137 1013 5183 nostrorum
1041 5128 1252 5184 obitum
1296 5139 1353 5185 et
1381 5131 1641 5185 anniver-

74 5215 262 5271 sarium
291 5216 473 5273 obitus
523 5220 690 5285 diem,
743 5229 1003 5292 tanquam
1046 5222 1210 5279 unius
1247 5226 1640 5280 monachorum

72 5317 274 5363 suorum
332 5312 782 5380 claustrensium,
840 5314 1127 5384 precibus,
1178 5314 1539 5389 eleemosynis
1587 5326 1645 5373 ct

68 5400 265 5453 cieteris
292 5402 723 5461 solemnitatibus
755 5407 1231 5474 commendarent;
1261 5408 1306 5463 si
1339 5423 1465 5464 vero
1481 5408 1640 5465 alicui

71 5491 437 5550 eanonicorum
468 5497 706 5568 placeret
732 5500 1058 5553 monachum
1090 5500 1225 5567 ﬁeri,
1253 5502 1297 5555 si
1347 5502 1479 5556 nihil
1513 5504 1642 5557 dare

72 5578 215 5655 vellet
245 5583 326 5637 vel
359 5597 559 5654 posset,
611 5589 782 5660 gratis
829 5590 1165 5659 reciperent;
1219 5601 1461 5647 nostrum
1511 5607 1641 5649 vero

74 5672 506 5748 anniversarium,
529 5679 634 5734 hoc
653 5689 736 5735 est
762 5681 997 5751 episc0pi
1035 5694 1289 5753 tauquam
1315 5682 1525 5737 abbatis
1556 5682 1638 5739 sui

75 5761 303 5827 facerent
350 5778 403 5825 et
447 5788 822 5833 successorum
858 5790 1101 5832 meorum
1155 5775 1482 5846 quotannis;
1541 5791 1639 5832 nos

1744 4575 2236 4647 obedientiamque,
2260 4577 2475 4633 tandem
2506 4579 2831 4633 commeruit
2858 4594 2887 4631 a
2912 4577 3175 4647 Gregorio
3198 4576 3337 4647 papa

1745 4666 1835 4723 νη
1865 4670 2361 4733 excommunicari,
2409 4670 2463 4725 in
2513 4668 2820 4741 Augustino
2858 4670 3163 4739 principum
3208 4683 3339 4723 con-

1744 4771 1906 4815 ventu
1944 4763 2235 4832 privandus
2262 4762 2509 4832 imperio,
2543 4764 2644 4817 nisi
2679 4764 2817 4817 intra
2842 4776 3042 4815 annum
3074 4776 3197 4816 cum
3227 4760 3334 4814 Ec-

1745 4852 1908 4907 clesia
1961 4852 2247 4908 redivissct
2301 4851 2361 4906 in
2399 4851 2652 4922 gratiam.
2696 4851 2845 4907 Tunc
2895 4867 3013 4906 sese
3080 4850 3134 4905 in
3184 4858 3337 4905 arcto

1746 4950 1982 5020 positum
2008 4948 2217 5016 videns,
2251 4948 2555 5021 llugonem,
2586 4948 2739 5020 cujus
2784 4947 3011 5003 consilia
3058 4956 3111 5001 et
3162 4944 3338 5000 moni-

1747 5041 1919 5095 tiones
1974 5049 2232 5109 patcrnas
2261 5038 2489 5095 forsitan
2536 5040 2725 5094 audire
2779 5039 3113 5108 neglexerat,
3169 5037 3339 5107 erepit

1744 5132 2042 5200 respicere,
2080 5139 2136 5185 et
2163 5130 2215 5185 in
2246 5128 2456 5184 Italiam
2496 5146 2659 5185 causa
2691 5129 3049 5185 absolutionis
3089 5129 3338 5200 petenda:

1747 5234 2136 5295 transgressus,
2189 5223 2378 5279 eodem
2425 5222 2818 5279 interveniente
2865 5233 3029 5293 atque
3078 5238 3176 5294 pro
3217 5221 3338 5292 ipso

1744 5316 2063 5387 spondente,
2097 5324 2422 5371 consecutus
2448 5324 2529 5371 est
2557 5316 2809 5387 gratiam,
2842 5331 2986 5371 anno
3035 5316 3191 5371 1077.
3227 5314 3337 5370 Sed

1744 5407 1891 5462 brevi
1922 5406 1989 5460 ad
2020 5406 2291 5478 ingenium
2327 5404 2509 5472 rediit,
2542 5413 2634 5459 aut
2660 5405 2838 5476 potius
2872 5405 3206 5476 poenitentiae
3229 5404 3338 5458 lar-

1744 5513 1865 5551 vam
1896 5497 2045 5553 exuit
2067 5495 2370 5562 simulator,
2397 5511 2462 5551 eo
2493 5512 2707 5567 quoque
2728 5497 3336 5567 progressus,autanti-

1744 5607 1880 5663 papa
1918 5584 2103 5647 creato
2130 5588 2365 5645 schisma
2389 5590 2907 5659 perniciosissimum
2930 5588 3233 5653 suscitarit,
3265 5584 3335 5641 ad

1745 5682 2036 5738 multarum
2068 5681 2373 5735 animarum
2402 5682 2638 5747 ruinam,
2665 5682 2937 5753 totiusque
2960 5680 3171 5751 imperii
3204 5694 3335 5733 con-

1744 5773 2012 5831 fusionem
2034 5783 2356 5830 extremam.
2389 5772 2496 5831 Sed
2528 5775 2619 5843 qui
2648 5773 2884 5832 fidelium
2913 5774 3157 5830 omnium
3184 5786 3333 5828 com-
