3870 6304
591 317 690 373 851

1702 315 1764 373 s.
1804 312 2444 381 uucomseaeuarts
2471 282 2786 375 CLUNtAc;
3627 326 3691 385 sa

594 446 815 487 munem
837 430 1052 486 Patrem
1076 430 1142 486 de
1168 430 1321 486 Petri
1352 428 1480 485 sede
1503 438 1729 485 conatus
1757 439 1840 486 est
1862 433 2175 498 exturbare,
2206 436 2255 499 Α
2283 430 2534 488 eﬂ‘ectum
2564 439 2749 488 nostra
2778 429 3009 502 dirigere
3037 429 3275 503 dignetur
3292 448 3475 506 opera,»
3499 434 3563 495 illa
3581 444 3694 516 utique

592 525 707 594 ipse
729 540 757 576 a
801 523 1020 593 preprio
1052 522 1161 577 lilio
1191 522 1426 578 Henrico
1455 519 1524 578 Ν
1552 521 1801 601 dejectus
1836 524 1903 579 ab
1950 524 2181 595 imperio

588 620 673 666 est
724 628 866 666 anno
912 611 1073 668 1105.
1120 612 1272 667 Tune
1318 612 1530 667 consilii
1583 612 1760 683 inops,
1800 633 1818 667 ι
1856 613 2181 671 charissima

588 716 751 774 atque
787 704 1141 761 dilectissimo
1171 706 1318 761 Patri
1354 704 1584 776 llugoni,
1610 717 1666 762 et
1689 710 1955 765 universis
1977 712 2180 767 sanctis

587 795 845 850 fratribus
873 796 1248 853 Cluniacensis
1272 799 1530 863 emnobii,
1556 799 1766 855 dulcem
1788 802 1882 857 filii
1903 801 2178 871 allectum,

585 902 650 941 ac
698 888 950 943 devotum
1005 889 1215 956 fratris,
1251 893 1361 947 imo
1395 892 1539 947 servi
1586 894 1928 965 obsequium,
1959 916 1982 951 ι
2034 898 2178 956 defe-

587 996 735 1044 rens,
766 981 988 1050 scripsit
1023 983 1332 1052 epistolam,
1365 1000 1485 1054 qua:
1531 985 1585 1040 in
1606 988 1789 1056 {dictis
1817 989 2176 1067 Miscellaneis

582 1082 666 1126 est
717 1074 965 1141 decima,
1019 1075 1121 1132 hoc
1176 1078 1447 1134 exordio:
1514 1096 1533 1130 ι
1580 1079 1715 1147 Quia
1748 1089 1916 1135 tuam
1961 1097 2177 1153 semper

583 1162 840 1231 pietatem
871 1173 923 1218 et
967 1175 1255 1234 paternam
1287 1181 1413 1238 erga
1446 1184 1547 1224 nos
1574 1170 1995 1229 sollicitudinem
2021 1174 2177 1230 beni-

581 1267 686 1321 gne
713 1253 921 1322 experti
950 1270 1160 1323 sumus,
1192 1256 1265 1310 ita
1302 1267 1359 1312 ut
1389 1258 1455 1312 de
1483 1259 1667 1314 multis
1703 1275 1845 1331 smpe
1894 1262 2172 1333 periculis,

583 1345 695 1400 tuis
750 1347 956 1402 sanctis
1013 1349 1353 1405 orationibus
1409 1352 1695 1409 credamus
1748 1370 1848 1409 nos
1894 1354 2170 1422 liberatos,

581 1435 809 1503 idcirco,
833 1436 996 1492 Pater
1024 1439 1363 1506 charissime,
1380 1440 1448 1495 ad
1477 1450 1527 1496 te
1552 1451 1673 1512 post
1702 1442 1899 1512 Deum,
1928 1446 2086 1514 quasi
2104 1446 2173 1501 ad

578 1528 854 1598 singulare
880 1518 1146 1601 refugium
1180 1533 1524 1589 necessitatis
1558 1543 1779 1605 nostrae,
1806 1538 2169 1605 recurrimus;

578 1631 635 1674 et
655 1628 714 1675 ut
735 1620 879 1691 apud
901 1629 951 1677 te
976 1621 1167 1677 saltem
1217 1623 1560 1680 miseriarum
1584 1637 1892 1682 nostrarum
1917 1628 2171 1683 solatium

552 1711 941 1779 ‘inveniamus,
972 1713 1253 1770 humiliter
1282 1715 1659 1786 deprecamur.
1686 1717 1753 1772 Et
1775 1719 1982 1774 utinam
2010 1720 2170 1778 nobis

2283 516 2349 579 de
2372 521 2568 590 quibus
2601 523 2658 577 in
2682 522 2870 578 eadem
2894 523 3118 594 epistola
3142 523 3216 581 sic
3239 536 3341 581 erat
3361 529 3578 597 pollicitus.
3598 536 3695 607 (διιο-

2286 626 2393 670 ιιιιιι
2420 614 2651 671 facimus
2677 615 2960 672 serenitati
2985 626 3181 671 vestrae
3209 619 3336 687 quod
3375 635 3454 690 pro
3474 627 3696 693 reparatione

2280 698 2657 775 ecclesiarum,
2689 724 2811 780 qua:
2845 708 3049 764 nostris
3084 710 3408 779 temporibus,
3446 718 3594 772 nostris
3624 735 3697 788 pec-

2278 799 2439 866 catis,
2466 801 2569 855 heu
2596 801 2611 856 l
2639 809 2987 869 corruerunt,
3020 802 3263 857 omnibus
3291 804 3455 871 modis,
3482 818 3594 876 prout
3615 809 3697 869 Deus

2277 890 2424 946 vires
2453 890 2684 959 dederit,
2726 892 2979 948 volumus
3031 892 3289 959 laborare,
3318 905 3366 950 et
3394 898 3513 952 sanis
3550 904 3699 959 COﬂSllllS

2278 982 2520 1036 omnium
2549 984 2817 1039 bonorum
2852 984 3050 1039 amodo
3082 987 3424 1055 acquiescere,
3458 990 3494 1042 si
3515 1006 3590 1059 quo
3607 994 3697 1048 modo

2278 1062 2557 1130 valeamus
2580 1076 2822 1145 dispersa
2863 1076 3150 1146 colligere,
3186 1086 3239 1132 et
3280 1078 3456 1133 hiantia
3476 1096 3600 1136 cuneo
3618 1086 3699 1138 schi-

2276 1167 2465 1221 smatis
2524 1168 2741 1224 unionis
2807 1168 3012 1240 glutino
3061 1170 3367 1237 coadunare,
3415 1181 3541 1242 atque
3572 1176 3696 1229 minam

2279 1259 2553 1329 Eeclesiaa,
2580 1277 2701 1332 quae
2747 1278 2847 1334 per
2874 1278 2974 1318 nos
3005 1263 3149 1319 facta
3181 1272 3278 1334 est,
3326 1266 3455 1336 pacis
3493 1276 3533 1321 et
3566 1267 3699 1336 justiti:

2276 1349 2668 1408 instauratione
2700 1367 3137 1423 recompensare.
3184 1354 3426 1410 Prmterea
3457 1356 3698 1426 signiﬁcamus

2273 1444 2449 1513 vobis,
2476 1448 2621 1517 quod
2648 1446 2694 1501 si
2726 1446 2838 1501 Deo
2870 1447 3107 1523 propitio
3135 1463 3350 1519 regnum
3382 1458 3428 1504 et
3463 1452 3699 1506 sacerdotium

2274 1534 2329 1589 iu
2381 1551 2547 1590 unum
2600 1537 2919 1607 recolligere
2962 1540 3278 1608 poterimus,
3318 1549 3423 1609 post
3453 1542 3697 1595 conﬁrmatam

2272 1616 2459 1697 pacem
2488 1628 2570 1683 ire
2604 1627 2909 1685 Jerusalem
2936 1629 3290 1702 disponimus,
3316 1640 3365 1686 et
3389 1632 3536 1687 videre
3552 1643 3700 1687 sanctam

2277 1725 2475 1773 terram
2508 1720 2561 1774 in
2594 1735 2701 1790 quo
2734 1721 2997 1777 Dominus
3038 1730 3221 1777 noster
3254 1724 3302 1777 iu
3328 1739 3467 1778 carne
3489 1726 3650 1777 risum:
3672 1731 3700 1775 et

576 1803 917 1875 contingeret
961 1804 1155 1860 faciem
1185 1816 1330 1862 tuam
1361 1810 1659 1881 angelicam
1698 1813 2057 1882 corporaliter
2088 1816 2163 1879 vi-
2198 1780 2245 1839 Β
2271 1827 2389 1864 cunt
2420 1812 2719 1867 hominibus
2747 1823 3081 1868 conversatus
3108 1823 3182 1868 est
3208 1813 3417 1883 (Βαναεὴ
3455 1831 3522 1879 ut,
3542 1815 3700 1884 38),ipso

573 1894 722 1960 dere,
755 1905 814 1952 ut
839 1897 949 1953 tuis
968 1898 1124 1956 allusi
1149 1903 1393 1972 genibus,
1424 1914 1586 1976 eaput
1612 1896 1879 1973 nostrum,
1910 1910 2054 1978 quod
2100 1909 2166 1965 de

575 1990 725 2047 fonte
764 1993 990 2050 salutari
1033 1997 1349 2068 suscepisti,
1388 2000 1442 2054 in
1474 2001 1653 2056 sinum
1703 2001 2011 2059 sanctitatis
2062 2013 2167 2060 tua:

576 2084 920 2142 familiariter
946 2104 1235 2158 possumus
1258 2091 1550 2159 reclinare,
1589 2094 1771 2164 ibique
1799 2106 2026 2165 peccata
2065 2112 2165 2151 no-

573 2183 688 2229 stra
719 2174 987 2244 deﬂendo,
1040 2179 1445 2237 multitudinem
1495 2183 1903 2239 tribulationum
1952 2194 2165 2240 nostra-

574 2280 696 2319 rum
728 2280 825 2336 per
866 2268 1114 2324 ordinem
1163 2274 1457 2331 enarrare!
1500 2291 1519 2326 ι
1556 2273 1611 2328 ld
1647 2289 1778 2329 vero
1807 2290 1929 2329 cum
1962 2274 2016 2329 in
2062 2276 2165 2331 hac

574 2357 800 2426 epistola
827 2358 1021 2416 diﬂ‘use
1042 2359 1572 2435 lamentabiliterque
1592 2365 1827 2430 fecisset,
1846 2368 2061 2423 tandem
2086 2369 2165 2425 sic

572 2447 846 2519 concludit
873 2468 891 2504 :
930 2468 951 2505 ι
991 2450 1097 2508 Sed
1133 2453 1250 2522 jam
1290 2464 1502 2526 tempus
1533 2467 1620 2513 est
1658 2468 1769 2515 tam
1800 2460 1969 2531 longae
1997 2462 2165 2517 mise-

571 2538 783 2595 riarum
811 2550 1119 2601 nostrartun
1152 2548 1433 2616 tragmdire
1458 2549 1623 2604 linem
1660 2551 1961 2619 imponere,
1995 2569 2161 2623 quam

570 2629 777 2689 idcirco
808 2642 933 2701 tuae,
962 2634 1124 2691 Pater
1152 2638 1551 2707 amantissime,
1604 2642 1796 2712 pietati
1824 2642 2022 2701 deﬂere
2063 2660 2161 2698 cu-

567 2722 832 2791 ravimus,
863 2726 989 2797 quia
1020 2727 1075 2782 in
1125 2729 1234 2785 Deo
1261 2740 1316 2787 et
1348 2732 1404 2787 in
1437 2741 1490 2787 te
1543 2748 1738 2804 magna
1783 2742 1839 2789 et
1869 2735 2162 2808 singularis

566 2826 800 2883 spesest
826 2817 984 2874 nobis
1010 2820 1225 2876 consilii
1268 2831 1323 2877 et
1359 2822 1549 2878 auxilii
1589 2824 1783 2899 salutis
1807 2835 1862 2880 et
1892 2826 2161 2884 libertatis

565 2915 785 2963 nostrae.
825 2908 977 2965 Unde
1000 2919 1117 2966 toto
1133 2910 1416 2975 aﬂectuket
1445 2906 1716 2973 desiderio
1758 2917 1955 2983 animi,
1986 2926 2159 2972 totum

563 2996 853 3052 consilium
883 3008 1131 3056 nostrum
1168 3010 1275 3057 tua:
1310 3002 1434 3059 fidei
1462 3006 1882 3076 committimus,
1916 3015 1972 3061 et
1999 3008 2160 3077 quid-

565 3086 699 3155 quid
758 3088 824 3143 de
879 3098 1067 3145 nostra
1127 3107 1254 3147 cum
1317 3080 1619 3163 apestolicu
1695 3098 2155 3167 reconciliatione,

562 3179 827 3250 quidquid
862 3182 929 3238 de.
963 3198 1097 3254 pace
1139 3192 1194 3240 et
1240 3186 1448 3242 unitate
1489 3198 1694 3243 sanetae
1742 3187 2000 3246 Romanae
2052 3189 2154 3247 Ec—

562 3272 773 3342 clesiae,
798 3276 946 3332 salvo
978 3279 1184 3335 honore
1211 3270 1419 3347 nostro,
1453 3281 1764 3340 faciendum
1794 3299 1914 3342 esse
1960 3285 2154 3344 dcere-

492 3402 497 3405 ι
560 3364 734 3431 veris,
765 3376 937 3423 totum
986 3384 1085 3426 nos
1132 3372 1375 3431 facturos
1418 3373 1539 3429 sine
1574 3375 1738 3431 dubio
1788 3376 1898 3435 Deo
1951 3378 2153 3448 tibique

558 3455 946 3529 promittimus.
971 3460 1189 3518 Festina
1231 3479 1387 3537 ergo,
1427 3465 1590 3524 Pater
1616 3467 1965 3537 charissime,
1993 3469 2151 3526 nobis

554 3549 866 3617 consulere,
892 3569 992 3609 nec
1018 3562 1072 3610 te
1097 3557 1379 3626 patuiteat,
1410 3573 1746 3631 quaesumus,
1773 3560 1875 3615 etsi
1905 3575 2009 3614 non
2051 3576 2151 3635 pro

555 3640 657 3698 ﬁlii
692 3642 1178 3718 liberatione,quia
1205 3649 1552 3719 peccavimus
1578 3650 1630 3705 in
1659 3651 1855 3706 crelum
1879 3661 1934 3707 et
1961 3644 2149 3709 coram

554 3741 611 3792 te
642 3730 796 3804 (Luc.
824 3750 916 3801 xv,
943 3735 1058 3808 11),
1087 3737 1278 3795 saltem
1325 3753 1426 3814 pro
1477 3741 1804 3798 mercenarii
1846 3741 1924 3799 tui
1972 3741 2148 3803 Salute

552 3824 829 3883 laborare.
877 3847 899 3882 ι
1698 3908 1699 3911 η
1910 3894 1911 3897 η

476 3938 479 3939 ⁷
562 3962 567 3963 κ
627 3921 683 3977 8.
721 3919 883 3977 Hisce
910 3936 1008 3991 per
1030 3924 1328 3980 monachos
1353 3920 1739 3983 Cluniacenses
1768 3924 1992 3982 directis
2037 3943 2144 3984 non

553 4018 869 4081 contentus,
896 4028 1085 4069 rursus
1114 4014 1274 4083 alias,
1310 4016 1513 4072 ibidem
1542 4017 1938 4087 subsequenter
1965 4018 2148 4089 legen-

549 4101 673 4168 das,
702 4102 909 4159 addidit
936 4119 1033 4175 per
1057 4104 1192 4162 alios
1217 4109 1455 4175 nuntios,
1492 4127 1515 4165 ι
1550 4109 1835 4179 quidquid,
1868 4109 1998 4167 licet
2018 4126 2148 4183 pec-

548 4204 704 4251 cator
734 4204 915 4251 tamen
947 4198 1247 4268 spiritualis
1282 4199 1456 4266 filius,
1502 4200 1756 4257 devotius
1804 4211 1859 4257 et
1889 4203 2145 4259 humilius

550 4294 801 4355 poterat,
832 4302 933 4342 suo
979 4289 1486 4346 desiderantissime
1530 4301 1589 4347 et
1631 4293 1833 4349 dileeto
1871 4293 2020 4350 Patri
2052 4309 2144 4364 ap-

546 4391 785 4447 precans
801 4379 1023 4448 ;quibus
1039 4395 1253 4435 rursum
1275 4382 1391 4449 ejus
1411 4384 1756 4454 paternitatis
1776 4387 2140 4456 sanctitatem,

547 4468 701 4525 velut
727 4468 1071 4540 publicanus,
1100 4480 1449 4540 peccatorum
1475 4487 1697 4528 suorum
1733 4475 2021 4546 refugium,
2065 4487 2137 4545 et,

544 4570 607 4617 ut
627 4552 945 4632 naufragus,
974 4561 1168 4618 salutis
1188 4571 1424 4635 portum,
1452 4564 1950 4622 desiderantissima
1972 4569 2142 4631 devo-

543 4654 696 4711 tione
723 4655 1044 4726 deposceret
1095 4664 1151 4711 et
1205 4654 1264 4709 in
1320 4655 1464 4712 illius
1516 4657 1743 4713 consilio
1802 4659 2139 4733 aliorumque

541 4746 923 4818 religiosorum
956 4748 1221 4815 virorum,
1245 4764 1385 4819 quos
1407 4749 1474 4805 ad
1510 4750 1613 4805 hoc
1651 4751 1854 4808 habere
1887 4754 2069 4819 vellet,
2111 4776 2131 4810 ι

541 4849 716 4896 totam
751 4856 974 4897 causam
1004 4856 1064 4897 se
1099 4856 1301 4913 ponere
1330 4842 1682 4913 profiteretur
1712 4844 1951 4903 facturus
1992 4850 2136 4918 quod

541 4931 632 4988 ille
654 4932 1006 5004 disposuerit.
1027 4934 1273 5005 Denique
1295 4935 1471 4989 tertiis
1499 4933 1716 5001 litteris,
1741 4940 1927 4994 testari
1951 4943 2136 4999 volens

540 5031 691 5087 spem
738 5021 1130 5077 misericordiae
1185 5021 1381 5077 divinm
1429 5024 1826 5093 consequendaa
1882 5029 2134 5098 exemplo

538 5110 721 5180 populi
749 5110 1060 5180 lsraelitici,
1112 5132 1132 5168 ι
1174 5113 1266 5185 qui
1293 5128 1526 5184 peccans
1555 5130 1585 5168 a
1617 5116 1847 5172 Domino
1874 5120 2133 5187 punieba-

543 5211 653 5269 tur,
686 5207 961 5274 pcenitens
1003 5206 1196 5277 dignus
1251 5207 1412 5262 venia
1461 5206 1836 5277 judicabatur,
1882 5210 1976 5265 diu
2025 5221 2128 5279 est,

538 5293 738 5365 inquit,
761 5297 905 5366 quod
936 5288 1211 5353 infirmum
1238 5308 1502 5366 vestrum,
1537 5301 1679 5356 sicut
1707 5301 1987 5367 solebatis,
2019 5321 2127 5360 non

543 5386 835 5454 visitastis,
870 5398 927 5443 et
956 5390 1099 5460 quod
1123 5391 1566 5447 adhortationum
1607 5401 1664 5448 et
1689 5395 2127 5452 consolationum

536 5478 801 5535 fomentis
824 5480 1118 5537 contritum
1148 5494 1391 5540 vestrum
1438 5498 1545 5539 non
1574 5487 1831 5542 curastis.
1868 5506 1889 5541 ι
1933 5487 2125 5545 Postea

534 5586 688 5639 vero,
715 5587 814 5645 per
834 5588 1027 5644 preces
1055 5576 1224 5645 ipsius
1244 5586 1406 5647 atque
1427 5576 1863 5635 Cluniacensium
1894 5579 2123 5637 fratrum

536 5666 909 5721 commendari
943 5665 1054 5721 Deo
1083 5675 1255 5734 Optat,
1295 5686 1314 5718 ι
1356 5675 1416 5720 ut
1445 5669 1537 5736 qui
1582 5686 1706 5736 nos,
1743 5672 1939 5742 inquit,
1971 5675 2124 5731 bona:

538 5755 837 5816 voluntatis
890 5757 1156 5827 praevenit
1203 5756 1615 5823 misericordia,
1666 5764 1730 5815 ad
1788 5762 2120 5824 fructuosum

2169 4515 2220 4575 Ι)

2268 1904 2505 1974 propitio
2532 1904 2688 1959 valde
2718 1904 3115 1971 desideramus,
3152 1914 3208 1959 ιιι
3259 1904 3323 1959 ibi
3369 1905 3605 1973 expressius
3631 1919 3699 1957 eum

2270 1992 2575 2059 adoremus,
2606 1994 2699 2050 ubi
2721 2010 2845 2050 eum
2877 1995 3084 2065 alapas,
3117 2004 3293 2066 sputa,
3323 1994 3517 2065 ﬂagella,
3555 2008 3701 2054 cru-xm,

2266 2094 2525 2154 mortem,
2570 2084 2905 2155 sepulturam
2939 2098 3161 2156 passum
3192 2101 3307 2141 esse
3348 2102 3432 2156 pro
3454 2085 3570 2140 nobis
3588 2100 3701 2151 cogno-

2266 2174 2462 2231 vimus.
2503 2194 2522 2227 ι
2557 2174 2683 2232 Haec
2703 2176 2817 2242 ille,
2841 2190 2988 2246 qua,
3014 2184 3074 2230 ut
3106 2184 3254 2231 notat
3276 2176 3517 2238 Baronius,
3542 2175 3702 2241 taliaque

2266 2272 2487 2337 possent
2514 2264 2749 2321 hominis
2773 2267 3011 2321 maxime
3048 2266 3123 2337 pii
3152 2267 3377 2321 animum
3417 2266 3701 2328 insinuare,scd

2266 2354 2408 2425 quod
2455 2355 2531 2410 sic
2557 2368 2907 2426 comparatus
2948 2345 3120 2425 eeset,
3174 2367 3232 2413 ut
3273 2373 3384 2412 cum
3423 2357 3703 2426 deprimerent,

2267 2453 2396 2500 tunc
2450 2446 2675 2502 subdole
2728 2448 2795 2502 ad
2849 2448 3151 2505 fallendum
3210 2448 3307 2507 sibi
3365 2448 3532 2505 larvam
3574 2447 3703 2516 pictatis

2268 2536 2578 2603 induceret.
2627 2554 2791 2609 quam
2842 2556 2969 2600 mox
3024 2544 3336 2617 deponeret,
3375 2556 3478 2597 cum
3503 2540 3604 2610 quod
3623 2544 3704 2591 esset

2266 2636 2495 2685 conatus
2542 2628 2798 2685 effecerat
2828 2669 2844 2697 ,
2891 2630 3020 2699 jure
3073 2634 3367 2705 meritoque
3408 2647 3487 2687 eos
3528 2644 3621 2700 quos
3652 2642 3705 2695 θίν’

2265 2715 2480 2787 pellavit
2546 2728 2807 2789 patronos
2852 2732 3072 2778 sanctos
3107 2763 3127 2790 ,
3177 2732 3259 2778 est
3306 2730 3523 2793 expertus
3554 2718 3703 2782 ultores,

2264 2818 2442 2885 morte
2488 2811 2765 2883 repentina
2797 2813 3056 2871 multatus
3087 2830 3233 2870 anno
3268 2812 3412 2884 1106¹
3450 2828 3494 2868 tv
3531 2811 3617 2865 ldus
3644 2808 3705 2862 Au-

2262 2897 2424 2972 gusti.
2457 2916 2478 2949 ι
2576 2958 2579 2961 γ

2336 2988 2389 3053 9-
2431 2990 2702 3047 Credibile
2730 3002 2812 3049 est
2837 2992 3069 3067 Philippi
3095 2996 3119 3052 Ι
3150 2982 3380 3052 Francia:
3407 2995 3524 3067 regis
3541 2990 3705 3064 penitetr

2268 3079 2399 3139 tiam
2456 3076 2811 3141 sinceriorem
2867 3086 3066 3156 fuisse;
3126 3090 3215 3161 qui
3271 3090 3334 3145 ab
3385 3090 3551 3142 incesto
3591 3084 3705 3135 decem

2262 3186 2525 3228 annorum
2556 3175 2805 3247 pellicatu
2842 3180 3058 3235 tandem
3098 3180 3336 3235 Parisius
3379 3178 3598 3234 absolutus
3621 3186 3707 3226 anno

2258 3262 2421 3330 1104.
2450 3281 2561 3321 non
2583 3278 2728 3324 metu
2760 3272 2967 3325 terreni
2994 3272 3211 3342 imperii
3259 3270 3524 3333 amittendi,
3547 3266 3613 3322 sed
3638 3276 3704 3318 εω-

2254 3358 2409 3418 lestis
2461 3365 2667 3420 certius
2714 3368 3083 3438 consequendi
3132 3369 3409 3433 desiderio,
3442 3384 3460 3419 ι
3496 3364 3548 3419 ad
3581 3364 3647 3417 hoc
3674 3370 3707 3410 se

2252 3469 2363 3508 non
2391 3454 2715 3525 dedignatus
2740 3467 2822 3514 est
2854 3460 3149 3536 inclinare,
3176 3472 3235 3517 ut
3267 3462 3399 3532 quod
3429 3464 3561 3513 restat
3581 3462 3707 3518 tciiipo-

2253 3546 2330 3604 ris
2360 3547 2663 3615 uobiscum,
2695 3568 2721 3605 ι
2765 3549 2942 3621 inquit
2993 3551 3050 3606 S.
3109 3553 3263 3625 [lngo
3309 3551 3479 3623 (eidem
3508 3542 3709 3602 rescribe!”

2252 3636 2478 3706 cpistola
2507 3635 2599 3705 18,
2624 3638 2677 3693 ἱιι
2708 3642 3006 3714 praecitatis
3040 3641 3414 3714 Miseellaneis)
3448 3658 3465 3694 ι
3503 3635 3705 3693 unanimem

2252 3742 2315 3783 ac
2369 3732 2701 3786 concordem
2742 3733 2927 3789 vivere
2958 3734 3098 3790 velle
3128 3735 3410 3805 fatereturf.
3434 3773 3448 3788 .
3470 3769 3523 3794 ..
3550 3727 3597 3782 Ει
3628 3737 3709 3792 ιιυο·

2250 3821 2418 3888 niam,
2447 3825 2624 3895 pergit
2648 3825 2787 3881 idem
2821 3825 3002 3901 Hugo,
3028 3828 3174 3885 Deus
3209 3828 3417 3898 januam
3454 3821 3575 3878 nobis
3599 3812 3707 3870 dulcis

2249 3910 2663 3981 familiaritatis,
2689 3917 2756 3971 ad
2788 3932 2884 3973 vos
2914 3919 2980 3973 de
3022 3934 3085 3974 se
3131 3918 3502 3991 alloquendum,
3540 3904 3706 3982 aperuit;

2248 4020 2393 4060 nunc
2416 4008 2568 4062 vobis
2598 4009 2832 4079 primum
2868 4008 3177 4082 aperimus,
3229 4011 3366 4086 quod
3407 4011 3465 4065 de
3501 4004 3613 4061 vobis
3642 4013 3707 4053 non

2247 4109 2390 4150 nunc
2414 4095 2647 4162 primum
2671 4099 2910 4169 00gitare
2939 4102 3209 4171 coepimus
3240 4110 3294 4156 et
3336 4108 3519 4170 Optare.
3553 4100 3596 4147 υι
3630 4100 3707 4159 Ρῖ⁰’

2245 4185 2554 4253 pensiorcm
2585 4186 2837 4244 allectum
2865 4199 2921 4245 et
2945 4191 3307 4247 intentionem
3341 4188 3557 4258 majorem
3584 4176 3706 4234 amodo

2244 4274 2495 4334 habeatis
2529 4279 2596 4334 ad
2636 4281 2859 4336 bonum.
2908 4282 2989 4336 Ad
3019 4298 3238 4351 verum,
3294 4282 3424 4346 dico,
3471 4278 3634 4335 bonum,
3666 4263 3706 4319 ad

2245 4385 2517 4425 summum
2546 4372 2772 4440 bonum,
2798 4366 2943 4443 quod
2965 4374 3109 4430 Deus
3131 4385 3234 4431 est.
3252 4373 3294 4430 Ο
3309 4384 3479 4443 magne
3498 4365 3637 4423 amice.

2246 4465 2486 4541 cordami
2494 4465 2545 4519 ni
2563 4466 2686 4535 quia
2702 4482 2788 4520 me
2812 4467 3107 4536 aliquando
3121 4464 3557 4538 interrogastis,au
3568 4456 3703 4546 aliquit.

2246 4538 2483 4625 unquam
2514 4553 2581 4610 de
2603 4555 2822 4627 regibus
2847 4556 3027 4612 factus
3067 4567 3153 4613 est
3190 4556 3485 4613 monachus.
3507 4538 3703 4614 Respondi.

2241 4653 2428 4708 etiam.
2458 4652 2565 4708 Sed
2596 4653 2697 4709 etsi
2729 4654 2796 4709 de
2821 4644 2968 4710 nullo
2992 4654 3100 4710 alio
3131 4656 3267 4712 certi
3291 4662 3523 4710 essemus,
3546 4631 3704 4699 soliusS.

2241 4744 2571 4801 Guntramni
2607 4743 2944 4803 Francorum
2982 4749 3128 4820 regis
3180 4745 3468 4817 exemplum
3509 4734 3703 4826 sollicitati.

2238 4838 2353 4907 qui,
2380 4837 2581 4892 relictis
2596 4839 2776 4894 swculi
2804 4839 3016 4911 pompis
3036 4850 3093 4895 et
3109 4838 3432 4893 vanitatibus
3443 4842 3489 4889 ei
3510 4824 3702 4885 illecebris,

2237 4929 2414 4984 factus
2462 4938 2546 4984 est
2589 4934 2888 4987 monachus
2919 4972 2934 4987 .
2969 4971 2985 4987 .
3026 4974 3041 4989 .
3082 4972 3099 4987 .
3168 4932 3378 4986 Moveat
3417 4927 3550 4983 etiam
3572 4932 3639 4973 vos
3668 4923 3704 4961 π

2236 5030 2543 5093 perterreat
2603 5024 3090 5095 contemporalium
3143 5026 3524 5089 vicinarumque
3568 5018 3705 5065 mm“

2237 5128 2382 5178 rum,
2409 5112 2667 5169 Willeltni
2695 5116 2817 5169 dico
2840 5115 3137 5187 Anglorum
3165 5114 3305 5185 regis
3325 5122 3375 5167 et
3403 5104 3580 5199 Henrici
3599 5101 3705 5199 untr-

2235 5202 2459 5273 ratoris,
2484 5206 2847 5263 lamentabilis
2877 5222 3035 5262 casus
3056 5205 3480 5279 plattgeitdusque
3506 5198 3701 5291 interitus;

2232 5316 2463 5371 quorum
2485 5302 2623 5357 alter
2645 5304 2807 5358 unius
2831 5304 3041 5375 sagittae
3066 5304 3177 5358 ictu
3194 5346 3207 5369 ,
3240 5318 3341 5357 non
3363 5301 3412 5356 in
3438 5295 3571 5359 bello,
3589 5287 3652 5343 sed
3672 5287 3702 5332 in

2230 5393 2422 5462 bosco,
2448 5376 2727 5449 momento
2745 5395 3003 5465 temporis
3033 5395 3273 5461 interiit;
3298 5392 3424 5448 alter
3445 5390 3557 5443 inter
3576 5379 3703 5435 unum

2230 5500 2466 5556 angores
2503 5500 2809 5557 gravesque
2838 5500 3134 5550 atrumnas,
3162 5500 3300 5555 quas
3327 5468 3702 5567 diu'sustiimenl.

2229 5593 2421 5647 nuper,
2454 5579 2594 5633 sicut
2632 5593 2726 5633 vos
2753 5577 3023 5632 audivisse
3045 5575 3159 5644 jam
3187 5576 3464 5655 credimus,
3501 5561 3696 5661 defecit-lt

2228 5654 2360 5738 Quze
2382 5672 2657 5726 credimus
2688 5672 2803 5740 ipso
2831 5685 2938 5739 quo
2970 5668 3237 5752 llcnricus
3259 5668 3385 5723 obiit
3410 5654 3700 5752 annosct‘iplii'

2233 5764 2347 5821 Rex
2407 5776 2586 5823 autem
2646 5745 2979 5822 Willelmus'
3014 5763 3115 5831 (uti
3158 5762 3223 5818 21
3275 5758 3457 5830 Aprilis
3494 5751 3547 5809 ad
3584 5742 3700 5798 “13“
