  <div class='ocr_page' id='page_1' title='image "/cluster/home/n/w/nwhite01/storage/ocr_20150623/159/hvd.32044024236648/434.png"; bbox 0 0 3870 6304; ppageno 0'>
   <div class='ocr_carea' id='block_1_1' title="bbox 114 343 209 401">
    <p class='ocr_par' dir='ltr' id='par_1_1' title="bbox 114 343 209 401">
     <span class='ocr_line' id='line_1_1' title="bbox 114 343 209 401; baseline 0 0"><span class='ocrx_word' id='word_1_1' title='bbox 114 343 209 401; x_wconf 64' lang='grc' dir='ltr'><strong>ἱξξό</strong></span> 
     </span>
    </p>
   </div>
   <div class='ocr_carea' id='block_1_2' title="bbox 1238 321 2286 385">
    <p class='ocr_par' dir='ltr' id='par_1_2' title="bbox 1238 321 2286 385">
     <span class='ocr_line' id='line_1_2' title="bbox 1238 321 2286 385; baseline -0.006 -1"><span class='ocrx_word' id='word_1_2' title='bbox 1238 328 1415 385; x_wconf 77' lang='lat' dir='ltr'><strong>Yl&#39;iA.</strong></span> <span class='ocrx_word' id='word_1_3' title='bbox 1457 358 1524 366; x_wconf 92' lang='lat'><strong>——</strong></span> <span class='ocrx_word' id='word_1_4' title='bbox 1551 321 2009 383; x_wconf 71' lang='lat' dir='ltr'><strong>COMMENTAR.</strong></span> <span class='ocrx_word' id='word_1_5' title='bbox 2055 322 2286 380; x_wconf 66' lang='lat' dir='ltr'><strong>PBJEY.</strong></span> 
     </span>
    </p>
   </div>
   <div class='ocr_carea' id='block_1_3' title="bbox 3278 322 3391 381">
    <p class='ocr_par' dir='ltr' id='par_1_3' title="bbox 3278 322 3391 381">
     <span class='ocr_line' id='line_1_3' title="bbox 3278 322 3391 381; baseline 0 0"><span class='ocrx_word' id='word_1_6' title='bbox 3278 322 3391 381; x_wconf 60' lang='grc' dir='ltr'><strong>δεδι</strong></span> 
     </span>
    </p>
   </div>
   <div class='ocr_carea' id='block_1_4' title="bbox 114 416 3387 524">
    <p class='ocr_par' dir='ltr' id='par_1_4' title="bbox 114 416 3387 524">
     <span class='ocr_line' id='line_1_4' title="bbox 114 416 3387 524; baseline -0.007 -10"><span class='ocrx_word' id='word_1_7' title='bbox 114 462 169 516; x_wconf 86' lang='lat' dir='ltr'><strong>S.</strong></span> <span class='ocrx_word' id='word_1_8' title='bbox 197 416 683 524; x_wconf 29' lang='lat' dir='ltr'><strong>Anselmi&#39;plenius</strong></span> <span class='ocrx_word' id='word_1_9' title='bbox 716 446 1042 506; x_wconf 71' lang='lat' dir='ltr'><strong>describitur</strong></span> <span class='ocrx_word' id='word_1_10' title='bbox 1071 444 1122 500; x_wconf 92' lang='lat' dir='ltr'><strong>in</strong></span> <span class='ocrx_word' id='word_1_11' title='bbox 1151 442 1387 499; x_wconf 74' lang='lat' dir='ltr'><strong>Historia</strong></span> <span class='ocrx_word' id='word_1_12' title='bbox 1436 438 1686 496; x_wconf 83' lang='lat' dir='ltr'><strong>Eadmeri</strong></span> <span class='ocrx_word' id='word_1_13' title='bbox 1719 437 1765 495; x_wconf 77' lang='grc' dir='ltr'>Α</span> <span class='ocrx_word' id='word_1_14' title='bbox 1862 439 1948 494; x_wconf 83' lang='lat' dir='ltr'><strong>ll.</strong></span> <span class='ocrx_word' id='word_1_15' title='bbox 1989 437 2162 493; x_wconf 88' lang='lat' dir='ltr'><strong>Tanto</strong></span> <span class='ocrx_word' id='word_1_16' title='bbox 2206 433 2420 492; x_wconf 83' lang='lat' dir='ltr'><strong>affectui</strong></span> <span class='ocrx_word' id='word_1_17' title='bbox 2482 449 2725 505; x_wconf 89' lang='lat' dir='ltr'><strong>eumque</strong></span> <span class='ocrx_word' id='word_1_18' title='bbox 2775 435 2978 491; x_wconf 88' lang='lat' dir='ltr'><strong>secutis</strong></span> <span class='ocrx_word' id='word_1_19' title='bbox 3025 434 3271 506; x_wconf 80' lang='lat' dir='ltr'><strong>pluribus</strong></span> <span class='ocrx_word' id='word_1_20' title='bbox 3318 452 3387 492; x_wconf 88' lang='lat' dir='ltr'><strong>ac</strong></span> 
     </span>
    </p>
   </div>
   <div class='ocr_carea' id='block_1_5' title="bbox 113 530 1691 612">
    <p class='ocr_par' dir='ltr' id='par_1_5' title="bbox 113 530 1691 612">
     <span class='ocr_line' id='line_1_5' title="bbox 113 530 1691 612; baseline -0.012 -8"><span class='ocrx_word' id='word_1_21' title='bbox 113 550 198 604; x_wconf 78' lang='lat' dir='ltr'><strong>lib.</strong></span> <span class='ocrx_word' id='word_1_22' title='bbox 226 562 287 612; x_wconf 79' lang='grc' dir='ltr'><strong>ιι,</strong></span> <span class='ocrx_word' id='word_1_23' title='bbox 325 559 476 599; x_wconf 82' lang='lat' dir='ltr'><strong>num.</strong></span> <span class='ocrx_word' id='word_1_24' title='bbox 499 541 591 611; x_wconf 68' lang='lat'><strong>43)</strong></span> <span class='ocrx_word' id='word_1_25' title='bbox 614 538 827 595; x_wconf 88' lang='lat' dir='ltr'><strong>obierat</strong></span> <span class='ocrx_word' id='word_1_26' title='bbox 865 551 1008 592; x_wconf 90' lang='lat' dir='ltr'><strong>anno</strong></span> <span class='ocrx_word' id='word_1_27' title='bbox 1032 534 1192 601; x_wconf 82' lang='grc'>1100,</span> <span class='ocrx_word' id='word_1_28' title='bbox 1223 547 1411 588; x_wconf 86' lang='lat' dir='ltr'><strong>mense</strong></span> <span class='ocrx_word' id='word_1_29' title='bbox 1437 530 1691 588; x_wconf 81' lang='lat' dir='ltr'><strong>Octobri.</strong></span> 
     </span>
    </p>
   </div>
   <div class='ocr_carea' id='block_1_6' title="bbox 113 622 1683 696">
    <p class='ocr_par' dir='ltr' id='par_1_6' title="bbox 113 622 1683 696">
     <span class='ocr_line' id='line_1_6' title="bbox 113 622 1683 696; baseline -0.013 0"><span class='ocrx_word' id='word_1_30' title='bbox 113 641 183 696; x_wconf 87' lang='lat' dir='ltr'><strong>De</strong></span> <span class='ocrx_word' id='word_1_31' title='bbox 209 646 448 692; x_wconf 79' lang='lat' dir='ltr'><strong>extrema</strong></span> <span class='ocrx_word' id='word_1_32' title='bbox 487 632 548 689; x_wconf 91' lang='lat' dir='ltr'><strong>S.</strong></span> <span class='ocrx_word' id='word_1_33' title='bbox 585 629 908 687; x_wconf 88' lang='lat' dir='ltr'><strong>Guntranmi</strong></span> <span class='ocrx_word' id='word_1_34' title='bbox 932 636 1092 684; x_wconf 60' lang='lat' dir='ltr'><strong>atate</strong></span> <span class='ocrx_word' id='word_1_35' title='bbox 1122 639 1295 696; x_wconf 88' lang='lat' dir='ltr'><strong>pauca</strong></span> <span class='ocrx_word' id='word_1_36' title='bbox 1344 622 1589 695; x_wconf 64' lang='lat' dir='ltr'><strong>quaedam</strong></span> <span class='ocrx_word' id='word_1_37' title='bbox 1618 635 1683 676; x_wconf 81' lang='lat' dir='ltr'><strong>ex</strong></span> 
     </span>
    </p>
   </div>
   <div class='ocr_carea' id='block_1_7' title="bbox 111 714 1685 800">
    <p class='ocr_par' dir='ltr' id='par_1_7' title="bbox 111 714 1685 800">
     <span class='ocr_line' id='line_1_7' title="bbox 111 714 1685 800; baseline -0.01 -14"><span class='ocrx_word' id='word_1_38' title='bbox 111 726 420 800; x_wconf 82' lang='lat' dir='ltr'><strong>Fredegario</strong></span> <span class='ocrx_word' id='word_1_39' title='bbox 450 725 734 790; x_wconf 82' lang='lat' dir='ltr'><strong>habemus,</strong></span> <span class='ocrx_word' id='word_1_40' title='bbox 760 722 968 794; x_wconf 88' lang='lat' dir='ltr'><strong>prolata</strong></span> <span class='ocrx_word' id='word_1_41' title='bbox 996 721 1065 776; x_wconf 94' lang='lat' dir='ltr'><strong>ad</strong></span> <span class='ocrx_word' id='word_1_42' title='bbox 1091 719 1161 774; x_wconf 68' lang='lat'><strong>28</strong></span> <span class='ocrx_word' id='word_1_43' title='bbox 1190 717 1392 783; x_wconf 86' lang='lat' dir='ltr'><strong>Martii,</strong></span> <span class='ocrx_word' id='word_1_44' title='bbox 1413 717 1465 791; x_wconf 89' lang='lat' dir='ltr'><strong>in</strong></span> <span class='ocrx_word' id='word_1_45' title='bbox 1488 714 1685 787; x_wconf 91' lang='lat' dir='ltr'><strong>quibus</strong></span> 
     </span>
    </p>
   </div>
   <div class='ocr_carea' id='block_1_8' title="bbox 111 802 1689 879">
    <p class='ocr_par' dir='ltr' id='par_1_8' title="bbox 111 802 1689 879">
     <span class='ocr_line' id='line_1_8' title="bbox 111 802 1689 879; baseline -0.012 0"><span class='ocrx_word' id='word_1_46' title='bbox 111 822 229 879; x_wconf 84' lang='lat' dir='ltr'><strong>licet</strong></span> <span class='ocrx_word' id='word_1_47' title='bbox 254 818 393 874; x_wconf 86' lang='lat' dir='ltr'><strong>nulla</strong></span> <span class='ocrx_word' id='word_1_48' title='bbox 422 816 495 872; x_wconf 90' lang='lat' dir='ltr'><strong>sit</strong></span> <span class='ocrx_word' id='word_1_49' title='bbox 524 802 727 871; x_wconf 90' lang='lat' dir='ltr'><strong>mentio</strong></span> <span class='ocrx_word' id='word_1_50' title='bbox 754 813 1131 878; x_wconf 91' lang='lat' dir='ltr'><strong>monachatus,</strong></span> <span class='ocrx_word' id='word_1_51' title='bbox 1160 810 1296 866; x_wconf 91' lang='lat' dir='ltr'><strong>satis</strong></span> <span class='ocrx_word' id='word_1_52' title='bbox 1326 817 1505 863; x_wconf 89' lang='lat' dir='ltr'><strong>tamen</strong></span> <span class='ocrx_word' id='word_1_53' title='bbox 1532 821 1689 861; x_wconf 87' lang='lat' dir='ltr'><strong>vero-</strong></span> 
     </span>
    </p>
   </div>
   <div class='ocr_carea' id='block_1_9' title="bbox 111 896 1685 978">
    <p class='ocr_par' dir='ltr' id='par_1_9' title="bbox 111 896 1685 978">
     <span class='ocr_line' id='line_1_9' title="bbox 111 896 1685 978; baseline -0.011 -8"><span class='ocrx_word' id='word_1_54' title='bbox 111 912 277 970; x_wconf 86' lang='lat' dir='ltr'><strong>simile</strong></span> <span class='ocrx_word' id='word_1_55' title='bbox 322 910 469 978; x_wconf 71' lang='lat' dir='ltr'><strong>esse}</strong></span> <span class='ocrx_word' id='word_1_56' title='bbox 494 906 789 972; x_wconf 89' lang='lat' dir='ltr'><strong>credimus,</strong></span> <span class='ocrx_word' id='word_1_57' title='bbox 837 905 983 975; x_wconf 91' lang='lat' dir='ltr'><strong>quod</strong></span> <span class='ocrx_word' id='word_1_58' title='bbox 1039 904 1086 959; x_wconf 88' lang='lat' dir='ltr'><strong>si</strong></span> <span class='ocrx_word' id='word_1_59' title='bbox 1138 902 1193 957; x_wconf 89' lang='lat' dir='ltr'><strong>in</strong></span> <span class='ocrx_word' id='word_1_60' title='bbox 1243 899 1585 957; x_wconf 91' lang='lat' dir='ltr'><strong>monasterio</strong></span> <span class='ocrx_word' id='word_1_61' title='bbox 1626 896 1685 953; x_wconf 88' lang='lat' dir='ltr'><strong>S.</strong></span> 
     </span>
    </p>
   </div>
   <div class='ocr_carea' id='block_1_10' title="bbox 112 990 1693 1069">
    <p class='ocr_par' dir='ltr' id='par_1_10' title="bbox 112 990 1693 1069">
     <span class='ocr_line' id='line_1_10' title="bbox 112 990 1693 1069; baseline -0.009 -11"><span class='ocrx_word' id='word_1_62' title='bbox 112 1001 363 1066; x_wconf 70' lang='lat' dir='ltr'><strong>Marcelli,</strong></span> <span class='ocrx_word' id='word_1_63' title='bbox 406 1000 467 1054; x_wconf 65' lang='lat' dir='ltr'><strong>in</strong></span> <span class='ocrx_word' id='word_1_64' title='bbox 500 1014 607 1069; x_wconf 92' lang='lat' dir='ltr'><strong>quo</strong></span> <span class='ocrx_word' id='word_1_65' title='bbox 655 996 899 1066; x_wconf 91' lang='lat' dir='ltr'><strong>sepultus</strong></span> <span class='ocrx_word' id='word_1_66' title='bbox 928 994 1146 1061; x_wconf 87' lang='lat' dir='ltr'><strong>colitur,</strong></span> <span class='ocrx_word' id='word_1_67' title='bbox 1188 993 1354 1048; x_wconf 87' lang='lat' dir='ltr'><strong>etiam</strong></span> <span class='ocrx_word' id='word_1_68' title='bbox 1409 990 1693 1060; x_wconf 88' lang='lat' dir='ltr'><strong>aliquanto</strong></span> 
     </span>
    </p>
   </div>
   <div class='ocr_carea' id='block_1_11' title="bbox 111 1081 1693 1165">
    <p class='ocr_par' dir='ltr' id='par_1_11' title="bbox 111 1081 1693 1165">
     <span class='ocr_line' id='line_1_11' title="bbox 111 1081 1693 1165; baseline -0.009 -14"><span class='ocrx_word' id='word_1_69' title='bbox 111 1106 341 1165; x_wconf 87' lang='lat' dir='ltr'><strong>tempore</strong></span> <span class='ocrx_word' id='word_1_70' title='bbox 370 1092 507 1146; x_wconf 83' lang='lat' dir='ltr'><strong>vrxit</strong></span> <span class='ocrx_word' id='word_1_71' title='bbox 534 1099 590 1146; x_wconf 88' lang='lat' dir='ltr'><strong>et</strong></span> <span class='ocrx_word' id='word_1_72' title='bbox 618 1090 801 1154; x_wconf 83' lang='lat' dir='ltr'><strong>obiit,t</strong></span> <span class='ocrx_word' id='word_1_73' title='bbox 826 1088 1023 1144; x_wconf 84' lang='lat' dir='ltr'><strong>saltem</strong></span> <span class='ocrx_word' id='word_1_74' title='bbox 1066 1086 1122 1140; x_wconf 92' lang='lat' dir='ltr'><strong>iu</strong></span> <span class='ocrx_word' id='word_1_75' title='bbox 1169 1083 1469 1139; x_wconf 89' lang='lat' dir='ltr'><strong>monastico</strong></span> <span class='ocrx_word' id='word_1_76' title='bbox 1496 1081 1693 1138; x_wconf 86' lang='lat' dir='ltr'><strong>habitu</strong></span> 
     </span>
    </p>
   </div>
   <div class='ocr_carea' id='block_1_12' title="bbox 109 1173 1693 1251">
    <p class='ocr_par' dir='ltr' id='par_1_12' title="bbox 109 1173 1693 1251">
     <span class='ocr_line' id='line_1_12' title="bbox 109 1173 1693 1251; baseline -0.009 -9"><span class='ocrx_word' id='word_1_77' title='bbox 109 1185 325 1249; x_wconf 89' lang='lat' dir='ltr'><strong>obierit;</strong></span> <span class='ocrx_word' id='word_1_78' title='bbox 356 1184 498 1238; x_wconf 91' lang='lat' dir='ltr'><strong>sicut</strong></span> <span class='ocrx_word' id='word_1_79' title='bbox 547 1180 688 1251; x_wconf 93' lang='lat' dir='ltr'><strong>apud</strong></span> <span class='ocrx_word' id='word_1_80' title='bbox 737 1179 1091 1233; x_wconf 86' lang='lat' dir='ltr'><strong>Prumienses</strong></span> <span class='ocrx_word' id='word_1_81' title='bbox 1146 1176 1441 1246; x_wconf 83' lang='lat' dir='ltr'><strong>imperator</strong></span> <span class='ocrx_word' id='word_1_82' title='bbox 1486 1173 1693 1229; x_wconf 52' lang='lat' dir='ltr'><strong>Lothaa</strong></span> 
     </span>
    </p>
   </div>
   <div class='ocr_carea' id='block_1_13' title="bbox 110 1264 1691 1341">
    <p class='ocr_par' dir='ltr' id='par_1_13' title="bbox 110 1264 1691 1341">
     <span class='ocr_line' id='line_1_13' title="bbox 110 1264 1691 1341; baseline -0.01 -8"><span class='ocrx_word' id='word_1_83' title='bbox 110 1280 233 1341; x_wconf 89' lang='lat' dir='ltr'><strong>rius,</strong></span> <span class='ocrx_word' id='word_1_84' title='bbox 264 1290 389 1331; x_wconf 90' lang='lat' dir='ltr'><strong>cum</strong></span> <span class='ocrx_word' id='word_1_85' title='bbox 419 1274 523 1328; x_wconf 89' lang='lat' dir='ltr'><strong>hac</strong></span> <span class='ocrx_word' id='word_1_86' title='bbox 550 1280 728 1327; x_wconf 90' lang='lat' dir='ltr'><strong>tamen</strong></span> <span class='ocrx_word' id='word_1_87' title='bbox 764 1268 1091 1335; x_wconf 74' lang='lat' dir='ltr'><strong>differentia,</strong></span> <span class='ocrx_word' id='word_1_88' title='bbox 1124 1264 1267 1337; x_wconf 83' lang='lat' dir='ltr'><strong>quod</strong></span> <span class='ocrx_word' id='word_1_89' title='bbox 1297 1266 1441 1320; x_wconf 93' lang='lat' dir='ltr'><strong>hunc</strong></span> <span class='ocrx_word' id='word_1_90' title='bbox 1478 1270 1691 1319; x_wconf 85' lang='lat' dir='ltr'><strong>constet</strong></span> 
     </span>
    </p>
   </div>
   <div class='ocr_carea' id='block_1_14' title="bbox 109 1358 1693 1439">
    <p class='ocr_par' dir='ltr' id='par_1_14' title="bbox 109 1358 1693 1439">
     <span class='ocr_line' id='line_1_14' title="bbox 109 1358 1693 1439; baseline -0.008 -16"><span class='ocrx_word' id='word_1_91' title='bbox 109 1366 327 1439; x_wconf 89' lang='lat' dir='ltr'><strong>imperio</strong></span> <span class='ocrx_word' id='word_1_92' title='bbox 356 1379 632 1436; x_wconf 89' lang='lat' dir='ltr'><strong>regnoque</strong></span> <span class='ocrx_word' id='word_1_93' title='bbox 680 1362 909 1418; x_wconf 85' lang='lat' dir='ltr'><strong>cessisse</strong></span> <span class='ocrx_word' id='word_1_94' title='bbox 942 1376 1040 1431; x_wconf 84' lang='lat' dir='ltr'><strong>per</strong></span> <span class='ocrx_word' id='word_1_95' title='bbox 1087 1358 1551 1416; x_wconf 88' lang='lat' dir='ltr'><strong>renuntiationem</strong></span> <span class='ocrx_word' id='word_1_96' title='bbox 1593 1371 1693 1427; x_wconf 82' lang='lat' dir='ltr'><strong>pu-</strong></span> 
     </span>
    </p>
   </div>
   <div class='ocr_carea' id='block_1_15' title="bbox 108 1440 1688 1525">
    <p class='ocr_par' dir='ltr' id='par_1_15' title="bbox 108 1440 1688 1525">
     <span class='ocr_line' id='line_1_15' title="bbox 108 1440 1688 1525; baseline -0.008 -10"><span class='ocrx_word' id='word_1_97' title='bbox 108 1460 321 1525; x_wconf 82' lang='lat' dir='ltr'><strong>blicam;</strong></span> <span class='ocrx_word' id='word_1_98' title='bbox 356 1460 423 1514; x_wconf 89' lang='lat' dir='ltr'><strong>de</strong></span> <span class='ocrx_word' id='word_1_99' title='bbox 448 1448 787 1513; x_wconf 82' lang='lat' dir='ltr'><strong>Guntramno</strong></span> <span class='ocrx_word' id='word_1_100' title='bbox 816 1454 951 1508; x_wconf 87' lang='lat' dir='ltr'><strong>nihil</strong></span> <span class='ocrx_word' id='word_1_101' title='bbox 978 1451 1083 1508; x_wconf 84' lang='lat' dir='ltr'><strong>tale</strong></span> <span class='ocrx_word' id='word_1_102' title='bbox 1145 1450 1373 1522; x_wconf 82' lang='lat' dir='ltr'><strong>legatur.</strong></span> <span class='ocrx_word' id='word_1_103' title='bbox 1415 1448 1551 1504; x_wconf 89' lang='lat' dir='ltr'><strong>Utut</strong></span> <span class='ocrx_word' id='word_1_104' title='bbox 1597 1440 1688 1512; x_wconf 85' lang='lat' dir='ltr'><strong>sit,</strong></span> 
     </span>
    </p>
   </div>
   <div class='ocr_carea' id='block_1_16' title="bbox 109 1538 1693 1620">
    <p class='ocr_par' dir='ltr' id='par_1_16' title="bbox 109 1538 1693 1620">
     <span class='ocr_line' id='line_1_16' title="bbox 109 1538 1693 1620; baseline -0.008 -15"><span class='ocrx_word' id='word_1_105' title='bbox 109 1549 347 1620; x_wconf 74' lang='lat' dir='ltr'><strong>exemplo</strong></span> <span class='ocrx_word' id='word_1_106' title='bbox 378 1549 471 1603; x_wconf 90' lang='lat' dir='ltr'><strong>tali</strong></span> <span class='ocrx_word' id='word_1_107' title='bbox 504 1547 658 1619; x_wconf 88' lang='lat' dir='ltr'><strong>llugo</strong></span> <span class='ocrx_word' id='word_1_108' title='bbox 682 1547 874 1611; x_wconf 89' lang='lat' dir='ltr'><strong>utitur,</strong></span> <span class='ocrx_word' id='word_1_109' title='bbox 921 1546 1287 1613; x_wconf 82' lang='lat' dir='ltr'><strong>hortatusque</strong></span> <span class='ocrx_word' id='word_1_110' title='bbox 1327 1557 1506 1613; x_wconf 88' lang='lat' dir='ltr'><strong>regem</strong></span> <span class='ocrx_word' id='word_1_111' title='bbox 1570 1558 1589 1595; x_wconf 84' lang='grc'><em>‹</em></span> <span class='ocrx_word' id='word_1_112' title='bbox 1624 1538 1693 1594; x_wconf 90' lang='lat' dir='ltr'><strong>ad</strong></span> 
     </span>
    </p>
   </div>
   <div class='ocr_carea' id='block_1_17' title="bbox 111 1633 1690 1711">
    <p class='ocr_par' dir='ltr' id='par_1_17' title="bbox 111 1633 1690 1711">
     <span class='ocr_line' id='line_1_17' title="bbox 111 1633 1690 1711; baseline -0.005 -16"><span class='ocrx_word' id='word_1_113' title='bbox 111 1656 282 1696; x_wconf 83' lang='lat' dir='ltr'><strong>veram</strong></span> <span class='ocrx_word' id='word_1_114' title='bbox 333 1640 714 1711; x_wconf 63' lang='lat' dir='ltr'><strong>paenitentiam</strong></span> <span class='ocrx_word' id='word_1_115' title='bbox 770 1646 826 1694; x_wconf 90' lang='lat' dir='ltr'><strong>et</strong></span> <span class='ocrx_word' id='word_1_116' title='bbox 876 1636 1289 1693; x_wconf 86' lang='lat' dir='ltr'><strong>conversionem</strong></span> <span class='ocrx_word' id='word_1_117' title='bbox 1350 1633 1690 1706; x_wconf 80' lang='lat' dir='ltr'><strong>perfectam,</strong></span> 
     </span>
    </p>
   </div>
   <div class='ocr_carea' id='block_1_18' title="bbox 110 1726 1690 1804">
    <p class='ocr_par' dir='ltr' id='par_1_18' title="bbox 110 1726 1690 1804">
     <span class='ocr_line' id='line_1_18' title="bbox 110 1726 1690 1804; baseline -0.004 -15"><span class='ocrx_word' id='word_1_118' title='bbox 110 1748 219 1804; x_wconf 65' lang='lat' dir='ltr'><strong>quae</strong></span> <span class='ocrx_word' id='word_1_119' title='bbox 243 1747 344 1788; x_wconf 89' lang='lat' dir='ltr'><strong>nec</strong></span> <span class='ocrx_word' id='word_1_120' title='bbox 374 1732 605 1788; x_wconf 81' lang='lat' dir='ltr'><strong>faciliori</strong></span> <span class='ocrx_word' id='word_1_121' title='bbox 632 1746 732 1787; x_wconf 90' lang='lat' dir='ltr'><strong>nec</strong></span> <span class='ocrx_word' id='word_1_122' title='bbox 754 1730 977 1787; x_wconf 88' lang='lat' dir='ltr'><strong>certiori</strong></span> <span class='ocrx_word' id='word_1_123' title='bbox 1018 1731 1104 1785; x_wconf 88' lang='lat' dir='ltr'><strong>via</strong></span> <span class='ocrx_word' id='word_1_124' title='bbox 1139 1729 1315 1800; x_wconf 84' lang='lat' dir='ltr'><strong>possit</strong></span> <span class='ocrx_word' id='word_1_125' title='bbox 1358 1726 1690 1799; x_wconf 87' lang='lat' dir='ltr'><strong>apprehendi</strong></span> 
     </span>
    </p>
   </div>
   <div class='ocr_carea' id='block_1_19' title="bbox 110 1819 1686 1896">
    <p class='ocr_par' dir='ltr' id='par_1_19' title="bbox 110 1819 1686 1896">
     <span class='ocr_line' id='line_1_19' title="bbox 110 1819 1686 1896; baseline -0.003 -18"><span class='ocrx_word' id='word_1_126' title='bbox 110 1839 261 1896; x_wconf 87' lang='lat' dir='ltr'><strong>quam</strong></span> <span class='ocrx_word' id='word_1_127' title='bbox 285 1824 608 1879; x_wconf 88' lang='lat' dir='ltr'><strong>monachica</strong></span> <span class='ocrx_word' id='word_1_128' title='bbox 635 1822 995 1894; x_wconf 77' lang='lat' dir='ltr'><strong>professione,</strong></span> <span class='ocrx_word' id='word_1_129' title='bbox 1038 1841 1057 1875; x_wconf 72' lang='grc' dir='ltr'><strong><em>ι</em></strong></span> <span class='ocrx_word' id='word_1_130' title='bbox 1105 1822 1185 1877; x_wconf 91' lang='lat' dir='ltr'><strong>sic</strong></span> <span class='ocrx_word' id='word_1_131' title='bbox 1210 1822 1427 1875; x_wconf 85' lang='lat' dir='ltr'><strong>demum</strong></span> <span class='ocrx_word' id='word_1_132' title='bbox 1462 1819 1686 1876; x_wconf 89' lang='lat' dir='ltr'><strong>conclu-</strong></span> 
     </span>
    </p>
   </div>
   <div class='ocr_carea' id='block_1_20' title="bbox 111 1909 1691 1984">
    <p class='ocr_par' dir='ltr' id='par_1_20' title="bbox 111 1909 1691 1984">
     <span class='ocr_line' id='line_1_20' title="bbox 111 1909 1691 1984; baseline -0.004 -14"><span class='ocrx_word' id='word_1_133' title='bbox 111 1915 183 1970; x_wconf 87' lang='lat' dir='ltr'><strong>dit</strong></span> <span class='ocrx_word' id='word_1_134' title='bbox 210 1930 226 1971; x_wconf 89' lang='lat'><strong>:</strong></span> <span class='ocrx_word' id='word_1_135' title='bbox 267 1932 286 1967; x_wconf 75' lang='grc' dir='ltr'>ι</span> <span class='ocrx_word' id='word_1_136' title='bbox 324 1913 471 1970; x_wconf 83' lang='lat' dir='ltr'><strong>Ecce</strong></span> <span class='ocrx_word' id='word_1_137' title='bbox 500 1914 775 1984; x_wconf 88' lang='lat' dir='ltr'><strong>principes</strong></span> <span class='ocrx_word' id='word_1_138' title='bbox 799 1911 1193 1983; x_wconf 88' lang='lat' dir='ltr'><strong>apostolorum,</strong></span> <span class='ocrx_word' id='word_1_139' title='bbox 1218 1909 1429 1979; x_wconf 90' lang='lat' dir='ltr'><strong>judices</strong></span> <span class='ocrx_word' id='word_1_140' title='bbox 1454 1910 1691 1981; x_wconf 90' lang='lat' dir='ltr'><strong>impera-</strong></span> 
     </span>
    </p>
   </div>
   <div class='ocr_carea' id='block_1_21' title="bbox 114 2002 1691 2075">
    <p class='ocr_par' dir='ltr' id='par_1_21' title="bbox 114 2002 1691 2075">
     <span class='ocr_line' id='line_1_21' title="bbox 114 2002 1691 2075; baseline -0.002 -17"><span class='ocrx_word' id='word_1_141' title='bbox 114 2012 279 2058; x_wconf 90' lang='lat' dir='ltr'><strong>torum</strong></span> <span class='ocrx_word' id='word_1_142' title='bbox 306 2013 370 2058; x_wconf 73' lang='grc' dir='ltr'><strong>ει</strong></span> <span class='ocrx_word' id='word_1_143' title='bbox 413 2019 600 2075; x_wconf 82' lang='lat' dir='ltr'><strong>regum</strong></span> <span class='ocrx_word' id='word_1_144' title='bbox 631 2012 687 2059; x_wconf 90' lang='lat' dir='ltr'><strong>et</strong></span> <span class='ocrx_word' id='word_1_145' title='bbox 733 2003 902 2069; x_wconf 86' lang='lat' dir='ltr'><strong>orbis,</strong></span> <span class='ocrx_word' id='word_1_146' title='bbox 935 2004 1111 2073; x_wconf 87' lang='lat' dir='ltr'><strong>parati</strong></span> <span class='ocrx_word' id='word_1_147' title='bbox 1142 2010 1269 2057; x_wconf 92' lang='lat' dir='ltr'><strong>sunt</strong></span> <span class='ocrx_word' id='word_1_148' title='bbox 1300 2002 1545 2071; x_wconf 89' lang='lat' dir='ltr'><strong>recipere</strong></span> <span class='ocrx_word' id='word_1_149' title='bbox 1594 2016 1691 2056; x_wconf 88' lang='lat' dir='ltr'><strong>vos</strong></span> 
     </span>
    </p>
   </div>
   <div class='ocr_carea' id='block_1_22' title="bbox 114 2090 1693 2160">
    <p class='ocr_par' dir='ltr' id='par_1_22' title="bbox 114 2090 1693 2160">
     <span class='ocr_line' id='line_1_22' title="bbox 114 2090 1693 2160; baseline -0.002 -11"><span class='ocrx_word' id='word_1_150' title='bbox 114 2094 163 2149; x_wconf 89' lang='lat' dir='ltr'><strong>in</strong></span> <span class='ocrx_word' id='word_1_151' title='bbox 190 2095 407 2149; x_wconf 89' lang='lat' dir='ltr'><strong>domum</strong></span> <span class='ocrx_word' id='word_1_152' title='bbox 451 2109 605 2149; x_wconf 92' lang='lat' dir='ltr'><strong>suam</strong></span> <span class='ocrx_word' id='word_1_153' title='bbox 636 2094 777 2149; x_wconf 91' lang='lat' dir='ltr'><strong>hanc</strong></span> <span class='ocrx_word' id='word_1_154' title='bbox 808 2092 1240 2156; x_wconf 88' lang='lat' dir='ltr'><strong>Cluniacensem,</strong></span> <span class='ocrx_word' id='word_1_155' title='bbox 1287 2106 1449 2160; x_wconf 87' lang='lat' dir='ltr'><strong>quam</strong></span> <span class='ocrx_word' id='word_1_156' title='bbox 1500 2090 1693 2146; x_wconf 69' lang='lat' dir='ltr'><strong>Patres”</strong></span> 
     </span>
    </p>
   </div>
   <div class='ocr_carea' id='block_1_23' title="bbox 112 2183 1690 2256">
    <p class='ocr_par' dir='ltr' id='par_1_23' title="bbox 112 2183 1690 2256">
     <span class='ocr_line' id='line_1_23' title="bbox 112 2183 1690 2256; baseline -0.001 -16"><span class='ocrx_word' id='word_1_157' title='bbox 112 2185 270 2241; x_wconf 81' lang='lat' dir='ltr'><strong>nostri</strong></span> <span class='ocrx_word' id='word_1_158' title='bbox 322 2184 543 2256; x_wconf 77' lang='lat' dir='ltr'><strong>azylum</strong></span> <span class='ocrx_word' id='word_1_159' title='bbox 590 2186 929 2256; x_wconf 84' lang='lat' dir='ltr'><strong>poenitentiae</strong></span> <span class='ocrx_word' id='word_1_160' title='bbox 977 2184 1414 2239; x_wconf 83' lang='lat' dir='ltr'><strong>nominaverunt.</strong></span> <span class='ocrx_word' id='word_1_161' title='bbox 1474 2183 1540 2238; x_wconf 82' lang='lat' dir='ltr'><strong>Et</strong></span> <span class='ocrx_word' id='word_1_162' title='bbox 1590 2198 1690 2239; x_wconf 88' lang='lat' dir='ltr'><strong>nos</strong></span> 
     </span>
    </p>
   </div>
   <div class='ocr_carea' id='block_1_24' title="bbox 114 2278 1691 2349">
    <p class='ocr_par' dir='ltr' id='par_1_24' title="bbox 114 2278 1691 2349">
     <span class='ocr_line' id='line_1_24' title="bbox 114 2278 1691 2349; baseline -0.003 -16"><span class='ocrx_word' id='word_1_163' title='bbox 114 2279 276 2347; x_wconf 85' lang='lat' dir='ltr'><strong>parati</strong></span> <span class='ocrx_word' id='word_1_164' title='bbox 310 2294 503 2335; x_wconf 91' lang='lat' dir='ltr'><strong>sumus</strong></span> <span class='ocrx_word' id='word_1_165' title='bbox 529 2294 626 2334; x_wconf 79' lang='lat' dir='ltr'><strong>vos</strong></span> <span class='ocrx_word' id='word_1_166' title='bbox 657 2287 718 2334; x_wconf 92' lang='lat' dir='ltr'><strong>ut</strong></span> <span class='ocrx_word' id='word_1_167' title='bbox 762 2293 943 2349; x_wconf 86' lang='lat' dir='ltr'><strong>regem</strong></span> <span class='ocrx_word' id='word_1_168' title='bbox 982 2278 1205 2343; x_wconf 88' lang='lat' dir='ltr'><strong>habere,</strong></span> <span class='ocrx_word' id='word_1_169' title='bbox 1238 2284 1297 2330; x_wconf 92' lang='lat' dir='ltr'><strong>ut</strong></span> <span class='ocrx_word' id='word_1_170' title='bbox 1348 2290 1525 2347; x_wconf 91' lang='lat' dir='ltr'><strong>regem</strong></span> <span class='ocrx_word' id='word_1_171' title='bbox 1585 2284 1691 2330; x_wconf 83' lang='lat' dir='ltr'><strong>tra-</strong></span> 
     </span>
    </p>
   </div>
   <div class='ocr_carea' id='block_1_25' title="bbox 114 2372 1145 2424">
    <p class='ocr_par' dir='ltr' id='par_1_25' title="bbox 114 2372 1145 2424">
     <span class='ocr_line' id='line_1_25' title="bbox 114 2372 1145 2424; baseline -0.003 0"><span class='ocrx_word' id='word_1_172' title='bbox 114 2372 537 2424; x_wconf 72' lang='lat' dir='ltr'><strong>ctare.....t</strong></span> <span class='ocrx_word' id='word_1_173' title='bbox 1144 2390 1145 2397; x_wconf 53' lang='grc' dir='ltr'><strong>η</strong></span> 
     </span>
    </p>
   </div>
   <div class='ocr_carea' id='block_1_26' title="bbox 177 2455 1690 2529">
    <p class='ocr_par' dir='ltr' id='par_1_26' title="bbox 177 2455 1690 2529">
     <span class='ocr_line' id='line_1_26' title="bbox 177 2455 1690 2529; baseline -0.002 -15"><span class='ocrx_word' id='word_1_174' title='bbox 177 2459 258 2514; x_wconf 78' lang='grc'><strong>10.</strong></span> <span class='ocrx_word' id='word_1_175' title='bbox 295 2459 572 2516; x_wconf 62' lang='lat' dir='ltr'><strong>Ceterum</strong></span> <span class='ocrx_word' id='word_1_176' title='bbox 610 2460 723 2514; x_wconf 84' lang='lat' dir='ltr'><strong>haec</strong></span> <span class='ocrx_word' id='word_1_177' title='bbox 756 2472 973 2529; x_wconf 87' lang='lat' dir='ltr'><strong>quoque</strong></span> <span class='ocrx_word' id='word_1_178' title='bbox 1014 2456 1102 2528; x_wconf 90' lang='lat' dir='ltr'><strong>pia</strong></span> <span class='ocrx_word' id='word_1_179' title='bbox 1138 2472 1202 2513; x_wconf 83' lang='lat' dir='ltr'><strong>ac</strong></span> <span class='ocrx_word' id='word_1_180' title='bbox 1239 2466 1428 2512; x_wconf 86' lang='lat' dir='ltr'><strong>sancta</strong></span> <span class='ocrx_word' id='word_1_181' title='bbox 1462 2455 1690 2526; x_wconf 87' lang='lat' dir='ltr'><strong>Philippi</strong></span> 
     </span>
    </p>
   </div>
   <div class='ocr_carea' id='block_1_27' title="bbox 115 2548 1692 2621">
    <p class='ocr_par' dir='ltr' id='par_1_27' title="bbox 115 2548 1692 2621">
     <span class='ocr_line' id='line_1_27' title="bbox 115 2548 1692 2621; baseline 0 -18"><span class='ocrx_word' id='word_1_182' title='bbox 115 2550 245 2621; x_wconf 84' lang='lat' dir='ltr'><strong>regis</strong></span> <span class='ocrx_word' id='word_1_183' title='bbox 276 2550 543 2619; x_wconf 83' lang='lat' dir='ltr'><strong>cogitata,</strong></span> <span class='ocrx_word' id='word_1_184' title='bbox 586 2558 648 2605; x_wconf 92' lang='lat' dir='ltr'><strong>ut</strong></span> <span class='ocrx_word' id='word_1_185' title='bbox 691 2550 942 2605; x_wconf 84' lang='lat' dir='ltr'><strong>accidere</strong></span> <span class='ocrx_word' id='word_1_186' title='bbox 1000 2548 1141 2604; x_wconf 83' lang='lat' dir='ltr'><strong>solet</strong></span> <span class='ocrx_word' id='word_1_187' title='bbox 1190 2548 1500 2603; x_wconf 91' lang='lat' dir='ltr'><strong>hominibus</strong></span> <span class='ocrx_word' id='word_1_188' title='bbox 1548 2548 1692 2603; x_wconf 87' lang='lat' dir='ltr'><strong>inter</strong></span> 
     </span>
    </p>
   </div>
   <div class='ocr_carea' id='block_1_28' title="bbox 115 2639 1691 2712">
    <p class='ocr_par' dir='ltr' id='par_1_28' title="bbox 115 2639 1691 2712">
     <span class='ocr_line' id='line_1_28' title="bbox 115 2639 1691 2712; baseline 0 -19"><span class='ocrx_word' id='word_1_189' title='bbox 115 2639 265 2695; x_wconf 77' lang='lat' dir='ltr'><strong>multa</strong></span> <span class='ocrx_word' id='word_1_190' title='bbox 298 2655 368 2696; x_wconf 84' lang='lat' dir='ltr'><strong>ac</strong></span> <span class='ocrx_word' id='word_1_191' title='bbox 402 2655 600 2712; x_wconf 87' lang='lat' dir='ltr'><strong>magna</strong></span> <span class='ocrx_word' id='word_1_192' title='bbox 631 2640 763 2695; x_wconf 88' lang='lat' dir='ltr'><strong>vitia</strong></span> <span class='ocrx_word' id='word_1_193' title='bbox 791 2640 1092 2711; x_wconf 74' lang='lat' dir='ltr'><strong>przesertim</strong></span> <span class='ocrx_word' id='word_1_194' title='bbox 1136 2639 1378 2695; x_wconf 87' lang='lat' dir='ltr'><strong>carnalia</strong></span> <span class='ocrx_word' id='word_1_195' title='bbox 1422 2640 1691 2694; x_wconf 85' lang='lat' dir='ltr'><strong>invetera-</strong></span> 
     </span>
    </p>
   </div>
   <div class='ocr_carea' id='block_1_29' title="bbox 114 2730 1691 2803">
    <p class='ocr_par' dir='ltr' id='par_1_29' title="bbox 114 2730 1691 2803">
     <span class='ocr_line' id='line_1_29' title="bbox 114 2730 1691 2803; baseline 0 -18"><span class='ocrx_word' id='word_1_196' title='bbox 114 2730 195 2797; x_wconf 88' lang='lat' dir='ltr'><strong>tis,</strong></span> <span class='ocrx_word' id='word_1_197' title='bbox 224 2731 305 2787; x_wconf 85' lang='lat' dir='ltr'><strong>vel</strong></span> <span class='ocrx_word' id='word_1_198' title='bbox 346 2746 477 2788; x_wconf 83' lang='lat' dir='ltr'><strong>sera</strong></span> <span class='ocrx_word' id='word_1_199' title='bbox 514 2732 599 2786; x_wconf 85' lang='lat' dir='ltr'><strong>vel</strong></span> <span class='ocrx_word' id='word_1_200' title='bbox 630 2746 819 2803; x_wconf 88' lang='lat' dir='ltr'><strong>parum</strong></span> <span class='ocrx_word' id='word_1_201' title='bbox 856 2730 1099 2787; x_wconf 74' lang='lat' dir='ltr'><strong>efficacia</strong></span> <span class='ocrx_word' id='word_1_202' title='bbox 1154 2730 1406 2795; x_wconf 86' lang='lat' dir='ltr'><strong>fuerunt;</strong></span> <span class='ocrx_word' id='word_1_203' title='bbox 1468 2731 1691 2801; x_wconf 89' lang='lat' dir='ltr'><strong>ipseque</strong></span> 
     </span>
    </p>
   </div>
   <div class='ocr_carea' id='block_1_30' title="bbox 115 2820 1687 2894">
    <p class='ocr_par' dir='ltr' id='par_1_30' title="bbox 115 2820 1687 2894">
     <span class='ocr_line' id='line_1_30' title="bbox 115 2820 1687 2894; baseline -0.001 -17"><span class='ocrx_word' id='word_1_204' title='bbox 115 2836 197 2877; x_wconf 96' lang='lat' dir='ltr'><strong>rex</strong></span> <span class='ocrx_word' id='word_1_205' title='bbox 222 2824 375 2893; x_wconf 91' lang='lat' dir='ltr'><strong>prius</strong></span> <span class='ocrx_word' id='word_1_206' title='bbox 398 2838 560 2894; x_wconf 88' lang='lat' dir='ltr'><strong>quam</strong></span> <span class='ocrx_word' id='word_1_207' title='bbox 588 2837 818 2894; x_wconf 78' lang='lat' dir='ltr'><strong>regnum</strong></span> <span class='ocrx_word' id='word_1_208' title='bbox 845 2830 1121 2877; x_wconf 86' lang='lat' dir='ltr'><strong>terrenum</strong></span> <span class='ocrx_word' id='word_1_209' title='bbox 1145 2829 1337 2889; x_wconf 88' lang='lat' dir='ltr'><strong>sponte</strong></span> <span class='ocrx_word' id='word_1_210' title='bbox 1363 2820 1687 2888; x_wconf 85' lang='lat' dir='ltr'><strong>dimitteret,</strong></span> 
     </span>
    </p>
   </div>
   <div class='ocr_carea' id='block_1_31' title="bbox 114 2904 1688 2983">
    <p class='ocr_par' dir='ltr' id='par_1_31' title="bbox 114 2904 1688 2983">
     <span class='ocr_line' id='line_1_31' title="bbox 114 2904 1688 2983; baseline 0.001 -16"><span class='ocrx_word' id='word_1_211' title='bbox 114 2926 142 2967; x_wconf 89' lang='lat' dir='ltr'><strong>e</strong></span> <span class='ocrx_word' id='word_1_212' title='bbox 168 2914 317 2969; x_wconf 90' lang='lat' dir='ltr'><strong>terris</strong></span> <span class='ocrx_word' id='word_1_213' title='bbox 338 2914 590 2971; x_wconf 85' lang='lat' dir='ltr'><strong>sublatus</strong></span> <span class='ocrx_word' id='word_1_214' title='bbox 620 2906 704 2969; x_wconf 86' lang='lat' dir='ltr'><strong>est</strong></span> <span class='ocrx_word' id='word_1_215' title='bbox 730 2928 873 2968; x_wconf 91' lang='lat' dir='ltr'><strong>anno</strong></span> <span class='ocrx_word' id='word_1_216' title='bbox 897 2912 1066 2983; x_wconf 82' lang='lat' dir='ltr'><strong>tl08_;</strong></span> <span class='ocrx_word' id='word_1_217' title='bbox 1099 2913 1197 2967; x_wconf 90' lang='lat' dir='ltr'><strong>sed</strong></span> <span class='ocrx_word' id='word_1_218' title='bbox 1221 2913 1365 2983; x_wconf 87' lang='lat' dir='ltr'><strong>quod</strong></span> <span class='ocrx_word' id='word_1_219' title='bbox 1396 2904 1553 2967; x_wconf 88' lang='lat' dir='ltr'><strong>vivus</strong></span> <span class='ocrx_word' id='word_1_220' title='bbox 1581 2927 1688 2968; x_wconf 93' lang='lat' dir='ltr'><strong>non</strong></span> 
     </span>
    </p>
   </div>
   <div class='ocr_carea' id='block_1_32' title="bbox 113 3002 1692 3074">
    <p class='ocr_par' dir='ltr' id='par_1_32' title="bbox 113 3002 1692 3074">
     <span class='ocr_line' id='line_1_32' title="bbox 113 3002 1692 3074; baseline 0.001 -19"><span class='ocrx_word' id='word_1_221' title='bbox 113 3002 271 3070; x_wconf 89' lang='lat' dir='ltr'><strong>potuit</strong></span> <span class='ocrx_word' id='word_1_222' title='bbox 293 3002 387 3058; x_wconf 83' lang='lat' dir='ltr'><strong>vel</strong></span> <span class='ocrx_word' id='word_1_223' title='bbox 438 3002 701 3074; x_wconf 77' lang='lat' dir='ltr'><strong>neglexit,</strong></span> <span class='ocrx_word' id='word_1_224' title='bbox 747 3011 997 3058; x_wconf 87' lang='lat' dir='ltr'><strong>mortuus</strong></span> <span class='ocrx_word' id='word_1_225' title='bbox 1041 3002 1277 3071; x_wconf 89' lang='lat' dir='ltr'><strong>quadam</strong></span> <span class='ocrx_word' id='word_1_226' title='bbox 1324 3010 1480 3056; x_wconf 89' lang='lat' dir='ltr'><strong>tenus</strong></span> <span class='ocrx_word' id='word_1_227' title='bbox 1522 3002 1692 3057; x_wconf 84' lang='lat' dir='ltr'><strong>voluit</strong></span> 
     </span>
    </p>
   </div>
   <div class='ocr_carea' id='block_1_33' title="bbox 1789 527 3385 600">
    <p class='ocr_par' dir='ltr' id='par_1_33' title="bbox 1789 527 3385 600">
     <span class='ocr_line' id='line_1_33' title="bbox 1789 527 3385 600; baseline -0.003 -13"><span class='ocrx_word' id='word_1_228' title='bbox 1789 530 2041 587; x_wconf 85' lang='lat' dir='ltr'><strong>maximis</strong></span> <span class='ocrx_word' id='word_1_229' title='bbox 2065 528 2345 586; x_wconf 90' lang='lat' dir='ltr'><strong>beneﬁciis</strong></span> <span class='ocrx_word' id='word_1_230' title='bbox 2385 527 2530 593; x_wconf 88' lang='lat' dir='ltr'><strong>aliis,</strong></span> <span class='ocrx_word' id='word_1_231' title='bbox 2561 528 2723 600; x_wconf 89' lang='lat' dir='ltr'><strong>digne</strong></span> <span class='ocrx_word' id='word_1_232' title='bbox 2770 536 2826 583; x_wconf 90' lang='lat' dir='ltr'><strong>et</strong></span> <span class='ocrx_word' id='word_1_233' title='bbox 2854 532 3139 599; x_wconf 81' lang='lat' dir='ltr'><strong>gratanter</strong></span> <span class='ocrx_word' id='word_1_234' title='bbox 3160 543 3385 596; x_wconf 84' lang='lat' dir='ltr'><strong>respon-</strong></span> 
     </span>
    </p>
   </div>
   <div class='ocr_carea' id='block_1_34' title="bbox 1787 619 3384 691">
    <p class='ocr_par' dir='ltr' id='par_1_34' title="bbox 1787 619 3384 691">
     <span class='ocr_line' id='line_1_34' title="bbox 1787 619 3384 691; baseline -0.003 -13"><span class='ocrx_word' id='word_1_235' title='bbox 1787 636 1948 678; x_wconf 90' lang='lat' dir='ltr'><strong>surus</strong></span> <span class='ocrx_word' id='word_1_236' title='bbox 1978 621 2151 691; x_wconf 82' lang='lat' dir='ltr'><strong>Hugo,</strong></span> <span class='ocrx_word' id='word_1_237' title='bbox 2185 620 2623 675; x_wconf 90' lang='lat' dir='ltr'><strong>constitutionem</strong></span> <span class='ocrx_word' id='word_1_238' title='bbox 2672 619 2873 684; x_wconf 78' lang='lat' dir='ltr'><strong>edidit,</strong></span> <span class='ocrx_word' id='word_1_239' title='bbox 2915 636 2934 672; x_wconf 74' lang='grc' dir='ltr'>ι</span> <span class='ocrx_word' id='word_1_240' title='bbox 2971 620 3226 675; x_wconf 92' lang='lat' dir='ltr'><strong>omnibus</strong></span> <span class='ocrx_word' id='word_1_241' title='bbox 3274 620 3384 673; x_wconf 85' lang='lat' dir='ltr'><strong>fra-</strong></span> 
     </span>
    </p>
   </div>
   <div class='ocr_carea' id='block_1_35' title="bbox 1790 713 3383 783">
    <p class='ocr_par' dir='ltr' id='par_1_35' title="bbox 1790 713 3383 783">
     <span class='ocr_line' id='line_1_35' title="bbox 1790 713 3383 783; baseline -0.001 -14"><span class='ocrx_word' id='word_1_242' title='bbox 1790 716 1962 770; x_wconf 89' lang='lat' dir='ltr'><strong>tribus</strong></span> <span class='ocrx_word' id='word_1_243' title='bbox 2028 714 2082 769; x_wconf 92' lang='lat' dir='ltr'><strong>in</strong></span> <span class='ocrx_word' id='word_1_244' title='bbox 2130 713 2472 769; x_wconf 81' lang='lat' dir='ltr'><strong>Cluniacensi</strong></span> <span class='ocrx_word' id='word_1_245' title='bbox 2530 714 2801 781; x_wconf 64' lang='lat' dir='ltr'><strong>coenobio,</strong></span> <span class='ocrx_word' id='word_1_246' title='bbox 2859 722 2969 768; x_wconf 90' lang='lat' dir='ltr'><strong>tam</strong></span> <span class='ocrx_word' id='word_1_247' title='bbox 3020 714 3383 783; x_wconf 71' lang='lat' dir='ltr'><strong>praesentibus</strong></span> 
     </span>
    </p>
   </div>
   <div class='ocr_carea' id='block_1_36' title="bbox 1789 803 3380 878">
    <p class='ocr_par' dir='ltr' id='par_1_36' title="bbox 1789 803 3380 878">
     <span class='ocr_line' id='line_1_36' title="bbox 1789 803 3380 878; baseline -0.002 -17"><span class='ocrx_word' id='word_1_248' title='bbox 1789 821 1951 878; x_wconf 91' lang='lat' dir='ltr'><strong>quam</strong></span> <span class='ocrx_word' id='word_1_249' title='bbox 1977 805 2197 870; x_wconf 90' lang='lat' dir='ltr'><strong>futuris,</strong></span> <span class='ocrx_word' id='word_1_250' title='bbox 2227 806 2305 859; x_wconf 91' lang='lat' dir='ltr'><strong>sic</strong></span> <span class='ocrx_word' id='word_1_251' title='bbox 2334 804 2553 860; x_wconf 91' lang='lat' dir='ltr'><strong>edicens</strong></span> <span class='ocrx_word' id='word_1_252' title='bbox 2586 821 2599 858; x_wconf 88' lang='lat'><strong>:</strong></span> <span class='ocrx_word' id='word_1_253' title='bbox 2625 803 2819 859; x_wconf 89' lang='lat' dir='ltr'><strong>Notum</strong></span> <span class='ocrx_word' id='word_1_254' title='bbox 2847 804 2936 871; x_wconf 86' lang='lat' dir='ltr'><strong>sit,</strong></span> <span class='ocrx_word' id='word_1_255' title='bbox 2963 820 3061 860; x_wconf 86' lang='lat' dir='ltr'><strong>nos</strong></span> <span class='ocrx_word' id='word_1_256' title='bbox 3090 806 3156 859; x_wconf 92' lang='lat' dir='ltr'><strong>de</strong></span> <span class='ocrx_word' id='word_1_257' title='bbox 3179 805 3380 870; x_wconf 86' lang='lat' dir='ltr'><strong>domno</strong></span> 
     </span>
    </p>
   </div>
   <div class='ocr_carea' id='block_1_37' title="bbox 1789 886 3377 966">
    <p class='ocr_par' dir='ltr' id='par_1_37' title="bbox 1789 886 3377 966">
     <span class='ocr_line' id='line_1_37' title="bbox 1789 886 3377 966; baseline -0.002 -13"><span class='ocrx_word' id='word_1_258' title='bbox 1789 895 2021 953; x_wconf 81' lang='lat' dir='ltr'><strong>Alfonso</strong></span> <span class='ocrx_word' id='word_1_259' title='bbox 2052 894 2434 966; x_wconf 80' lang='lat' dir='ltr'><strong>HiSpaniarum</strong></span> <span class='ocrx_word' id='word_1_260' title='bbox 2468 908 2615 966; x_wconf 89' lang='lat' dir='ltr'><strong>rege,</strong></span> <span class='ocrx_word' id='word_1_261' title='bbox 2647 905 2835 951; x_wconf 89' lang='lat' dir='ltr'><strong>nostro</strong></span> <span class='ocrx_word' id='word_1_262' title='bbox 2864 894 3009 950; x_wconf 87' lang='lat' dir='ltr'><strong>ﬁdeli</strong></span> <span class='ocrx_word' id='word_1_263' title='bbox 3040 886 3236 960; x_wconf 85' lang='lat' dir='ltr'><strong>amico,</strong></span> <span class='ocrx_word' id='word_1_264' title='bbox 3281 894 3377 965; x_wconf 86' lang='lat' dir='ltr'><strong>qui</strong></span> 
     </span>
    </p>
   </div>
   <div class='ocr_carea' id='block_1_38' title="bbox 1792 983 3393 1049">
    <p class='ocr_par' dir='ltr' id='par_1_38' title="bbox 1792 983 3393 1049">
     <span class='ocr_line' id='line_1_38' title="bbox 1792 983 3393 1049; baseline 0.002 -10"><span class='ocrx_word' id='word_1_265' title='bbox 1792 991 1942 1040; x_wconf 89' lang='lat' dir='ltr'><strong>tanta</strong></span> <span class='ocrx_word' id='word_1_266' title='bbox 1967 999 2034 1041; x_wconf 89' lang='lat' dir='ltr'><strong>ac</strong></span> <span class='ocrx_word' id='word_1_267' title='bbox 2058 984 2186 1040; x_wconf 89' lang='lat' dir='ltr'><strong>talia</strong></span> <span class='ocrx_word' id='word_1_268' title='bbox 2211 983 2352 1040; x_wconf 91' lang='lat' dir='ltr'><strong>bona</strong></span> <span class='ocrx_word' id='word_1_269' title='bbox 2378 984 2533 1039; x_wconf 92' lang='lat' dir='ltr'><strong>nobis</strong></span> <span class='ocrx_word' id='word_1_270' title='bbox 2556 983 2704 1049; x_wconf 89' lang='lat' dir='ltr'><strong>fecit,</strong></span> <span class='ocrx_word' id='word_1_271' title='bbox 2725 992 2782 1039; x_wconf 90' lang='lat' dir='ltr'><strong>et</strong></span> <span class='ocrx_word' id='word_1_272' title='bbox 2811 984 2988 1040; x_wconf 91' lang='lat' dir='ltr'><strong>adhuc</strong></span> <span class='ocrx_word' id='word_1_273' title='bbox 3012 985 3393 1042; x_wconf 79' lang='lat' dir='ltr'><strong>indesinenter</strong></span> 
     </span>
    </p>
   </div>
   <div class='ocr_carea' id='block_1_39' title="bbox 1789 1074 3380 1146">
    <p class='ocr_par' dir='ltr' id='par_1_39' title="bbox 1789 1074 3380 1146">
     <span class='ocr_line' id='line_1_39' title="bbox 1789 1074 3380 1146; baseline 0.001 -15"><span class='ocrx_word' id='word_1_274' title='bbox 1789 1074 1941 1132; x_wconf 80' lang='lat' dir='ltr'><strong>facit.</strong></span> <span class='ocrx_word' id='word_1_275' title='bbox 1969 1114 1987 1135; x_wconf 92' lang='lat'><strong>.</strong></span> <span class='ocrx_word' id='word_1_276' title='bbox 2013 1116 2028 1133; x_wconf 94' lang='lat'><strong>.</strong></span> <span class='ocrx_word' id='word_1_277' title='bbox 2055 1115 2070 1131; x_wconf 94' lang='lat'><strong>.</strong></span> <span class='ocrx_word' id='word_1_278' title='bbox 2099 1115 2115 1132; x_wconf 94' lang='lat'><strong>.</strong></span> <span class='ocrx_word' id='word_1_279' title='bbox 2147 1075 2285 1132; x_wconf 84' lang='lat' dir='ltr'><strong>Huic</strong></span> <span class='ocrx_word' id='word_1_280' title='bbox 2331 1089 2546 1146; x_wconf 89' lang='lat' dir='ltr'><strong>quoque</strong></span> <span class='ocrx_word' id='word_1_281' title='bbox 2574 1089 2840 1130; x_wconf 83' lang='lat' dir='ltr'><strong>mensurae</strong></span> <span class='ocrx_word' id='word_1_282' title='bbox 2890 1077 3065 1143; x_wconf 80' lang='lat' dir='ltr'><strong>bonae,</strong></span> <span class='ocrx_word' id='word_1_283' title='bbox 3118 1077 3380 1133; x_wconf 81' lang='lat' dir='ltr'><strong>confertae</strong></span> 
     </span>
    </p>
   </div>
   <div class='ocr_carea' id='block_1_40' title="bbox 1792 1166 3381 1240">
    <p class='ocr_par' dir='ltr' id='par_1_40' title="bbox 1792 1166 3381 1240">
     <span class='ocr_line' id='line_1_40' title="bbox 1792 1166 3381 1240; baseline -0.003 -14"><span class='ocrx_word' id='word_1_284' title='bbox 1792 1170 1955 1226; x_wconf 88' lang='lat' dir='ltr'><strong>simul</strong></span> <span class='ocrx_word' id='word_1_285' title='bbox 1977 1181 2032 1226; x_wconf 89' lang='lat' dir='ltr'><strong>et</strong></span> <span class='ocrx_word' id='word_1_286' title='bbox 2059 1170 2366 1240; x_wconf 69' lang='lat' dir='ltr'><strong>coagitatae,</strong></span> <span class='ocrx_word' id='word_1_287' title='bbox 2387 1166 2877 1238; x_wconf 81' lang='lat' dir='ltr'><strong>superelfluentiatn</strong></span> <span class='ocrx_word' id='word_1_288' title='bbox 2906 1168 3109 1222; x_wconf 86' lang='lat' dir='ltr'><strong>addere</strong></span> <span class='ocrx_word' id='word_1_289' title='bbox 3150 1168 3381 1237; x_wconf 92' lang='lat' dir='ltr'><strong>cupien-</strong></span> 
     </span>
    </p>
   </div>
   <div class='ocr_carea' id='block_1_41' title="bbox 1794 1252 3382 1331">
    <p class='ocr_par' dir='ltr' id='par_1_41' title="bbox 1794 1252 3382 1331">
     <span class='ocr_line' id='line_1_41' title="bbox 1794 1252 3382 1331; baseline -0.003 -14"><span class='ocrx_word' id='word_1_290' title='bbox 1794 1270 1897 1331; x_wconf 88' lang='lat' dir='ltr'><strong>tes,</strong></span> <span class='ocrx_word' id='word_1_291' title='bbox 1948 1261 2198 1317; x_wconf 86' lang='lat' dir='ltr'><strong>dedimus</strong></span> <span class='ocrx_word' id='word_1_292' title='bbox 2224 1259 2275 1314; x_wconf 88' lang='lat' dir='ltr'><strong>ei</strong></span> <span class='ocrx_word' id='word_1_293' title='bbox 2314 1259 2367 1314; x_wconf 91' lang='lat' dir='ltr'><strong>in</strong></span> <span class='ocrx_word' id='word_1_294' title='bbox 2410 1252 2640 1315; x_wconf 86' lang='lat' dir='ltr'><strong>ecclesia</strong></span> <span class='ocrx_word' id='word_1_295' title='bbox 2684 1258 2967 1312; x_wconf 89' lang='lat' dir='ltr'><strong>beatorum</strong></span> <span class='ocrx_word' id='word_1_296' title='bbox 3010 1258 3382 1327; x_wconf 87' lang='lat' dir='ltr'><strong>apostolorum</strong></span> 
     </span>
    </p>
   </div>
   <div class='ocr_carea' id='block_1_42' title="bbox 1790 1342 3382 1420">
    <p class='ocr_par' dir='ltr' id='par_1_42' title="bbox 1790 1342 3382 1420">
     <span class='ocr_line' id='line_1_42' title="bbox 1790 1342 3382 1420; baseline -0.006 -8"><span class='ocrx_word' id='word_1_297' title='bbox 1790 1354 1940 1412; x_wconf 87' lang='lat' dir='ltr'><strong>Petri</strong></span> <span class='ocrx_word' id='word_1_298' title='bbox 1967 1363 2023 1408; x_wconf 91' lang='lat' dir='ltr'><strong>et</strong></span> <span class='ocrx_word' id='word_1_299' title='bbox 2050 1352 2205 1409; x_wconf 88' lang='lat' dir='ltr'><strong>Pauli</strong></span> <span class='ocrx_word' id='word_1_300' title='bbox 2233 1366 2388 1417; x_wconf 90' lang='lat' dir='ltr'><strong>nova,</strong></span> <span class='ocrx_word' id='word_1_301' title='bbox 2418 1366 2580 1420; x_wconf 88' lang='lat' dir='ltr'><strong>quam</strong></span> <span class='ocrx_word' id='word_1_302' title='bbox 2611 1350 2727 1420; x_wconf 90' lang='lat' dir='ltr'><strong>ipse</strong></span> <span class='ocrx_word' id='word_1_303' title='bbox 2756 1342 2824 1405; x_wconf 89' lang='lat' dir='ltr'><strong>de</strong></span> <span class='ocrx_word' id='word_1_304' title='bbox 2868 1350 3105 1419; x_wconf 90' lang='lat' dir='ltr'><strong>propriis</strong></span> <span class='ocrx_word' id='word_1_305' title='bbox 3153 1350 3382 1404; x_wconf 83' lang='lat' dir='ltr'><strong>faculta-</strong></span> 
     </span>
    </p>
   </div>
   <div class='ocr_carea' id='block_1_43' title="bbox 1795 1441 3385 1511">
    <p class='ocr_par' dir='ltr' id='par_1_43' title="bbox 1795 1441 3385 1511">
     <span class='ocr_line' id='line_1_43' title="bbox 1795 1441 3385 1511; baseline -0.004 -9"><span class='ocrx_word' id='word_1_306' title='bbox 1795 1447 1942 1502; x_wconf 89' lang='lat' dir='ltr'><strong>tibus</strong></span> <span class='ocrx_word' id='word_1_307' title='bbox 1971 1444 2345 1501; x_wconf 66' lang='lat' dir='ltr'><strong>construxisse</strong></span> <span class='ocrx_word' id='word_1_308' title='bbox 2371 1443 2604 1511; x_wconf 87' lang='lat' dir='ltr'><strong>videtur,</strong></span> <span class='ocrx_word' id='word_1_309' title='bbox 2646 1456 2812 1496; x_wconf 90' lang='lat' dir='ltr'><strong>unum</strong></span> <span class='ocrx_word' id='word_1_310' title='bbox 2852 1441 3025 1497; x_wconf 85' lang='lat' dir='ltr'><strong>altare</strong></span> <span class='ocrx_word' id='word_1_311' title='bbox 3073 1442 3141 1495; x_wconf 91' lang='lat' dir='ltr'><strong>de</strong></span> <span class='ocrx_word' id='word_1_312' title='bbox 3195 1441 3385 1511; x_wconf 61' lang='lat' dir='ltr'><strong>praeci-</strong></span> 
     </span>
    </p>
   </div>
   <div class='ocr_carea' id='block_1_44' title="bbox 1793 1526 3380 1609">
    <p class='ocr_par' dir='ltr' id='par_1_44' title="bbox 1793 1526 3380 1609">
     <span class='ocr_line' id='line_1_44' title="bbox 1793 1526 3380 1609; baseline -0.003 -19"><span class='ocrx_word' id='word_1_313' title='bbox 1793 1538 1935 1609; x_wconf 86' lang='lat' dir='ltr'><strong>puis,</strong></span> <span class='ocrx_word' id='word_1_314' title='bbox 1966 1551 2075 1607; x_wconf 90' lang='lat' dir='ltr'><strong>quo</strong></span> <span class='ocrx_word' id='word_1_315' title='bbox 2120 1535 2327 1591; x_wconf 88' lang='lat' dir='ltr'><strong>scilicet</strong></span> <span class='ocrx_word' id='word_1_316' title='bbox 2354 1526 2532 1589; x_wconf 73' lang='lat' dir='ltr'><strong>divina</strong></span> <span class='ocrx_word' id='word_1_317' title='bbox 2558 1526 2821 1604; x_wconf 86' lang='lat' dir='ltr'><strong>mysteria</strong></span> <span class='ocrx_word' id='word_1_318' title='bbox 2854 1532 3052 1587; x_wconf 85' lang='lat' dir='ltr'><strong>ibidem</strong></span> <span class='ocrx_word' id='word_1_319' title='bbox 3105 1530 3380 1587; x_wconf 80' lang='lat' dir='ltr'><strong>celebrata</strong></span> 
     </span>
    </p>
   </div>
   <div class='ocr_carea' id='block_1_45' title="bbox 1795 1612 3395 1698">
    <p class='ocr_par' dir='ltr' id='par_1_45' title="bbox 1795 1612 3395 1698">
     <span class='ocr_line' id='line_1_45' title="bbox 1795 1612 3395 1698; baseline -0.008 -12"><span class='ocrx_word' id='word_1_320' title='bbox 1795 1628 1953 1686; x_wconf 91' lang='lat' dir='ltr'><strong>saluti</strong></span> <span class='ocrx_word' id='word_1_321' title='bbox 1980 1629 2097 1698; x_wconf 88' lang='lat' dir='ltr'><strong>ejus</strong></span> <span class='ocrx_word' id='word_1_322' title='bbox 2129 1625 2343 1681; x_wconf 88' lang='lat' dir='ltr'><strong>valeant</strong></span> <span class='ocrx_word' id='word_1_323' title='bbox 2386 1612 2713 1693; x_wconf 76' lang='lat' dir='ltr'><strong>suffragari;</strong></span> <span class='ocrx_word' id='word_1_324' title='bbox 2744 1634 2866 1677; x_wconf 90' lang='lat' dir='ltr'><strong>cum</strong></span> <span class='ocrx_word' id='word_1_325' title='bbox 2893 1636 3026 1678; x_wconf 90' lang='lat' dir='ltr'><strong>vero</strong></span> <span class='ocrx_word' id='word_1_326' title='bbox 3051 1619 3210 1689; x_wconf 87' lang='lat' dir='ltr'><strong>hujus</strong></span> <span class='ocrx_word' id='word_1_327' title='bbox 3252 1629 3395 1675; x_wconf 16' lang='lat' dir='ltr'><strong>leniat</strong></span> 
     </span>
    </p>
   </div>
   <div class='ocr_carea' id='block_1_46' title="bbox 1795 1712 3385 1794">
    <p class='ocr_par' dir='ltr' id='par_1_46' title="bbox 1795 1712 3385 1794">
     <span class='ocr_line' id='line_1_46' title="bbox 1795 1712 3385 1794; baseline -0.007 -17"><span class='ocrx_word' id='word_1_328' title='bbox 1795 1721 1998 1794; x_wconf 89' lang='lat' dir='ltr'><strong>poralis</strong></span> <span class='ocrx_word' id='word_1_329' title='bbox 2020 1722 2146 1776; x_wconf 65' lang='lat' dir='ltr'><strong>vitae</strong></span> <span class='ocrx_word' id='word_1_330' title='bbox 2165 1735 2380 1775; x_wconf 90' lang='lat' dir='ltr'><strong>cursum</strong></span> <span class='ocrx_word' id='word_1_331' title='bbox 2404 1717 2585 1772; x_wconf 89' lang='lat' dir='ltr'><strong>debito</strong></span> <span class='ocrx_word' id='word_1_332' title='bbox 2614 1718 2720 1770; x_wconf 85' lang='lat' dir='ltr'><strong>fine</strong></span> <span class='ocrx_word' id='word_1_333' title='bbox 2747 1713 3119 1784; x_wconf 88' lang='lat' dir='ltr'><strong>compleverit,</strong></span> <span class='ocrx_word' id='word_1_334' title='bbox 3143 1712 3385 1783; x_wconf 77' lang='lat' dir='ltr'><strong>exceptis</strong></span> 
     </span>
    </p>
   </div>
   <div class='ocr_carea' id='block_1_47' title="bbox 1793 1805 3381 1884">
    <p class='ocr_par' dir='ltr' id='par_1_47' title="bbox 1793 1805 3381 1884">
     <span class='ocr_line' id='line_1_47' title="bbox 1793 1805 3381 1884; baseline -0.008 -11"><span class='ocrx_word' id='word_1_335' title='bbox 1793 1817 2028 1883; x_wconf 85' lang='lat' dir='ltr'><strong>ciliciis,</strong></span> <span class='ocrx_word' id='word_1_336' title='bbox 2082 1816 2267 1872; x_wconf 88' lang='lat' dir='ltr'><strong>missis</strong></span> <span class='ocrx_word' id='word_1_337' title='bbox 2315 1822 2477 1884; x_wconf 92' lang='lat' dir='ltr'><strong>atque</strong></span> <span class='ocrx_word' id='word_1_338' title='bbox 2529 1810 2909 1881; x_wconf 88' lang='lat' dir='ltr'><strong>eleemosynis,</strong></span> <span class='ocrx_word' id='word_1_339' title='bbox 2964 1823 3084 1879; x_wconf 81' lang='lat' dir='ltr'><strong>quae</strong></span> <span class='ocrx_word' id='word_1_340' title='bbox 3136 1821 3235 1877; x_wconf 91' lang='lat' dir='ltr'><strong>pro</strong></span> <span class='ocrx_word' id='word_1_341' title='bbox 3290 1805 3381 1861; x_wconf 88' lang='lat' dir='ltr'><strong>illo</strong></span> 
     </span>
    </p>
   </div>
   <div class='ocr_carea' id='block_1_48' title="bbox 1794 1896 3382 1978">
    <p class='ocr_par' dir='ltr' id='par_1_48' title="bbox 1794 1896 3382 1978">
     <span class='ocr_line' id='line_1_48' title="bbox 1794 1896 3382 1978; baseline -0.008 -16"><span class='ocrx_word' id='word_1_342' title='bbox 1794 1909 2003 1978; x_wconf 78' lang='lat' dir='ltr'><strong>agenda</strong></span> <span class='ocrx_word' id='word_1_343' title='bbox 2033 1915 2183 1972; x_wconf 90' lang='lat' dir='ltr'><strong>sunt,</strong></span> <span class='ocrx_word' id='word_1_344' title='bbox 2223 1920 2333 1960; x_wconf 85' lang='lat' dir='ltr'><strong>uno</strong></span> <span class='ocrx_word' id='word_1_345' title='bbox 2364 1918 2507 1959; x_wconf 88' lang='lat' dir='ltr'><strong>anno</strong></span> <span class='ocrx_word' id='word_1_346' title='bbox 2552 1903 2606 1957; x_wconf 87' lang='lat' dir='ltr'><strong>in</strong></span> <span class='ocrx_word' id='word_1_347' title='bbox 2642 1900 2957 1970; x_wconf 86' lang='lat' dir='ltr'><strong>supradicto</strong></span> <span class='ocrx_word' id='word_1_348' title='bbox 3007 1897 3167 1953; x_wconf 88' lang='lat' dir='ltr'><strong>altari</strong></span> <span class='ocrx_word' id='word_1_349' title='bbox 3216 1896 3382 1952; x_wconf 86' lang='lat' dir='ltr'><strong>missa</strong></span> 
     </span>
    </p>
   </div>
   <div class='ocr_carea' id='block_1_49' title="bbox 1795 1988 3385 2071">
    <p class='ocr_par' dir='ltr' id='par_1_49' title="bbox 1795 1988 3385 2071">
     <span class='ocr_line' id='line_1_49' title="bbox 1795 1988 3385 2071; baseline -0.009 -16"><span class='ocrx_word' id='word_1_350' title='bbox 1795 1999 2107 2071; x_wconf 88' lang='lat' dir='ltr'><strong>specialiter</strong></span> <span class='ocrx_word' id='word_1_351' title='bbox 2136 2013 2233 2068; x_wconf 93' lang='lat' dir='ltr'><strong>pro</strong></span> <span class='ocrx_word' id='word_1_352' title='bbox 2277 1996 2369 2051; x_wconf 85' lang='lat' dir='ltr'><strong>illo</strong></span> <span class='ocrx_word' id='word_1_353' title='bbox 2413 2003 2659 2050; x_wconf 87' lang='lat' dir='ltr'><strong>canatur.</strong></span> <span class='ocrx_word' id='word_1_354' title='bbox 2694 2012 2714 2046; x_wconf 72' lang='grc' dir='ltr'><strong><em>ι</em></strong></span> <span class='ocrx_word' id='word_1_355' title='bbox 2757 1991 2964 2048; x_wconf 91' lang='lat' dir='ltr'><strong>Omitto</strong></span> <span class='ocrx_word' id='word_1_356' title='bbox 2995 2004 3115 2060; x_wconf 70' lang='lat' dir='ltr'><strong>qua:</strong></span> <span class='ocrx_word' id='word_1_357' title='bbox 3142 1989 3195 2043; x_wconf 88' lang='lat' dir='ltr'><strong>in</strong></span> <span class='ocrx_word' id='word_1_358' title='bbox 3227 1988 3385 2042; x_wconf 81' lang='lat' dir='ltr'><strong>anni-</strong></span> 
     </span>
    </p>
   </div>
   <div class='ocr_carea' id='block_1_50' title="bbox 1791 2077 3385 2156">
    <p class='ocr_par' dir='ltr' id='par_1_50' title="bbox 1791 2077 3385 2156">
     <span class='ocr_line' id='line_1_50' title="bbox 1791 2077 3385 2156; baseline -0.009 -11"><span class='ocrx_word' id='word_1_359' title='bbox 1791 2089 2034 2145; x_wconf 84' lang='lat' dir='ltr'><strong>versaria</strong></span> <span class='ocrx_word' id='word_1_360' title='bbox 2066 2088 2153 2143; x_wconf 89' lang='lat' dir='ltr'><strong>die</strong></span> <span class='ocrx_word' id='word_1_361' title='bbox 2186 2087 2377 2156; x_wconf 87' lang='lat' dir='ltr'><strong>ipsius,</strong></span> <span class='ocrx_word' id='word_1_362' title='bbox 2414 2103 2432 2135; x_wconf 80' lang='grc'><strong><em>‹</em></strong></span> <span class='ocrx_word' id='word_1_363' title='bbox 2467 2084 2611 2139; x_wconf 88' lang='lat' dir='ltr'><strong>sicut</strong></span> <span class='ocrx_word' id='word_1_364' title='bbox 2652 2098 2752 2153; x_wconf 86' lang='lat' dir='ltr'><strong>pro</strong></span> <span class='ocrx_word' id='word_1_365' title='bbox 2778 2081 2978 2137; x_wconf 91' lang='lat' dir='ltr'><strong>domno</strong></span> <span class='ocrx_word' id='word_1_366' title='bbox 3013 2078 3248 2135; x_wconf 80' lang='lat' dir='ltr'><strong>Henrico</strong></span> <span class='ocrx_word' id='word_1_367' title='bbox 3277 2077 3385 2133; x_wconf 80' lang='lat' dir='ltr'><strong>int-</strong></span> 
     </span>
    </p>
   </div>
   <div class='ocr_carea' id='block_1_51' title="bbox 1793 2176 3387 2252">
    <p class='ocr_par' dir='ltr' id='par_1_51' title="bbox 1793 2176 3387 2252">
     <span class='ocr_line' id='line_1_51' title="bbox 1793 2176 3387 2252; baseline -0.004 -15"><span class='ocrx_word' id='word_1_368' title='bbox 1793 2191 2049 2252; x_wconf 81' lang='lat' dir='ltr'><strong>peratore</strong></span> <span class='ocrx_word' id='word_1_369' title='bbox 2075 2180 2342 2251; x_wconf 82' lang='lat' dir='ltr'><strong>Augusto,</strong></span> <span class='ocrx_word' id='word_1_370' title='bbox 2374 2198 2394 2232; x_wconf 70' lang='grc' dir='ltr'><strong>ι</strong></span> <span class='ocrx_word' id='word_1_371' title='bbox 2426 2176 2667 2235; x_wconf 83' lang='lat' dir='ltr'><strong>secundo</strong></span> <span class='ocrx_word' id='word_1_372' title='bbox 2696 2177 2964 2242; x_wconf 87' lang='lat' dir='ltr'><strong>videlicet,</strong></span> <span class='ocrx_word' id='word_1_373' title='bbox 3009 2176 3216 2247; x_wconf 87' lang='lat' dir='ltr'><strong>agenda</strong></span> <span class='ocrx_word' id='word_1_374' title='bbox 3249 2188 3387 2245; x_wconf 72' lang='lat' dir='ltr'><strong>prte-</strong></span> 
     </span>
    </p>
   </div>
   <div class='ocr_carea' id='block_1_52' title="bbox 1791 2264 3383 2337">
    <p class='ocr_par' dir='ltr' id='par_1_52' title="bbox 1791 2264 3383 2337">
     <span class='ocr_line' id='line_1_52' title="bbox 1791 2264 3383 2337; baseline -0.006 -9"><span class='ocrx_word' id='word_1_375' title='bbox 1791 2272 2001 2337; x_wconf 83' lang='lat' dir='ltr'><strong>scribit,</strong></span> <span class='ocrx_word' id='word_1_376' title='bbox 2045 2288 2066 2322; x_wconf 71' lang='lat' dir='ltr'><strong>t</strong></span> <span class='ocrx_word' id='word_1_377' title='bbox 2117 2270 2170 2323; x_wconf 92' lang='lat' dir='ltr'><strong>in</strong></span> <span class='ocrx_word' id='word_1_378' title='bbox 2211 2269 2465 2323; x_wconf 80' lang='lat' dir='ltr'><strong>omnibus</strong></span> <span class='ocrx_word' id='word_1_379' title='bbox 2518 2275 2568 2323; x_wconf 89' lang='lat' dir='ltr'><strong>et</strong></span> <span class='ocrx_word' id='word_1_380' title='bbox 2636 2266 2875 2335; x_wconf 80' lang='lat' dir='ltr'><strong>reginam</strong></span> <span class='ocrx_word' id='word_1_381' title='bbox 2929 2266 3046 2333; x_wconf 84' lang='lat' dir='ltr'><strong>ejus</strong></span> <span class='ocrx_word' id='word_1_382' title='bbox 3098 2264 3383 2335; x_wconf 86' lang='lat' dir='ltr'><strong>conjugern</strong></span> 
     </span>
    </p>
   </div>
   <div class='ocr_carea' id='block_1_53' title="bbox 1791 2358 3387 2428">
    <p class='ocr_par' dir='ltr' id='par_1_53' title="bbox 1791 2358 3387 2428">
     <span class='ocr_line' id='line_1_53' title="bbox 1791 2358 3387 2428; baseline -0.005 -9"><span class='ocrx_word' id='word_1_383' title='bbox 1791 2363 2199 2419; x_wconf 82' lang='lat' dir='ltr'><strong>devotissimam</strong></span> <span class='ocrx_word' id='word_1_384' title='bbox 2234 2360 2417 2416; x_wconf 84' lang='lat' dir='ltr'><strong>volens</strong></span> <span class='ocrx_word' id='word_1_385' title='bbox 2450 2360 2565 2413; x_wconf 88' lang='lat' dir='ltr'><strong>ﬁeri</strong></span> <span class='ocrx_word' id='word_1_386' title='bbox 2599 2359 2923 2428; x_wconf 87' lang='lat' dir='ltr'><strong>participem</strong></span> <span class='ocrx_word' id='word_1_387' title='bbox 2972 2367 3029 2413; x_wconf 91' lang='lat' dir='ltr'><strong>et</strong></span> <span class='ocrx_word' id='word_1_388' title='bbox 3065 2358 3387 2412; x_wconf 80' lang='lat' dir='ltr'><strong>anniversa-</strong></span> 
     </span>
    </p>
   </div>
   <div class='ocr_carea' id='block_1_54' title="bbox 1793 2451 3384 2523">
    <p class='ocr_par' dir='ltr' id='par_1_54' title="bbox 1793 2451 3384 2523">
     <span class='ocr_line' id='line_1_54' title="bbox 1793 2451 3384 2523; baseline -0.002 -14"><span class='ocrx_word' id='word_1_389' title='bbox 1793 2456 1934 2510; x_wconf 89' lang='lat' dir='ltr'><strong>rium</strong></span> <span class='ocrx_word' id='word_1_390' title='bbox 1958 2454 2074 2523; x_wconf 90' lang='lat' dir='ltr'><strong>ejus</strong></span> <span class='ocrx_word' id='word_1_391' title='bbox 2110 2455 2249 2510; x_wconf 89' lang='lat' dir='ltr'><strong>sicut</strong></span> <span class='ocrx_word' id='word_1_392' title='bbox 2278 2451 2639 2523; x_wconf 88' lang='lat' dir='ltr'><strong>imperatricis</strong></span> <span class='ocrx_word' id='word_1_393' title='bbox 2664 2451 2889 2521; x_wconf 79' lang='lat' dir='ltr'><strong>Agnetis</strong></span> <span class='ocrx_word' id='word_1_394' title='bbox 2919 2452 3026 2521; x_wconf 82' lang='lat' dir='ltr'><strong>agi.</strong></span> <span class='ocrx_word' id='word_1_395' title='bbox 3064 2470 3082 2503; x_wconf 86' lang='grc'><strong>›</strong></span> <span class='ocrx_word' id='word_1_396' title='bbox 3112 2451 3242 2521; x_wconf 89' lang='lat' dir='ltr'><strong>Legi</strong></span> <span class='ocrx_word' id='word_1_397' title='bbox 3274 2452 3384 2507; x_wconf 89' lang='lat' dir='ltr'><strong>sin-</strong></span> 
     </span>
    </p>
   </div>
   <div class='ocr_carea' id='block_1_55' title="bbox 1794 2541 3379 2616">
    <p class='ocr_par' dir='ltr' id='par_1_55' title="bbox 1794 2541 3379 2616">
     <span class='ocr_line' id='line_1_55' title="bbox 1794 2541 3379 2616; baseline -0.003 -15"><span class='ocrx_word' id='word_1_398' title='bbox 1794 2547 1921 2616; x_wconf 87' lang='lat' dir='ltr'><strong>gula</strong></span> <span class='ocrx_word' id='word_1_399' title='bbox 1952 2554 2178 2615; x_wconf 92' lang='lat' dir='ltr'><strong>possunt</strong></span> <span class='ocrx_word' id='word_1_400' title='bbox 2226 2545 2279 2599; x_wconf 90' lang='lat' dir='ltr'><strong>in</strong></span> <span class='ocrx_word' id='word_1_401' title='bbox 2327 2545 2456 2599; x_wconf 90' lang='lat' dir='ltr'><strong>dicti</strong></span> <span class='ocrx_word' id='word_1_402' title='bbox 2490 2542 2765 2615; x_wconf 83' lang='lat' dir='ltr'><strong>Spicilegii</strong></span> <span class='ocrx_word' id='word_1_403' title='bbox 2810 2541 3191 2610; x_wconf 83' lang='lat' dir='ltr'><strong>Miscellaneis,</strong></span> <span class='ocrx_word' id='word_1_404' title='bbox 3228 2558 3379 2597; x_wconf 76' lang='lat' dir='ltr'><strong>num.</strong></span> 
     </span>
    </p>
   </div>
   <div class='ocr_carea' id='block_1_56' title="bbox 1789 2630 3383 2704">
    <p class='ocr_par' dir='ltr' id='par_1_56' title="bbox 1789 2630 3383 2704">
     <span class='ocr_line' id='line_1_56' title="bbox 1789 2630 3383 2704; baseline -0.001 -15"><span class='ocrx_word' id='word_1_405' title='bbox 1789 2635 1890 2702; x_wconf 76' lang='lat'><strong>20;</strong></span> <span class='ocrx_word' id='word_1_406' title='bbox 1921 2636 2035 2691; x_wconf 70' lang='lat' dir='ltr'><strong>haec</strong></span> <span class='ocrx_word' id='word_1_407' title='bbox 2064 2634 2209 2689; x_wconf 90' lang='lat' dir='ltr'><strong>enim</strong></span> <span class='ocrx_word' id='word_1_408' title='bbox 2235 2630 2370 2689; x_wconf 84' lang='lat' dir='ltr'><strong>satis</strong></span> <span class='ocrx_word' id='word_1_409' title='bbox 2396 2643 2545 2698; x_wconf 92' lang='lat' dir='ltr'><strong>sunt,</strong></span> <span class='ocrx_word' id='word_1_410' title='bbox 2570 2642 2628 2687; x_wconf 88' lang='lat' dir='ltr'><strong>ut</strong></span> <span class='ocrx_word' id='word_1_411' title='bbox 2651 2632 2897 2703; x_wconf 84' lang='lat' dir='ltr'><strong>Hugonis</strong></span> <span class='ocrx_word' id='word_1_412' title='bbox 2917 2646 3045 2704; x_wconf 83' lang='lat' dir='ltr'><strong>erga</strong></span> <span class='ocrx_word' id='word_1_413' title='bbox 3061 2648 3189 2689; x_wconf 85' lang='lat' dir='ltr'><strong>suos</strong></span> <span class='ocrx_word' id='word_1_414' title='bbox 3216 2632 3383 2688; x_wconf 85' lang='lat' dir='ltr'><strong>bene-</strong></span> 
     </span>
    </p>
   </div>
   <div class='ocr_carea' id='block_1_57' title="bbox 1790 2726 2726 2799">
    <p class='ocr_par' dir='ltr' id='par_1_57' title="bbox 1790 2726 2726 2799">
     <span class='ocr_line' id='line_1_57' title="bbox 1790 2726 2726 2799; baseline -0.002 -18"><span class='ocrx_word' id='word_1_415' title='bbox 1790 2726 2028 2783; x_wconf 82' lang='lat' dir='ltr'><strong>factores</strong></span> <span class='ocrx_word' id='word_1_416' title='bbox 2050 2726 2322 2799; x_wconf 83' lang='lat' dir='ltr'><strong>gratitude</strong></span> <span class='ocrx_word' id='word_1_417' title='bbox 2349 2734 2726 2794; x_wconf 85' lang='lat' dir='ltr'><strong>cognoscatur.</strong></span> 
     </span>
    </p>
   </div>
   <div class='ocr_carea' id='block_1_58' title="bbox 1862 2816 3382 2887">
    <p class='ocr_par' dir='ltr' id='par_1_58' title="bbox 1862 2816 3382 2887">
     <span class='ocr_line' id='line_1_58' title="bbox 1862 2816 3382 2887; baseline 0 -15"><span class='ocrx_word' id='word_1_418' title='bbox 1862 2818 1949 2872; x_wconf 74' lang='grc'><strong>12.</strong></span> <span class='ocrx_word' id='word_1_419' title='bbox 1992 2818 2234 2873; x_wconf 89' lang='lat' dir='ltr'><strong>Transeo</strong></span> <span class='ocrx_word' id='word_1_420' title='bbox 2273 2817 2340 2873; x_wconf 87' lang='lat' dir='ltr'><strong>ad</strong></span> <span class='ocrx_word' id='word_1_421' title='bbox 2398 2817 2670 2887; x_wconf 86' lang='lat' dir='ltr'><strong>principes</strong></span> <span class='ocrx_word' id='word_1_422' title='bbox 2725 2816 2982 2872; x_wconf 61' lang='lat' dir='ltr'><strong>secundi“</strong></span> <span class='ocrx_word' id='word_1_423' title='bbox 3038 2816 3264 2882; x_wconf 90' lang='lat' dir='ltr'><strong>ordinis,</strong></span> <span class='ocrx_word' id='word_1_424' title='bbox 3326 2817 3382 2872; x_wconf 70' lang='lat' dir='ltr'><strong>in</strong></span> 
     </span>
    </p>
   </div>
   <div class='ocr_carea' id='block_1_59' title="bbox 1789 2908 3377 2981">
    <p class='ocr_par' dir='ltr' id='par_1_59' title="bbox 1789 2908 3377 2981">
     <span class='ocr_line' id='line_1_59' title="bbox 1789 2908 3377 2981; baseline -0.001 -15"><span class='ocrx_word' id='word_1_425' title='bbox 1789 2911 1986 2981; x_wconf 92' lang='lat' dir='ltr'><strong>quibus</strong></span> <span class='ocrx_word' id='word_1_426' title='bbox 2020 2929 2038 2962; x_wconf 86' lang='grc'><strong>‹</strong></span> <span class='ocrx_word' id='word_1_427' title='bbox 2081 2909 2447 2975; x_wconf 81' lang='lat' dir='ltr'><strong>Tlteobaldus,</strong></span> <span class='ocrx_word' id='word_1_428' title='bbox 2482 2910 2574 2965; x_wconf 90' lang='lat' dir='ltr'><strong>Dei</strong></span> <span class='ocrx_word' id='word_1_429' title='bbox 2603 2908 2777 2981; x_wconf 89' lang='lat' dir='ltr'><strong>gratia</strong></span> <span class='ocrx_word' id='word_1_430' title='bbox 2805 2908 3141 2965; x_wconf 84' lang='lat' dir='ltr'><strong>Francorum</strong></span> <span class='ocrx_word' id='word_1_431' title='bbox 3174 2925 3377 2975; x_wconf 84' lang='lat' dir='ltr'><strong>comes,</strong></span> 
     </span>
    </p>
   </div>
   <div class='ocr_carea' id='block_1_60' title="bbox 1789 3001 3383 3073">
    <p class='ocr_par' dir='ltr' id='par_1_60' title="bbox 1789 3001 3383 3073">
     <span class='ocr_line' id='line_1_60' title="bbox 1789 3001 3383 3073; baseline -0.001 -15"><span class='ocrx_word' id='word_1_432' title='bbox 1789 3013 1843 3058; x_wconf 89' lang='lat' dir='ltr'><strong>et</strong></span> <span class='ocrx_word' id='word_1_433' title='bbox 1871 3018 2007 3057; x_wconf 82' lang='lat' dir='ltr'><strong>uxor</strong></span> <span class='ocrx_word' id='word_1_434' title='bbox 2037 3003 2153 3073; x_wconf 88' lang='lat' dir='ltr'><strong>ejus</strong></span> <span class='ocrx_word' id='word_1_435' title='bbox 2196 3002 2471 3057; x_wconf 79' lang='lat' dir='ltr'><strong>Adelaidis</strong></span> <span class='ocrx_word' id='word_1_436' title='bbox 2510 3039 2527 3056; x_wconf 96' lang='lat'><strong>.</strong></span> <span class='ocrx_word' id='word_1_437' title='bbox 2554 3039 2570 3055; x_wconf 94' lang='lat'><strong>.</strong></span> <span class='ocrx_word' id='word_1_438' title='bbox 2602 3040 2617 3055; x_wconf 94' lang='lat'><strong>.</strong></span> <span class='ocrx_word' id='word_1_439' title='bbox 2650 3039 2666 3055; x_wconf 95' lang='lat'><strong>.</strong></span> <span class='ocrx_word' id='word_1_440' title='bbox 2706 3001 3014 3057; x_wconf 86' lang='lat' dir='ltr'><strong>sanctitatis</strong></span> <span class='ocrx_word' id='word_1_441' title='bbox 3053 3010 3107 3055; x_wconf 90' lang='lat' dir='ltr'><strong>et</strong></span> <span class='ocrx_word' id='word_1_442' title='bbox 3158 3001 3383 3072; x_wconf 89' lang='lat' dir='ltr'><strong>religio-</strong></span> 
     </span>
    </p>
   </div>
   <div class='ocr_carea' id='block_1_61' title="bbox 116 3090 3380 3190">
    <p class='ocr_par' dir='ltr' id='par_1_61' title="bbox 116 3090 3380 3190">
     <span class='ocr_line' id='line_1_61' title="bbox 116 3090 3380 3190; baseline 0.002 -45"><span class='ocrx_word' id='word_1_443' title='bbox 116 3090 370 3159; x_wconf 90' lang='lat' dir='ltr'><strong>obtinere,</strong></span> <span class='ocrx_word' id='word_1_444' title='bbox 403 3102 649 3149; x_wconf 77' lang='lat' dir='ltr'><strong>extrema</strong></span> <span class='ocrx_word' id='word_1_445' title='bbox 677 3090 958 3149; x_wconf 85' lang='lat' dir='ltr'><strong>voluntate</strong></span> <span class='ocrx_word' id='word_1_446' title='bbox 986 3093 1271 3157; x_wconf 89' lang='lat' dir='ltr'><strong>mandans,</strong></span> <span class='ocrx_word' id='word_1_447' title='bbox 1303 3104 1361 3147; x_wconf 92' lang='lat' dir='ltr'><strong>ut</strong></span> <span class='ocrx_word' id='word_1_448' title='bbox 1398 3092 1449 3145; x_wconf 94' lang='lat' dir='ltr'><strong>in</strong></span> <span class='ocrx_word' id='word_1_449' title='bbox 1484 3091 1689 3147; x_wconf 88' lang='lat' dir='ltr'><strong>Floria-</strong></span> <span class='ocrx_word' id='word_1_450' title='bbox 1718 3128 1765 3190; x_wconf 66' lang='grc' dir='ltr'><strong>Ο</strong></span> <span class='ocrx_word' id='word_1_451' title='bbox 1797 3097 1901 3161; x_wconf 89' lang='lat' dir='ltr'><strong>nis,</strong></span> <span class='ocrx_word' id='word_1_452' title='bbox 1935 3111 2056 3165; x_wconf 67' lang='lat' dir='ltr'><strong>qua:</strong></span> <span class='ocrx_word' id='word_1_453' title='bbox 2098 3109 2266 3166; x_wconf 88' lang='lat' dir='ltr'><strong>penes</strong></span> <span class='ocrx_word' id='word_1_454' title='bbox 2289 3094 2647 3151; x_wconf 86' lang='lat' dir='ltr'><strong>Cluniacense</strong></span> <span class='ocrx_word' id='word_1_455' title='bbox 2675 3094 2965 3166; x_wconf 74' lang='lat' dir='ltr'><strong>collegium</strong></span> <span class='ocrx_word' id='word_1_456' title='bbox 2995 3093 3175 3150; x_wconf 83' lang='lat' dir='ltr'><strong>divina</strong></span> <span class='ocrx_word' id='word_1_457' title='bbox 3202 3097 3380 3166; x_wconf 83' lang='lat' dir='ltr'><strong>gratia</strong></span> 
     </span>
    </p>
   </div>
   <div class='ocr_carea' id='block_1_62' title="bbox 115 3183 1689 3243">
    <p class='ocr_par' dir='ltr' id='par_1_62' title="bbox 115 3183 1689 3243">
     <span class='ocr_line' id='line_1_62' title="bbox 115 3183 1689 3243; baseline 0 -4"><span class='ocrx_word' id='word_1_458' title='bbox 115 3187 245 3242; x_wconf 86' lang='lat' dir='ltr'><strong>censi</strong></span> <span class='ocrx_word' id='word_1_459' title='bbox 269 3185 550 3243; x_wconf 86' lang='lat' dir='ltr'><strong>Benedicti</strong></span> <span class='ocrx_word' id='word_1_460' title='bbox 577 3185 788 3242; x_wconf 90' lang='lat' dir='ltr'><strong>ordinis</strong></span> <span class='ocrx_word' id='word_1_461' title='bbox 813 3184 1063 3241; x_wconf 82' lang='lat' dir='ltr'><strong>ctenobio</strong></span> <span class='ocrx_word' id='word_1_462' title='bbox 1098 3184 1478 3238; x_wconf 88' lang='lat' dir='ltr'><strong>tnmularetur.</strong></span> <span class='ocrx_word' id='word_1_463' title='bbox 1526 3183 1689 3239; x_wconf 87' lang='lat' dir='ltr'><strong>Alde-</strong></span> 
     </span>
    </p>
   </div>
   <div class='ocr_carea' id='block_1_63' title="bbox 110 3271 1692 3345">
    <p class='ocr_par' dir='ltr' id='par_1_63' title="bbox 110 3271 1692 3345">
     <span class='ocr_line' id='line_1_63' title="bbox 110 3271 1692 3345; baseline 0.001 -16"><span class='ocrx_word' id='word_1_464' title='bbox 110 3271 238 3332; x_wconf 70' lang='lat' dir='ltr'><strong>tonsi</strong></span> <span class='ocrx_word' id='word_1_465' title='bbox 271 3276 659 3345; x_wconf 86' lang='lat' dir='ltr'><strong>Hispaniarum</strong></span> <span class='ocrx_word' id='word_1_466' title='bbox 712 3274 857 3345; x_wconf 89' lang='lat' dir='ltr'><strong>regis</strong></span> <span class='ocrx_word' id='word_1_467' title='bbox 911 3275 1017 3330; x_wconf 88' lang='lat' dir='ltr'><strong>hoc</strong></span> <span class='ocrx_word' id='word_1_468' title='bbox 1060 3274 1280 3329; x_wconf 89' lang='lat' dir='ltr'><strong>nomine</strong></span> <span class='ocrx_word' id='word_1_469' title='bbox 1312 3274 1396 3340; x_wconf 87' lang='lat' dir='ltr'><strong>Vl,</strong></span> <span class='ocrx_word' id='word_1_470' title='bbox 1432 3283 1492 3330; x_wconf 92' lang='lat' dir='ltr'><strong>ut</strong></span> <span class='ocrx_word' id='word_1_471' title='bbox 1530 3276 1692 3345; x_wconf 83' lang='lat' dir='ltr'><strong>regiae</strong></span> 
     </span>
    </p>
   </div>
   <div class='ocr_carea' id='block_1_64' title="bbox 113 3363 1690 3435">
    <p class='ocr_par' dir='ltr' id='par_1_64' title="bbox 113 3363 1690 3435">
     <span class='ocr_line' id='line_1_64' title="bbox 113 3363 1690 3435; baseline 0.001 -15"><span class='ocrx_word' id='word_1_472' title='bbox 113 3364 407 3421; x_wconf 87' lang='lat' dir='ltr'><strong>inﬁrmitati</strong></span> <span class='ocrx_word' id='word_1_473' title='bbox 464 3365 667 3435; x_wconf 90' lang='lat' dir='ltr'><strong>aptior,</strong></span> <span class='ocrx_word' id='word_1_474' title='bbox 716 3367 799 3421; x_wconf 89' lang='lat' dir='ltr'><strong>sie</strong></span> <span class='ocrx_word' id='word_1_475' title='bbox 836 3363 1109 3422; x_wconf 81' lang='lat' dir='ltr'><strong>efﬁcacior</strong></span> <span class='ocrx_word' id='word_1_476' title='bbox 1135 3364 1382 3420; x_wconf 77' lang='lat' dir='ltr'><strong>voluntas</strong></span> <span class='ocrx_word' id='word_1_477' title='bbox 1429 3366 1551 3421; x_wconf 88' lang='lat' dir='ltr'><strong>fuit.</strong></span> <span class='ocrx_word' id='word_1_478' title='bbox 1588 3366 1690 3421; x_wconf 91' lang='lat' dir='ltr'><strong>llic</strong></span> 
     </span>
    </p>
   </div>
   <div class='ocr_carea' id='block_1_65' title="bbox 112 3455 1689 3527">
    <p class='ocr_par' dir='ltr' id='par_1_65' title="bbox 112 3455 1689 3527">
     <span class='ocr_line' id='line_1_65' title="bbox 112 3455 1689 3527; baseline 0.003 -19"><span class='ocrx_word' id='word_1_479' title='bbox 112 3456 235 3525; x_wconf 80' lang='lat' dir='ltr'><strong>apud</strong></span> <span class='ocrx_word' id='word_1_480' title='bbox 287 3457 521 3512; x_wconf 76' lang='lat' dir='ltr'><strong>fratrem</strong></span> <span class='ocrx_word' id='word_1_481' title='bbox 574 3457 835 3513; x_wconf 88' lang='lat' dir='ltr'><strong>Sancium</strong></span> <span class='ocrx_word' id='word_1_482' title='bbox 885 3456 977 3512; x_wconf 92' lang='lat' dir='ltr'><strong>diu</strong></span> <span class='ocrx_word' id='word_1_483' title='bbox 1028 3458 1294 3527; x_wconf 83' lang='lat' dir='ltr'><strong>captivus,</strong></span> <span class='ocrx_word' id='word_1_484' title='bbox 1333 3455 1398 3511; x_wconf 86' lang='grc' dir='ltr'><strong>Β.</strong></span> <span class='ocrx_word' id='word_1_485' title='bbox 1448 3457 1689 3526; x_wconf 88' lang='lat' dir='ltr'><strong>llugonis</strong></span> 
     </span>
    </p>
   </div>
   <div class='ocr_carea' id='block_1_66' title="bbox 113 3547 1687 3619">
    <p class='ocr_par' dir='ltr' id='par_1_66' title="bbox 113 3547 1687 3619">
     <span class='ocr_line' id='line_1_66' title="bbox 113 3547 1687 3619; baseline 0.003 -20"><span class='ocrx_word' id='word_1_486' title='bbox 113 3556 255 3618; x_wconf 77' lang='lat' dir='ltr'><strong>atque</strong></span> <span class='ocrx_word' id='word_1_487' title='bbox 282 3547 730 3604; x_wconf 87' lang='lat' dir='ltr'><strong>Cluniacensium</strong></span> <span class='ocrx_word' id='word_1_488' title='bbox 763 3548 1159 3605; x_wconf 85' lang='lat' dir='ltr'><strong>monachorum</strong></span> <span class='ocrx_word' id='word_1_489' title='bbox 1198 3548 1450 3619; x_wconf 89' lang='lat' dir='ltr'><strong>precibus</strong></span> <span class='ocrx_word' id='word_1_490' title='bbox 1494 3548 1687 3615; x_wconf 85' lang='lat' dir='ltr'><strong>vitam,</strong></span> 
     </span>
    </p>
   </div>
   <div class='ocr_carea' id='block_1_67' title="bbox 109 3635 1688 3711">
    <p class='ocr_par' dir='ltr' id='par_1_67' title="bbox 109 3635 1688 3711">
     <span class='ocr_line' id='line_1_67' title="bbox 109 3635 1688 3711; baseline 0.002 -23"><span class='ocrx_word' id='word_1_491' title='bbox 109 3635 432 3703; x_wconf 76' lang='lat' dir='ltr'><strong>libertatem,</strong></span> <span class='ocrx_word' id='word_1_492' title='bbox 463 3654 691 3711; x_wconf 85' lang='lat' dir='ltr'><strong>regnum</strong></span> <span class='ocrx_word' id='word_1_493' title='bbox 719 3653 778 3694; x_wconf 92' lang='lat' dir='ltr'><strong>se</strong></span> <span class='ocrx_word' id='word_1_494' title='bbox 804 3638 1001 3694; x_wconf 88' lang='lat' dir='ltr'><strong>debere</strong></span> <span class='ocrx_word' id='word_1_495' title='bbox 1026 3639 1361 3703; x_wconf 81' lang='lat' dir='ltr'><strong>aestimabat;</strong></span> <span class='ocrx_word' id='word_1_496' title='bbox 1385 3652 1516 3709; x_wconf 87' lang='lat' dir='ltr'><strong>ergo</strong></span> <span class='ocrx_word' id='word_1_497' title='bbox 1540 3638 1688 3693; x_wconf 89' lang='lat' dir='ltr'><strong>circa</strong></span> 
     </span>
    </p>
   </div>
   <div class='ocr_carea' id='block_1_68' title="bbox 109 3728 1686 3799">
    <p class='ocr_par' dir='ltr' id='par_1_68' title="bbox 109 3728 1686 3799">
     <span class='ocr_line' id='line_1_68' title="bbox 109 3728 1686 3799; baseline 0.002 -18"><span class='ocrx_word' id='word_1_498' title='bbox 109 3744 291 3785; x_wconf 86' lang='lat' dir='ltr'><strong>annum</strong></span> <span class='ocrx_word' id='word_1_499' title='bbox 320 3731 471 3786; x_wconf 79' lang='grc'>1070</span> <span class='ocrx_word' id='word_1_500' title='bbox 513 3732 656 3786; x_wconf 88' lang='lat' dir='ltr'><strong>hanc</strong></span> <span class='ocrx_word' id='word_1_501' title='bbox 692 3729 761 3784; x_wconf 89' lang='lat' dir='ltr'><strong>ad</strong></span> <span class='ocrx_word' id='word_1_502' title='bbox 805 3744 927 3785; x_wconf 89' lang='lat' dir='ltr'><strong>eum</strong></span> <span class='ocrx_word' id='word_1_503' title='bbox 960 3728 1241 3799; x_wconf 88' lang='lat' dir='ltr'><strong>epistolam</strong></span> <span class='ocrx_word' id='word_1_504' title='bbox 1273 3728 1442 3792; x_wconf 83' lang='lat' dir='ltr'><strong>dedit,</strong></span> <span class='ocrx_word' id='word_1_505' title='bbox 1468 3743 1588 3798; x_wconf 76' lang='lat' dir='ltr'><strong>qua:</strong></span> <span class='ocrx_word' id='word_1_506' title='bbox 1619 3728 1686 3784; x_wconf 78' lang='lat' dir='ltr'><strong>l9</strong></span> 
     </span>
    </p>
   </div>
   <div class='ocr_carea' id='block_1_69' title="bbox 107 3818 1689 3891">
    <p class='ocr_par' dir='ltr' id='par_1_69' title="bbox 107 3818 1689 3891">
     <span class='ocr_line' id='line_1_69' title="bbox 107 3818 1689 3891; baseline 0.001 -18"><span class='ocrx_word' id='word_1_507' title='bbox 107 3821 405 3877; x_wconf 85' lang='lat' dir='ltr'><strong>occurritin</strong></span> <span class='ocrx_word' id='word_1_508' title='bbox 440 3821 804 3877; x_wconf 83' lang='lat' dir='ltr'><strong>Miscellaneis</strong></span> <span class='ocrx_word' id='word_1_509' title='bbox 828 3819 1102 3891; x_wconf 85' lang='lat' dir='ltr'><strong>Spieilegii</strong></span> <span class='ocrx_word' id='word_1_510' title='bbox 1129 3819 1421 3875; x_wconf 82' lang='lat' dir='ltr'><strong>Acheriani</strong></span> <span class='ocrx_word' id='word_1_511' title='bbox 1449 3819 1534 3883; x_wconf 84' lang='lat' dir='ltr'><strong>Vl,</strong></span> <span class='ocrx_word' id='word_1_512' title='bbox 1568 3818 1689 3889; x_wconf 85' lang='lat' dir='ltr'><strong>quae</strong></span> 
     </span>
    </p>
   </div>
   <div class='ocr_carea' id='block_1_70' title="bbox 110 3910 1688 3984">
    <p class='ocr_par' dir='ltr' id='par_1_70' title="bbox 110 3910 1688 3984">
     <span class='ocr_line' id='line_1_70' title="bbox 110 3910 1688 3984; baseline 0.001 -20"><span class='ocrx_word' id='word_1_513' title='bbox 110 3929 127 3960; x_wconf 70' lang='grc' dir='ltr'><strong><em>ι</em></strong></span> <span class='ocrx_word' id='word_1_514' title='bbox 155 3910 363 3984; x_wconf 83' lang='lat' dir='ltr'><strong>Hugoni</strong></span> <span class='ocrx_word' id='word_1_515' title='bbox 402 3912 698 3969; x_wconf 86' lang='lat' dir='ltr'><strong>venerabili</strong></span> <span class='ocrx_word' id='word_1_516' title='bbox 729 3920 786 3967; x_wconf 91' lang='lat' dir='ltr'><strong>et</strong></span> <span class='ocrx_word' id='word_1_517' title='bbox 828 3910 1289 3967; x_wconf 76' lang='lat' dir='ltr'><strong>excellentissimo</strong></span> <span class='ocrx_word' id='word_1_518' title='bbox 1328 3911 1508 3966; x_wconf 87' lang='lat' dir='ltr'><strong>abbati</strong></span> <span class='ocrx_word' id='word_1_519' title='bbox 1558 3911 1688 3966; x_wconf 87' lang='lat' dir='ltr'><strong>Clu-</strong></span> 
     </span>
    </p>
   </div>
   <div class='ocr_carea' id='block_1_71' title="bbox 107 3999 1688 4067">
    <p class='ocr_par' dir='ltr' id='par_1_71' title="bbox 107 3999 1688 4067">
     <span class='ocr_line' id='line_1_71' title="bbox 107 3999 1688 4067; baseline 0.001 -14"><span class='ocrx_word' id='word_1_520' title='bbox 107 4000 457 4067; x_wconf 81' lang='lat' dir='ltr'><strong>niacensium,</strong></span> <span class='ocrx_word' id='word_1_521' title='bbox 503 4002 767 4056; x_wconf 83' lang='lat' dir='ltr'><strong>virtutum</strong></span> <span class='ocrx_word' id='word_1_522' title='bbox 798 3999 1025 4056; x_wconf 84' lang='lat' dir='ltr'><strong>ﬁoribus</strong></span> <span class='ocrx_word' id='word_1_523' title='bbox 1071 4000 1243 4066; x_wconf 91' lang='lat' dir='ltr'><strong>claro,</strong></span> <span class='ocrx_word' id='word_1_524' title='bbox 1277 4000 1466 4056; x_wconf 83' lang='lat' dir='ltr'><strong>fomite</strong></span> <span class='ocrx_word' id='word_1_525' title='bbox 1518 4001 1688 4055; x_wconf 85' lang='lat' dir='ltr'><strong>virtu-</strong></span> 
     </span>
    </p>
   </div>
   <div class='ocr_carea' id='block_1_72' title="bbox 110 4089 1687 4158">
    <p class='ocr_par' dir='ltr' id='par_1_72' title="bbox 110 4089 1687 4158">
     <span class='ocr_line' id='line_1_72' title="bbox 110 4089 1687 4158; baseline 0.004 -16"><span class='ocrx_word' id='word_1_526' title='bbox 110 4097 205 4144; x_wconf 92' lang='lat' dir='ltr'><strong>tu.n</strong></span> <span class='ocrx_word' id='word_1_527' title='bbox 232 4093 475 4158; x_wconf 86' lang='lat' dir='ltr'><strong>suﬁ&#39;ulto,</strong></span> <span class='ocrx_word' id='word_1_528' title='bbox 498 4100 665 4155; x_wconf 76' lang='lat' dir='ltr'><strong>atque</strong></span> <span class='ocrx_word' id='word_1_529' title='bbox 689 4102 901 4148; x_wconf 76' lang='lat' dir='ltr'><strong>cuncta:</strong></span> <span class='ocrx_word' id='word_1_530' title='bbox 950 4090 1254 4147; x_wconf 89' lang='lat' dir='ltr'><strong>dulcedinis</strong></span> <span class='ocrx_word' id='word_1_531' title='bbox 1305 4089 1560 4147; x_wconf 88' lang='lat' dir='ltr'><strong>melliﬁno</strong></span> <span class='ocrx_word' id='word_1_532' title='bbox 1596 4107 1687 4148; x_wconf 88' lang='lat' dir='ltr'><strong>se-</strong></span> 
     </span>
    </p>
   </div>
   <div class='ocr_carea' id='block_1_73' title="bbox 108 4178 1684 4250">
    <p class='ocr_par' dir='ltr' id='par_1_73' title="bbox 108 4178 1684 4250">
     <span class='ocr_line' id='line_1_73' title="bbox 108 4178 1684 4250; baseline 0.001 -19"><span class='ocrx_word' id='word_1_533' title='bbox 108 4178 253 4245; x_wconf 88' lang='lat' dir='ltr'><strong>niori,</strong></span> <span class='ocrx_word' id='word_1_534' title='bbox 286 4219 303 4235; x_wconf 93' lang='lat'><strong>.</strong></span> <span class='ocrx_word' id='word_1_535' title='bbox 325 4220 340 4237; x_wconf 99' lang='lat'><strong>.</strong></span> <span class='ocrx_word' id='word_1_536' title='bbox 364 4219 386 4237; x_wconf 85' lang='lat'><strong>.</strong></span> <span class='ocrx_word' id='word_1_537' title='bbox 414 4219 431 4236; x_wconf 94' lang='lat'><strong>.</strong></span> <span class='ocrx_word' id='word_1_538' title='bbox 470 4196 572 4237; x_wconf 86' lang='lat' dir='ltr'><strong>nec</strong></span> <span class='ocrx_word' id='word_1_539' title='bbox 606 4196 711 4236; x_wconf 88' lang='lat' dir='ltr'><strong>non</strong></span> <span class='ocrx_word' id='word_1_540' title='bbox 749 4189 962 4236; x_wconf 66' lang='lat' dir='ltr'><strong>cuncta:</strong></span> <span class='ocrx_word' id='word_1_541' title='bbox 1001 4178 1354 4233; x_wconf 71' lang='lat' dir='ltr'><strong>nobilissima:</strong></span> <span class='ocrx_word' id='word_1_542' title='bbox 1382 4195 1684 4250; x_wconf 71' lang='lat' dir='ltr'><strong>congrega-</strong></span> 
     </span>
    </p>
   </div>
   <div class='ocr_carea' id='block_1_74' title="bbox 107 4272 1687 4344">
    <p class='ocr_par' dir='ltr' id='par_1_74' title="bbox 107 4272 1687 4344">
     <span class='ocr_line' id='line_1_74' title="bbox 107 4272 1687 4344; baseline 0.001 -18"><span class='ocrx_word' id='word_1_543' title='bbox 107 4272 227 4328; x_wconf 75' lang='lat' dir='ltr'><strong>tioni</strong></span> <span class='ocrx_word' id='word_1_544' title='bbox 273 4274 425 4331; x_wconf 89' lang='lat' dir='ltr'><strong>Petri</strong></span> <span class='ocrx_word' id='word_1_545' title='bbox 472 4283 527 4330; x_wconf 90' lang='lat' dir='ltr'><strong>et</strong></span> <span class='ocrx_word' id='word_1_546' title='bbox 559 4272 746 4339; x_wconf 89' lang='lat' dir='ltr'><strong>Pauli,</strong></span> <span class='ocrx_word' id='word_1_547' title='bbox 792 4274 907 4344; x_wconf 91' lang='lat' dir='ltr'><strong>ipse</strong></span> <span class='ocrx_word' id='word_1_548' title='bbox 951 4272 1320 4340; x_wconf 85' lang='lat' dir='ltr'><strong>Aldefonsus,</strong></span> <span class='ocrx_word' id='word_1_549' title='bbox 1371 4273 1543 4343; x_wconf 87' lang='lat' dir='ltr'><strong>gratia</strong></span> <span class='ocrx_word' id='word_1_550' title='bbox 1588 4272 1687 4328; x_wconf 89' lang='lat' dir='ltr'><strong>Dei</strong></span> 
     </span>
    </p>
   </div>
   <div class='ocr_carea' id='block_1_75' title="bbox 107 4360 1688 4434">
    <p class='ocr_par' dir='ltr' id='par_1_75' title="bbox 107 4360 1688 4434">
     <span class='ocr_line' id='line_1_75' title="bbox 107 4360 1688 4434; baseline 0.003 -17"><span class='ocrx_word' id='word_1_551' title='bbox 107 4360 475 4434; x_wconf 80' lang='lat' dir='ltr'><strong>Hispaniarum</strong></span> <span class='ocrx_word' id='word_1_552' title='bbox 524 4381 641 4433; x_wconf 87' lang='lat' dir='ltr'><strong>rex,</strong></span> <span class='ocrx_word' id='word_1_553' title='bbox 682 4380 805 4421; x_wconf 90' lang='lat' dir='ltr'><strong>cum</strong></span> <span class='ocrx_word' id='word_1_554' title='bbox 855 4365 1003 4420; x_wconf 92' lang='lat' dir='ltr'><strong>omni</strong></span> <span class='ocrx_word' id='word_1_555' title='bbox 1041 4364 1329 4420; x_wconf 89' lang='lat' dir='ltr'><strong>devotione</strong></span> <span class='ocrx_word' id='word_1_556' title='bbox 1377 4364 1575 4420; x_wconf 90' lang='lat' dir='ltr'><strong>mentis</strong></span> <span class='ocrx_word' id='word_1_557' title='bbox 1633 4373 1688 4421; x_wconf 91' lang='lat' dir='ltr'><strong>et</strong></span> 
     </span>
    </p>
   </div>
   <div class='ocr_carea' id='block_1_76' title="bbox 1794 3185 3387 3258">
    <p class='ocr_par' dir='ltr' id='par_1_76' title="bbox 1794 3185 3387 3258">
     <span class='ocr_line' id='line_1_76' title="bbox 1794 3185 3387 3258; baseline 0.001 -17"><span class='ocrx_word' id='word_1_558' title='bbox 1794 3187 2056 3258; x_wconf 81' lang='lat' dir='ltr'><strong>largiente</strong></span> <span class='ocrx_word' id='word_1_559' title='bbox 2083 3186 2264 3255; x_wconf 88' lang='lat' dir='ltr'><strong>potior</strong></span> <span class='ocrx_word' id='word_1_560' title='bbox 2299 3185 2673 3255; x_wconf 84' lang='lat' dir='ltr'><strong>celebriorque</strong></span> <span class='ocrx_word' id='word_1_561' title='bbox 2698 3185 3023 3253; x_wconf 74' lang='lat' dir='ltr'><strong>habebatur,</strong></span> <span class='ocrx_word' id='word_1_562' title='bbox 3064 3185 3169 3241; x_wconf 90' lang='lat' dir='ltr'><strong>ﬁde</strong></span> <span class='ocrx_word' id='word_1_563' title='bbox 3203 3193 3256 3241; x_wconf 92' lang='lat' dir='ltr'><strong>et</strong></span> <span class='ocrx_word' id='word_1_564' title='bbox 3283 3186 3387 3243; x_wconf 84' lang='lat' dir='ltr'><strong>de-</strong></span> 
     </span>
    </p>
   </div>
   <div class='ocr_carea' id='block_1_77' title="bbox 1792 3276 3382 3350">
    <p class='ocr_par' dir='ltr' id='par_1_77' title="bbox 1792 3276 3382 3350">
     <span class='ocr_line' id='line_1_77' title="bbox 1792 3276 3382 3350; baseline 0 -18"><span class='ocrx_word' id='word_1_565' title='bbox 1792 3280 2011 3335; x_wconf 73' lang='lat' dir='ltr'><strong>votione</strong></span> <span class='ocrx_word' id='word_1_566' title='bbox 2037 3277 2289 3350; x_wconf 88' lang='lat' dir='ltr'><strong>permoti,</strong></span> <span class='ocrx_word' id='word_1_567' title='bbox 2316 3277 2558 3334; x_wconf 86' lang='lat' dir='ltr'><strong>Odonem</strong></span> <span class='ocrx_word' id='word_1_568' title='bbox 2591 3278 2781 3344; x_wconf 74' lang='lat' dir='ltr'><strong>ﬁlium,</strong></span> <span class='ocrx_word' id='word_1_569' title='bbox 2810 3276 2982 3332; x_wconf 90' lang='lat' dir='ltr'><strong>sacris</strong></span> <span class='ocrx_word' id='word_1_570' title='bbox 3012 3276 3382 3345; x_wconf 84' lang='lat' dir='ltr'><strong>regeneratio-</strong></span> 
     </span>
    </p>
   </div>
   <div class='ocr_carea' id='block_1_78' title="bbox 1792 3368 3383 3443">
    <p class='ocr_par' dir='ltr' id='par_1_78' title="bbox 1792 3368 3383 3443">
     <span class='ocr_line' id='line_1_78' title="bbox 1792 3368 3383 3443; baseline -0.001 -16"><span class='ocrx_word' id='word_1_571' title='bbox 1792 3373 1877 3427; x_wconf 82' lang='lat' dir='ltr'><strong>nis</strong></span> <span class='ocrx_word' id='word_1_572' title='bbox 1906 3370 2180 3443; x_wconf 86' lang='lat' dir='ltr'><strong>mysteriis</strong></span> <span class='ocrx_word' id='word_1_573' title='bbox 2205 3370 2597 3435; x_wconf 88' lang='lat' dir='ltr'><strong>renovandum,</strong></span> <span class='ocrx_word' id='word_1_574' title='bbox 2620 3370 2955 3426; x_wconf 88' lang='lat' dir='ltr'><strong>destinarunt</strong></span> <span class='ocrx_word' id='word_1_575' title='bbox 2986 3368 3195 3440; x_wconf 75' lang='lat' dir='ltr'><strong>litigoni</strong></span> <span class='ocrx_word' id='word_1_576' title='bbox 3220 3384 3383 3425; x_wconf 81' lang='lat' dir='ltr'><strong>vene-</strong></span> 
     </span>
    </p>
   </div>
   <div class='ocr_carea' id='block_1_79' title="bbox 1794 3461 3380 3533">
    <p class='ocr_par' dir='ltr' id='par_1_79' title="bbox 1794 3461 3380 3533">
     <span class='ocr_line' id='line_1_79' title="bbox 1794 3461 3380 3533; baseline -0.002 -14"><span class='ocrx_word' id='word_1_577' title='bbox 1794 3464 2021 3519; x_wconf 83' lang='lat' dir='ltr'><strong>nerabili</strong></span> <span class='ocrx_word' id='word_1_578' title='bbox 2072 3463 2255 3519; x_wconf 90' lang='lat' dir='ltr'><strong>abbati</strong></span> <span class='ocrx_word' id='word_1_579' title='bbox 2302 3463 2526 3533; x_wconf 87' lang='lat' dir='ltr'><strong>ejusque</strong></span> <span class='ocrx_word' id='word_1_580' title='bbox 2582 3461 2909 3526; x_wconf 85' lang='lat' dir='ltr'><strong>conventui,</strong></span> <span class='ocrx_word' id='word_1_581' title='bbox 2957 3462 3096 3525; x_wconf 89' lang='lat' dir='ltr'><strong>rati,</strong></span> <span class='ocrx_word' id='word_1_582' title='bbox 3144 3475 3380 3530; x_wconf 83' lang='lat' dir='ltr'><strong>superna</strong></span> 
     </span>
    </p>
   </div>
   <div class='ocr_carea' id='block_1_80' title="bbox 1792 3551 3380 3625">
    <p class='ocr_par' dir='ltr' id='par_1_80' title="bbox 1792 3551 3380 3625">
     <span class='ocr_line' id='line_1_80' title="bbox 1792 3551 3380 3625; baseline -0.002 -14"><span class='ocrx_word' id='word_1_583' title='bbox 1792 3556 2143 3625; x_wconf 86' lang='lat' dir='ltr'><strong>dispensante</strong></span> <span class='ocrx_word' id='word_1_584' title='bbox 2195 3554 2482 3610; x_wconf 83' lang='lat' dir='ltr'><strong>clementia</strong></span> <span class='ocrx_word' id='word_1_585' title='bbox 2515 3595 2530 3623; x_wconf 95' lang='lat'><strong>,</strong></span> <span class='ocrx_word' id='word_1_586' title='bbox 2594 3552 2697 3609; x_wconf 88' lang='lat' dir='ltr'><strong>sibi</strong></span> <span class='ocrx_word' id='word_1_587' title='bbox 2752 3568 2858 3607; x_wconf 92' lang='lat' dir='ltr'><strong>non</strong></span> <span class='ocrx_word' id='word_1_588' title='bbox 2918 3552 3079 3607; x_wconf 90' lang='lat' dir='ltr'><strong>inane</strong></span> <span class='ocrx_word' id='word_1_589' title='bbox 3132 3551 3380 3608; x_wconf 81' lang='lat' dir='ltr'><strong>futurum</strong></span> 
     </span>
    </p>
   </div>
   <div class='ocr_carea' id='block_1_81' title="bbox 1794 3644 3381 3717">
    <p class='ocr_par' dir='ltr' id='par_1_81' title="bbox 1794 3644 3381 3717">
     <span class='ocr_line' id='line_1_81' title="bbox 1794 3644 3381 3717; baseline -0.001 -16"><span class='ocrx_word' id='word_1_590' title='bbox 1794 3648 2161 3717; x_wconf 83' lang='lat' dir='ltr'><strong>religiosiores</strong></span> <span class='ocrx_word' id='word_1_591' title='bbox 2182 3662 2345 3716; x_wconf 90' lang='lat' dir='ltr'><strong>quam</strong></span> <span class='ocrx_word' id='word_1_592' title='bbox 2364 3646 2615 3717; x_wconf 67' lang='lat' dir='ltr'><strong>sditiores</strong></span> <span class='ocrx_word' id='word_1_593' title='bbox 2644 3646 2697 3700; x_wconf 92' lang='lat' dir='ltr'><strong>in</strong></span> <span class='ocrx_word' id='word_1_594' title='bbox 2735 3644 2953 3701; x_wconf 87' lang='lat' dir='ltr'><strong>Christo</strong></span> <span class='ocrx_word' id='word_1_595' title='bbox 2987 3645 3245 3701; x_wconf 87' lang='lat' dir='ltr'><strong>habuisse</strong></span> <span class='ocrx_word' id='word_1_596' title='bbox 3280 3660 3381 3715; x_wconf 82' lang='lat' dir='ltr'><strong>pa-</strong></span> 
     </span>
    </p>
   </div>
   <div class='ocr_carea' id='block_1_82' title="bbox 1792 3735 3379 3807">
    <p class='ocr_par' dir='ltr' id='par_1_82' title="bbox 1792 3735 3379 3807">
     <span class='ocr_line' id='line_1_82' title="bbox 1792 3735 3379 3807; baseline -0.001 -14"><span class='ocrx_word' id='word_1_597' title='bbox 1792 3746 1975 3793; x_wconf 88' lang='lat' dir='ltr'><strong>rentes</strong></span> <span class='ocrx_word' id='word_1_598' title='bbox 1999 3754 2013 3804; x_wconf 90' lang='lat'><strong>;</strong></span> <span class='ocrx_word' id='word_1_599' title='bbox 2047 3738 2112 3792; x_wconf 89' lang='lat' dir='ltr'><strong>ad</strong></span> <span class='ocrx_word' id='word_1_600' title='bbox 2136 3736 2291 3804; x_wconf 87' lang='lat' dir='ltr'><strong>cujus</strong></span> <span class='ocrx_word' id='word_1_601' title='bbox 2318 3737 2506 3807; x_wconf 64' lang='lat' dir='ltr'><strong>gratiae</strong></span> <span class='ocrx_word' id='word_1_602' title='bbox 2530 3745 2587 3791; x_wconf 90' lang='lat' dir='ltr'><strong>et</strong></span> <span class='ocrx_word' id='word_1_603' title='bbox 2613 3735 3379 3806; x_wconf 75' lang='lat' dir='ltr'><strong>defensionispropensiorem</strong></span> 
     </span>
    </p>
   </div>
   <div class='ocr_carea' id='block_1_83' title="bbox 1790 3827 3381 3898">
    <p class='ocr_par' dir='ltr' id='par_1_83' title="bbox 1790 3827 3381 3898">
     <span class='ocr_line' id='line_1_83' title="bbox 1790 3827 3381 3898; baseline -0.001 -12"><span class='ocrx_word' id='word_1_604' title='bbox 1790 3828 2041 3886; x_wconf 85' lang='lat' dir='ltr'><strong>effectum</strong></span> <span class='ocrx_word' id='word_1_605' title='bbox 2093 3828 2558 3898; x_wconf 84' lang='lat' dir='ltr'><strong>eﬁicacioremque</strong></span> <span class='ocrx_word' id='word_1_606' title='bbox 2595 3827 2895 3898; x_wconf 84' lang='lat' dir='ltr'><strong>profectum</strong></span> <span class='ocrx_word' id='word_1_607' title='bbox 2928 3868 2945 3884; x_wconf 97' lang='lat'><strong>.</strong></span> <span class='ocrx_word' id='word_1_608' title='bbox 2974 3868 2988 3881; x_wconf 93' lang='lat'><strong>.</strong></span> <span class='ocrx_word' id='word_1_609' title='bbox 3016 3867 3031 3882; x_wconf 93' lang='lat'><strong>.</strong></span> <span class='ocrx_word' id='word_1_610' title='bbox 3064 3866 3079 3881; x_wconf 93' lang='lat'><strong>.</strong></span> <span class='ocrx_word' id='word_1_611' title='bbox 3117 3827 3381 3885; x_wconf 88' lang='lat' dir='ltr'><strong>Cluniaco</strong></span> 
     </span>
    </p>
   </div>
   <div class='ocr_carea' id='block_1_84' title="bbox 1792 3902 3378 3986">
    <p class='ocr_par' dir='ltr' id='par_1_84' title="bbox 1792 3902 3378 3986">
     <span class='ocr_line' id='line_1_84' title="bbox 1792 3902 3378 3986; baseline -0.003 -12"><span class='ocrx_word' id='word_1_612' title='bbox 1792 3908 2127 3975; x_wconf 87' lang='lat' dir='ltr'><strong>monasterio</strong></span> <span class='ocrx_word' id='word_1_613' title='bbox 2154 3902 2461 3973; x_wconf 72' lang='lat' dir='ltr'><strong>Concedunt</strong></span> <span class='ocrx_word' id='word_1_614' title='bbox 2511 3924 2566 3971; x_wconf 91' lang='lat' dir='ltr'><strong>et</strong></span> <span class='ocrx_word' id='word_1_615' title='bbox 2611 3918 2812 3971; x_wconf 88' lang='lat' dir='ltr'><strong>donant</strong></span> <span class='ocrx_word' id='word_1_616' title='bbox 2856 3917 3149 3986; x_wconf 87' lang='lat' dir='ltr'><strong>quamdam</strong></span> <span class='ocrx_word' id='word_1_617' title='bbox 3193 3916 3378 3971; x_wconf 84' lang='lat' dir='ltr'><strong>villam</strong></span> 
     </span>
    </p>
   </div>
   <div class='ocr_carea' id='block_1_85' title="bbox 1791 4004 3378 4080">
    <p class='ocr_par' dir='ltr' id='par_1_85' title="bbox 1791 4004 3378 4080">
     <span class='ocr_line' id='line_1_85' title="bbox 1791 4004 3378 4080; baseline -0.002 -17"><span class='ocrx_word' id='word_1_618' title='bbox 1791 4024 1912 4080; x_wconf 73' lang='lat' dir='ltr'><strong>quae</strong></span> <span class='ocrx_word' id='word_1_619' title='bbox 1949 4008 2237 4064; x_wconf 86' lang='lat' dir='ltr'><strong>Cossiacus</strong></span> <span class='ocrx_word' id='word_1_620' title='bbox 2276 4007 2476 4063; x_wconf 89' lang='lat' dir='ltr'><strong>dicitur</strong></span> <span class='ocrx_word' id='word_1_621' title='bbox 2508 4024 2522 4061; x_wconf 90' lang='lat'>:</span> <span class='ocrx_word' id='word_1_622' title='bbox 2557 4024 2576 4060; x_wconf 77' lang='grc' dir='ltr'><strong><em>ι</em></strong></span> <span class='ocrx_word' id='word_1_623' title='bbox 2633 4005 3056 4062; x_wconf 84' lang='lat' dir='ltr'><strong>lnstrumentutn</strong></span> <span class='ocrx_word' id='word_1_624' title='bbox 3107 4004 3378 4075; x_wconf 87' lang='lat' dir='ltr'><strong>integrum</strong></span> 
     </span>
    </p>
   </div>
   <div class='ocr_carea' id='block_1_86' title="bbox 1789 4096 3379 4169">
    <p class='ocr_par' dir='ltr' id='par_1_86' title="bbox 1789 4096 3379 4169">
     <span class='ocr_line' id='line_1_86' title="bbox 1789 4096 3379 4169; baseline -0.002 -13"><span class='ocrx_word' id='word_1_625' title='bbox 1789 4101 2023 4157; x_wconf 91' lang='lat' dir='ltr'><strong>habetur</strong></span> <span class='ocrx_word' id='word_1_626' title='bbox 2049 4100 2101 4155; x_wconf 94' lang='lat' dir='ltr'><strong>in</strong></span> <span class='ocrx_word' id='word_1_627' title='bbox 2128 4098 2243 4169; x_wconf 88' lang='lat' dir='ltr'><strong>jam</strong></span> <span class='ocrx_word' id='word_1_628' title='bbox 2263 4099 2446 4154; x_wconf 90' lang='lat' dir='ltr'><strong>citatis</strong></span> <span class='ocrx_word' id='word_1_629' title='bbox 2472 4097 2853 4161; x_wconf 82' lang='lat' dir='ltr'><strong>Miscellaneis,</strong></span> <span class='ocrx_word' id='word_1_630' title='bbox 2886 4096 3143 4162; x_wconf 49' lang='grc' dir='ltr'><strong>νωτιλῄ</strong></span> <span class='ocrx_word' id='word_1_631' title='bbox 3174 4105 3379 4153; x_wconf 79' lang='lat' dir='ltr'><strong>etmox</strong></span> 
     </span>
    </p>
   </div>
   <div class='ocr_carea' id='block_1_87' title="bbox 1788 4188 3377 4268">
    <p class='ocr_par' dir='ltr' id='par_1_87' title="bbox 1788 4188 3377 4268">
     <span class='ocr_line' id='line_1_87' title="bbox 1788 4188 3377 4268; baseline -0.003 -21"><span class='ocrx_word' id='word_1_632' title='bbox 1788 4206 1939 4247; x_wconf 89' lang='lat' dir='ltr'><strong>num.</strong></span> <span class='ocrx_word' id='word_1_633' title='bbox 1986 4190 2058 4245; x_wconf 77' lang='grc'><strong>25</strong></span> <span class='ocrx_word' id='word_1_634' title='bbox 2084 4191 2327 4268; x_wconf 83' lang='lat' dir='ltr'><strong>sequitur</strong></span> <span class='ocrx_word' id='word_1_635' title='bbox 2366 4208 2385 4243; x_wconf 86' lang='grc'><strong>‹</strong></span> <span class='ocrx_word' id='word_1_636' title='bbox 2431 4189 2659 4244; x_wconf 91' lang='lat' dir='ltr'><strong>Donatio</strong></span> <span class='ocrx_word' id='word_1_637' title='bbox 2692 4188 2937 4244; x_wconf 65' lang='lat' dir='ltr'><strong>ecclesia:</strong></span> <span class='ocrx_word' id='word_1_638' title='bbox 2980 4188 3035 4243; x_wconf 93' lang='lat' dir='ltr'><strong>in</strong></span> <span class='ocrx_word' id='word_1_639' title='bbox 3062 4197 3264 4263; x_wconf 82' lang='lat' dir='ltr'><strong>castro</strong></span> <span class='ocrx_word' id='word_1_640' title='bbox 3306 4188 3377 4243; x_wconf 84' lang='lat' dir='ltr'><strong>de</strong></span> 
     </span>
    </p>
   </div>
   <div class='ocr_carea' id='block_1_88' title="bbox 1786 4276 3374 4359">
    <p class='ocr_par' dir='ltr' id='par_1_88' title="bbox 1786 4276 3374 4359">
     <span class='ocr_line' id='line_1_88' title="bbox 1786 4276 3374 4359; baseline -0.005 -20"><span class='ocrx_word' id='word_1_641' title='bbox 1786 4283 2033 4347; x_wconf 81' lang='lat' dir='ltr'><strong>Avilone,</strong></span> <span class='ocrx_word' id='word_1_642' title='bbox 2066 4281 2207 4353; x_wconf 84' lang='lat' dir='ltr'><strong>facta</strong></span> <span class='ocrx_word' id='word_1_643' title='bbox 2232 4282 2300 4359; x_wconf 85' lang='lat' dir='ltr'><strong>ab</strong></span> <span class='ocrx_word' id='word_1_644' title='bbox 2332 4281 2554 4358; x_wconf 81' lang='lat' dir='ltr'><strong>Hugone</strong></span> <span class='ocrx_word' id='word_1_645' title='bbox 2580 4279 2719 4335; x_wconf 90' lang='lat' dir='ltr'><strong>duce</strong></span> <span class='ocrx_word' id='word_1_646' title='bbox 2768 4278 3093 4350; x_wconf 73' lang='lat' dir='ltr'><strong>Bnrgundiae</strong></span> <span class='ocrx_word' id='word_1_647' title='bbox 3143 4279 3210 4333; x_wconf 90' lang='lat' dir='ltr'><strong>ad</strong></span> <span class='ocrx_word' id='word_1_648' title='bbox 3238 4276 3374 4335; x_wconf 80' lang='lat' dir='ltr'><strong>Clu-</strong></span> 
     </span>
    </p>
   </div>
   <div class='ocr_carea' id='block_1_89' title="bbox 1788 4369 3379 4443">
    <p class='ocr_par' dir='ltr' id='par_1_89' title="bbox 1788 4369 3379 4443">
     <span class='ocr_line' id='line_1_89' title="bbox 1788 4369 3379 4443; baseline -0.002 -14"><span class='ocrx_word' id='word_1_649' title='bbox 1788 4376 2043 4431; x_wconf 85' lang='lat' dir='ltr'><strong>niacense</strong></span> <span class='ocrx_word' id='word_1_650' title='bbox 2101 4373 2535 4437; x_wconf 83' lang='lat' dir='ltr'><strong>monasterium,</strong></span> <span class='ocrx_word' id='word_1_651' title='bbox 2583 4371 2675 4426; x_wconf 91' lang='lat' dir='ltr'><strong>ubi</strong></span> <span class='ocrx_word' id='word_1_652' title='bbox 2728 4370 2961 4426; x_wconf 89' lang='lat' dir='ltr'><strong>domnus</strong></span> <span class='ocrx_word' id='word_1_653' title='bbox 3016 4369 3171 4443; x_wconf 84' lang='lat' dir='ltr'><strong>llngo</strong></span> <span class='ocrx_word' id='word_1_654' title='bbox 3207 4370 3379 4427; x_wconf 78' lang='lat' dir='ltr'><strong>abbas</strong></span> 
     </span>
    </p>
   </div>
   <div class='ocr_carea' id='block_1_90' title="bbox 106 4457 3377 4538">
    <p class='ocr_par' dir='ltr' id='par_1_90' title="bbox 106 4457 3377 4538">
     <span class='ocr_line' id='line_1_90' title="bbox 106 4457 3377 4538; baseline 0.003 -29"><span class='ocrx_word' id='word_1_655' title='bbox 106 4460 335 4527; x_wconf 89' lang='lat' dir='ltr'><strong>corporis</strong></span> <span class='ocrx_word' id='word_1_656' title='bbox 362 4495 379 4513; x_wconf 95' lang='lat'><strong>.</strong></span> <span class='ocrx_word' id='word_1_657' title='bbox 414 4496 431 4513; x_wconf 95' lang='lat'><strong>.</strong></span> <span class='ocrx_word' id='word_1_658' title='bbox 468 4495 484 4513; x_wconf 97' lang='lat'><strong>.</strong></span> <span class='ocrx_word' id='word_1_659' title='bbox 517 4497 532 4513; x_wconf 94' lang='lat'><strong>.</strong></span> <span class='ocrx_word' id='word_1_660' title='bbox 567 4474 709 4514; x_wconf 75' lang='lat' dir='ltr'><strong>vera:</strong></span> <span class='ocrx_word' id='word_1_661' title='bbox 749 4458 1035 4513; x_wconf 90' lang='lat' dir='ltr'><strong>charitatis</strong></span> <span class='ocrx_word' id='word_1_662' title='bbox 1083 4457 1407 4523; x_wconf 90' lang='lat' dir='ltr'><strong>custodiam,</strong></span> <span class='ocrx_word' id='word_1_663' title='bbox 1452 4458 1686 4527; x_wconf 84' lang='lat' dir='ltr'><strong>vitaeque</strong></span> <span class='ocrx_word' id='word_1_664' title='bbox 1717 4475 1763 4530; x_wconf 77' lang='grc' dir='ltr'><strong>ι)</strong></span> <span class='ocrx_word' id='word_1_665' title='bbox 1788 4481 2024 4538; x_wconf 68' lang='grc' dir='ltr'><strong>ρτωθεδθ</strong></span> <span class='ocrx_word' id='word_1_666' title='bbox 2060 4468 2265 4537; x_wconf 90' lang='lat' dir='ltr'><strong>pariter</strong></span> <span class='ocrx_word' id='word_1_667' title='bbox 2292 4474 2346 4521; x_wconf 89' lang='lat' dir='ltr'><strong>et</strong></span> <span class='ocrx_word' id='word_1_668' title='bbox 2387 4464 2646 4536; x_wconf 86' lang='lat' dir='ltr'><strong>prodesse</strong></span> <span class='ocrx_word' id='word_1_669' title='bbox 2683 4463 2919 4531; x_wconf 86' lang='lat' dir='ltr'><strong>videtur,</strong></span> <span class='ocrx_word' id='word_1_670' title='bbox 2951 4482 2970 4517; x_wconf 71' lang='grc' dir='ltr'><strong><em>ι</em></strong></span> <span class='ocrx_word' id='word_1_671' title='bbox 3005 4479 3147 4519; x_wconf 89' lang='lat' dir='ltr'><strong>anno</strong></span> <span class='ocrx_word' id='word_1_672' title='bbox 3168 4462 3377 4519; x_wconf 87' lang='lat' dir='ltr'><strong>Christi</strong></span> 
     </span>
    </p>
   </div>
   <div class='ocr_carea' id='block_1_91' title="bbox 104 4548 1689 4621">
    <p class='ocr_par' dir='ltr' id='par_1_91' title="bbox 104 4548 1689 4621">
     <span class='ocr_line' id='line_1_91' title="bbox 104 4548 1689 4621; baseline 0.001 -20"><span class='ocrx_word' id='word_1_673' title='bbox 104 4553 309 4603; x_wconf 63' lang='grc' dir='ltr'><strong>πίει-ηαδ</strong></span> <span class='ocrx_word' id='word_1_674' title='bbox 344 4549 565 4621; x_wconf 86' lang='lat' dir='ltr'><strong>gaudia,</strong></span> <span class='ocrx_word' id='word_1_675' title='bbox 598 4558 759 4620; x_wconf 90' lang='lat' dir='ltr'><strong>atque</strong></span> <span class='ocrx_word' id='word_1_676' title='bbox 804 4556 1118 4619; x_wconf 90' lang='lat' dir='ltr'><strong>perpetuam</strong></span> <span class='ocrx_word' id='word_1_677' title='bbox 1171 4548 1585 4621; x_wconf 88' lang='lat' dir='ltr'><strong>prosperitatem</strong></span> <span class='ocrx_word' id='word_1_678' title='bbox 1631 4557 1689 4605; x_wconf 90' lang='lat' dir='ltr'><strong>et</strong></span> 
     </span>
    </p>
   </div>
   <div class='ocr_carea' id='block_1_92' title="bbox 104 4637 1685 4709">
    <p class='ocr_par' dir='ltr' id='par_1_92' title="bbox 104 4637 1685 4709">
     <span class='ocr_line' id='line_1_92' title="bbox 104 4637 1685 4709; baseline 0.003 -18"><span class='ocrx_word' id='word_1_679' title='bbox 104 4637 346 4705; x_wconf 78' lang='lat' dir='ltr'><strong>salutem,</strong></span> <span class='ocrx_word' id='word_1_680' title='bbox 405 4655 508 4695; x_wconf 86' lang='lat' dir='ltr'><strong>nec</strong></span> <span class='ocrx_word' id='word_1_681' title='bbox 560 4655 666 4694; x_wconf 92' lang='lat' dir='ltr'><strong>non</strong></span> <span class='ocrx_word' id='word_1_682' title='bbox 700 4639 963 4709; x_wconf 83' lang='lat' dir='ltr'><strong>quidquid</strong></span> <span class='ocrx_word' id='word_1_683' title='bbox 1018 4638 1324 4704; x_wconf 87' lang='lat' dir='ltr'><strong>sublimius,</strong></span> <span class='ocrx_word' id='word_1_684' title='bbox 1377 4654 1444 4695; x_wconf 83' lang='lat' dir='ltr'><strong>ex</strong></span> <span class='ocrx_word' id='word_1_685' title='bbox 1492 4640 1685 4697; x_wconf 89' lang='lat' dir='ltr'><strong>intimo</strong></span> 
     </span>
    </p>
   </div>
   <div class='ocr_carea' id='block_1_93' title="bbox 104 4730 1681 4800">
    <p class='ocr_par' dir='ltr' id='par_1_93' title="bbox 104 4730 1681 4800">
     <span class='ocr_line' id='line_1_93' title="bbox 104 4730 1681 4800; baseline 0.001 -16"><span class='ocrx_word' id='word_1_686' title='bbox 104 4730 1017 4800; x_wconf 34' lang='lat' dir='ltr'><strong>corde,amplexibili,dilectione,in</strong></span> <span class='ocrx_word' id='word_1_687' title='bbox 1036 4731 1263 4786; x_wconf 89' lang='lat' dir='ltr'><strong>Domino</strong></span> <span class='ocrx_word' id='word_1_688' title='bbox 1274 4730 1398 4787; x_wconf 88' lang='lat' dir='ltr'><strong>Jesu</strong></span> <span class='ocrx_word' id='word_1_689' title='bbox 1413 4730 1631 4788; x_wconf 86' lang='lat' dir='ltr'><strong>Christo</strong></span> <span class='ocrx_word' id='word_1_690' title='bbox 1659 4750 1681 4786; x_wconf 73' lang='grc' dir='ltr'><strong><em>ι</em></strong></span> 
     </span>
    </p>
   </div>
   <div class='ocr_carea' id='block_1_94' title="bbox 103 4818 1687 4891">
    <p class='ocr_par' dir='ltr' id='par_1_94' title="bbox 103 4818 1687 4891">
     <span class='ocr_line' id='line_1_94' title="bbox 103 4818 1687 4891; baseline 0.001 -18"><span class='ocrx_word' id='word_1_691' title='bbox 103 4830 367 4888; x_wconf 88' lang='lat' dir='ltr'><strong>precatur,</strong></span> <span class='ocrx_word' id='word_1_692' title='bbox 387 4821 580 4877; x_wconf 88' lang='lat' dir='ltr'><strong>deinde</strong></span> <span class='ocrx_word' id='word_1_693' title='bbox 609 4820 993 4891; x_wconf 88' lang='lat' dir='ltr'><strong>sicloquitur:</strong></span> <span class='ocrx_word' id='word_1_694' title='bbox 1042 4838 1061 4872; x_wconf 72' lang='grc' dir='ltr'><strong><em>ι</em></strong></span> <span class='ocrx_word' id='word_1_695' title='bbox 1099 4818 1312 4887; x_wconf 84' lang='lat' dir='ltr'><strong>Quanta</strong></span> <span class='ocrx_word' id='word_1_696' title='bbox 1360 4827 1432 4887; x_wconf 86' lang='lat' dir='ltr'><strong>te,</strong></span> <span class='ocrx_word' id='word_1_697' title='bbox 1487 4821 1687 4891; x_wconf 85' lang='lat' dir='ltr'><strong>glorio-</strong></span> 
     </span>
    </p>
   </div>
   <div class='ocr_carea' id='block_1_95' title="bbox 102 4911 1683 4983">
    <p class='ocr_par' dir='ltr' id='par_1_95' title="bbox 102 4911 1683 4983">
     <span class='ocr_line' id='line_1_95' title="bbox 102 4911 1683 4983; baseline 0 -18"><span class='ocrx_word' id='word_1_698' title='bbox 102 4911 305 4968; x_wconf 76' lang='lat' dir='ltr'><strong>sissime</strong></span> <span class='ocrx_word' id='word_1_699' title='bbox 330 4913 514 4979; x_wconf 83' lang='lat' dir='ltr'><strong>Pater,</strong></span> <span class='ocrx_word' id='word_1_700' title='bbox 545 4913 834 4969; x_wconf 81' lang='lat' dir='ltr'><strong>devotione</strong></span> <span class='ocrx_word' id='word_1_701' title='bbox 857 4912 1098 4983; x_wconf 87' lang='lat' dir='ltr'><strong>diligam.</strong></span> <span class='ocrx_word' id='word_1_702' title='bbox 1124 4950 1138 4967; x_wconf 92' lang='lat'><strong>.</strong></span> <span class='ocrx_word' id='word_1_703' title='bbox 1172 4953 1186 4967; x_wconf 94' lang='lat'><strong>.</strong></span> <span class='ocrx_word' id='word_1_704' title='bbox 1222 4950 1236 4965; x_wconf 95' lang='lat'><strong>.</strong></span> <span class='ocrx_word' id='word_1_705' title='bbox 1268 4949 1283 4965; x_wconf 93' lang='lat'><strong>.</strong></span> <span class='ocrx_word' id='word_1_706' title='bbox 1313 4912 1513 4966; x_wconf 79' lang='lat' dir='ltr'><strong>Adboc</strong></span> <span class='ocrx_word' id='word_1_707' title='bbox 1526 4913 1683 4981; x_wconf 88' lang='lat' dir='ltr'><strong>scito,</strong></span> 
     </span>
    </p>
   </div>
   <div class='ocr_carea' id='block_1_96' title="bbox 104 5003 1685 5075">
    <p class='ocr_par' dir='ltr' id='par_1_96' title="bbox 104 5003 1685 5075">
     <span class='ocr_line' id='line_1_96' title="bbox 104 5003 1685 5075; baseline 0.001 -18"><span class='ocrx_word' id='word_1_708' title='bbox 104 5005 438 5069; x_wconf 84' lang='lat' dir='ltr'><strong>sanctissime</strong></span> <span class='ocrx_word' id='word_1_709' title='bbox 493 5006 657 5061; x_wconf 87' lang='lat' dir='ltr'><strong>Pater</strong></span> <span class='ocrx_word' id='word_1_710' title='bbox 698 5020 944 5070; x_wconf 90' lang='lat' dir='ltr'><strong>censum,</strong></span> <span class='ocrx_word' id='word_1_711' title='bbox 994 5019 1157 5075; x_wconf 85' lang='lat' dir='ltr'><strong>quem</strong></span> <span class='ocrx_word' id='word_1_712' title='bbox 1209 5003 1374 5058; x_wconf 91' lang='lat' dir='ltr'><strong>Pater</strong></span> <span class='ocrx_word' id='word_1_713' title='bbox 1406 5019 1559 5058; x_wconf 91' lang='lat' dir='ltr'><strong>meus</strong></span> <span class='ocrx_word' id='word_1_714' title='bbox 1608 5005 1685 5059; x_wconf 89' lang='lat' dir='ltr'><strong>illi</strong></span> 
     </span>
    </p>
   </div>
   <div class='ocr_carea' id='block_1_97' title="bbox 104 5095 1684 5175">
    <p class='ocr_par' dir='ltr' id='par_1_97' title="bbox 104 5095 1684 5175">
     <span class='ocr_line' id='line_1_97' title="bbox 104 5095 1684 5175; baseline 0.001 -27"><span class='ocrx_word' id='word_1_715' title='bbox 104 5098 437 5153; x_wconf 74' lang='lat' dir='ltr'><strong>sanctissimo</strong></span> <span class='ocrx_word' id='word_1_716' title='bbox 472 5097 590 5153; x_wconf 92' lang='lat' dir='ltr'><strong>loco</strong></span> <span class='ocrx_word' id='word_1_717' title='bbox 626 5097 971 5163; x_wconf 88' lang='lat' dir='ltr'><strong>Cluniacensi</strong></span> <span class='ocrx_word' id='word_1_718' title='bbox 1014 5095 1206 5153; x_wconf 90' lang='lat' dir='ltr'><strong>solitus</strong></span> <span class='ocrx_word' id='word_1_719' title='bbox 1236 5104 1355 5151; x_wconf 90' lang='lat' dir='ltr'><strong>erat</strong></span> <span class='ocrx_word' id='word_1_720' title='bbox 1391 5096 1539 5161; x_wconf 90' lang='lat' dir='ltr'><strong>dare,</strong></span> <span class='ocrx_word' id='word_1_721' title='bbox 1562 5109 1684 5175; x_wconf 73' lang='lat' dir='ltr'><strong>ego,</strong></span> 
     </span>
    </p>
   </div>
   <div class='ocr_carea' id='block_1_98' title="bbox 106 5187 1684 5265">
    <p class='ocr_par' dir='ltr' id='par_1_98' title="bbox 106 5187 1684 5265">
     <span class='ocr_line' id='line_1_98' title="bbox 106 5187 1684 5265; baseline 0.002 -25"><span class='ocrx_word' id='word_1_722' title='bbox 106 5197 371 5245; x_wconf 82' lang='lat' dir='ltr'><strong>annuente</strong></span> <span class='ocrx_word' id='word_1_723' title='bbox 407 5190 537 5255; x_wconf 90' lang='lat' dir='ltr'><strong>Deo,</strong></span> <span class='ocrx_word' id='word_1_724' title='bbox 565 5191 619 5244; x_wconf 88' lang='lat' dir='ltr'><strong>in</strong></span> <span class='ocrx_word' id='word_1_725' title='bbox 642 5190 831 5244; x_wconf 91' lang='lat' dir='ltr'><strong>diebus</strong></span> <span class='ocrx_word' id='word_1_726' title='bbox 846 5189 970 5265; x_wconf 73' lang='lat' dir='ltr'><strong>vitae</strong></span> <span class='ocrx_word' id='word_1_727' title='bbox 992 5204 1125 5243; x_wconf 81' lang='lat' dir='ltr'><strong>mea:</strong></span> <span class='ocrx_word' id='word_1_728' title='bbox 1152 5187 1438 5259; x_wconf 87' lang='lat' dir='ltr'><strong>duplicabo</strong></span> <span class='ocrx_word' id='word_1_729' title='bbox 1474 5207 1494 5242; x_wconf 75' lang='grc' dir='ltr'><strong><em>ι</em></strong></span> <span class='ocrx_word' id='word_1_730' title='bbox 1538 5226 1552 5241; x_wconf 92' lang='grc'><strong>.</strong></span> <span class='ocrx_word' id='word_1_731' title='bbox 1583 5225 1597 5240; x_wconf 92' lang='grc'><strong>.</strong></span> <span class='ocrx_word' id='word_1_732' title='bbox 1624 5225 1638 5241; x_wconf 94' lang='grc'><strong>.</strong></span> <span class='ocrx_word' id='word_1_733' title='bbox 1666 5224 1684 5243; x_wconf 92' lang='grc'><strong>.</strong></span> 
     </span>
    </p>
   </div>
   <div class='ocr_carea' id='block_1_99' title="bbox 108 5279 1685 5350">
    <p class='ocr_par' dir='ltr' id='par_1_99' title="bbox 108 5279 1685 5350">
     <span class='ocr_line' id='line_1_99' title="bbox 108 5279 1685 5350; baseline 0.002 -20"><span class='ocrx_word' id='word_1_734' title='bbox 108 5284 211 5332; x_wconf 90' lang='lat' dir='ltr'><strong>tum</strong></span> <span class='ocrx_word' id='word_1_735' title='bbox 236 5291 294 5334; x_wconf 89' lang='lat' dir='ltr'><strong>ut</strong></span> <span class='ocrx_word' id='word_1_736' title='bbox 322 5281 462 5337; x_wconf 89' lang='lat' dir='ltr'><strong>idem</strong></span> <span class='ocrx_word' id='word_1_737' title='bbox 489 5282 582 5337; x_wconf 90' lang='lat' dir='ltr'><strong>ﬁat</strong></span> <span class='ocrx_word' id='word_1_738' title='bbox 605 5297 635 5336; x_wconf 90' lang='lat' dir='ltr'><strong>a</strong></span> <span class='ocrx_word' id='word_1_739' title='bbox 659 5281 1069 5337; x_wconf 86' lang='lat' dir='ltr'><strong>successoribus</strong></span> <span class='ocrx_word' id='word_1_740' title='bbox 1111 5279 1329 5350; x_wconf 86' lang='lat' dir='ltr'><strong>regibus</strong></span> <span class='ocrx_word' id='word_1_741' title='bbox 1359 5287 1685 5334; x_wconf 89' lang='lat' dir='ltr'><strong>testamento</strong></span> 
     </span>
    </p>
   </div>
   <div class='ocr_carea' id='block_1_100' title="bbox 104 5370 1684 5443">
    <p class='ocr_par' dir='ltr' id='par_1_100' title="bbox 104 5370 1684 5443">
     <span class='ocr_line' id='line_1_100' title="bbox 104 5370 1684 5443; baseline 0.003 -20"><span class='ocrx_word' id='word_1_742' title='bbox 104 5382 159 5423; x_wconf 85' lang='lat' dir='ltr'><strong>se</strong></span> <span class='ocrx_word' id='word_1_743' title='bbox 183 5373 388 5428; x_wconf 78' lang='lat' dir='ltr'><strong>cavisse</strong></span> <span class='ocrx_word' id='word_1_744' title='bbox 426 5373 657 5443; x_wconf 65' lang='lat' dir='ltr'><strong>indicat};</strong></span> <span class='ocrx_word' id='word_1_745' title='bbox 702 5372 1020 5435; x_wconf 82' lang='lat' dir='ltr'><strong>Robertum,</strong></span> <span class='ocrx_word' id='word_1_746' title='bbox 1067 5372 1121 5427; x_wconf 91' lang='lat' dir='ltr'><strong>in</strong></span> <span class='ocrx_word' id='word_1_747' title='bbox 1152 5373 1261 5443; x_wconf 87' lang='lat' dir='ltr'><strong>vita</strong></span> <span class='ocrx_word' id='word_1_748' title='bbox 1292 5380 1345 5427; x_wconf 92' lang='lat' dir='ltr'><strong>et</strong></span> <span class='ocrx_word' id='word_1_749' title='bbox 1382 5380 1553 5427; x_wconf 88' lang='lat' dir='ltr'><strong>morte</strong></span> <span class='ocrx_word' id='word_1_750' title='bbox 1581 5370 1684 5427; x_wconf 90' lang='lat' dir='ltr'><strong>sibi</strong></span> 
     </span>
    </p>
   </div>
   <div class='ocr_carea' id='block_1_101' title="bbox 106 5460 1677 5536">
    <p class='ocr_par' dir='ltr' id='par_1_101' title="bbox 106 5460 1677 5536">
     <span class='ocr_line' id='line_1_101' title="bbox 106 5460 1677 5536; baseline 0.003 -22"><span class='ocrx_word' id='word_1_751' title='bbox 106 5460 431 5531; x_wconf 87' lang='lat' dir='ltr'><strong>adfuturum,</strong></span> <span class='ocrx_word' id='word_1_752' title='bbox 461 5465 692 5535; x_wconf 87' lang='lat' dir='ltr'><strong>relinqui</strong></span> <span class='ocrx_word' id='word_1_753' title='bbox 723 5466 775 5520; x_wconf 91' lang='lat' dir='ltr'><strong>in</strong></span> <span class='ocrx_word' id='word_1_754' title='bbox 816 5480 914 5521; x_wconf 92' lang='lat' dir='ltr'><strong>suo</strong></span> <span class='ocrx_word' id='word_1_755' title='bbox 968 5479 1132 5536; x_wconf 88' lang='lat' dir='ltr'><strong>regno</strong></span> <span class='ocrx_word' id='word_1_756' title='bbox 1171 5464 1485 5535; x_wconf 87' lang='lat' dir='ltr'><strong>suppliciter</strong></span> <span class='ocrx_word' id='word_1_757' title='bbox 1509 5465 1677 5534; x_wconf 73' lang='lat' dir='ltr'><strong>depo~</strong></span> 
     </span>
    </p>
   </div>
   <div class='ocr_carea' id='block_1_102' title="bbox 106 5554 1681 5629">
    <p class='ocr_par' dir='ltr' id='par_1_102' title="bbox 106 5554 1681 5629">
     <span class='ocr_line' id='line_1_102' title="bbox 106 5554 1681 5629; baseline 0.004 -21"><span class='ocrx_word' id='word_1_758' title='bbox 106 5554 241 5611; x_wconf 83' lang='lat' dir='ltr'><strong>scit:</strong></span> <span class='ocrx_word' id='word_1_759' title='bbox 287 5573 353 5614; x_wconf 88' lang='lat' dir='ltr'><strong>ac</strong></span> <span class='ocrx_word' id='word_1_760' title='bbox 386 5574 483 5629; x_wconf 92' lang='lat' dir='ltr'><strong>pro</strong></span> <span class='ocrx_word' id='word_1_761' title='bbox 519 5559 843 5616; x_wconf 83' lang='lat' dir='ltr'><strong>stabilienda</strong></span> <span class='ocrx_word' id='word_1_762' title='bbox 876 5559 1075 5615; x_wconf 90' lang='lat' dir='ltr'><strong>ibidem</strong></span> <span class='ocrx_word' id='word_1_763' title='bbox 1108 5559 1336 5615; x_wconf 83' lang='lat' dir='ltr'><strong>Romani</strong></span> <span class='ocrx_word' id='word_1_764' title='bbox 1368 5560 1525 5615; x_wconf 83' lang='lat' dir='ltr'><strong>cilicii</strong></span> <span class='ocrx_word' id='word_1_765' title='bbox 1561 5576 1681 5622; x_wconf 86' lang='lat' dir='ltr'><strong>usu.</strong></span> 
     </span>
    </p>
   </div>
   <div class='ocr_carea' id='block_1_103' title="bbox 108 5646 1682 5727">
    <p class='ocr_par' dir='ltr' id='par_1_103' title="bbox 108 5646 1682 5727">
     <span class='ocr_line' id='line_1_103' title="bbox 108 5646 1682 5727; baseline 0.008 -29"><span class='ocrx_word' id='word_1_766' title='bbox 108 5647 169 5700; x_wconf 87' lang='lat' dir='ltr'><strong>ad</strong></span> <span class='ocrx_word' id='word_1_767' title='bbox 200 5646 436 5721; x_wconf 84' lang='lat' dir='ltr'><strong>llugonis</strong></span> <span class='ocrx_word' id='word_1_768' title='bbox 460 5653 869 5724; x_wconf 87' lang='lat' dir='ltr'><strong>persuasionem</strong></span> <span class='ocrx_word' id='word_1_769' title='bbox 901 5662 1173 5723; x_wconf 90' lang='lat' dir='ltr'><strong>suscepto,</strong></span> <span class='ocrx_word' id='word_1_770' title='bbox 1201 5655 1333 5726; x_wconf 89' lang='lat' dir='ltr'><strong>petit</strong></span> <span class='ocrx_word' id='word_1_771' title='bbox 1363 5654 1465 5711; x_wconf 90' lang='lat' dir='ltr'><strong>sibi</strong></span> <span class='ocrx_word' id='word_1_772' title='bbox 1496 5671 1522 5709; x_wconf 94' lang='lat' dir='ltr'><strong>a</strong></span> <span class='ocrx_word' id='word_1_773' title='bbox 1547 5670 1682 5727; x_wconf 89' lang='lat' dir='ltr'><strong>papa</strong></span> 
     </span>
    </p>
   </div>
   <div class='ocr_carea' id='block_1_104' title="bbox 107 5734 1169 5809">
    <p class='ocr_par' dir='ltr' id='par_1_104' title="bbox 107 5734 1169 5809">
     <span class='ocr_line' id='line_1_104' title="bbox 107 5734 1169 5809; baseline 0.008 -16"><span class='ocrx_word' id='word_1_774' title='bbox 107 5734 380 5809; x_wconf 80' lang='lat' dir='ltr'><strong>impetrari</strong></span> <span class='ocrx_word' id='word_1_775' title='bbox 410 5744 468 5800; x_wconf 85' lang='grc' dir='ltr'><strong>υ.</strong></span> <span class='ocrx_word' id='word_1_776' title='bbox 501 5744 794 5803; x_wconf 84' lang='lat' dir='ltr'><strong>Geraldum</strong></span> <span class='ocrx_word' id='word_1_777' title='bbox 824 5744 1169 5803; x_wconf 84' lang='lat' dir='ltr'><strong>cardinalem.</strong></span> 
     </span>
    </p>
   </div>
   <div class='ocr_carea' id='block_1_105' title="bbox 1790 4552 3377 4624">
    <p class='ocr_par' dir='ltr' id='par_1_105' title="bbox 1790 4552 3377 4624">
     <span class='ocr_line' id='line_1_105' title="bbox 1790 4552 3377 4624; baseline -0.002 -14"><span class='ocrx_word' id='word_1_778' title='bbox 1790 4556 1949 4623; x_wconf 82' lang='grc'>1077,</span> <span class='ocrx_word' id='word_1_779' title='bbox 1993 4556 2059 4610; x_wconf 87' lang='lat' dir='ltr'><strong>ad</strong></span> <span class='ocrx_word' id='word_1_780' title='bbox 2092 4554 2412 4611; x_wconf 85' lang='lat' dir='ltr'><strong>imitandum</strong></span> <span class='ocrx_word' id='word_1_781' title='bbox 2454 4572 2473 4607; x_wconf 75' lang='grc' dir='ltr'><strong><em>ι</em></strong></span> <span class='ocrx_word' id='word_1_782' title='bbox 2518 4553 2715 4611; x_wconf 88' lang='lat' dir='ltr'><strong>multos</strong></span> <span class='ocrx_word' id='word_1_783' title='bbox 2744 4562 3022 4624; x_wconf 89' lang='lat' dir='ltr'><strong>potentum</strong></span> <span class='ocrx_word' id='word_1_784' title='bbox 3054 4569 3119 4607; x_wconf 87' lang='lat' dir='ltr'><strong>ac</strong></span> <span class='ocrx_word' id='word_1_785' title='bbox 3148 4552 3377 4607; x_wconf 83' lang='lat' dir='ltr'><strong>divitum</strong></span> 
     </span>
    </p>
   </div>
   <div class='ocr_carea' id='block_1_106' title="bbox 1788 4640 3376 4715">
    <p class='ocr_par' dir='ltr' id='par_1_106' title="bbox 1788 4640 3376 4715">
     <span class='ocr_line' id='line_1_106' title="bbox 1788 4640 3376 4715; baseline -0.004 -14"><span class='ocrx_word' id='word_1_786' title='bbox 1788 4644 1946 4715; x_wconf 90' lang='lat' dir='ltr'><strong>hujus</strong></span> <span class='ocrx_word' id='word_1_787' title='bbox 1969 4645 2173 4711; x_wconf 68' lang='lat' dir='ltr'><strong>saeculi,</strong></span> <span class='ocrx_word' id='word_1_788' title='bbox 2203 4645 2295 4715; x_wconf 92' lang='lat' dir='ltr'><strong>qui</strong></span> <span class='ocrx_word' id='word_1_789' title='bbox 2328 4644 2508 4699; x_wconf 77' lang='lat' dir='ltr'><strong>divina</strong></span> <span class='ocrx_word' id='word_1_790' title='bbox 2538 4644 2714 4699; x_wconf 86' lang='lat' dir='ltr'><strong>edocti</strong></span> <span class='ocrx_word' id='word_1_791' title='bbox 2759 4644 3167 4713; x_wconf 63' lang='lat' dir='ltr'><strong>praedicatione,</strong></span> <span class='ocrx_word' id='word_1_792' title='bbox 3208 4640 3376 4695; x_wconf 81' lang='lat' dir='ltr'><strong>facul-</strong></span> 
     </span>
    </p>
   </div>
   <div class='ocr_carea' id='block_1_107' title="bbox 1790 4731 3373 4791">
    <p class='ocr_par' dir='ltr' id='par_1_107' title="bbox 1790 4731 3373 4791">
     <span class='ocr_line' id='line_1_107' title="bbox 1790 4731 3373 4791; baseline -0.003 -1"><span class='ocrx_word' id='word_1_793' title='bbox 1790 4742 1932 4791; x_wconf 88' lang='lat' dir='ltr'><strong>tates</strong></span> <span class='ocrx_word' id='word_1_794' title='bbox 1959 4750 1991 4789; x_wconf 93' lang='lat' dir='ltr'><strong>a</strong></span> <span class='ocrx_word' id='word_1_795' title='bbox 2035 4735 2266 4790; x_wconf 89' lang='lat' dir='ltr'><strong>Domino</strong></span> <span class='ocrx_word' id='word_1_796' title='bbox 2294 4734 2397 4789; x_wconf 92' lang='lat' dir='ltr'><strong>sibi</strong></span> <span class='ocrx_word' id='word_1_797' title='bbox 2430 4733 2653 4788; x_wconf 90' lang='lat' dir='ltr'><strong>collatas</strong></span> <span class='ocrx_word' id='word_1_798' title='bbox 2677 4734 2731 4787; x_wconf 89' lang='lat' dir='ltr'><strong>in</strong></span> <span class='ocrx_word' id='word_1_799' title='bbox 2760 4731 3011 4787; x_wconf 89' lang='lat' dir='ltr'><strong>meliores</strong></span> <span class='ocrx_word' id='word_1_800' title='bbox 3033 4748 3163 4787; x_wconf 89' lang='lat' dir='ltr'><strong>usus</strong></span> <span class='ocrx_word' id='word_1_801' title='bbox 3190 4740 3373 4786; x_wconf 88' lang='lat' dir='ltr'><strong>trans-</strong></span> 
     </span>
    </p>
   </div>
   <div class='ocr_carea' id='block_1_108' title="bbox 1788 4810 3376 4891">
    <p class='ocr_par' dir='ltr' id='par_1_108' title="bbox 1788 4810 3376 4891">
     <span class='ocr_line' id='line_1_108' title="bbox 1788 4810 3376 4891; baseline -0.002 -11"><span class='ocrx_word' id='word_1_802' title='bbox 1788 4810 1990 4889; x_wconf 88' lang='lat' dir='ltr'><strong>tulere,</strong></span> <span class='ocrx_word' id='word_1_803' title='bbox 2037 4824 2448 4880; x_wconf 72' lang='lat' dir='ltr'><strong>exhzeredantes</strong></span> <span class='ocrx_word' id='word_1_804' title='bbox 2477 4839 2537 4878; x_wconf 91' lang='lat' dir='ltr'><strong>se</strong></span> <span class='ocrx_word' id='word_1_805' title='bbox 2566 4823 2621 4878; x_wconf 91' lang='lat' dir='ltr'><strong>in</strong></span> <span class='ocrx_word' id='word_1_806' title='bbox 2674 4824 2777 4879; x_wconf 92' lang='lat' dir='ltr'><strong>hoc</strong></span> <span class='ocrx_word' id='word_1_807' title='bbox 2802 4823 3019 4886; x_wconf 68' lang='lat' dir='ltr'><strong>sreculo,</strong></span> <span class='ocrx_word' id='word_1_808' title='bbox 3052 4831 3107 4876; x_wconf 91' lang='lat' dir='ltr'><strong>ut</strong></span> <span class='ocrx_word' id='word_1_809' title='bbox 3150 4821 3376 4891; x_wconf 82' lang='lat' dir='ltr'><strong>superni</strong></span> 
     </span>
    </p>
   </div>
   <div class='ocr_carea' id='block_1_109' title="bbox 1788 4913 3374 4986">
    <p class='ocr_par' dir='ltr' id='par_1_109' title="bbox 1788 4913 3374 4986">
     <span class='ocr_line' id='line_1_109' title="bbox 1788 4913 3374 4986; baseline -0.003 -15"><span class='ocrx_word' id='word_1_810' title='bbox 1788 4919 1939 4986; x_wconf 82' lang='lat' dir='ltr'><strong>regni</strong></span> <span class='ocrx_word' id='word_1_811' title='bbox 1990 4914 2330 4972; x_wconf 77' lang='lat' dir='ltr'><strong>efﬁcerentur</strong></span> <span class='ocrx_word' id='word_1_812' title='bbox 2379 4914 2643 4970; x_wconf 68' lang='lat' dir='ltr'><strong>hmredcs.</strong></span> <span class='ocrx_word' id='word_1_813' title='bbox 2676 4913 2795 4968; x_wconf 78' lang='lat' dir='ltr'><strong>Mox</strong></span> <span class='ocrx_word' id='word_1_814' title='bbox 2829 4930 2971 4970; x_wconf 87' lang='lat' dir='ltr'><strong>anno</strong></span> <span class='ocrx_word' id='word_1_815' title='bbox 3017 4914 3155 4970; x_wconf 79' lang='grc'>1078</span> <span class='ocrx_word' id='word_1_816' title='bbox 3191 4913 3374 4980; x_wconf 84' lang='lat' dir='ltr'><strong>Wido,</strong></span> 
     </span>
    </p>
   </div>
   <div class='ocr_carea' id='block_1_110' title="bbox 1787 5005 3377 5080">
    <p class='ocr_par' dir='ltr' id='par_1_110' title="bbox 1787 5005 3377 5080">
     <span class='ocr_line' id='line_1_110' title="bbox 1787 5005 3377 5080; baseline -0.003 -15"><span class='ocrx_word' id='word_1_817' title='bbox 1787 5008 2078 5080; x_wconf 88' lang='lat' dir='ltr'><strong>aliquando</strong></span> <span class='ocrx_word' id='word_1_818' title='bbox 2125 5022 2309 5062; x_wconf 90' lang='lat' dir='ltr'><strong>comes</strong></span> <span class='ocrx_word' id='word_1_819' title='bbox 2346 5005 2780 5072; x_wconf 83' lang='lat' dir='ltr'><strong>Matisconensis,</strong></span> <span class='ocrx_word' id='word_1_820' title='bbox 2825 5008 3165 5077; x_wconf 88' lang='lat' dir='ltr'><strong>perpendens</strong></span> <span class='ocrx_word' id='word_1_821' title='bbox 3209 5020 3377 5076; x_wconf 85' lang='lat' dir='ltr'><strong>quam</strong></span> 
     </span>
    </p>
   </div>
   <div class='ocr_carea' id='block_1_111' title="bbox 1785 5097 3377 5168">
    <p class='ocr_par' dir='ltr' id='par_1_111' title="bbox 1785 5097 3377 5168">
     <span class='ocr_line' id='line_1_111' title="bbox 1785 5097 3377 5168; baseline -0.001 -13"><span class='ocrx_word' id='word_1_822' title='bbox 1785 5100 1993 5155; x_wconf 88' lang='lat' dir='ltr'><strong>inutilis</strong></span> <span class='ocrx_word' id='word_1_823' title='bbox 2025 5107 2109 5154; x_wconf 91' lang='lat' dir='ltr'><strong>cst</strong></span> <span class='ocrx_word' id='word_1_824' title='bbox 2157 5098 2336 5152; x_wconf 90' lang='lat' dir='ltr'><strong>omnis</strong></span> <span class='ocrx_word' id='word_1_825' title='bbox 2384 5097 2555 5152; x_wconf 90' lang='lat' dir='ltr'><strong>honor</strong></span> <span class='ocrx_word' id='word_1_826' title='bbox 2611 5097 2771 5167; x_wconf 87' lang='lat' dir='ltr'><strong>lmjus</strong></span> <span class='ocrx_word' id='word_1_827' title='bbox 2818 5098 3020 5162; x_wconf 76' lang='lat' dir='ltr'><strong>saeculi,</strong></span> <span class='ocrx_word' id='word_1_828' title='bbox 3071 5098 3181 5152; x_wconf 90' lang='lat' dir='ltr'><strong>imo</strong></span> <span class='ocrx_word' id='word_1_829' title='bbox 3209 5113 3377 5168; x_wconf 83' lang='lat' dir='ltr'><strong>quam</strong></span> 
     </span>
    </p>
   </div>
   <div class='ocr_carea' id='block_1_112' title="bbox 1789 5188 3379 5271">
    <p class='ocr_par' dir='ltr' id='par_1_112' title="bbox 1789 5188 3379 5271">
     <span class='ocr_line' id='line_1_112' title="bbox 1789 5188 3379 5271; baseline 0 -25"><span class='ocrx_word' id='word_1_830' title='bbox 1789 5207 1997 5247; x_wconf 90' lang='lat' dir='ltr'><strong>nocuus</strong></span> <span class='ocrx_word' id='word_1_831' title='bbox 2049 5200 2106 5246; x_wconf 90' lang='lat' dir='ltr'><strong>et</strong></span> <span class='ocrx_word' id='word_1_832' title='bbox 2148 5189 2498 5271; x_wconf 74' lang='lat' dir='ltr'><strong>illecebrosus</strong></span> <span class='ocrx_word' id='word_1_833' title='bbox 2553 5188 2620 5243; x_wconf 92' lang='lat' dir='ltr'><strong>ad</strong></span> <span class='ocrx_word' id='word_1_834' title='bbox 2670 5198 2928 5245; x_wconf 73' lang='lat' dir='ltr'><strong>retcrnam</strong></span> <span class='ocrx_word' id='word_1_835' title='bbox 2972 5189 3379 5246; x_wconf 88' lang='lat' dir='ltr'><strong>damnationem</strong></span> 
     </span>
    </p>
   </div>
   <div class='ocr_carea' id='block_1_113' title="bbox 1786 5267 3376 5353">
    <p class='ocr_par' dir='ltr' id='par_1_113' title="bbox 1786 5267 3376 5353">
     <span class='ocr_line' id='line_1_113' title="bbox 1786 5267 3376 5353; baseline -0.001 -13"><span class='ocrx_word' id='word_1_836' title='bbox 1786 5283 2158 5340; x_wconf 88' lang='lat' dir='ltr'><strong>misericordia</strong></span> <span class='ocrx_word' id='word_1_837' title='bbox 2186 5267 2388 5337; x_wconf 87' lang='lat' dir='ltr'><strong>Christi</strong></span> <span class='ocrx_word' id='word_1_838' title='bbox 2432 5294 2491 5335; x_wconf 91' lang='lat' dir='ltr'><strong>se</strong></span> <span class='ocrx_word' id='word_1_839' title='bbox 2520 5282 2773 5337; x_wconf 88' lang='lat' dir='ltr'><strong>visitante</strong></span> <span class='ocrx_word' id='word_1_840' title='bbox 2818 5290 2874 5337; x_wconf 88' lang='lat' dir='ltr'><strong>et</strong></span> <span class='ocrx_word' id='word_1_841' title='bbox 2914 5267 3237 5352; x_wconf 81' lang='lat' dir='ltr'><strong>inspirante,</strong></span> <span class='ocrx_word' id='word_1_842' title='bbox 3270 5298 3376 5353; x_wconf 90' lang='lat' dir='ltr'><strong>pro</strong></span> 
     </span>
    </p>
   </div>
   <div class='ocr_carea' id='block_1_114' title="bbox 1784 5372 3378 5446">
    <p class='ocr_par' dir='ltr' id='par_1_114' title="bbox 1784 5372 3378 5446">
     <span class='ocr_line' id='line_1_114' title="bbox 1784 5372 3378 5446; baseline -0.002 -16"><span class='ocrx_word' id='word_1_843' title='bbox 1784 5376 1903 5446; x_wconf 88' lang='lat' dir='ltr'><strong>ejus</strong></span> <span class='ocrx_word' id='word_1_844' title='bbox 1928 5388 2114 5430; x_wconf 91' lang='lat' dir='ltr'><strong>amore</strong></span> <span class='ocrx_word' id='word_1_845' title='bbox 2139 5389 2206 5429; x_wconf 87' lang='lat' dir='ltr'><strong>ex</strong></span> <span class='ocrx_word' id='word_1_846' title='bbox 2233 5381 2349 5427; x_wconf 91' lang='lat' dir='ltr'><strong>toto</strong></span> <span class='ocrx_word' id='word_1_847' title='bbox 2382 5372 2711 5428; x_wconf 90' lang='lat' dir='ltr'><strong>renuntiavit</strong></span> <span class='ocrx_word' id='word_1_848' title='bbox 2738 5373 2935 5428; x_wconf 66' lang='lat' dir='ltr'><strong>sarculo</strong></span> <span class='ocrx_word' id='word_1_849' title='bbox 2965 5373 3019 5429; x_wconf 87' lang='lat' dir='ltr'><strong>in</strong></span> <span class='ocrx_word' id='word_1_850' title='bbox 3047 5373 3378 5429; x_wconf 89' lang='lat' dir='ltr'><strong>monasterio</strong></span> 
     </span>
    </p>
   </div>
   <div class='ocr_carea' id='block_1_115' title="bbox 1785 5465 3373 5537">
    <p class='ocr_par' dir='ltr' id='par_1_115' title="bbox 1785 5465 3373 5537">
     <span class='ocr_line' id='line_1_115' title="bbox 1785 5465 3373 5537; baseline -0.003 -13"><span class='ocrx_word' id='word_1_851' title='bbox 1785 5468 2151 5533; x_wconf 88' lang='lat' dir='ltr'><strong>Cluniacensi,</strong></span> <span class='ocrx_word' id='word_1_852' title='bbox 2188 5474 2247 5521; x_wconf 92' lang='lat' dir='ltr'><strong>ut</strong></span> <span class='ocrx_word' id='word_1_853' title='bbox 2277 5466 2475 5521; x_wconf 89' lang='lat' dir='ltr'><strong>ibidem</strong></span> <span class='ocrx_word' id='word_1_854' title='bbox 2516 5465 2747 5536; x_wconf 82' lang='lat' dir='ltr'><strong>regulari</strong></span> <span class='ocrx_word' id='word_1_855' title='bbox 2782 5465 3077 5537; x_wconf 71' lang='lat' dir='ltr'><strong>disciplina:</strong></span> <span class='ocrx_word' id='word_1_856' title='bbox 3103 5466 3373 5533; x_wconf 85' lang='lat' dir='ltr'><strong>subditus,</strong></span> 
     </span>
    </p>
   </div>
   <div class='ocr_carea' id='block_1_116' title="bbox 1786 5559 3374 5633">
    <p class='ocr_par' dir='ltr' id='par_1_116' title="bbox 1786 5559 3374 5633">
     <span class='ocr_line' id='line_1_116' title="bbox 1786 5559 3374 5633; baseline 0 -18"><span class='ocrx_word' id='word_1_857' title='bbox 1786 5561 2167 5633; x_wconf 67' lang='lat' dir='ltr'><strong>pmnitentiam</strong></span> <span class='ocrx_word' id='word_1_858' title='bbox 2203 5565 2390 5627; x_wconf 89' lang='lat' dir='ltr'><strong>ageret</strong></span> <span class='ocrx_word' id='word_1_859' title='bbox 2428 5565 2804 5627; x_wconf 88' lang='lat' dir='ltr'><strong>peccatorum;</strong></span> <span class='ocrx_word' id='word_1_860' title='bbox 2854 5578 2872 5611; x_wconf 73' lang='grc' dir='ltr'><strong><em>ι</em></strong></span> <span class='ocrx_word' id='word_1_861' title='bbox 2910 5568 2966 5615; x_wconf 89' lang='lat' dir='ltr'><strong>et</strong></span> <span class='ocrx_word' id='word_1_862' title='bbox 3010 5559 3208 5615; x_wconf 90' lang='lat' dir='ltr'><strong>multos</strong></span> <span class='ocrx_word' id='word_1_863' title='bbox 3234 5574 3374 5630; x_wconf 76' lang='lat' dir='ltr'><strong>pra:-</strong></span> 
     </span>
    </p>
   </div>
   <div class='ocr_carea' id='block_1_117' title="bbox 1786 5634 3372 5721">
    <p class='ocr_par' dir='ltr' id='par_1_117' title="bbox 1786 5634 3372 5721">
     <span class='ocr_line' id='line_1_117' title="bbox 1786 5634 3372 5721; baseline -0.003 -13"><span class='ocrx_word' id='word_1_864' title='bbox 1786 5663 1934 5708; x_wconf 88' lang='lat' dir='ltr'><strong>terea</strong></span> <span class='ocrx_word' id='word_1_865' title='bbox 1964 5634 2175 5706; x_wconf 60' lang='lat' dir='ltr'><strong>fundos</strong></span> <span class='ocrx_word' id='word_1_866' title='bbox 2221 5650 2463 5715; x_wconf 90' lang='lat' dir='ltr'><strong>donavit,</strong></span> <span class='ocrx_word' id='word_1_867' title='bbox 2492 5664 2631 5721; x_wconf 90' lang='lat' dir='ltr'><strong>quos</strong></span> <span class='ocrx_word' id='word_1_868' title='bbox 2660 5659 2909 5707; x_wconf 89' lang='lat' dir='ltr'><strong>recenset</strong></span> <span class='ocrx_word' id='word_1_869' title='bbox 2954 5650 3372 5706; x_wconf 84' lang='lat' dir='ltr'><strong>instrumentum</strong></span> 
     </span>
    </p>
   </div>
   <div class='ocr_carea' id='block_1_118' title="bbox 1786 5741 3372 5819">
    <p class='ocr_par' dir='ltr' id='par_1_118' title="bbox 1786 5741 3372 5819">
     <span class='ocr_line' id='line_1_118' title="bbox 1786 5741 3372 5819; baseline -0.003 -18"><span class='ocrx_word' id='word_1_870' title='bbox 1786 5746 1929 5802; x_wconf 80' lang='lat' dir='ltr'><strong>inter</strong></span> <span class='ocrx_word' id='word_1_871' title='bbox 1972 5743 2087 5816; x_wconf 89' lang='lat' dir='ltr'><strong>jam</strong></span> <span class='ocrx_word' id='word_1_872' title='bbox 2138 5758 2277 5817; x_wconf 62' lang='lat' dir='ltr'><strong>saepe</strong></span> <span class='ocrx_word' id='word_1_873' title='bbox 2345 5743 2486 5801; x_wconf 87' lang='lat' dir='ltr'><strong>dicta</strong></span> <span class='ocrx_word' id='word_1_874' title='bbox 2551 5743 2826 5819; x_wconf 85' lang='lat' dir='ltr'><strong>Spicilegii</strong></span> <span class='ocrx_word' id='word_1_875' title='bbox 2884 5744 2948 5801; x_wconf 78' lang='lat' dir='ltr'><strong>Vl</strong></span> <span class='ocrx_word' id='word_1_876' title='bbox 3003 5741 3372 5812; x_wconf 75' lang='lat' dir='ltr'><strong>lliscellanea,</strong></span> 
     </span>
    </p>
   </div>
  </div>
