  <div class='ocr_page' id='page_1' title='image "/cluster/home/n/w/nwhite01/storage/ocr_20150623/159/hvd.32044024236648/435.png"; bbox 0 0 3928 6298; ppageno 0'>
   <div class='ocr_carea' id='block_1_1' title="bbox 570 270 685 334">
    <p class='ocr_par' dir='ltr' id='par_1_1' title="bbox 570 270 685 334">
     <span class='ocr_line' id='line_1_1' title="bbox 570 270 685 334; baseline 0 0"><span class='ocrx_word' id='word_1_1' title='bbox 570 270 685 334; x_wconf 61' lang='grc' dir='ltr'><strong>εςᾶ</strong></span> 
     </span>
    </p>
   </div>
   <div class='ocr_carea' id='block_1_2' title="bbox 1709 270 3730 348">
    <p class='ocr_par' dir='ltr' id='par_1_2' title="bbox 1709 270 3730 348">
     <span class='ocr_line' id='line_1_2' title="bbox 1709 270 3730 348; baseline -0.002 -17"><span class='ocrx_word' id='word_1_2' title='bbox 1709 272 1768 331; x_wconf 85' lang='lat' dir='ltr'><strong>s.</strong></span> <span class='ocrx_word' id='word_1_3' title='bbox 1796 270 2100 331; x_wconf 78' lang='lat' dir='ltr'><strong>nucorus</strong></span> <span class='ocrx_word' id='word_1_4' title='bbox 2131 272 2427 332; x_wconf 63' lang='lat' dir='ltr'><strong>seems</strong></span> <span class='ocrx_word' id='word_1_5' title='bbox 2452 272 2782 332; x_wconf 76' lang='lat' dir='ltr'><strong>CLUNIAC.</strong></span> <span class='ocrx_word' id='word_1_6' title='bbox 3662 292 3730 348; x_wconf 59' lang='grc' dir='ltr'><strong>,εδ</strong></span> 
     </span>
    </p>
   </div>
   <div class='ocr_carea' id='block_1_3' title="bbox 570 384 3731 460">
    <p class='ocr_par' dir='ltr' id='par_1_3' title="bbox 570 384 3731 460">
     <span class='ocr_line' id='line_1_3' title="bbox 570 384 3731 460; baseline 0.003 -13"><span class='ocrx_word' id='word_1_7' title='bbox 570 404 724 447; x_wconf 89' lang='lat' dir='ltr'><strong>num.</strong></span> <span class='ocrx_word' id='word_1_8' title='bbox 752 385 826 444; x_wconf 63' lang='lat'><strong>26</strong></span> <span class='ocrx_word' id='word_1_9' title='bbox 875 385 1185 458; x_wconf 79' lang='lat' dir='ltr'><strong>legendum.</strong></span> <span class='ocrx_word' id='word_1_10' title='bbox 1234 384 1412 457; x_wconf 76' lang='lat' dir='ltr'><strong>Atqae</strong></span> <span class='ocrx_word' id='word_1_11' title='bbox 1460 384 1578 441; x_wconf 67' lang='lat' dir='ltr'><strong>haec</strong></span> <span class='ocrx_word' id='word_1_12' title='bbox 1625 385 1942 454; x_wconf 85' lang='lat' dir='ltr'><strong>spcciminis</strong></span> <span class='ocrx_word' id='word_1_13' title='bbox 1999 400 2163 441; x_wconf 88' lang='lat' dir='ltr'><strong>causa</strong></span> <span class='ocrx_word' id='word_1_14' title='bbox 2192 389 2243 449; x_wconf 79' lang='grc' dir='ltr'><strong>Α</strong></span> <span class='ocrx_word' id='word_1_15' title='bbox 2270 387 2441 444; x_wconf 82' lang='lat' dir='ltr'><strong>abbas</strong></span> <span class='ocrx_word' id='word_1_16' title='bbox 2468 386 2860 453; x_wconf 86' lang='lat' dir='ltr'><strong>Cluniacensis,</strong></span> <span class='ocrx_word' id='word_1_17' title='bbox 2884 386 3139 455; x_wconf 80' lang='lat' dir='ltr'><strong>salutem,</strong></span> <span class='ocrx_word' id='word_1_18' title='bbox 3162 387 3383 460; x_wconf 84' lang='lat' dir='ltr'><strong>gratiam</strong></span> <span class='ocrx_word' id='word_1_19' title='bbox 3414 398 3462 447; x_wconf 90' lang='lat' dir='ltr'><strong>et</strong></span> <span class='ocrx_word' id='word_1_20' title='bbox 3484 391 3731 457; x_wconf 71' lang='lat' dir='ltr'><strong>benedictio-</strong></span> 
     </span>
    </p>
   </div>
   <div class='ocr_carea' id='block_1_4' title="bbox 571 476 2168 551">
    <p class='ocr_par' dir='ltr' id='par_1_4' title="bbox 571 476 2168 551">
     <span class='ocr_line' id='line_1_4' title="bbox 571 476 2168 551; baseline -0.002 -14"><span class='ocrx_word' id='word_1_21' title='bbox 571 480 865 551; x_wconf 80' lang='lat' dir='ltr'><strong>suliiciunt,</strong></span> <span class='ocrx_word' id='word_1_22' title='bbox 922 480 1079 550; x_wconf 91' lang='lat' dir='ltr'><strong>plura</strong></span> <span class='ocrx_word' id='word_1_23' title='bbox 1119 481 1265 534; x_wconf 89' lang='lat' dir='ltr'><strong>enim</strong></span> <span class='ocrx_word' id='word_1_24' title='bbox 1319 478 1574 550; x_wconf 77' lang='lat' dir='ltr'><strong>colligere</strong></span> <span class='ocrx_word' id='word_1_25' title='bbox 1627 493 1733 532; x_wconf 91' lang='lat' dir='ltr'><strong>non</strong></span> <span class='ocrx_word' id='word_1_26' title='bbox 1784 486 1868 532; x_wconf 87' lang='lat' dir='ltr'><strong>est</strong></span> <span class='ocrx_word' id='word_1_27' title='bbox 1922 476 2168 534; x_wconf 87' lang='lat' dir='ltr'><strong>instituti</strong></span> 
     </span>
    </p>
   </div>
   <div class='ocr_carea' id='block_1_5' title="bbox 572 572 769 627">
    <p class='ocr_par' dir='ltr' id='par_1_5' title="bbox 572 572 769 627">
     <span class='ocr_line' id='line_1_5' title="bbox 572 572 769 627; baseline -0.01 0"><span class='ocrx_word' id='word_1_28' title='bbox 572 572 769 627; x_wconf 77' lang='lat' dir='ltr'><strong>nostri.</strong></span> 
     </span>
    </p>
   </div>
   <div class='ocr_carea' id='block_1_6' title="bbox 608 681 2130 757">
    <p class='ocr_par' dir='ltr' id='par_1_6' title="bbox 608 681 2130 757">
     <span class='ocr_line' id='line_1_6' title="bbox 608 681 2130 757; baseline 0.001 -17"><span class='ocrx_word' id='word_1_29' title='bbox 608 685 635 757; x_wconf 61' lang='grc' dir='ltr'><strong>θ</strong></span> <span class='ocrx_word' id='word_1_30' title='bbox 670 685 751 740; x_wconf 94' lang='lat' dir='ltr'><strong>lll.</strong></span> <span class='ocrx_word' id='word_1_31' title='bbox 778 681 1049 740; x_wconf 78' lang='lat' dir='ltr'><strong>Fundatio</strong></span> <span class='ocrx_word' id='word_1_32' title='bbox 1071 682 1524 757; x_wconf 66' lang='lat' dir='ltr'><strong>ngciniacensis.</strong></span> <span class='ocrx_word' id='word_1_33' title='bbox 1549 683 1734 738; x_wconf 83' lang='lat' dir='ltr'><strong>Cultus</strong></span> <span class='ocrx_word' id='word_1_34' title='bbox 1763 681 1823 739; x_wconf 87' lang='lat' dir='ltr'><strong>S.</strong></span> <span class='ocrx_word' id='word_1_35' title='bbox 1858 682 2130 755; x_wconf 80' lang='lat' dir='ltr'><strong>Hugonis.</strong></span> 
     </span>
    </p>
   </div>
   <div class='ocr_carea' id='block_1_7' title="bbox 1119 751 1614 823">
    <p class='ocr_par' dir='ltr' id='par_1_7' title="bbox 1119 751 1614 823">
     <span class='ocr_line' id='line_1_7' title="bbox 1119 751 1614 823; baseline -0.002 -13"><span class='ocrx_word' id='word_1_36' title='bbox 1119 753 1418 823; x_wconf 71' lang='lat' dir='ltr'><strong>Scriptores</strong></span> <span class='ocrx_word' id='word_1_37' title='bbox 1458 751 1614 809; x_wconf 68' lang='grc' dir='ltr'><strong>νίκαν.</strong></span> 
     </span>
    </p>
   </div>
   <div class='ocr_carea' id='block_1_8' title="bbox 637 842 2157 915">
    <p class='ocr_par' dir='ltr' id='par_1_8' title="bbox 637 842 2157 915">
     <span class='ocr_line' id='line_1_8' title="bbox 637 842 2157 915; baseline 0.003 -16"><span class='ocrx_word' id='word_1_38' title='bbox 637 844 727 901; x_wconf 78' lang='lat' dir='ltr'><strong>l3.</strong></span> <span class='ocrx_word' id='word_1_39' title='bbox 766 842 911 900; x_wconf 88' lang='lat' dir='ltr'><strong>Cura</strong></span> <span class='ocrx_word' id='word_1_40' title='bbox 941 842 1000 898; x_wconf 88' lang='lat' dir='ltr'><strong>S.</strong></span> <span class='ocrx_word' id='word_1_41' title='bbox 1037 842 1247 915; x_wconf 83' lang='lat' dir='ltr'><strong>Hugoni</strong></span> <span class='ocrx_word' id='word_1_42' title='bbox 1280 843 1382 898; x_wconf 89' lang='lat' dir='ltr'><strong>fuit</strong></span> <span class='ocrx_word' id='word_1_43' title='bbox 1421 860 1528 899; x_wconf 93' lang='lat' dir='ltr'><strong>non</strong></span> <span class='ocrx_word' id='word_1_44' title='bbox 1560 845 1721 901; x_wconf 90' lang='lat' dir='ltr'><strong>modo</strong></span> <span class='ocrx_word' id='word_1_45' title='bbox 1755 844 1981 902; x_wconf 88' lang='lat' dir='ltr'><strong>fundata</strong></span> <span class='ocrx_word' id='word_1_46' title='bbox 2014 848 2157 903; x_wconf 89' lang='lat' dir='ltr'><strong>alias</strong></span> 
     </span>
    </p>
   </div>
   <div class='ocr_carea' id='block_1_9' title="bbox 565 935 2165 1011">
    <p class='ocr_par' dir='ltr' id='par_1_9' title="bbox 565 935 2165 1011">
     <span class='ocr_line' id='line_1_9' title="bbox 565 935 2165 1011; baseline 0.002 -17"><span class='ocrx_word' id='word_1_47' title='bbox 565 936 815 994; x_wconf 78' lang='lat' dir='ltr'><strong>ctenobia</strong></span> <span class='ocrx_word' id='word_1_48' title='bbox 843 936 900 991; x_wconf 85' lang='lat' dir='ltr'><strong>in</strong></span> <span class='ocrx_word' id='word_1_49' title='bbox 930 935 1010 992; x_wconf 86' lang='lat' dir='ltr'><strong>rei</strong></span> <span class='ocrx_word' id='word_1_50' title='bbox 1052 950 1180 992; x_wconf 83' lang='lat' dir='ltr'><strong>cum</strong></span> <span class='ocrx_word' id='word_1_51' title='bbox 1232 936 1545 1005; x_wconf 81' lang='lat' dir='ltr'><strong>temporalis</strong></span> <span class='ocrx_word' id='word_1_52' title='bbox 1590 947 1703 992; x_wconf 91' lang='lat' dir='ltr'><strong>tum</strong></span> <span class='ocrx_word' id='word_1_53' title='bbox 1757 953 1928 995; x_wconf 81' lang='lat' dir='ltr'><strong>sacrae</strong></span> <span class='ocrx_word' id='word_1_54' title='bbox 1974 941 2165 1011; x_wconf 80' lang='lat' dir='ltr'><strong>vigore</strong></span> 
     </span>
    </p>
   </div>
   <div class='ocr_carea' id='block_1_10' title="bbox 565 1028 2165 1102">
    <p class='ocr_par' dir='ltr' id='par_1_10' title="bbox 565 1028 2165 1102">
     <span class='ocr_line' id='line_1_10' title="bbox 565 1028 2165 1102; baseline 0.002 -17"><span class='ocrx_word' id='word_1_55' title='bbox 565 1044 923 1097; x_wconf 81' lang='lat' dir='ltr'><strong>conservare,</strong></span> <span class='ocrx_word' id='word_1_56' title='bbox 956 1028 1051 1085; x_wconf 88' lang='lat' dir='ltr'><strong>sed</strong></span> <span class='ocrx_word' id='word_1_57' title='bbox 1077 1037 1133 1084; x_wconf 93' lang='lat' dir='ltr'><strong>et</strong></span> <span class='ocrx_word' id='word_1_58' title='bbox 1167 1044 1303 1083; x_wconf 88' lang='lat' dir='ltr'><strong>nova</strong></span> <span class='ocrx_word' id='word_1_59' title='bbox 1334 1028 1554 1099; x_wconf 81' lang='lat' dir='ltr'><strong>insuper</strong></span> <span class='ocrx_word' id='word_1_60' title='bbox 1594 1031 1757 1086; x_wconf 91' lang='lat' dir='ltr'><strong>etiam</strong></span> <span class='ocrx_word' id='word_1_61' title='bbox 1801 1048 1898 1102; x_wconf 89' lang='lat' dir='ltr'><strong>pro</strong></span> <span class='ocrx_word' id='word_1_62' title='bbox 1949 1033 2165 1089; x_wconf 82' lang='lat' dir='ltr'><strong>feminis</strong></span> 
     </span>
    </p>
   </div>
   <div class='ocr_carea' id='block_1_11' title="bbox 564 1121 2166 1197">
    <p class='ocr_par' dir='ltr' id='par_1_11' title="bbox 564 1121 2166 1197">
     <span class='ocr_line' id='line_1_11' title="bbox 564 1121 2166 1197; baseline 0.002 -18"><span class='ocrx_word' id='word_1_63' title='bbox 564 1122 828 1179; x_wconf 88' lang='lat' dir='ltr'><strong>condere.</strong></span> <span class='ocrx_word' id='word_1_64' title='bbox 870 1122 927 1176; x_wconf 88' lang='lat' dir='ltr'><strong>In</strong></span> <span class='ocrx_word' id='word_1_65' title='bbox 952 1121 1020 1177; x_wconf 89' lang='lat' dir='ltr'><strong>iis</strong></span> <span class='ocrx_word' id='word_1_66' title='bbox 1046 1121 1429 1176; x_wconf 85' lang='lat' dir='ltr'><strong>Marciniacum</strong></span> <span class='ocrx_word' id='word_1_67' title='bbox 1462 1131 1563 1188; x_wconf 90' lang='lat' dir='ltr'><strong>est,</strong></span> <span class='ocrx_word' id='word_1_68' title='bbox 1588 1139 1693 1179; x_wconf 92' lang='lat' dir='ltr'><strong>non</strong></span> <span class='ocrx_word' id='word_1_69' title='bbox 1726 1126 1916 1194; x_wconf 86' lang='lat' dir='ltr'><strong>procul</strong></span> <span class='ocrx_word' id='word_1_70' title='bbox 1959 1128 2166 1197; x_wconf 81' lang='lat' dir='ltr'><strong>oppido</strong></span> 
     </span>
    </p>
   </div>
   <div class='ocr_carea' id='block_1_12' title="bbox 565 1210 2161 1289">
    <p class='ocr_par' dir='ltr' id='par_1_12' title="bbox 565 1210 2161 1289">
     <span class='ocr_line' id='line_1_12' title="bbox 565 1210 2161 1289; baseline 0.003 -20"><span class='ocrx_word' id='word_1_71' title='bbox 565 1210 803 1269; x_wconf 88' lang='lat' dir='ltr'><strong>Semuro</strong></span> <span class='ocrx_word' id='word_1_72' title='bbox 850 1227 916 1268; x_wconf 86' lang='lat' dir='ltr'><strong>ac</strong></span> <span class='ocrx_word' id='word_1_73' title='bbox 942 1210 1122 1282; x_wconf 87' lang='lat' dir='ltr'><strong>Ligeri</strong></span> <span class='ocrx_word' id='word_1_74' title='bbox 1155 1228 1342 1279; x_wconf 89' lang='lat' dir='ltr'><strong>amne,</strong></span> <span class='ocrx_word' id='word_1_75' title='bbox 1382 1212 1435 1267; x_wconf 90' lang='lat' dir='ltr'><strong>in</strong></span> <span class='ocrx_word' id='word_1_76' title='bbox 1464 1214 1774 1285; x_wconf 84' lang='lat' dir='ltr'><strong>episcopatu</strong></span> <span class='ocrx_word' id='word_1_77' title='bbox 1820 1218 2161 1289; x_wconf 85' lang='lat' dir='ltr'><strong>Augustodu-</strong></span> 
     </span>
    </p>
   </div>
   <div class='ocr_carea' id='block_1_13' title="bbox 564 1304 2160 1375">
    <p class='ocr_par' dir='ltr' id='par_1_13' title="bbox 564 1304 2160 1375">
     <span class='ocr_line' id='line_1_13' title="bbox 564 1304 2160 1375; baseline 0.004 -14"><span class='ocrx_word' id='word_1_78' title='bbox 564 1305 725 1361; x_wconf 87' lang='lat' dir='ltr'><strong>nensi</strong></span> <span class='ocrx_word' id='word_1_79' title='bbox 749 1304 948 1371; x_wconf 89' lang='lat' dir='ltr'><strong>situm;</strong></span> <span class='ocrx_word' id='word_1_80' title='bbox 980 1305 1046 1360; x_wconf 90' lang='lat' dir='ltr'><strong>de</strong></span> <span class='ocrx_word' id='word_1_81' title='bbox 1080 1305 1236 1375; x_wconf 86' lang='lat' dir='ltr'><strong>cujus</strong></span> <span class='ocrx_word' id='word_1_82' title='bbox 1259 1305 1578 1362; x_wconf 90' lang='lat' dir='ltr'><strong>fundatione</strong></span> <span class='ocrx_word' id='word_1_83' title='bbox 1610 1308 1666 1363; x_wconf 93' lang='lat' dir='ltr'><strong>in</strong></span> <span class='ocrx_word' id='word_1_84' title='bbox 1697 1308 2039 1367; x_wconf 84' lang='lat' dir='ltr'><strong>Cluniacensi</strong></span> <span class='ocrx_word' id='word_1_85' title='bbox 2070 1313 2160 1368; x_wconf 90' lang='lat' dir='ltr'><strong>Bi-</strong></span> 
     </span>
    </p>
   </div>
   <div class='ocr_carea' id='block_1_14' title="bbox 562 1396 2158 1473">
    <p class='ocr_par' dir='ltr' id='par_1_14' title="bbox 562 1396 2158 1473">
     <span class='ocr_line' id='line_1_14' title="bbox 562 1396 2158 1473; baseline 0.001 -17"><span class='ocrx_word' id='word_1_86' title='bbox 562 1398 837 1456; x_wconf 80' lang='lat' dir='ltr'><strong>bliotheca</strong></span> <span class='ocrx_word' id='word_1_87' title='bbox 892 1397 995 1453; x_wconf 87' lang='lat' dir='ltr'><strong>hoc</strong></span> <span class='ocrx_word' id='word_1_88' title='bbox 1052 1396 1419 1468; x_wconf 74' lang='lat' dir='ltr'><strong>fragmentum</strong></span> <span class='ocrx_word' id='word_1_89' title='bbox 1483 1399 1790 1457; x_wconf 88' lang='lat' dir='ltr'><strong>tabularum</strong></span> <span class='ocrx_word' id='word_1_90' title='bbox 1862 1414 2158 1473; x_wconf 76' lang='lat' dir='ltr'><strong>superest:</strong></span> 
     </span>
    </p>
   </div>
   <div class='ocr_carea' id='block_1_15' title="bbox 569 1488 2162 1553">
    <p class='ocr_par' dir='ltr' id='par_1_15' title="bbox 569 1488 2162 1553">
     <span class='ocr_line' id='line_1_15' title="bbox 569 1488 2162 1553; baseline 0.004 -8"><span class='ocrx_word' id='word_1_91' title='bbox 569 1508 593 1545; x_wconf 73' lang='grc' dir='ltr'><strong>ι</strong></span> <span class='ocrx_word' id='word_1_92' title='bbox 630 1490 690 1546; x_wconf 85' lang='grc' dir='ltr'><strong>1η</strong></span> <span class='ocrx_word' id='word_1_93' title='bbox 729 1491 952 1547; x_wconf 87' lang='lat' dir='ltr'><strong>nomine</strong></span> <span class='ocrx_word' id='word_1_94' title='bbox 997 1488 1212 1545; x_wconf 88' lang='lat' dir='ltr'><strong>Domini</strong></span> <span class='ocrx_word' id='word_1_95' title='bbox 1243 1490 1414 1547; x_wconf 82' lang='lat' dir='ltr'><strong>nostri</strong></span> <span class='ocrx_word' id='word_1_96' title='bbox 1444 1490 1571 1547; x_wconf 85' lang='lat' dir='ltr'><strong>Jesu</strong></span> <span class='ocrx_word' id='word_1_97' title='bbox 1604 1493 1828 1550; x_wconf 83' lang='lat' dir='ltr'><strong>Christi.</strong></span> <span class='ocrx_word' id='word_1_98' title='bbox 1860 1494 2059 1551; x_wconf 85' lang='lat' dir='ltr'><strong>Notum</strong></span> <span class='ocrx_word' id='word_1_99' title='bbox 2088 1498 2162 1553; x_wconf 88' lang='lat' dir='ltr'><strong>sit</strong></span> 
     </span>
    </p>
   </div>
   <div class='ocr_carea' id='block_1_16' title="bbox 564 1578 2161 1654">
    <p class='ocr_par' dir='ltr' id='par_1_16' title="bbox 564 1578 2161 1654">
     <span class='ocr_line' id='line_1_16' title="bbox 564 1578 2161 1654; baseline 0.004 -18"><span class='ocrx_word' id='word_1_100' title='bbox 564 1580 822 1637; x_wconf 85' lang='lat' dir='ltr'><strong>omnibus</strong></span> <span class='ocrx_word' id='word_1_101' title='bbox 878 1578 1141 1635; x_wconf 78' lang='lat' dir='ltr'><strong>fratribus</strong></span> <span class='ocrx_word' id='word_1_102' title='bbox 1192 1582 1396 1638; x_wconf 86' lang='lat' dir='ltr'><strong>nostris</strong></span> <span class='ocrx_word' id='word_1_103' title='bbox 1437 1584 1758 1654; x_wconf 78' lang='lat' dir='ltr'><strong>cunctisque</strong></span> <span class='ocrx_word' id='word_1_104' title='bbox 1811 1595 2012 1641; x_wconf 67' lang='lat' dir='ltr'><strong>sanctae</strong></span> <span class='ocrx_word' id='word_1_105' title='bbox 2063 1588 2161 1643; x_wconf 86' lang='lat' dir='ltr'><strong>Dei</strong></span> 
     </span>
    </p>
   </div>
   <div class='ocr_carea' id='block_1_17' title="bbox 565 1671 2161 1747">
    <p class='ocr_par' dir='ltr' id='par_1_17' title="bbox 565 1671 2161 1747">
     <span class='ocr_line' id='line_1_17' title="bbox 565 1671 2161 1747; baseline 0.003 -18"><span class='ocrx_word' id='word_1_106' title='bbox 565 1673 824 1729; x_wconf 75' lang='lat' dir='ltr'><strong>Ecclesiae</strong></span> <span class='ocrx_word' id='word_1_107' title='bbox 855 1672 1000 1738; x_wconf 86' lang='lat' dir='ltr'><strong>filiis,</strong></span> <span class='ocrx_word' id='word_1_108' title='bbox 1041 1671 1167 1741; x_wconf 83' lang='lat' dir='ltr'><strong>quia</strong></span> <span class='ocrx_word' id='word_1_109' title='bbox 1199 1686 1300 1744; x_wconf 78' lang='lat' dir='ltr'><strong>ego</strong></span> <span class='ocrx_word' id='word_1_110' title='bbox 1342 1672 1513 1728; x_wconf 87' lang='lat' dir='ltr'><strong>frater</strong></span> <span class='ocrx_word' id='word_1_111' title='bbox 1558 1675 1730 1747; x_wconf 86' lang='lat' dir='ltr'><strong>llugo,</strong></span> <span class='ocrx_word' id='word_1_112' title='bbox 1784 1677 2161 1735; x_wconf 84' lang='lat' dir='ltr'><strong>Cluniacensis</strong></span> 
     </span>
    </p>
   </div>
   <div class='ocr_carea' id='block_1_18' title="bbox 2270 479 3737 563">
    <p class='ocr_par' dir='ltr' id='par_1_18' title="bbox 2270 479 3737 563">
     <span class='ocr_line' id='line_1_18' title="bbox 2270 479 3737 563; baseline 0.007 -28"><span class='ocrx_word' id='word_1_113' title='bbox 2270 494 2425 548; x_wconf 87' lang='lat' dir='ltr'><strong>nem,</strong></span> <span class='ocrx_word' id='word_1_114' title='bbox 2448 487 2506 535; x_wconf 90' lang='lat' dir='ltr'><strong>et</strong></span> <span class='ocrx_word' id='word_1_115' title='bbox 2533 495 2681 535; x_wconf 88' lang='lat' dir='ltr'><strong>nunc</strong></span> <span class='ocrx_word' id='word_1_116' title='bbox 2721 489 2777 534; x_wconf 87' lang='lat' dir='ltr'><strong>et</strong></span> <span class='ocrx_word' id='word_1_117' title='bbox 2804 479 2855 535; x_wconf 90' lang='lat' dir='ltr'><strong>in</strong></span> <span class='ocrx_word' id='word_1_118' title='bbox 2885 489 3224 550; x_wconf 87' lang='lat' dir='ltr'><strong>perpetuum.</strong></span> <span class='ocrx_word' id='word_1_119' title='bbox 3256 481 3363 536; x_wconf 78' lang='lat' dir='ltr'><strong>Non</strong></span> <span class='ocrx_word' id='word_1_120' title='bbox 3402 482 3559 552; x_wconf 83' lang='lat' dir='ltr'><strong>lateat,</strong></span> <span class='ocrx_word' id='word_1_121' title='bbox 3587 505 3611 543; x_wconf 88' lang='grc' dir='ltr'>ο</span> <span class='ocrx_word' id='word_1_122' title='bbox 3646 491 3737 563; x_wconf 69' lang='lat' dir='ltr'><strong>filia,</strong></span> 
     </span>
    </p>
   </div>
   <div class='ocr_carea' id='block_1_19' title="bbox 2267 570 3737 641">
    <p class='ocr_par' dir='ltr' id='par_1_19' title="bbox 2267 570 3737 641">
     <span class='ocr_line' id='line_1_19' title="bbox 2267 570 3737 641; baseline 0.003 -14"><span class='ocrx_word' id='word_1_123' title='bbox 2267 570 2685 641; x_wconf 62' lang='lat' dir='ltr'><strong>primordialem</strong></span> <span class='ocrx_word' id='word_1_124' title='bbox 2746 571 3071 628; x_wconf 87' lang='lat' dir='ltr'><strong>charitatem</strong></span> <span class='ocrx_word' id='word_1_125' title='bbox 3126 581 3394 639; x_wconf 86' lang='lat' dir='ltr'><strong>vestram,</strong></span> <span class='ocrx_word' id='word_1_126' title='bbox 3448 595 3465 628; x_wconf 75' lang='grc' dir='ltr'><strong>ι</strong></span> <span class='ocrx_word' id='word_1_127' title='bbox 3526 587 3608 632; x_wconf 81' lang='lat' dir='ltr'><strong>etc.</strong></span> <span class='ocrx_word' id='word_1_128' title='bbox 3657 581 3737 640; x_wconf 65' lang='grc' dir='ltr'>ι’έέι</span> 
     </span>
    </p>
   </div>
   <div class='ocr_carea' id='block_1_20' title="bbox 2266 659 2437 731">
    <p class='ocr_par' dir='ltr' id='par_1_20' title="bbox 2266 659 2437 731">
     <span class='ocr_line' id='line_1_20' title="bbox 2266 659 2437 731; baseline 0 -17"><span class='ocrx_word' id='word_1_129' title='bbox 2266 659 2437 731; x_wconf 71' lang='lat' dir='ltr'><strong>infra.</strong></span> 
     </span>
    </p>
   </div>
   <div class='ocr_carea' id='block_1_21' title="bbox 2339 755 3739 832">
    <p class='ocr_par' dir='ltr' id='par_1_21' title="bbox 2339 755 3739 832">
     <span class='ocr_line' id='line_1_21' title="bbox 2339 755 3739 832; baseline 0.009 -22"><span class='ocrx_word' id='word_1_130' title='bbox 2339 756 2430 812; x_wconf 75' lang='lat' dir='ltr'><strong>f5.</strong></span> <span class='ocrx_word' id='word_1_131' title='bbox 2469 755 2735 814; x_wconf 80' lang='lat' dir='ltr'><strong>Humatus</strong></span> <span class='ocrx_word' id='word_1_132' title='bbox 2763 756 2864 814; x_wconf 87' lang='lat' dir='ltr'><strong>fuit</strong></span> <span class='ocrx_word' id='word_1_133' title='bbox 2884 759 2942 815; x_wconf 89' lang='lat' dir='ltr'><strong>S.</strong></span> <span class='ocrx_word' id='word_1_134' title='bbox 2976 760 3149 832; x_wconf 70' lang='lat' dir='ltr'><strong>litigo,</strong></span> <span class='ocrx_word' id='word_1_135' title='bbox 3199 768 3257 816; x_wconf 89' lang='lat' dir='ltr'><strong>ut</strong></span> <span class='ocrx_word' id='word_1_136' title='bbox 3283 761 3556 820; x_wconf 89' lang='lat' dir='ltr'><strong>Chronieon</strong></span> <span class='ocrx_word' id='word_1_137' title='bbox 3590 766 3739 822; x_wconf 74' lang='lat' dir='ltr'><strong>Clunia-</strong></span> 
     </span>
    </p>
   </div>
   <div class='ocr_carea' id='block_1_22' title="bbox 2268 842 3737 927">
    <p class='ocr_par' dir='ltr' id='par_1_22' title="bbox 2268 842 3737 927">
     <span class='ocr_line' id='line_1_22' title="bbox 2268 842 3737 927; baseline 0.007 -22"><span class='ocrx_word' id='word_1_138' title='bbox 2268 863 2431 906; x_wconf 88' lang='lat' dir='ltr'><strong>cense</strong></span> <span class='ocrx_word' id='word_1_139' title='bbox 2464 860 2671 919; x_wconf 88' lang='lat' dir='ltr'><strong>narrat,</strong></span> <span class='ocrx_word' id='word_1_140' title='bbox 2702 853 2753 906; x_wconf 92' lang='lat' dir='ltr'><strong>in</strong></span> <span class='ocrx_word' id='word_1_141' title='bbox 2781 850 2989 921; x_wconf 81' lang='lat' dir='ltr'><strong>majore</strong></span> <span class='ocrx_word' id='word_1_142' title='bbox 3017 842 3267 920; x_wconf 57' lang='lat' dir='ltr'><strong>ecclesia;</strong></span> <span class='ocrx_word' id='word_1_143' title='bbox 3298 871 3451 925; x_wconf 89' lang='lat' dir='ltr'><strong>quam</strong></span> <span class='ocrx_word' id='word_1_144' title='bbox 3487 857 3580 927; x_wconf 84' lang='lat' dir='ltr'><strong>ipse</strong></span> <span class='ocrx_word' id='word_1_145' title='bbox 3611 859 3648 912; x_wconf 89' lang='lat' dir='ltr'><strong>iu</strong></span> <span class='ocrx_word' id='word_1_146' title='bbox 3674 861 3737 916; x_wconf 85' lang='lat' dir='ltr'><strong>ho-</strong></span> 
     </span>
    </p>
   </div>
   <div class='ocr_carea' id='block_1_23' title="bbox 2268 943 3741 1014">
    <p class='ocr_par' dir='ltr' id='par_1_23' title="bbox 2268 943 3741 1014">
     <span class='ocr_line' id='line_1_23' title="bbox 2268 943 3741 1014; baseline 0.007 -19"><span class='ocrx_word' id='word_1_147' title='bbox 2268 955 2457 996; x_wconf 91' lang='lat' dir='ltr'><strong>norem</strong></span> <span class='ocrx_word' id='word_1_148' title='bbox 2493 943 2860 1013; x_wconf 87' lang='lat' dir='ltr'><strong>apostolorum</strong></span> <span class='ocrx_word' id='word_1_149' title='bbox 2897 944 3042 1000; x_wconf 89' lang='lat' dir='ltr'><strong>Petri</strong></span> <span class='ocrx_word' id='word_1_150' title='bbox 3091 959 3146 1001; x_wconf 87' lang='lat' dir='ltr'><strong>et</strong></span> <span class='ocrx_word' id='word_1_151' title='bbox 3187 946 3334 1002; x_wconf 79' lang='lat' dir='ltr'><strong>Pauli</strong></span> <span class='ocrx_word' id='word_1_152' title='bbox 3364 952 3633 1014; x_wconf 75' lang='lat' dir='ltr'><strong>construxit,</strong></span> <span class='ocrx_word' id='word_1_153' title='bbox 3650 963 3741 1006; x_wconf 81' lang='lat' dir='ltr'><strong>retro</strong></span> 
     </span>
    </p>
   </div>
   <div class='ocr_carea' id='block_1_24' title="bbox 2268 1032 3739 1114">
    <p class='ocr_par' dir='ltr' id='par_1_24' title="bbox 2268 1032 3739 1114">
     <span class='ocr_line' id='line_1_24' title="bbox 2268 1032 3739 1114; baseline 0.003 -26"><span class='ocrx_word' id='word_1_154' title='bbox 2268 1032 2443 1088; x_wconf 86' lang='lat' dir='ltr'><strong>altare</strong></span> <span class='ocrx_word' id='word_1_155' title='bbox 2485 1034 2844 1101; x_wconf 82' lang='lat' dir='ltr'><strong>matutinaie;</strong></span> <span class='ocrx_word' id='word_1_156' title='bbox 2890 1036 3105 1091; x_wconf 87' lang='lat' dir='ltr'><strong>demum</strong></span> <span class='ocrx_word' id='word_1_157' title='bbox 3144 1036 3403 1091; x_wconf 79' lang='lat' dir='ltr'><strong>relevatus</strong></span> <span class='ocrx_word' id='word_1_158' title='bbox 3435 1048 3524 1100; x_wconf 84' lang='lat' dir='ltr'><strong>est.</strong></span> <span class='ocrx_word' id='word_1_159' title='bbox 3563 1049 3604 1095; x_wconf 87' lang='lat' dir='ltr'><strong>et</strong></span> <span class='ocrx_word' id='word_1_160' title='bbox 3640 1058 3739 1114; x_wconf 65' lang='lat' dir='ltr'><strong>supq</strong></span> 
     </span>
    </p>
   </div>
   <div class='ocr_carea' id='block_1_25' title="bbox 2266 1116 3737 1203">
    <p class='ocr_par' dir='ltr' id='par_1_25' title="bbox 2266 1116 3737 1203">
     <span class='ocr_line' id='line_1_25' title="bbox 2266 1116 3737 1203; baseline 0.008 -23"><span class='ocrx_word' id='word_1_161' title='bbox 2266 1124 2444 1194; x_wconf 83' lang='lat' dir='ltr'><strong>majus</strong></span> <span class='ocrx_word' id='word_1_162' title='bbox 2470 1125 2641 1180; x_wconf 84' lang='lat' dir='ltr'><strong>altare</strong></span> <span class='ocrx_word' id='word_1_163' title='bbox 2686 1127 2845 1182; x_wconf 61' lang='lat' dir='ltr'><strong>dictae</strong></span> <span class='ocrx_word' id='word_1_164' title='bbox 2881 1116 3124 1185; x_wconf 54' lang='lat' dir='ltr'><strong>basilica</strong></span> <span class='ocrx_word' id='word_1_165' title='bbox 3171 1145 3313 1186; x_wconf 91' lang='lat' dir='ltr'><strong>nunc</strong></span> <span class='ocrx_word' id='word_1_166' title='bbox 3359 1147 3533 1201; x_wconf 90' lang='lat' dir='ltr'><strong>corpus</strong></span> <span class='ocrx_word' id='word_1_167' title='bbox 3567 1136 3653 1203; x_wconf 85' lang='lat' dir='ltr'><strong>ejus</strong></span> <span class='ocrx_word' id='word_1_168' title='bbox 3686 1155 3737 1192; x_wconf 82' lang='lat' dir='ltr'><strong>re-</strong></span> 
     </span>
    </p>
   </div>
   <div class='ocr_carea' id='block_1_26' title="bbox 2265 1218 3739 1300">
    <p class='ocr_par' dir='ltr' id='par_1_26' title="bbox 2265 1218 3739 1300">
     <span class='ocr_line' id='line_1_26' title="bbox 2265 1218 3739 1300; baseline 0.007 -27"><span class='ocrx_word' id='word_1_169' title='bbox 2265 1220 2517 1288; x_wconf 85' lang='lat' dir='ltr'><strong>quiescit.</strong></span> <span class='ocrx_word' id='word_1_170' title='bbox 2553 1218 2751 1275; x_wconf 87' lang='lat' dir='ltr'><strong>Paucis</strong></span> <span class='ocrx_word' id='word_1_171' title='bbox 2778 1231 2900 1292; x_wconf 86' lang='lat' dir='ltr'><strong>post</strong></span> <span class='ocrx_word' id='word_1_172' title='bbox 2924 1222 3154 1300; x_wconf 63' lang='lat' dir='ltr'><strong>mortem</strong></span> <span class='ocrx_word' id='word_1_173' title='bbox 3187 1223 3359 1288; x_wconf 84' lang='lat' dir='ltr'><strong>annis,</strong></span> <span class='ocrx_word' id='word_1_174' title='bbox 3382 1232 3586 1294; x_wconf 85' lang='lat' dir='ltr'><strong>tempore</strong></span> <span class='ocrx_word' id='word_1_175' title='bbox 3603 1226 3739 1283; x_wconf 72' lang='lat' dir='ltr'><strong>scllicet</strong></span> 
     </span>
    </p>
   </div>
   <div class='ocr_carea' id='block_1_27' title="bbox 2264 1308 3737 1386">
    <p class='ocr_par' dir='ltr' id='par_1_27' title="bbox 2264 1308 3737 1386">
     <span class='ocr_line' id='line_1_27' title="bbox 2264 1308 3737 1386; baseline 0.005 -21"><span class='ocrx_word' id='word_1_176' title='bbox 2264 1308 2443 1365; x_wconf 86' lang='lat' dir='ltr'><strong>Pontii</strong></span> <span class='ocrx_word' id='word_1_177' title='bbox 2479 1310 2696 1365; x_wconf 85' lang='lat' dir='ltr'><strong>abbatis</strong></span> <span class='ocrx_word' id='word_1_178' title='bbox 2726 1313 3135 1386; x_wconf 70' lang='lat' dir='ltr'><strong>successoribus</strong></span> <span class='ocrx_word' id='word_1_179' title='bbox 3178 1313 3294 1385; x_wconf 86' lang='lat' dir='ltr'><strong>ejus</strong></span> <span class='ocrx_word' id='word_1_180' title='bbox 3319 1353 3336 1379; x_wconf 85' lang='lat'><strong>,</strong></span> <span class='ocrx_word' id='word_1_181' title='bbox 3381 1330 3409 1369; x_wconf 90' lang='lat' dir='ltr'><strong>a</strong></span> <span class='ocrx_word' id='word_1_182' title='bbox 3446 1314 3612 1370; x_wconf 85' lang='lat' dir='ltr'><strong>Calisto</strong></span> <span class='ocrx_word' id='word_1_183' title='bbox 3646 1318 3673 1370; x_wconf 92' lang='lat' dir='ltr'><strong>ll</strong></span> <span class='ocrx_word' id='word_1_184' title='bbox 3705 1322 3737 1372; x_wconf 83' lang='lat' dir='ltr'><strong>in</strong></span> 
     </span>
    </p>
   </div>
   <div class='ocr_carea' id='block_1_28' title="bbox 2264 1398 3737 1474">
    <p class='ocr_par' dir='ltr' id='par_1_28' title="bbox 2264 1398 3737 1474">
     <span class='ocr_line' id='line_1_28' title="bbox 2264 1398 3737 1474; baseline 0.005 -18"><span class='ocrx_word' id='word_1_185' title='bbox 2264 1401 2463 1456; x_wconf 79' lang='lat' dir='ltr'><strong>Album</strong></span> <span class='ocrx_word' id='word_1_186' title='bbox 2518 1401 2761 1457; x_wconf 80' lang='lat' dir='ltr'><strong>caelitum</strong></span> <span class='ocrx_word' id='word_1_187' title='bbox 2802 1398 3160 1459; x_wconf 59' lang='lat' dir='ltr'><strong>relatus&#39;fuit</strong></span> <span class='ocrx_word' id='word_1_188' title='bbox 3204 1419 3223 1458; x_wconf 89' lang='lat'><strong>:</strong></span> <span class='ocrx_word' id='word_1_189' title='bbox 3278 1404 3341 1459; x_wconf 90' lang='lat' dir='ltr'><strong>de</strong></span> <span class='ocrx_word' id='word_1_190' title='bbox 3385 1419 3481 1474; x_wconf 87' lang='lat' dir='ltr'><strong>quo</strong></span> <span class='ocrx_word' id='word_1_191' title='bbox 3526 1407 3582 1459; x_wconf 91' lang='lat' dir='ltr'><strong>ad</strong></span> <span class='ocrx_word' id='word_1_192' title='bbox 3608 1408 3737 1464; x_wconf 74' lang='lat' dir='ltr'><strong>dictum</strong></span> 
     </span>
    </p>
   </div>
   <div class='ocr_carea' id='block_1_29' title="bbox 2264 1490 3731 1567">
    <p class='ocr_par' dir='ltr' id='par_1_29' title="bbox 2264 1490 3731 1567">
     <span class='ocr_line' id='line_1_29' title="bbox 2264 1490 3731 1567; baseline 0.005 -21"><span class='ocrx_word' id='word_1_193' title='bbox 2264 1490 2516 1547; x_wconf 86' lang='lat' dir='ltr'><strong>Pontium</strong></span> <span class='ocrx_word' id='word_1_194' title='bbox 2550 1494 2655 1548; x_wconf 89' lang='lat' dir='ltr'><strong>ista</strong></span> <span class='ocrx_word' id='word_1_195' title='bbox 2708 1496 2761 1549; x_wconf 91' lang='lat' dir='ltr'><strong>in</strong></span> <span class='ocrx_word' id='word_1_196' title='bbox 2790 1510 2888 1550; x_wconf 90' lang='lat' dir='ltr'><strong>sua</strong></span> <span class='ocrx_word' id='word_1_197' title='bbox 2919 1496 3145 1565; x_wconf 80' lang='lat' dir='ltr'><strong>epistola</strong></span> <span class='ocrx_word' id='word_1_198' title='bbox 3186 1494 3336 1567; x_wconf 80' lang='lat' dir='ltr'><strong>[Iugo</strong></span> <span class='ocrx_word' id='word_1_199' title='bbox 3377 1500 3624 1557; x_wconf 84' lang='lat' dir='ltr'><strong>monachus</strong></span> <span class='ocrx_word' id='word_1_200' title='bbox 3647 1505 3731 1557; x_wconf 79' lang='lat' dir='ltr'><strong>scri-</strong></span> 
     </span>
    </p>
   </div>
   <div class='ocr_carea' id='block_1_30' title="bbox 2263 1583 3735 1657">
    <p class='ocr_par' dir='ltr' id='par_1_30' title="bbox 2263 1583 3735 1657">
     <span class='ocr_line' id='line_1_30' title="bbox 2263 1583 3735 1657; baseline 0.005 -19"><span class='ocrx_word' id='word_1_201' title='bbox 2263 1583 2411 1653; x_wconf 87' lang='lat' dir='ltr'><strong>psit:</strong></span> <span class='ocrx_word' id='word_1_202' title='bbox 2460 1583 2841 1651; x_wconf 82' lang='lat' dir='ltr'><strong>ilic,Calistus</strong></span> <span class='ocrx_word' id='word_1_203' title='bbox 2890 1585 3101 1643; x_wconf 82' lang='lat' dir='ltr'><strong>scilicet</strong></span> <span class='ocrx_word' id='word_1_204' title='bbox 3139 1587 3201 1653; x_wconf 88' lang='lat' dir='ltr'><strong>ll,</strong></span> <span class='ocrx_word' id='word_1_205' title='bbox 3247 1591 3470 1644; x_wconf 88' lang='lat' dir='ltr'><strong>secundo</strong></span> <span class='ocrx_word' id='word_1_206' title='bbox 3493 1589 3735 1657; x_wconf 82' lang='lat' dir='ltr'><strong>Cluniacun,</strong></span> 
     </span>
    </p>
   </div>
   <div class='ocr_carea' id='block_1_31' title="bbox 2264 1674 3737 1746">
    <p class='ocr_par' dir='ltr' id='par_1_31' title="bbox 2264 1674 3737 1746">
     <span class='ocr_line' id='line_1_31' title="bbox 2264 1674 3737 1746; baseline 0.003 -15"><span class='ocrx_word' id='word_1_207' title='bbox 2264 1676 2449 1743; x_wconf 89' lang='lat' dir='ltr'><strong>rediit,</strong></span> <span class='ocrx_word' id='word_1_208' title='bbox 2498 1674 2682 1746; x_wconf 88' lang='lat' dir='ltr'><strong>ibique</strong></span> <span class='ocrx_word' id='word_1_209' title='bbox 2722 1675 2923 1732; x_wconf 88' lang='lat' dir='ltr'><strong>festum</strong></span> <span class='ocrx_word' id='word_1_210' title='bbox 2979 1677 3279 1733; x_wconf 66' lang='lat' dir='ltr'><strong>Dominicaa</strong></span> <span class='ocrx_word' id='word_1_211' title='bbox 3314 1678 3677 1735; x_wconf 83' lang='lat' dir='ltr'><strong>Circumcisionis</strong></span> <span class='ocrx_word' id='word_1_212' title='bbox 3706 1693 3737 1736; x_wconf 77' lang='lat' dir='ltr'><strong>et</strong></span> 
     </span>
    </p>
   </div>
   <div class='ocr_carea' id='block_1_32' title="bbox 566 1738 3735 1855">
    <p class='ocr_par' dir='ltr' id='par_1_32' title="bbox 566 1738 3735 1855">
     <span class='ocr_line' id='line_1_32' title="bbox 566 1738 3735 1855; baseline 0.001 -30"><span class='ocrx_word' id='word_1_213' title='bbox 566 1770 755 1833; x_wconf 87' lang='lat' dir='ltr'><strong>abbas.</strong></span> <span class='ocrx_word' id='word_1_214' title='bbox 784 1738 1074 1841; x_wconf 74' lang='lat' dir='ltr'><strong>praeeunte</strong></span> <span class='ocrx_word' id='word_1_215' title='bbox 1105 1783 1170 1824; x_wconf 86' lang='lat' dir='ltr'><strong>ac</strong></span> <span class='ocrx_word' id='word_1_216' title='bbox 1200 1738 1529 1841; x_wconf 74' lang='lat' dir='ltr'><strong>cooperante</strong></span> <span class='ocrx_word' id='word_1_217' title='bbox 1554 1738 1738 1828; x_wconf 75' lang='lat' dir='ltr'><strong>divino</strong></span> <span class='ocrx_word' id='word_1_218' title='bbox 1766 1774 1992 1841; x_wconf 72' lang='lat' dir='ltr'><strong>auxilio,</strong></span> <span class='ocrx_word' id='word_1_219' title='bbox 2035 1790 2165 1831; x_wconf 89' lang='lat' dir='ltr'><strong>con-</strong></span> <span class='ocrx_word' id='word_1_220' title='bbox 2198 1738 2240 1792; x_wconf 69' lang='grc' dir='ltr'><strong>Β</strong></span> <span class='ocrx_word' id='word_1_221' title='bbox 2276 1769 2651 1840; x_wconf 84' lang='lat' dir='ltr'><strong>Apparitionis</strong></span> <span class='ocrx_word' id='word_1_222' title='bbox 2694 1771 2887 1826; x_wconf 86' lang='lat' dir='ltr'><strong>devote</strong></span> <span class='ocrx_word' id='word_1_223' title='bbox 2934 1771 3166 1842; x_wconf 86' lang='lat' dir='ltr'><strong>peregit.</strong></span> <span class='ocrx_word' id='word_1_224' title='bbox 3216 1771 3315 1838; x_wconf 80' lang='lat' dir='ltr'><strong>Qui</strong></span> <span class='ocrx_word' id='word_1_225' title='bbox 3344 1772 3458 1826; x_wconf 91' lang='lat' dir='ltr'><strong>dum</strong></span> <span class='ocrx_word' id='word_1_226' title='bbox 3480 1772 3592 1826; x_wconf 89' lang='lat' dir='ltr'><strong>inter</strong></span> <span class='ocrx_word' id='word_1_227' title='bbox 3611 1784 3735 1855; x_wconf 59' lang='lat' dir='ltr'><strong>cetera</strong></span> 
     </span>
    </p>
   </div>
   <div class='ocr_carea' id='block_1_33' title="bbox 564 1862 2167 1936">
    <p class='ocr_par' dir='ltr' id='par_1_33' title="bbox 564 1862 2167 1936">
     <span class='ocr_line' id='line_1_33' title="bbox 564 1862 2167 1936; baseline 0.004 -19"><span class='ocrx_word' id='word_1_228' title='bbox 564 1862 788 1917; x_wconf 87' lang='lat' dir='ltr'><strong>ciliante</strong></span> <span class='ocrx_word' id='word_1_229' title='bbox 814 1871 977 1933; x_wconf 85' lang='lat' dir='ltr'><strong>atque</strong></span> <span class='ocrx_word' id='word_1_230' title='bbox 1001 1863 1230 1935; x_wconf 82' lang='lat' dir='ltr'><strong>juvante</strong></span> <span class='ocrx_word' id='word_1_231' title='bbox 1270 1880 1531 1936; x_wconf 85' lang='lat' dir='ltr'><strong>germano</strong></span> <span class='ocrx_word' id='word_1_232' title='bbox 1560 1875 1749 1922; x_wconf 87' lang='lat' dir='ltr'><strong>nostro</strong></span> <span class='ocrx_word' id='word_1_233' title='bbox 1776 1868 1996 1925; x_wconf 89' lang='lat' dir='ltr'><strong>domino</strong></span> <span class='ocrx_word' id='word_1_234' title='bbox 2020 1867 2167 1925; x_wconf 83' lang='lat' dir='ltr'><strong>Gau-</strong></span> 
     </span>
    </p>
   </div>
   <div class='ocr_carea' id='block_1_34' title="bbox 566 1950 2165 2029">
    <p class='ocr_par' dir='ltr' id='par_1_34' title="bbox 566 1950 2165 2029">
     <span class='ocr_line' id='line_1_34' title="bbox 566 1950 2165 2029; baseline 0.004 -22"><span class='ocrx_word' id='word_1_235' title='bbox 566 1950 710 2009; x_wconf 86' lang='lat' dir='ltr'><strong>frido</strong></span> <span class='ocrx_word' id='word_1_236' title='bbox 731 1954 1130 2023; x_wconf 82' lang='lat' dir='ltr'><strong>Sinemurensi,</strong></span> <span class='ocrx_word' id='word_1_237' title='bbox 1154 1955 1337 2012; x_wconf 77' lang='lat' dir='ltr'><strong>locum</strong></span> <span class='ocrx_word' id='word_1_238' title='bbox 1366 1957 1529 2013; x_wconf 89' lang='lat' dir='ltr'><strong>istum</strong></span> <span class='ocrx_word' id='word_1_239' title='bbox 1576 1955 1991 2025; x_wconf 81' lang='lat' dir='ltr'><strong>Marciniacum,</strong></span> <span class='ocrx_word' id='word_1_240' title='bbox 2037 1976 2165 2029; x_wconf 81' lang='lat' dir='ltr'><strong>par-</strong></span> 
     </span>
    </p>
   </div>
   <div class='ocr_carea' id='block_1_35' title="bbox 562 2046 2165 2122">
    <p class='ocr_par' dir='ltr' id='par_1_35' title="bbox 562 2046 2165 2122">
     <span class='ocr_line' id='line_1_35' title="bbox 562 2046 2165 2122; baseline 0.007 -25"><span class='ocrx_word' id='word_1_241' title='bbox 562 2059 690 2098; x_wconf 84' lang='lat' dir='ltr'><strong>vum</strong></span> <span class='ocrx_word' id='word_1_242' title='bbox 720 2046 857 2100; x_wconf 86' lang='lat' dir='ltr'><strong>satis</strong></span> <span class='ocrx_word' id='word_1_243' title='bbox 886 2046 1081 2116; x_wconf 88' lang='lat' dir='ltr'><strong>primo,</strong></span> <span class='ocrx_word' id='word_1_244' title='bbox 1104 2055 1160 2102; x_wconf 90' lang='lat' dir='ltr'><strong>et</strong></span> <span class='ocrx_word' id='word_1_245' title='bbox 1198 2048 1357 2118; x_wconf 88' lang='lat' dir='ltr'><strong>quasi</strong></span> <span class='ocrx_word' id='word_1_246' title='bbox 1398 2049 1673 2119; x_wconf 84' lang='lat' dir='ltr'><strong>quoddam</strong></span> <span class='ocrx_word' id='word_1_247' title='bbox 1714 2050 1925 2122; x_wconf 84' lang='lat' dir='ltr'><strong>asylum</strong></span> <span class='ocrx_word' id='word_1_248' title='bbox 1971 2066 2003 2107; x_wconf 91' lang='lat' dir='ltr'><strong>a</strong></span> <span class='ocrx_word' id='word_1_249' title='bbox 2045 2053 2165 2108; x_wconf 90' lang='lat' dir='ltr'><strong>solo</strong></span> 
     </span>
    </p>
   </div>
   <div class='ocr_carea' id='block_1_36' title="bbox 563 2132 2163 2210">
    <p class='ocr_par' dir='ltr' id='par_1_36' title="bbox 563 2132 2163 2210">
     <span class='ocr_line' id='line_1_36' title="bbox 563 2132 2163 2210; baseline 0.005 -21"><span class='ocrx_word' id='word_1_250' title='bbox 563 2132 786 2191; x_wconf 86' lang='lat' dir='ltr'><strong>fundavi</strong></span> <span class='ocrx_word' id='word_1_251' title='bbox 834 2139 1226 2209; x_wconf 78' lang='lat' dir='ltr'><strong>construxique</strong></span> <span class='ocrx_word' id='word_1_252' title='bbox 1273 2140 1608 2210; x_wconf 81' lang='lat' dir='ltr'><strong>temporibus</strong></span> <span class='ocrx_word' id='word_1_253' title='bbox 1676 2143 1898 2197; x_wconf 88' lang='lat' dir='ltr'><strong>nostris.</strong></span> <span class='ocrx_word' id='word_1_254' title='bbox 1953 2142 2163 2198; x_wconf 80' lang='lat' dir='ltr'><strong>Bonum</strong></span> 
     </span>
    </p>
   </div>
   <div class='ocr_carea' id='block_1_37' title="bbox 574 2228 2166 2302">
    <p class='ocr_par' dir='ltr' id='par_1_37' title="bbox 574 2228 2166 2302">
     <span class='ocr_line' id='line_1_37' title="bbox 574 2228 2166 2302; baseline 0.004 -20"><span class='ocrx_word' id='word_1_255' title='bbox 574 2228 779 2283; x_wconf 87' lang='lat' dir='ltr'><strong>etenim</strong></span> <span class='ocrx_word' id='word_1_256' title='bbox 812 2228 970 2284; x_wconf 90' lang='lat' dir='ltr'><strong>nobis</strong></span> <span class='ocrx_word' id='word_1_257' title='bbox 999 2228 1175 2285; x_wconf 85' lang='lat' dir='ltr'><strong>visum</strong></span> <span class='ocrx_word' id='word_1_258' title='bbox 1201 2238 1304 2297; x_wconf 86' lang='lat' dir='ltr'><strong>est,</strong></span> <span class='ocrx_word' id='word_1_259' title='bbox 1333 2240 1394 2285; x_wconf 88' lang='lat' dir='ltr'><strong>ut</strong></span> <span class='ocrx_word' id='word_1_260' title='bbox 1431 2232 1573 2287; x_wconf 89' lang='lat' dir='ltr'><strong>sicut</strong></span> <span class='ocrx_word' id='word_1_261' title='bbox 1599 2247 1696 2302; x_wconf 91' lang='lat' dir='ltr'><strong>per</strong></span> <span class='ocrx_word' id='word_1_262' title='bbox 1721 2244 2032 2288; x_wconf 86' lang='lat' dir='ltr'><strong>sanctorum</strong></span> <span class='ocrx_word' id='word_1_263' title='bbox 2062 2233 2166 2289; x_wconf 83' lang='lat' dir='ltr'><strong>Pa-</strong></span> 
     </span>
    </p>
   </div>
   <div class='ocr_carea' id='block_1_38' title="bbox 563 2322 2167 2395">
    <p class='ocr_par' dir='ltr' id='par_1_38' title="bbox 563 2322 2167 2395">
     <span class='ocr_line' id='line_1_38' title="bbox 563 2322 2167 2395; baseline 0.006 -23"><span class='ocrx_word' id='word_1_264' title='bbox 563 2325 710 2374; x_wconf 87' lang='lat' dir='ltr'><strong>trum</strong></span> <span class='ocrx_word' id='word_1_265' title='bbox 761 2328 1073 2375; x_wconf 90' lang='lat' dir='ltr'><strong>nostrorum</strong></span> <span class='ocrx_word' id='word_1_266' title='bbox 1134 2322 1503 2379; x_wconf 84' lang='lat' dir='ltr'><strong>fundationem</strong></span> <span class='ocrx_word' id='word_1_267' title='bbox 1549 2335 1868 2395; x_wconf 86' lang='lat' dir='ltr'><strong>peccatores</strong></span> <span class='ocrx_word' id='word_1_268' title='bbox 1918 2327 2167 2383; x_wconf 81' lang='lat' dir='ltr'><strong>homines</strong></span> 
     </span>
    </p>
   </div>
   <div class='ocr_carea' id='block_1_39' title="bbox 564 2408 2167 2487">
    <p class='ocr_par' dir='ltr' id='par_1_39' title="bbox 564 2408 2167 2487">
     <span class='ocr_line' id='line_1_39' title="bbox 564 2408 2167 2487; baseline 0.004 -22"><span class='ocrx_word' id='word_1_269' title='bbox 564 2408 884 2465; x_wconf 88' lang='lat' dir='ltr'><strong>Cluniacum</strong></span> <span class='ocrx_word' id='word_1_270' title='bbox 910 2411 1204 2478; x_wconf 75' lang='lat' dir='ltr'><strong>habebant,</strong></span> <span class='ocrx_word' id='word_1_271' title='bbox 1240 2412 1287 2467; x_wconf 85' lang='lat' dir='ltr'><strong>si</strong></span> <span class='ocrx_word' id='word_1_272' title='bbox 1315 2413 1519 2469; x_wconf 72' lang='lat' dir='ltr'><strong>saeculo</strong></span> <span class='ocrx_word' id='word_1_273' title='bbox 1544 2422 1601 2469; x_wconf 85' lang='lat' dir='ltr'><strong>et</strong></span> <span class='ocrx_word' id='word_1_274' title='bbox 1629 2415 1841 2487; x_wconf 88' lang='lat' dir='ltr'><strong>pompis</strong></span> <span class='ocrx_word' id='word_1_275' title='bbox 1866 2413 1985 2485; x_wconf 85' lang='lat' dir='ltr'><strong>ejus</strong></span> <span class='ocrx_word' id='word_1_276' title='bbox 2014 2417 2167 2472; x_wconf 85' lang='lat' dir='ltr'><strong>abre-</strong></span> 
     </span>
    </p>
   </div>
   <div class='ocr_carea' id='block_1_40' title="bbox 562 2500 2163 2574">
    <p class='ocr_par' dir='ltr' id='par_1_40' title="bbox 562 2500 2163 2574">
     <span class='ocr_line' id='line_1_40' title="bbox 562 2500 2163 2574; baseline 0.004 -18"><span class='ocrx_word' id='word_1_277' title='bbox 562 2500 821 2556; x_wconf 85' lang='lat' dir='ltr'><strong>nuntiare</strong></span> <span class='ocrx_word' id='word_1_278' title='bbox 857 2501 1081 2567; x_wconf 75' lang='lat' dir='ltr'><strong>velicnt,</strong></span> <span class='ocrx_word' id='word_1_279' title='bbox 1114 2502 1188 2557; x_wconf 90' lang='lat' dir='ltr'><strong>ita</strong></span> <span class='ocrx_word' id='word_1_280' title='bbox 1242 2513 1301 2560; x_wconf 85' lang='lat' dir='ltr'><strong>et</strong></span> <span class='ocrx_word' id='word_1_281' title='bbox 1350 2505 1748 2574; x_wconf 90' lang='lat' dir='ltr'><strong>peccatricibns</strong></span> <span class='ocrx_word' id='word_1_282' title='bbox 1801 2506 2038 2573; x_wconf 84' lang='lat' dir='ltr'><strong>feminis,</strong></span> <span class='ocrx_word' id='word_1_283' title='bbox 2095 2508 2163 2562; x_wconf 82' lang='lat' dir='ltr'><strong>de</strong></span> 
     </span>
    </p>
   </div>
   <div class='ocr_carea' id='block_1_41' title="bbox 566 2593 2161 2670">
    <p class='ocr_par' dir='ltr' id='par_1_41' title="bbox 566 2593 2161 2670">
     <span class='ocr_line' id='line_1_41' title="bbox 566 2593 2161 2670; baseline 0.004 -22"><span class='ocrx_word' id='word_1_284' title='bbox 566 2594 775 2649; x_wconf 73' lang='lat' dir='ltr'><strong>mundo</strong></span> <span class='ocrx_word' id='word_1_285' title='bbox 801 2593 1012 2665; x_wconf 87' lang='lat' dir='ltr'><strong>laqueis</strong></span> <span class='ocrx_word' id='word_1_286' title='bbox 1056 2596 1124 2650; x_wconf 91' lang='lat' dir='ltr'><strong>ad</strong></span> <span class='ocrx_word' id='word_1_287' title='bbox 1171 2594 1352 2652; x_wconf 90' lang='lat' dir='ltr'><strong>locum</strong></span> <span class='ocrx_word' id='word_1_288' title='bbox 1393 2598 1542 2653; x_wconf 87' lang='lat' dir='ltr'><strong>hunc</strong></span> <span class='ocrx_word' id='word_1_289' title='bbox 1581 2597 1916 2670; x_wconf 84' lang='lat' dir='ltr'><strong>fugientibus</strong></span> <span class='ocrx_word' id='word_1_290' title='bbox 1956 2608 2012 2655; x_wconf 91' lang='lat' dir='ltr'><strong>et</strong></span> <span class='ocrx_word' id='word_1_291' title='bbox 2060 2616 2161 2670; x_wconf 66' lang='lat' dir='ltr'><strong>pro</strong></span> 
     </span>
    </p>
   </div>
   <div class='ocr_carea' id='block_1_42' title="bbox 562 2685 2161 2759">
    <p class='ocr_par' dir='ltr' id='par_1_42' title="bbox 562 2685 2161 2759">
     <span class='ocr_line' id='line_1_42' title="bbox 562 2685 2161 2759; baseline 0.004 -19"><span class='ocrx_word' id='word_1_292' title='bbox 562 2685 870 2742; x_wconf 85' lang='lat' dir='ltr'><strong>commissis</strong></span> <span class='ocrx_word' id='word_1_293' title='bbox 893 2686 1086 2755; x_wconf 63' lang='lat' dir='ltr'><strong>suisfex</strong></span> <span class='ocrx_word' id='word_1_294' title='bbox 1109 2690 1273 2744; x_wconf 86' lang='lat' dir='ltr'><strong>corde</strong></span> <span class='ocrx_word' id='word_1_295' title='bbox 1290 2690 1855 2759; x_wconf 83' lang='lat' dir='ltr'><strong>gementibus,divina</strong></span> <span class='ocrx_word' id='word_1_296' title='bbox 1867 2691 2161 2749; x_wconf 81' lang='lat' dir='ltr'><strong>clementia</strong></span> 
     </span>
    </p>
   </div>
   <div class='ocr_carea' id='block_1_43' title="bbox 560 2780 2160 2852">
    <p class='ocr_par' dir='ltr' id='par_1_43' title="bbox 560 2780 2160 2852">
     <span class='ocr_line' id='line_1_43' title="bbox 560 2780 2160 2852; baseline 0.004 -18"><span class='ocrx_word' id='word_1_297' title='bbox 560 2780 712 2852; x_wconf 80' lang='lat' dir='ltr'><strong>regni</strong></span> <span class='ocrx_word' id='word_1_298' title='bbox 738 2780 975 2838; x_wconf 73' lang='lat' dir='ltr'><strong>cmlestis</strong></span> <span class='ocrx_word' id='word_1_299' title='bbox 1012 2797 1119 2836; x_wconf 82' lang='lat' dir='ltr'><strong>non</strong></span> <span class='ocrx_word' id='word_1_300' title='bbox 1147 2781 1428 2839; x_wconf 86' lang='lat' dir='ltr'><strong>clauderet</strong></span> <span class='ocrx_word' id='word_1_301' title='bbox 1461 2784 1767 2851; x_wconf 73' lang='lat' dir='ltr'><strong>introitum,</strong></span> <span class='ocrx_word' id='word_1_302' title='bbox 1811 2794 1918 2843; x_wconf 86' lang='lat' dir='ltr'><strong>etc.</strong></span> <span class='ocrx_word' id='word_1_303' title='bbox 1951 2785 2043 2841; x_wconf 85' lang='lat' dir='ltr'><strong>Eis</strong></span> <span class='ocrx_word' id='word_1_304' title='bbox 2065 2801 2160 2840; x_wconf 87' lang='lat' dir='ltr'><strong>au-</strong></span> 
     </span>
    </p>
   </div>
   <div class='ocr_carea' id='block_1_44' title="bbox 558 2873 2159 2948">
    <p class='ocr_par' dir='ltr' id='par_1_44' title="bbox 558 2873 2159 2948">
     <span class='ocr_line' id='line_1_44' title="bbox 558 2873 2159 2948; baseline 0.005 -21"><span class='ocrx_word' id='word_1_305' title='bbox 558 2884 672 2927; x_wconf 81' lang='lat' dir='ltr'><strong>tem</strong></span> <span class='ocrx_word' id='word_1_306' title='bbox 701 2873 925 2944; x_wconf 80' lang='lat' dir='ltr'><strong>gravius</strong></span> <span class='ocrx_word' id='word_1_307' title='bbox 949 2877 1140 2930; x_wconf 89' lang='lat' dir='ltr'><strong>mortis</strong></span> <span class='ocrx_word' id='word_1_308' title='bbox 1163 2884 1383 2932; x_wconf 64' lang='lat' dir='ltr'><strong>aeterm</strong></span> <span class='ocrx_word' id='word_1_309' title='bbox 1408 2877 1688 2932; x_wconf 85' lang='lat' dir='ltr'><strong>immineat</strong></span> <span class='ocrx_word' id='word_1_310' title='bbox 1714 2878 2041 2948; x_wconf 80' lang='lat' dir='ltr'><strong>periculum,</strong></span> <span class='ocrx_word' id='word_1_311' title='bbox 2063 2879 2159 2948; x_wconf 86' lang='lat' dir='ltr'><strong>qui</strong></span> 
     </span>
    </p>
   </div>
   <div class='ocr_carea' id='block_1_45' title="bbox 559 2963 2160 3043">
    <p class='ocr_par' dir='ltr' id='par_1_45' title="bbox 559 2963 2160 3043">
     <span class='ocr_line' id='line_1_45' title="bbox 559 2963 2160 3043; baseline 0.007 -25"><span class='ocrx_word' id='word_1_312' title='bbox 559 2963 705 3020; x_wconf 84' lang='lat' dir='ltr'><strong>hanc</strong></span> <span class='ocrx_word' id='word_1_313' title='bbox 733 2965 952 3021; x_wconf 78' lang='lat' dir='ltr'><strong>domum</strong></span> <span class='ocrx_word' id='word_1_314' title='bbox 981 2967 1303 3023; x_wconf 82' lang='lat' dir='ltr'><strong>ancillarum</strong></span> <span class='ocrx_word' id='word_1_315' title='bbox 1338 2968 1436 3024; x_wconf 88' lang='lat' dir='ltr'><strong>Dei</strong></span> <span class='ocrx_word' id='word_1_316' title='bbox 1466 2984 1532 3025; x_wconf 88' lang='lat' dir='ltr'><strong>ac</strong></span> <span class='ocrx_word' id='word_1_317' title='bbox 1565 2971 1901 3027; x_wconf 67' lang='lat' dir='ltr'><strong>beatissima:</strong></span> <span class='ocrx_word' id='word_1_318' title='bbox 1917 2971 2160 3043; x_wconf 76' lang='lat' dir='ltr'><strong>Virginis</strong></span> 
     </span>
    </p>
   </div>
   <div class='ocr_carea' id='block_1_46' title="bbox 556 3057 2159 3131">
    <p class='ocr_par' dir='ltr' id='par_1_46' title="bbox 556 3057 2159 3131">
     <span class='ocr_line' id='line_1_46' title="bbox 556 3057 2159 3131; baseline 0.006 -21"><span class='ocrx_word' id='word_1_319' title='bbox 556 3070 759 3113; x_wconf 75' lang='lat' dir='ltr'><strong>vexare</strong></span> <span class='ocrx_word' id='word_1_320' title='bbox 784 3057 871 3114; x_wconf 87' lang='lat' dir='ltr'><strong>vel</strong></span> <span class='ocrx_word' id='word_1_321' title='bbox 896 3059 1214 3131; x_wconf 71' lang='lat' dir='ltr'><strong>impugnare</strong></span> <span class='ocrx_word' id='word_1_322' title='bbox 1249 3075 1354 3116; x_wconf 92' lang='lat' dir='ltr'><strong>non</strong></span> <span class='ocrx_word' id='word_1_323' title='bbox 1397 3060 1743 3129; x_wconf 83' lang='lat' dir='ltr'><strong>erubescant,</strong></span> <span class='ocrx_word' id='word_1_324' title='bbox 1800 3081 1824 3117; x_wconf 72' lang='grc' dir='ltr'><strong>ι</strong></span> <span class='ocrx_word' id='word_1_325' title='bbox 1873 3072 1979 3119; x_wconf 87' lang='lat' dir='ltr'><strong>etc.</strong></span> <span class='ocrx_word' id='word_1_326' title='bbox 2023 3063 2159 3121; x_wconf 81' lang='lat' dir='ltr'><strong>Late</strong></span> 
     </span>
    </p>
   </div>
   <div class='ocr_carea' id='block_1_47' title="bbox 556 3148 2148 3227">
    <p class='ocr_par' dir='ltr' id='par_1_47' title="bbox 556 3148 2148 3227">
     <span class='ocr_line' id='line_1_47' title="bbox 556 3148 2148 3227; baseline 0.005 -23"><span class='ocrx_word' id='word_1_327' title='bbox 556 3148 618 3204; x_wconf 83' lang='lat' dir='ltr'><strong>in</strong></span> <span class='ocrx_word' id='word_1_328' title='bbox 648 3148 839 3205; x_wconf 82' lang='lat' dir='ltr'><strong>laudes</strong></span> <span class='ocrx_word' id='word_1_329' title='bbox 866 3149 1028 3219; x_wconf 70' lang='lat' dir='ltr'><strong>hujus</strong></span> <span class='ocrx_word' id='word_1_330' title='bbox 1055 3152 1294 3208; x_wconf 77' lang='lat' dir='ltr'><strong>emnobii</strong></span> <span class='ocrx_word' id='word_1_331' title='bbox 1333 3160 1389 3209; x_wconf 92' lang='lat' dir='ltr'><strong>et</strong></span> <span class='ocrx_word' id='word_1_332' title='bbox 1417 3152 1587 3209; x_wconf 85' lang='lat' dir='ltr'><strong>vitam</strong></span> <span class='ocrx_word' id='word_1_333' title='bbox 1636 3156 1690 3210; x_wconf 89' lang='lat' dir='ltr'><strong>in</strong></span> <span class='ocrx_word' id='word_1_334' title='bbox 1720 3169 1788 3211; x_wconf 86' lang='lat' dir='ltr'><strong>eo</strong></span> <span class='ocrx_word' id='word_1_335' title='bbox 1838 3155 2148 3227; x_wconf 77' lang='lat' dir='ltr'><strong>religiosam</strong></span> 
     </span>
    </p>
   </div>
   <div class='ocr_carea' id='block_1_48' title="bbox 557 3239 2151 3309">
    <p class='ocr_par' dir='ltr' id='par_1_48' title="bbox 557 3239 2151 3309">
     <span class='ocr_line' id='line_1_48' title="bbox 557 3239 2151 3309; baseline 0.008 -16"><span class='ocrx_word' id='word_1_336' title='bbox 557 3239 938 3309; x_wconf 82' lang='lat' dir='ltr'><strong>proﬁtentium</strong></span> <span class='ocrx_word' id='word_1_337' title='bbox 963 3240 1059 3297; x_wconf 89' lang='lat' dir='ltr'><strong>lib.</strong></span> <span class='ocrx_word' id='word_1_338' title='bbox 1088 3257 1109 3298; x_wconf 76' lang='grc' dir='ltr'><strong>ι</strong></span> <span class='ocrx_word' id='word_1_339' title='bbox 1137 3242 1385 3300; x_wconf 83' lang='lat' dir='ltr'><strong>Miracul.</strong></span> <span class='ocrx_word' id='word_1_340' title='bbox 1420 3242 1481 3301; x_wconf 88' lang='lat' dir='ltr'><strong>S.</strong></span> <span class='ocrx_word' id='word_1_341' title='bbox 1509 3244 1706 3303; x_wconf 83' lang='lat' dir='ltr'><strong>Petrus</strong></span> <span class='ocrx_word' id='word_1_342' title='bbox 1735 3246 2063 3304; x_wconf 86' lang='lat' dir='ltr'><strong>venerabilis</strong></span> <span class='ocrx_word' id='word_1_343' title='bbox 2090 3264 2151 3306; x_wconf 86' lang='lat' dir='ltr'><strong>se</strong></span> 
     </span>
    </p>
   </div>
   <div class='ocr_carea' id='block_1_49' title="bbox 558 3330 2155 3404">
    <p class='ocr_par' dir='ltr' id='par_1_49' title="bbox 558 3330 2155 3404">
     <span class='ocr_line' id='line_1_49' title="bbox 558 3330 2155 3404; baseline 0.006 -18"><span class='ocrx_word' id='word_1_344' title='bbox 558 3330 809 3398; x_wconf 77' lang='lat' dir='ltr'><strong>oﬂ&#39;undit,</strong></span> <span class='ocrx_word' id='word_1_345' title='bbox 855 3332 1122 3404; x_wconf 84' lang='lat' dir='ltr'><strong>dicitque;</strong></span> <span class='ocrx_word' id='word_1_346' title='bbox 1179 3336 1561 3392; x_wconf 75' lang='lat' dir='ltr'><strong>cum&#39;dictum</strong></span> <span class='ocrx_word' id='word_1_347' title='bbox 1616 3339 1925 3395; x_wconf 73' lang='lat' dir='ltr'><strong>coenobium</strong></span> <span class='ocrx_word' id='word_1_348' title='bbox 1974 3340 2155 3397; x_wconf 87' lang='lat' dir='ltr'><strong>subito</strong></span> 
     </span>
    </p>
   </div>
   <div class='ocr_carea' id='block_1_50' title="bbox 557 3422 2153 3504">
    <p class='ocr_par' dir='ltr' id='par_1_50' title="bbox 557 3422 2153 3504">
     <span class='ocr_line' id='line_1_50' title="bbox 557 3422 2153 3504; baseline 0.008 -26"><span class='ocrx_word' id='word_1_349' title='bbox 557 3422 707 3479; x_wconf 82' lang='lat' dir='ltr'><strong>forte</strong></span> <span class='ocrx_word' id='word_1_350' title='bbox 752 3424 1002 3481; x_wconf 80' lang='lat' dir='ltr'><strong>incendio</strong></span> <span class='ocrx_word' id='word_1_351' title='bbox 1046 3437 1356 3499; x_wconf 79' lang='lat' dir='ltr'><strong>correptum</strong></span> <span class='ocrx_word' id='word_1_352' title='bbox 1404 3428 1519 3499; x_wconf 86' lang='lat' dir='ltr'><strong>jam</strong></span> <span class='ocrx_word' id='word_1_353' title='bbox 1562 3431 1619 3487; x_wconf 91' lang='lat' dir='ltr'><strong>in</strong></span> <span class='ocrx_word' id='word_1_354' title='bbox 1670 3434 1787 3503; x_wconf 84' lang='lat' dir='ltr'><strong>ipsa</strong></span> <span class='ocrx_word' id='word_1_355' title='bbox 1852 3434 2153 3504; x_wconf 87' lang='lat' dir='ltr'><strong>penetralia</strong></span> 
     </span>
    </p>
   </div>
   <div class='ocr_carea' id='block_1_51' title="bbox 558 3512 2154 3596">
    <p class='ocr_par' dir='ltr' id='par_1_51' title="bbox 558 3512 2154 3596">
     <span class='ocr_line' id='line_1_51' title="bbox 558 3512 2154 3596; baseline 0.008 -28"><span class='ocrx_word' id='word_1_356' title='bbox 558 3512 747 3586; x_wconf 80' lang='lat' dir='ltr'><strong>ignem</strong></span> <span class='ocrx_word' id='word_1_357' title='bbox 799 3516 1136 3585; x_wconf 84' lang='lat' dir='ltr'><strong>admitteret,</strong></span> <span class='ocrx_word' id='word_1_358' title='bbox 1178 3519 1442 3591; x_wconf 70' lang='lat' dir='ltr'><strong>legoque</strong></span> <span class='ocrx_word' id='word_1_359' title='bbox 1470 3521 1848 3593; x_wconf 80' lang='lat' dir='ltr'><strong>Lugdunensis</strong></span> <span class='ocrx_word' id='word_1_360' title='bbox 1887 3525 2154 3596; x_wconf 84' lang='lat' dir='ltr'><strong>archiepi-</strong></span> 
     </span>
    </p>
   </div>
   <div class='ocr_carea' id='block_1_52' title="bbox 557 3605 2151 3685">
    <p class='ocr_par' dir='ltr' id='par_1_52' title="bbox 557 3605 2151 3685">
     <span class='ocr_line' id='line_1_52' title="bbox 557 3605 2151 3685; baseline 0.006 -24"><span class='ocrx_word' id='word_1_361' title='bbox 557 3619 764 3676; x_wconf 85' lang='lat' dir='ltr'><strong>scopus</strong></span> <span class='ocrx_word' id='word_1_362' title='bbox 779 3605 997 3666; x_wconf 82' lang='lat' dir='ltr'><strong>clausas</strong></span> <span class='ocrx_word' id='word_1_363' title='bbox 1009 3611 1454 3669; x_wconf 85' lang='lat' dir='ltr'><strong>sanctimoniales</strong></span> <span class='ocrx_word' id='word_1_364' title='bbox 1474 3614 1542 3668; x_wconf 86' lang='lat' dir='ltr'><strong>ad</strong></span> <span class='ocrx_word' id='word_1_365' title='bbox 1571 3628 1853 3684; x_wconf 80' lang='lat' dir='ltr'><strong>egressum</strong></span> <span class='ocrx_word' id='word_1_366' title='bbox 1875 3615 2151 3685; x_wconf 86' lang='lat' dir='ltr'><strong>invitaret,</strong></span> 
     </span>
    </p>
   </div>
   <div class='ocr_carea' id='block_1_53' title="bbox 556 3699 2150 3781">
    <p class='ocr_par' dir='ltr' id='par_1_53' title="bbox 556 3699 2150 3781">
     <span class='ocr_line' id='line_1_53' title="bbox 556 3699 2150 3781; baseline 0.009 -30"><span class='ocrx_word' id='word_1_367' title='bbox 556 3699 852 3769; x_wconf 81' lang='lat' dir='ltr'><strong>quamdam</strong></span> <span class='ocrx_word' id='word_1_368' title='bbox 883 3716 953 3758; x_wconf 76' lang='lat' dir='ltr'><strong>ex</strong></span> <span class='ocrx_word' id='word_1_369' title='bbox 999 3718 1195 3760; x_wconf 85' lang='lat' dir='ltr'><strong>earum</strong></span> <span class='ocrx_word' id='word_1_370' title='bbox 1243 3721 1492 3770; x_wconf 84' lang='lat' dir='ltr'><strong>numero,</strong></span> <span class='ocrx_word' id='word_1_371' title='bbox 1543 3706 1750 3763; x_wconf 83' lang='lat' dir='ltr'><strong>Gislam</strong></span> <span class='ocrx_word' id='word_1_372' title='bbox 1798 3708 2150 3781; x_wconf 85' lang='lat' dir='ltr'><strong>appellatam,</strong></span> 
     </span>
    </p>
   </div>
   <div class='ocr_carea' id='block_1_54' title="bbox 554 3792 2152 3868">
    <p class='ocr_par' dir='ltr' id='par_1_54' title="bbox 554 3792 2152 3868">
     <span class='ocr_line' id='line_1_54' title="bbox 554 3792 2152 3868; baseline 0.007 -21"><span class='ocrx_word' id='word_1_373' title='bbox 554 3792 910 3862; x_wconf 61' lang='lat' dir='ltr'><strong>respondisse</strong></span> <span class='ocrx_word' id='word_1_374' title='bbox 939 3797 1312 3868; x_wconf 74' lang='lat' dir='ltr'><strong>archipraesuil</strong></span> <span class='ocrx_word' id='word_1_375' title='bbox 1341 3814 1356 3853; x_wconf 90' lang='lat'><strong>:</strong></span> <span class='ocrx_word' id='word_1_376' title='bbox 1409 3818 1429 3852; x_wconf 73' lang='grc' dir='ltr'><strong>ι</strong></span> <span class='ocrx_word' id='word_1_377' title='bbox 1464 3798 1597 3868; x_wconf 77' lang='lat' dir='ltr'><strong>Nos,</strong></span> <span class='ocrx_word' id='word_1_378' title='bbox 1644 3800 1829 3867; x_wconf 86' lang='lat' dir='ltr'><strong>Pater,</strong></span> <span class='ocrx_word' id='word_1_379' title='bbox 1864 3803 2027 3858; x_wconf 88' lang='lat' dir='ltr'><strong>timor</strong></span> <span class='ocrx_word' id='word_1_380' title='bbox 2057 3802 2152 3858; x_wconf 89' lang='lat' dir='ltr'><strong>Dei</strong></span> 
     </span>
    </p>
   </div>
   <div class='ocr_carea' id='block_1_55' title="bbox 555 3889 2155 3963">
    <p class='ocr_par' dir='ltr' id='par_1_55' title="bbox 555 3889 2155 3963">
     <span class='ocr_line' id='line_1_55' title="bbox 555 3889 2155 3963; baseline 0.009 -27"><span class='ocrx_word' id='word_1_381' title='bbox 555 3890 617 3937; x_wconf 86' lang='lat' dir='ltr'><strong>et</strong></span> <span class='ocrx_word' id='word_1_382' title='bbox 659 3894 990 3957; x_wconf 77' lang='lat' dir='ltr'><strong>prtcceptum</strong></span> <span class='ocrx_word' id='word_1_383' title='bbox 1035 3889 1249 3945; x_wconf 85' lang='lat' dir='ltr'><strong>abbatis</strong></span> <span class='ocrx_word' id='word_1_384' title='bbox 1296 3891 1497 3956; x_wconf 79' lang='lat' dir='ltr'><strong>nostri,</strong></span> <span class='ocrx_word' id='word_1_385' title='bbox 1551 3900 1610 3945; x_wconf 91' lang='lat' dir='ltr'><strong>ut</strong></span> <span class='ocrx_word' id='word_1_386' title='bbox 1662 3892 1840 3963; x_wconf 78' lang='lat' dir='ltr'><strong>ignem</strong></span> <span class='ocrx_word' id='word_1_387' title='bbox 1889 3902 2155 3951; x_wconf 80' lang='lat' dir='ltr'><strong>aeternum</strong></span> 
     </span>
    </p>
   </div>
   <div class='ocr_carea' id='block_1_56' title="bbox 556 3976 2153 4054">
    <p class='ocr_par' dir='ltr' id='par_1_56' title="bbox 556 3976 2153 4054">
     <span class='ocr_line' id='line_1_56' title="bbox 556 3976 2153 4054; baseline 0.009 -25"><span class='ocrx_word' id='word_1_388' title='bbox 556 3976 792 4032; x_wconf 82' lang='lat' dir='ltr'><strong>evadere</strong></span> <span class='ocrx_word' id='word_1_389' title='bbox 828 3992 1138 4048; x_wconf 84' lang='lat' dir='ltr'><strong>possemus,</strong></span> <span class='ocrx_word' id='word_1_390' title='bbox 1191 3982 1334 4037; x_wconf 91' lang='lat' dir='ltr'><strong>intra</strong></span> <span class='ocrx_word' id='word_1_391' title='bbox 1384 3983 1485 4038; x_wconf 87' lang='lat' dir='ltr'><strong>hos</strong></span> <span class='ocrx_word' id='word_1_392' title='bbox 1534 3983 1897 4054; x_wconf 83' lang='lat' dir='ltr'><strong>quos-cernis</strong></span> <span class='ocrx_word' id='word_1_393' title='bbox 1953 3985 2153 4043; x_wconf 85' lang='lat' dir='ltr'><strong>limites</strong></span> 
     </span>
    </p>
   </div>
   <div class='ocr_carea' id='block_1_57' title="bbox 554 4070 2152 4144">
    <p class='ocr_par' dir='ltr' id='par_1_57' title="bbox 554 4070 2152 4144">
     <span class='ocr_line' id='line_1_57' title="bbox 554 4070 2152 4144; baseline 0.008 -22"><span class='ocrx_word' id='word_1_394' title='bbox 554 4082 735 4140; x_wconf 84' lang='lat' dir='ltr'><strong>usque</strong></span> <span class='ocrx_word' id='word_1_395' title='bbox 762 4070 833 4125; x_wconf 84' lang='lat' dir='ltr'><strong>ad</strong></span> <span class='ocrx_word' id='word_1_396' title='bbox 861 4082 1089 4127; x_wconf 91' lang='lat' dir='ltr'><strong>mortem</strong></span> <span class='ocrx_word' id='word_1_397' title='bbox 1112 4088 1500 4143; x_wconf 75' lang='lat' dir='ltr'><strong>permansurae</strong></span> <span class='ocrx_word' id='word_1_398' title='bbox 1528 4075 1779 4144; x_wconf 89' lang='lat' dir='ltr'><strong>inclusit;</strong></span> <span class='ocrx_word' id='word_1_399' title='bbox 1807 4077 1953 4133; x_wconf 88' lang='lat' dir='ltr'><strong>unde</strong></span> <span class='ocrx_word' id='word_1_400' title='bbox 2002 4077 2152 4135; x_wconf 90' lang='lat' dir='ltr'><strong>nullo</strong></span> 
     </span>
    </p>
   </div>
   <div class='ocr_carea' id='block_1_58' title="bbox 555 4163 2152 4240">
    <p class='ocr_par' dir='ltr' id='par_1_58' title="bbox 555 4163 2152 4240">
     <span class='ocr_line' id='line_1_58' title="bbox 555 4163 2152 4240; baseline 0.008 -24"><span class='ocrx_word' id='word_1_401' title='bbox 555 4172 719 4233; x_wconf 85' lang='lat' dir='ltr'><strong>pacto</strong></span> <span class='ocrx_word' id='word_1_402' title='bbox 742 4163 856 4218; x_wconf 77' lang='lat' dir='ltr'><strong>fieri</strong></span> <span class='ocrx_word' id='word_1_403' title='bbox 880 4174 1153 4234; x_wconf 88' lang='lat' dir='ltr'><strong>potest,ut</strong></span> <span class='ocrx_word' id='word_1_404' title='bbox 1173 4167 1354 4239; x_wconf 83' lang='lat' dir='ltr'><strong>aliqua</strong></span> <span class='ocrx_word' id='word_1_405' title='bbox 1367 4169 1698 4226; x_wconf 81' lang='lat' dir='ltr'><strong>necessitate</strong></span> <span class='ocrx_word' id='word_1_406' title='bbox 1718 4170 1971 4240; x_wconf 65' lang='lat' dir='ltr'><strong>praefixos</strong></span> <span class='ocrx_word' id='word_1_407' title='bbox 1994 4173 2152 4229; x_wconf 91' lang='lat' dir='ltr'><strong>nodis</strong></span> 
     </span>
    </p>
   </div>
   <div class='ocr_carea' id='block_1_59' title="bbox 553 4256 2151 4336">
    <p class='ocr_par' dir='ltr' id='par_1_59' title="bbox 553 4256 2151 4336">
     <span class='ocr_line' id='line_1_59' title="bbox 553 4256 2151 4336; baseline 0.009 -29"><span class='ocrx_word' id='word_1_408' title='bbox 553 4256 892 4326; x_wconf 67' lang='lat' dir='ltr'><strong>pmnitentiz</strong></span> <span class='ocrx_word' id='word_1_409' title='bbox 919 4261 1205 4328; x_wconf 87' lang='lat' dir='ltr'><strong>terminos,</strong></span> <span class='ocrx_word' id='word_1_410' title='bbox 1223 4262 1419 4318; x_wconf 77' lang='lat' dir='ltr'><strong>saltem</strong></span> <span class='ocrx_word' id='word_1_411' title='bbox 1450 4262 1605 4333; x_wconf 85' lang='lat' dir='ltr'><strong>pedis</strong></span> <span class='ocrx_word' id='word_1_412' title='bbox 1646 4279 1835 4334; x_wconf 82' lang='lat' dir='ltr'><strong>passu,</strong></span> <span class='ocrx_word' id='word_1_413' title='bbox 1864 4272 2151 4336; x_wconf 82' lang='lat' dir='ltr'><strong>transgre-</strong></span> 
     </span>
    </p>
   </div>
   <div class='ocr_carea' id='block_1_60' title="bbox 557 4349 2152 4424">
    <p class='ocr_par' dir='ltr' id='par_1_60' title="bbox 557 4349 2152 4424">
     <span class='ocr_line' id='line_1_60' title="bbox 557 4349 2152 4424; baseline 0.009 -22"><span class='ocrx_word' id='word_1_414' title='bbox 557 4349 795 4413; x_wconf 89' lang='lat' dir='ltr'><strong>diamur,</strong></span> <span class='ocrx_word' id='word_1_415' title='bbox 823 4352 924 4406; x_wconf 83' lang='lat' dir='ltr'><strong>nisi</strong></span> <span class='ocrx_word' id='word_1_416' title='bbox 957 4354 1024 4407; x_wconf 91' lang='lat' dir='ltr'><strong>ab</strong></span> <span class='ocrx_word' id='word_1_417' title='bbox 1055 4354 1171 4421; x_wconf 91' lang='lat' dir='ltr'><strong>illo,</strong></span> <span class='ocrx_word' id='word_1_418' title='bbox 1215 4357 1307 4424; x_wconf 86' lang='lat' dir='ltr'><strong>qui</strong></span> <span class='ocrx_word' id='word_1_419' title='bbox 1354 4357 1413 4411; x_wconf 89' lang='lat' dir='ltr'><strong>in</strong></span> <span class='ocrx_word' id='word_1_420' title='bbox 1440 4359 1660 4413; x_wconf 86' lang='lat' dir='ltr'><strong>nomine</strong></span> <span class='ocrx_word' id='word_1_421' title='bbox 1686 4359 1901 4415; x_wconf 85' lang='lat' dir='ltr'><strong>Domini</strong></span> <span class='ocrx_word' id='word_1_422' title='bbox 1950 4359 2004 4413; x_wconf 90' lang='lat' dir='ltr'><strong>in</strong></span> <span class='ocrx_word' id='word_1_423' title='bbox 2044 4360 2152 4415; x_wconf 87' lang='lat' dir='ltr'><strong>hoc</strong></span> 
     </span>
    </p>
   </div>
   <div class='ocr_carea' id='block_1_61' title="bbox 554 4442 2147 4510">
    <p class='ocr_par' dir='ltr' id='par_1_61' title="bbox 554 4442 2147 4510">
     <span class='ocr_line' id='line_1_61' title="bbox 554 4442 2147 4510; baseline 0.006 -13"><span class='ocrx_word' id='word_1_424' title='bbox 554 4455 660 4497; x_wconf 85' lang='lat' dir='ltr'><strong>nos</strong></span> <span class='ocrx_word' id='word_1_425' title='bbox 691 4442 911 4497; x_wconf 70' lang='lat' dir='ltr'><strong>inclusit</strong></span> <span class='ocrx_word' id='word_1_426' title='bbox 955 4444 1093 4510; x_wconf 83' lang='lat' dir='ltr'><strong>loco,</strong></span> <span class='ocrx_word' id='word_1_427' title='bbox 1152 4446 1453 4502; x_wconf 87' lang='lat' dir='ltr'><strong>solvamur.</strong></span> <span class='ocrx_word' id='word_1_428' title='bbox 1484 4466 1506 4502; x_wconf 70' lang='grc' dir='ltr'><strong>ι</strong></span> <span class='ocrx_word' id='word_1_429' title='bbox 1560 4448 1692 4504; x_wconf 87' lang='lat' dir='ltr'><strong>Inde</strong></span> <span class='ocrx_word' id='word_1_430' title='bbox 1734 4464 1867 4506; x_wconf 89' lang='lat' dir='ltr'><strong>vero</strong></span> <span class='ocrx_word' id='word_1_431' title='bbox 1900 4459 2049 4506; x_wconf 82' lang='lat' dir='ltr'><strong>tanta</strong></span> <span class='ocrx_word' id='word_1_432' title='bbox 2094 4450 2147 4506; x_wconf 91' lang='lat' dir='ltr'><strong>in</strong></span> 
     </span>
    </p>
   </div>
   <div class='ocr_carea' id='block_1_62' title="bbox 555 4532 2152 4610">
    <p class='ocr_par' dir='ltr' id='par_1_62' title="bbox 555 4532 2152 4610">
     <span class='ocr_line' id='line_1_62' title="bbox 555 4532 2152 4610; baseline 0.004 -22"><span class='ocrx_word' id='word_1_433' title='bbox 555 4532 729 4589; x_wconf 81' lang='lat' dir='ltr'><strong>Deum</strong></span> <span class='ocrx_word' id='word_1_434' title='bbox 773 4532 971 4589; x_wconf 80' lang='lat' dir='ltr'><strong>fiducia</strong></span> <span class='ocrx_word' id='word_1_435' title='bbox 1028 4542 1273 4591; x_wconf 84' lang='lat' dir='ltr'><strong>erectum</strong></span> <span class='ocrx_word' id='word_1_436' title='bbox 1332 4536 1501 4593; x_wconf 86' lang='lat' dir='ltr'><strong>fuisse</strong></span> <span class='ocrx_word' id='word_1_437' title='bbox 1554 4539 2046 4610; x_wconf 76' lang='lat' dir='ltr'><strong>archiepiscOpum,</strong></span> <span class='ocrx_word' id='word_1_438' title='bbox 2091 4548 2152 4595; x_wconf 88' lang='lat' dir='ltr'><strong>ut</strong></span> 
     </span>
    </p>
   </div>
   <div class='ocr_carea' id='block_1_63' title="bbox 551 4624 2149 4702">
    <p class='ocr_par' dir='ltr' id='par_1_63' title="bbox 551 4624 2149 4702">
     <span class='ocr_line' id='line_1_63' title="bbox 551 4624 2149 4702; baseline 0.003 -22"><span class='ocrx_word' id='word_1_439' title='bbox 551 4624 795 4681; x_wconf 80' lang='lat' dir='ltr'><strong>ﬂammis</strong></span> <span class='ocrx_word' id='word_1_440' title='bbox 822 4627 1062 4698; x_wconf 81' lang='lat' dir='ltr'><strong>grassari</strong></span> <span class='ocrx_word' id='word_1_441' title='bbox 1090 4626 1231 4682; x_wconf 90' lang='lat' dir='ltr'><strong>ultra</strong></span> <span class='ocrx_word' id='word_1_442' title='bbox 1259 4628 1565 4698; x_wconf 85' lang='lat' dir='ltr'><strong>prohibitis,</strong></span> <span class='ocrx_word' id='word_1_443' title='bbox 1592 4630 1863 4685; x_wconf 74' lang='lat' dir='ltr'><strong>exstincto</strong></span> <span class='ocrx_word' id='word_1_444' title='bbox 1884 4630 1951 4685; x_wconf 87' lang='lat' dir='ltr'><strong>ad</strong></span> <span class='ocrx_word' id='word_1_445' title='bbox 1978 4631 2149 4702; x_wconf 84' lang='lat' dir='ltr'><strong>impe-</strong></span> 
     </span>
    </p>
   </div>
   <div class='ocr_carea' id='block_1_64' title="bbox 550 4722 2149 4798">
    <p class='ocr_par' dir='ltr' id='par_1_64' title="bbox 550 4722 2149 4798">
     <span class='ocr_line' id='line_1_64' title="bbox 550 4722 2149 4798; baseline 0.002 -20"><span class='ocrx_word' id='word_1_446' title='bbox 550 4723 695 4778; x_wconf 85' lang='lat' dir='ltr'><strong>rium</strong></span> <span class='ocrx_word' id='word_1_447' title='bbox 752 4722 899 4795; x_wconf 79' lang='lat' dir='ltr'><strong>igne,</strong></span> <span class='ocrx_word' id='word_1_448' title='bbox 952 4722 1098 4795; x_wconf 85' lang='lat' dir='ltr'><strong>quod</strong></span> <span class='ocrx_word' id='word_1_449' title='bbox 1132 4723 1400 4795; x_wconf 88' lang='lat' dir='ltr'><strong>reliquum</strong></span> <span class='ocrx_word' id='word_1_450' title='bbox 1441 4732 1562 4781; x_wconf 87' lang='lat' dir='ltr'><strong>erat</strong></span> <span class='ocrx_word' id='word_1_451' title='bbox 1613 4724 1881 4798; x_wconf 81' lang='lat' dir='ltr'><strong>religiosae</strong></span> <span class='ocrx_word' id='word_1_452' title='bbox 1933 4727 2149 4793; x_wconf 89' lang='lat' dir='ltr'><strong>domus,</strong></span> 
     </span>
    </p>
   </div>
   <div class='ocr_carea' id='block_1_65' title="bbox 551 4815 2148 4888">
    <p class='ocr_par' dir='ltr' id='par_1_65' title="bbox 551 4815 2148 4888">
     <span class='ocr_line' id='line_1_65' title="bbox 551 4815 2148 4888; baseline 0 -15"><span class='ocrx_word' id='word_1_453' title='bbox 551 4815 753 4873; x_wconf 90' lang='lat' dir='ltr'><strong>clausis</strong></span> <span class='ocrx_word' id='word_1_454' title='bbox 774 4817 938 4871; x_wconf 86' lang='lat' dir='ltr'><strong>etiam</strong></span> <span class='ocrx_word' id='word_1_455' title='bbox 970 4824 1119 4871; x_wconf 91' lang='lat' dir='ltr'><strong>tanta</strong></span> <span class='ocrx_word' id='word_1_456' title='bbox 1152 4816 1205 4871; x_wconf 89' lang='lat' dir='ltr'><strong>in</strong></span> <span class='ocrx_word' id='word_1_457' title='bbox 1242 4816 1556 4888; x_wconf 86' lang='lat' dir='ltr'><strong>egrediendi</strong></span> <span class='ocrx_word' id='word_1_458' title='bbox 1591 4817 1918 4874; x_wconf 82' lang='lat' dir='ltr'><strong>necessitate</strong></span> <span class='ocrx_word' id='word_1_459' title='bbox 1942 4817 2148 4873; x_wconf 86' lang='lat' dir='ltr'><strong>sancti-</strong></span> 
     </span>
    </p>
   </div>
   <div class='ocr_carea' id='block_1_66' title="bbox 549 4905 2153 4979">
    <p class='ocr_par' dir='ltr' id='par_1_66' title="bbox 549 4905 2153 4979">
     <span class='ocr_line' id='line_1_66' title="bbox 549 4905 2153 4979; baseline 0.002 -18"><span class='ocrx_word' id='word_1_460' title='bbox 549 4905 902 4970; x_wconf 65' lang='lat' dir='ltr'><strong>monia‘libus,</strong></span> <span class='ocrx_word' id='word_1_461' title='bbox 928 4906 999 4961; x_wconf 89' lang='lat' dir='ltr'><strong>ab</strong></span> <span class='ocrx_word' id='word_1_462' title='bbox 1038 4905 1291 4963; x_wconf 84' lang='lat' dir='ltr'><strong>incendio</strong></span> <span class='ocrx_word' id='word_1_463' title='bbox 1314 4907 1523 4963; x_wconf 86' lang='lat' dir='ltr'><strong>salvum</strong></span> <span class='ocrx_word' id='word_1_464' title='bbox 1552 4908 1882 4965; x_wconf 84' lang='lat' dir='ltr'><strong>constiterit.</strong></span> <span class='ocrx_word' id='word_1_465' title='bbox 1906 4908 1987 4965; x_wconf 91' lang='lat' dir='ltr'><strong>Ad</strong></span> <span class='ocrx_word' id='word_1_466' title='bbox 2011 4924 2153 4979; x_wconf 88' lang='lat' dir='ltr'><strong>quas</strong></span> 
     </span>
    </p>
   </div>
   <div class='ocr_carea' id='block_1_67' title="bbox 551 4996 2157 5070">
    <p class='ocr_par' dir='ltr' id='par_1_67' title="bbox 551 4996 2157 5070">
     <span class='ocr_line' id='line_1_67' title="bbox 551 4996 2157 5070; baseline 0.001 -17"><span class='ocrx_word' id='word_1_467' title='bbox 551 4998 777 5054; x_wconf 85' lang='lat' dir='ltr'><strong>crebras</strong></span> <span class='ocrx_word' id='word_1_468' title='bbox 802 4997 859 5054; x_wconf 87' lang='lat' dir='ltr'><strong>S.</strong></span> <span class='ocrx_word' id='word_1_469' title='bbox 883 4996 1168 5070; x_wconf 82' lang='lat' dir='ltr'><strong>Hugonem</strong></span> <span class='ocrx_word' id='word_1_470' title='bbox 1197 4998 1409 5056; x_wconf 87' lang='lat' dir='ltr'><strong>litteras</strong></span> <span class='ocrx_word' id='word_1_471' title='bbox 1446 5000 1683 5067; x_wconf 86' lang='lat' dir='ltr'><strong>dedisse,</strong></span> <span class='ocrx_word' id='word_1_472' title='bbox 1714 5000 1909 5070; x_wconf 74' lang='lat' dir='ltr'><strong>plenas</strong></span> <span class='ocrx_word' id='word_1_473' title='bbox 1950 5000 2157 5056; x_wconf 47' lang='lat' dir='ltr'><strong>saluta-i</strong></span> 
     </span>
    </p>
   </div>
   <div class='ocr_carea' id='block_1_68' title="bbox 550 5089 2150 5159">
    <p class='ocr_par' dir='ltr' id='par_1_68' title="bbox 550 5089 2150 5159">
     <span class='ocr_line' id='line_1_68' title="bbox 550 5089 2150 5159; baseline 0.001 -15"><span class='ocrx_word' id='word_1_474' title='bbox 550 5090 703 5146; x_wconf 85' lang='lat' dir='ltr'><strong>ribus</strong></span> <span class='ocrx_word' id='word_1_475' title='bbox 738 5089 980 5155; x_wconf 85' lang='lat' dir='ltr'><strong>monitis,</strong></span> <span class='ocrx_word' id='word_1_476' title='bbox 1006 5090 1231 5146; x_wconf 90' lang='lat' dir='ltr'><strong>omnino</strong></span> <span class='ocrx_word' id='word_1_477' title='bbox 1252 5101 1409 5146; x_wconf 79' lang='lat' dir='ltr'><strong>extra</strong></span> <span class='ocrx_word' id='word_1_478' title='bbox 1438 5090 1664 5146; x_wconf 90' lang='lat' dir='ltr'><strong>dubium</strong></span> <span class='ocrx_word' id='word_1_479' title='bbox 1689 5099 1803 5159; x_wconf 88' lang='lat' dir='ltr'><strong>est;</strong></span> <span class='ocrx_word' id='word_1_480' title='bbox 1836 5091 1892 5147; x_wconf 91' lang='lat' dir='ltr'><strong>in</strong></span> <span class='ocrx_word' id='word_1_481' title='bbox 1926 5090 2150 5147; x_wconf 86' lang='lat' dir='ltr'><strong>Clunia-</strong></span> 
     </span>
    </p>
   </div>
   <div class='ocr_carea' id='block_1_69' title="bbox 551 5182 2149 5255">
    <p class='ocr_par' dir='ltr' id='par_1_69' title="bbox 551 5182 2149 5255">
     <span class='ocr_line' id='line_1_69' title="bbox 551 5182 2149 5255; baseline 0.001 -17"><span class='ocrx_word' id='word_1_482' title='bbox 551 5183 702 5238; x_wconf 87' lang='lat' dir='ltr'><strong>censi</strong></span> <span class='ocrx_word' id='word_1_483' title='bbox 742 5182 1075 5239; x_wconf 83' lang='lat' dir='ltr'><strong>Bibliotheca</strong></span> <span class='ocrx_word' id='word_1_484' title='bbox 1116 5198 1225 5240; x_wconf 91' lang='lat' dir='ltr'><strong>non</strong></span> <span class='ocrx_word' id='word_1_485' title='bbox 1269 5183 1377 5240; x_wconf 89' lang='lat' dir='ltr'><strong>nisi</strong></span> <span class='ocrx_word' id='word_1_486' title='bbox 1410 5198 1575 5239; x_wconf 87' lang='lat' dir='ltr'><strong>unam</strong></span> <span class='ocrx_word' id='word_1_487' title='bbox 1627 5182 1969 5255; x_wconf 89' lang='lat' dir='ltr'><strong>reperimus,</strong></span> <span class='ocrx_word' id='word_1_488' title='bbox 2027 5197 2149 5253; x_wconf 64' lang='lat' dir='ltr'><strong>qua</strong></span> 
     </span>
    </p>
   </div>
   <div class='ocr_carea' id='block_1_70' title="bbox 552 5272 1005 5342">
    <p class='ocr_par' dir='ltr' id='par_1_70' title="bbox 552 5272 1005 5342">
     <span class='ocr_line' id='line_1_70' title="bbox 552 5272 1005 5342; baseline 0 -12"><span class='ocrx_word' id='word_1_489' title='bbox 552 5272 860 5342; x_wconf 74' lang='lat' dir='ltr'><strong>huiusmodi</strong></span> <span class='ocrx_word' id='word_1_490' title='bbox 896 5283 1005 5330; x_wconf 89' lang='lat' dir='ltr'><strong>est.</strong></span> 
     </span>
    </p>
   </div>
   <div class='ocr_carea' id='block_1_71' title="bbox 626 5367 2146 5441">
    <p class='ocr_par' dir='ltr' id='par_1_71' title="bbox 626 5367 2146 5441">
     <span class='ocr_line' id='line_1_71' title="bbox 626 5367 2146 5441; baseline 0.002 -20"><span class='ocrx_word' id='word_1_491' title='bbox 626 5368 712 5422; x_wconf 75' lang='grc'><strong>14.</strong></span> <span class='ocrx_word' id='word_1_492' title='bbox 760 5384 781 5419; x_wconf 72' lang='grc' dir='ltr'><strong>ε</strong></span> <span class='ocrx_word' id='word_1_493' title='bbox 827 5367 1169 5426; x_wconf 86' lang='lat' dir='ltr'><strong>Dulcissimis</strong></span> <span class='ocrx_word' id='word_1_494' title='bbox 1214 5371 1430 5426; x_wconf 84' lang='lat' dir='ltr'><strong>ﬁliabus</strong></span> <span class='ocrx_word' id='word_1_495' title='bbox 1458 5370 1848 5441; x_wconf 89' lang='lat' dir='ltr'><strong>sororibusque</strong></span> <span class='ocrx_word' id='word_1_496' title='bbox 1879 5367 2146 5425; x_wconf 86' lang='lat' dir='ltr'><strong>amantis-</strong></span> 
     </span>
    </p>
   </div>
   <div class='ocr_carea' id='block_1_72' title="bbox 552 5461 2148 5533">
    <p class='ocr_par' dir='ltr' id='par_1_72' title="bbox 552 5461 2148 5533">
     <span class='ocr_line' id='line_1_72' title="bbox 552 5461 2148 5533; baseline -0.001 -16"><span class='ocrx_word' id='word_1_497' title='bbox 552 5461 728 5525; x_wconf 86' lang='lat' dir='ltr'><strong>simis,</strong></span> <span class='ocrx_word' id='word_1_498' title='bbox 766 5461 945 5516; x_wconf 73' lang='lat' dir='ltr'><strong>stcculi</strong></span> <span class='ocrx_word' id='word_1_499' title='bbox 972 5478 1167 5533; x_wconf 86' lang='lat' dir='ltr'><strong>pompa</strong></span> <span class='ocrx_word' id='word_1_500' title='bbox 1202 5465 1399 5529; x_wconf 77' lang='lat' dir='ltr'><strong>exutis,</strong></span> <span class='ocrx_word' id='word_1_501' title='bbox 1430 5473 1486 5520; x_wconf 89' lang='lat' dir='ltr'><strong>et</strong></span> <span class='ocrx_word' id='word_1_502' title='bbox 1521 5462 1838 5520; x_wconf 85' lang='lat' dir='ltr'><strong>Marciniani</strong></span> <span class='ocrx_word' id='word_1_503' title='bbox 1873 5463 1941 5517; x_wconf 89' lang='lat' dir='ltr'><strong>ad</strong></span> <span class='ocrx_word' id='word_1_504' title='bbox 1972 5462 2148 5518; x_wconf 88' lang='lat' dir='ltr'><strong>hono-</strong></span> 
     </span>
    </p>
   </div>
   <div class='ocr_carea' id='block_1_73' title="bbox 551 5552 2145 5623">
    <p class='ocr_par' dir='ltr' id='par_1_73' title="bbox 551 5552 2145 5623">
     <span class='ocr_line' id='line_1_73' title="bbox 551 5552 2145 5623; baseline -0.001 -12"><span class='ocrx_word' id='word_1_505' title='bbox 551 5569 668 5611; x_wconf 86' lang='lat' dir='ltr'><strong>rem</strong></span> <span class='ocrx_word' id='word_1_506' title='bbox 698 5562 757 5609; x_wconf 90' lang='lat' dir='ltr'><strong>et</strong></span> <span class='ocrx_word' id='word_1_507' title='bbox 785 5552 997 5609; x_wconf 88' lang='lat' dir='ltr'><strong>laudem</strong></span> <span class='ocrx_word' id='word_1_508' title='bbox 1031 5564 1235 5610; x_wconf 69' lang='lat' dir='ltr'><strong>sanctas</strong></span> <span class='ocrx_word' id='word_1_509' title='bbox 1262 5565 1318 5612; x_wconf 88' lang='lat' dir='ltr'><strong>et</strong></span> <span class='ocrx_word' id='word_1_510' title='bbox 1361 5556 1651 5612; x_wconf 59' lang='lat' dir='ltr'><strong>individua</strong></span> <span class='ocrx_word' id='word_1_511' title='bbox 1678 5555 1984 5623; x_wconf 84' lang='lat' dir='ltr'><strong>Trinitatis,</strong></span> <span class='ocrx_word' id='word_1_512' title='bbox 2040 5554 2145 5610; x_wconf 88' lang='lat' dir='ltr'><strong>sub</strong></span> 
     </span>
    </p>
   </div>
   <div class='ocr_carea' id='block_1_74' title="bbox 550 5632 2141 5721">
    <p class='ocr_par' dir='ltr' id='par_1_74' title="bbox 550 5632 2141 5721">
     <span class='ocr_line' id='line_1_74' title="bbox 550 5632 2141 5721; baseline -0.002 -16"><span class='ocrx_word' id='word_1_513' title='bbox 550 5632 855 5720; x_wconf 75' lang='lat' dir='ltr'><strong>patroCinio</strong></span> <span class='ocrx_word' id='word_1_514' title='bbox 889 5646 948 5702; x_wconf 79' lang='grc' dir='ltr'><strong>Β.</strong></span> <span class='ocrx_word' id='word_1_515' title='bbox 980 5646 1165 5703; x_wconf 70' lang='lat' dir='ltr'><strong>Marire</strong></span> <span class='ocrx_word' id='word_1_516' title='bbox 1208 5663 1423 5718; x_wconf 85' lang='lat' dir='ltr'><strong>semper</strong></span> <span class='ocrx_word' id='word_1_517' title='bbox 1451 5650 1689 5721; x_wconf 80' lang='lat' dir='ltr'><strong>Virginis</strong></span> <span class='ocrx_word' id='word_1_518' title='bbox 1720 5659 1775 5706; x_wconf 90' lang='lat' dir='ltr'><strong>et</strong></span> <span class='ocrx_word' id='word_1_519' title='bbox 1823 5660 2141 5707; x_wconf 90' lang='lat' dir='ltr'><strong>sanctorum</strong></span> 
     </span>
    </p>
   </div>
   <div class='ocr_carea' id='block_1_75' title="bbox 555 5737 2137 5813">
    <p class='ocr_par' dir='ltr' id='par_1_75' title="bbox 555 5737 2137 5813">
     <span class='ocr_line' id='line_1_75' title="bbox 555 5737 2137 5813; baseline -0.001 -18"><span class='ocrx_word' id='word_1_520' title='bbox 555 5741 922 5811; x_wconf 76' lang='lat' dir='ltr'><strong>apostolorum</strong></span> <span class='ocrx_word' id='word_1_521' title='bbox 948 5738 1095 5793; x_wconf 88' lang='lat' dir='ltr'><strong>Petri</strong></span> <span class='ocrx_word' id='word_1_522' title='bbox 1117 5737 1359 5813; x_wconf 80' lang='lat' dir='ltr'><strong>etPauli,</strong></span> <span class='ocrx_word' id='word_1_523' title='bbox 1378 5742 1740 5810; x_wconf 78' lang='lat' dir='ltr'><strong>congregatis,</strong></span> <span class='ocrx_word' id='word_1_524' title='bbox 1759 5742 1925 5797; x_wconf 88' lang='lat' dir='ltr'><strong>frater</strong></span> <span class='ocrx_word' id='word_1_525' title='bbox 1956 5738 2137 5812; x_wconf 82' lang='lat' dir='ltr'><strong>llugo,</strong></span> 
     </span>
    </p>
   </div>
   <div class='ocr_carea' id='block_1_76' title="bbox 2267 1863 3734 1935">
    <p class='ocr_par' dir='ltr' id='par_1_76' title="bbox 2267 1863 3734 1935">
     <span class='ocr_line' id='line_1_76' title="bbox 2267 1863 3734 1935; baseline 0.003 -19"><span class='ocrx_word' id='word_1_526' title='bbox 2267 1863 2465 1931; x_wconf 64' lang='lat' dir='ltr'><strong>sepius</strong></span> <span class='ocrx_word' id='word_1_527' title='bbox 2496 1871 2687 1933; x_wconf 82' lang='lat' dir='ltr'><strong>ageret</strong></span> <span class='ocrx_word' id='word_1_528' title='bbox 2715 1863 2783 1918; x_wconf 87' lang='lat' dir='ltr'><strong>de</strong></span> <span class='ocrx_word' id='word_1_529' title='bbox 2805 1863 2916 1919; x_wconf 89' lang='lat' dir='ltr'><strong>vita</strong></span> <span class='ocrx_word' id='word_1_530' title='bbox 2958 1874 3015 1920; x_wconf 90' lang='lat' dir='ltr'><strong>et</strong></span> <span class='ocrx_word' id='word_1_531' title='bbox 3045 1863 3329 1921; x_wconf 78' lang='lat' dir='ltr'><strong>miraculis</strong></span> <span class='ocrx_word' id='word_1_532' title='bbox 3364 1864 3421 1920; x_wconf 87' lang='lat' dir='ltr'><strong>B.</strong></span> <span class='ocrx_word' id='word_1_533' title='bbox 3446 1864 3734 1935; x_wconf 76' lang='lat' dir='ltr'><strong>ilugonis,nun</strong></span> 
     </span>
    </p>
   </div>
   <div class='ocr_carea' id='block_1_77' title="bbox 2266 1953 3735 2026">
    <p class='ocr_par' dir='ltr' id='par_1_77' title="bbox 2266 1953 3735 2026">
     <span class='ocr_line' id='line_1_77' title="bbox 2266 1953 3735 2026; baseline 0.003 -19"><span class='ocrx_word' id='word_1_534' title='bbox 2266 1954 2634 2023; x_wconf 85' lang='lat' dir='ltr'><strong>quorumlibet</strong></span> <span class='ocrx_word' id='word_1_535' title='bbox 2662 1953 2943 2010; x_wconf 89' lang='lat' dir='ltr'><strong>chartulas</strong></span> <span class='ocrx_word' id='word_1_536' title='bbox 2974 1969 3139 2026; x_wconf 89' lang='lat' dir='ltr'><strong>super</strong></span> <span class='ocrx_word' id='word_1_537' title='bbox 3176 1956 3262 2011; x_wconf 89' lang='lat' dir='ltr'><strong>his</strong></span> <span class='ocrx_word' id='word_1_538' title='bbox 3292 1956 3537 2025; x_wconf 89' lang='lat' dir='ltr'><strong>profusius</strong></span> <span class='ocrx_word' id='word_1_539' title='bbox 3568 1967 3735 2011; x_wconf 72' lang='lat' dir='ltr'><strong>curatas</strong></span> 
     </span>
    </p>
   </div>
   <div class='ocr_carea' id='block_1_78' title="bbox 2265 2046 3734 2117">
    <p class='ocr_par' dir='ltr' id='par_1_78' title="bbox 2265 2046 3734 2117">
     <span class='ocr_line' id='line_1_78' title="bbox 2265 2046 3734 2117; baseline 0 -17"><span class='ocrx_word' id='word_1_540' title='bbox 2265 2046 2516 2110; x_wconf 86' lang='lat' dir='ltr'><strong>attendit,</strong></span> <span class='ocrx_word' id='word_1_541' title='bbox 2566 2047 2659 2101; x_wconf 92' lang='lat' dir='ltr'><strong>sed</strong></span> <span class='ocrx_word' id='word_1_542' title='bbox 2687 2061 2951 2117; x_wconf 87' lang='lat' dir='ltr'><strong>personas</strong></span> <span class='ocrx_word' id='word_1_543' title='bbox 2978 2048 3323 2103; x_wconf 86' lang='lat' dir='ltr'><strong>authenticas</strong></span> <span class='ocrx_word' id='word_1_544' title='bbox 3356 2048 3407 2103; x_wconf 82' lang='lat' dir='ltr'><strong>in</strong></span> <span class='ocrx_word' id='word_1_545' title='bbox 3434 2048 3580 2103; x_wconf 89' lang='lat' dir='ltr'><strong>medio</strong></span> <span class='ocrx_word' id='word_1_546' title='bbox 3600 2048 3734 2103; x_wconf 70' lang='lat' dir='ltr'><strong>Clunia-</strong></span> 
     </span>
    </p>
   </div>
   <div class='ocr_carea' id='block_1_79' title="bbox 2266 2136 3735 2209">
    <p class='ocr_par' dir='ltr' id='par_1_79' title="bbox 2266 2136 3735 2209">
     <span class='ocr_line' id='line_1_79' title="bbox 2266 2136 3735 2209; baseline 0.001 -18"><span class='ocrx_word' id='word_1_547' title='bbox 2266 2136 2446 2192; x_wconf 86' lang='lat' dir='ltr'><strong>censis</strong></span> <span class='ocrx_word' id='word_1_548' title='bbox 2474 2136 2695 2207; x_wconf 69' lang='lat' dir='ltr'><strong>capituli</strong></span> <span class='ocrx_word' id='word_1_549' title='bbox 2725 2147 3104 2207; x_wconf 71' lang='lat' dir='ltr'><strong>prtesentatas,</strong></span> <span class='ocrx_word' id='word_1_550' title='bbox 3133 2139 3201 2195; x_wconf 88' lang='lat' dir='ltr'><strong>de</strong></span> <span class='ocrx_word' id='word_1_551' title='bbox 3243 2148 3425 2194; x_wconf 90' lang='lat' dir='ltr'><strong>sancto</strong></span> <span class='ocrx_word' id='word_1_552' title='bbox 3450 2154 3551 2209; x_wconf 74' lang='lat' dir='ltr'><strong>qua:</strong></span> <span class='ocrx_word' id='word_1_553' title='bbox 3572 2141 3735 2193; x_wconf 70' lang='lat' dir='ltr'><strong>viderant</strong></span> 
     </span>
    </p>
   </div>
   <div class='ocr_carea' id='block_1_80' title="bbox 2265 2227 3733 2302">
    <p class='ocr_par' dir='ltr' id='par_1_80' title="bbox 2265 2227 3733 2302">
     <span class='ocr_line' id='line_1_80' title="bbox 2265 2227 3733 2302; baseline 0.001 -20"><span class='ocrx_word' id='word_1_554' title='bbox 2265 2238 2319 2282; x_wconf 88' lang='lat' dir='ltr'><strong>et</strong></span> <span class='ocrx_word' id='word_1_555' title='bbox 2341 2227 2628 2283; x_wconf 87' lang='lat' dir='ltr'><strong>audierant</strong></span> <span class='ocrx_word' id='word_1_556' title='bbox 2663 2227 2897 2285; x_wconf 83' lang='lat' dir='ltr'><strong>validius</strong></span> <span class='ocrx_word' id='word_1_557' title='bbox 2927 2238 3245 2297; x_wconf 83' lang='lat' dir='ltr'><strong>attestalas,</strong></span> <span class='ocrx_word' id='word_1_558' title='bbox 3283 2238 3536 2302; x_wconf 82' lang='lat' dir='ltr'><strong>gratanter</strong></span> <span class='ocrx_word' id='word_1_559' title='bbox 3569 2231 3733 2300; x_wconf 81' lang='lat' dir='ltr'><strong>accepit;</strong></span> 
     </span>
    </p>
   </div>
   <div class='ocr_carea' id='block_1_81' title="bbox 2265 2318 3735 2391">
    <p class='ocr_par' dir='ltr' id='par_1_81' title="bbox 2265 2318 3735 2391">
     <span class='ocr_line' id='line_1_81' title="bbox 2265 2318 3735 2391; baseline 0.002 -19"><span class='ocrx_word' id='word_1_560' title='bbox 2265 2318 2551 2389; x_wconf 87' lang='lat' dir='ltr'><strong>episcopus</strong></span> <span class='ocrx_word' id='word_1_561' title='bbox 2598 2334 2731 2375; x_wconf 88' lang='lat' dir='ltr'><strong>vero</strong></span> <span class='ocrx_word' id='word_1_562' title='bbox 2774 2329 2831 2375; x_wconf 88' lang='lat' dir='ltr'><strong>et</strong></span> <span class='ocrx_word' id='word_1_563' title='bbox 2885 2321 3260 2377; x_wconf 88' lang='lat' dir='ltr'><strong>cardinalibus</strong></span> <span class='ocrx_word' id='word_1_564' title='bbox 3306 2323 3494 2391; x_wconf 87' lang='lat' dir='ltr'><strong>pariter</strong></span> <span class='ocrx_word' id='word_1_565' title='bbox 3534 2322 3735 2376; x_wconf 71' lang='lat' dir='ltr'><strong>assentien-</strong></span> 
     </span>
    </p>
   </div>
   <div class='ocr_carea' id='block_1_82' title="bbox 2265 2411 3734 2484">
    <p class='ocr_par' dir='ltr' id='par_1_82' title="bbox 2265 2411 3734 2484">
     <span class='ocr_line' id='line_1_82' title="bbox 2265 2411 3734 2484; baseline 0.003 -21"><span class='ocrx_word' id='word_1_566' title='bbox 2265 2412 2432 2477; x_wconf 87' lang='lat' dir='ltr'><strong>tibus,</strong></span> <span class='ocrx_word' id='word_1_567' title='bbox 2472 2414 2541 2466; x_wconf 87' lang='lat' dir='ltr'><strong>ad</strong></span> <span class='ocrx_word' id='word_1_568' title='bbox 2589 2411 2807 2467; x_wconf 82' lang='lat' dir='ltr'><strong>laudem</strong></span> <span class='ocrx_word' id='word_1_569' title='bbox 2857 2423 2913 2469; x_wconf 89' lang='lat' dir='ltr'><strong>et</strong></span> <span class='ocrx_word' id='word_1_570' title='bbox 2967 2413 3199 2484; x_wconf 82' lang='lat' dir='ltr'><strong>gloriam</strong></span> <span class='ocrx_word' id='word_1_571' title='bbox 3241 2414 3444 2471; x_wconf 87' lang='lat' dir='ltr'><strong>Domini</strong></span> <span class='ocrx_word' id='word_1_572' title='bbox 3490 2415 3620 2470; x_wconf 86' lang='lat' dir='ltr'><strong>nostri</strong></span> <span class='ocrx_word' id='word_1_573' title='bbox 3658 2414 3734 2468; x_wconf 61' lang='lat' dir='ltr'><strong>Jeu</strong></span> 
     </span>
    </p>
   </div>
   <div class='ocr_carea' id='block_1_83' title="bbox 2262 2503 3735 2572">
    <p class='ocr_par' dir='ltr' id='par_1_83' title="bbox 2262 2503 3735 2572">
     <span class='ocr_line' id='line_1_83' title="bbox 2262 2503 3735 2572; baseline -0.002 -12"><span class='ocrx_word' id='word_1_574' title='bbox 2262 2503 2489 2572; x_wconf 87' lang='lat' dir='ltr'><strong>Christi,</strong></span> <span class='ocrx_word' id='word_1_575' title='bbox 2520 2503 2756 2560; x_wconf 87' lang='lat' dir='ltr'><strong>natalem</strong></span> <span class='ocrx_word' id='word_1_576' title='bbox 2787 2506 2923 2559; x_wconf 89' lang='lat' dir='ltr'><strong>tanti</strong></span> <span class='ocrx_word' id='word_1_577' title='bbox 2954 2505 3321 2571; x_wconf 72' lang='lat' dir='ltr'><strong>confessoris,</strong></span> <span class='ocrx_word' id='word_1_578' title='bbox 3363 2516 3435 2561; x_wconf 87' lang='lat' dir='ltr'><strong>tot</strong></span> <span class='ocrx_word' id='word_1_579' title='bbox 3461 2517 3508 2561; x_wconf 88' lang='lat' dir='ltr'><strong>et</strong></span> <span class='ocrx_word' id='word_1_580' title='bbox 3542 2506 3735 2560; x_wconf 73' lang='lat' dir='ltr'><strong>tantisvir-</strong></span> 
     </span>
    </p>
   </div>
   <div class='ocr_carea' id='block_1_84' title="bbox 2264 2594 3733 2668">
    <p class='ocr_par' dir='ltr' id='par_1_84' title="bbox 2264 2594 3733 2668">
     <span class='ocr_line' id='line_1_84' title="bbox 2264 2594 3733 2668; baseline 0.003 -23"><span class='ocrx_word' id='word_1_581' title='bbox 2264 2594 2469 2649; x_wconf 90' lang='lat' dir='ltr'><strong>tutibus</strong></span> <span class='ocrx_word' id='word_1_582' title='bbox 2503 2595 2819 2665; x_wconf 89' lang='lat' dir='ltr'><strong>approbati,</strong></span> <span class='ocrx_word' id='word_1_583' title='bbox 2851 2594 3105 2651; x_wconf 84' lang='lat' dir='ltr'><strong>festivum</strong></span> <span class='ocrx_word' id='word_1_584' title='bbox 3137 2596 3255 2651; x_wconf 77' lang='lat' dir='ltr'><strong>fieri</strong></span> <span class='ocrx_word' id='word_1_585' title='bbox 3283 2612 3411 2668; x_wconf 89' lang='lat' dir='ltr'><strong>papa</strong></span> <span class='ocrx_word' id='word_1_586' title='bbox 3438 2598 3644 2661; x_wconf 82' lang='lat' dir='ltr'><strong>decrevit,</strong></span> <span class='ocrx_word' id='word_1_587' title='bbox 3668 2606 3733 2650; x_wconf 72' lang='lat' dir='ltr'><strong>etc.</strong></span> 
     </span>
    </p>
   </div>
   <div class='ocr_carea' id='block_1_85' title="bbox 2262 2683 3736 2758">
    <p class='ocr_par' dir='ltr' id='par_1_85' title="bbox 2262 2683 3736 2758">
     <span class='ocr_line' id='line_1_85' title="bbox 2262 2683 3736 2758; baseline -0.001 -20"><span class='ocrx_word' id='word_1_588' title='bbox 2262 2683 2474 2740; x_wconf 85' lang='lat' dir='ltr'><strong>Nomen</strong></span> <span class='ocrx_word' id='word_1_589' title='bbox 2524 2684 2908 2758; x_wconf 84' lang='lat' dir='ltr'><strong>Martyrologio</strong></span> <span class='ocrx_word' id='word_1_590' title='bbox 2957 2702 3056 2742; x_wconf 86' lang='lat' dir='ltr'><strong>suo</strong></span> <span class='ocrx_word' id='word_1_591' title='bbox 3087 2686 3396 2744; x_wconf 87' lang='lat' dir='ltr'><strong>Galesinius</strong></span> <span class='ocrx_word' id='word_1_592' title='bbox 3439 2688 3499 2744; x_wconf 85' lang='lat' dir='ltr'><strong>ad</strong></span> <span class='ocrx_word' id='word_1_593' title='bbox 3524 2703 3549 2740; x_wconf 91' lang='lat' dir='ltr'><strong>v</strong></span> <span class='ocrx_word' id='word_1_594' title='bbox 3576 2686 3665 2740; x_wconf 82' lang='lat' dir='ltr'><strong>Julii</strong></span> <span class='ocrx_word' id='word_1_595' title='bbox 3692 2686 3736 2737; x_wconf 80' lang='lat' dir='ltr'><strong>iu-</strong></span> 
     </span>
    </p>
   </div>
   <div class='ocr_carea' id='block_1_86' title="bbox 2260 2777 3736 2849">
    <p class='ocr_par' dir='ltr' id='par_1_86' title="bbox 2260 2777 3736 2849">
     <span class='ocr_line' id='line_1_86' title="bbox 2260 2777 3736 2849; baseline -0.001 -17"><span class='ocrx_word' id='word_1_596' title='bbox 2260 2777 2499 2848; x_wconf 84' lang='lat' dir='ltr'><strong>scripsit,</strong></span> <span class='ocrx_word' id='word_1_597' title='bbox 2560 2778 2756 2849; x_wconf 85' lang='lat' dir='ltr'><strong>reliqui</strong></span> <span class='ocrx_word' id='word_1_598' title='bbox 2804 2795 2959 2845; x_wconf 88' lang='lat' dir='ltr'><strong>vero,</strong></span> <span class='ocrx_word' id='word_1_599' title='bbox 3023 2789 3084 2835; x_wconf 88' lang='lat' dir='ltr'><strong>ut</strong></span> <span class='ocrx_word' id='word_1_600' title='bbox 3131 2779 3434 2848; x_wconf 82' lang='lat' dir='ltr'><strong>Grevenus,</strong></span> <span class='ocrx_word' id='word_1_601' title='bbox 3478 2778 3736 2849; x_wconf 74' lang='lat' dir='ltr'><strong>Maurolycus,</strong></span> 
     </span>
    </p>
   </div>
   <div class='ocr_carea' id='block_1_87' title="bbox 2259 2869 3735 2944">
    <p class='ocr_par' dir='ltr' id='par_1_87' title="bbox 2259 2869 3735 2944">
     <span class='ocr_line' id='line_1_87' title="bbox 2259 2869 3735 2944; baseline -0.001 -17"><span class='ocrx_word' id='word_1_602' title='bbox 2259 2869 2528 2938; x_wconf 81' lang='lat' dir='ltr'><strong>Molanus,</strong></span> <span class='ocrx_word' id='word_1_603' title='bbox 2550 2870 2859 2937; x_wconf 86' lang='lat' dir='ltr'><strong>Menardus,</strong></span> <span class='ocrx_word' id='word_1_604' title='bbox 2892 2872 3106 2928; x_wconf 68' lang='lat' dir='ltr'><strong>lilirtens</strong></span> <span class='ocrx_word' id='word_1_605' title='bbox 3129 2874 3202 2929; x_wconf 84' lang='lat' dir='ltr'><strong>ad</strong></span> <span class='ocrx_word' id='word_1_606' title='bbox 3230 2873 3302 2929; x_wconf 76' lang='lat'><strong>29</strong></span> <span class='ocrx_word' id='word_1_607' title='bbox 3320 2873 3523 2944; x_wconf 85' lang='lat' dir='ltr'><strong>Aprilis;</strong></span> <span class='ocrx_word' id='word_1_608' title='bbox 3540 2887 3621 2942; x_wconf 87' lang='lat' dir='ltr'><strong>quo</strong></span> <span class='ocrx_word' id='word_1_609' title='bbox 3634 2870 3735 2925; x_wconf 77' lang='lat' dir='ltr'><strong>etiam</strong></span> 
     </span>
    </p>
   </div>
   <div class='ocr_carea' id='block_1_88' title="bbox 2259 2963 3737 3038">
    <p class='ocr_par' dir='ltr' id='par_1_88' title="bbox 2259 2963 3737 3038">
     <span class='ocr_line' id='line_1_88' title="bbox 2259 2963 3737 3038; baseline -0.001 -20"><span class='ocrx_word' id='word_1_610' title='bbox 2259 2964 2345 3019; x_wconf 89' lang='lat' dir='ltr'><strong>his</strong></span> <span class='ocrx_word' id='word_1_611' title='bbox 2375 2966 2556 3021; x_wconf 82' lang='lat' dir='ltr'><strong>verbis</strong></span> <span class='ocrx_word' id='word_1_612' title='bbox 2583 2964 2966 3038; x_wconf 78' lang='lat' dir='ltr'><strong>Martyrologio</strong></span> <span class='ocrx_word' id='word_1_613' title='bbox 2995 2966 3253 3023; x_wconf 72' lang='lat' dir='ltr'><strong>Romano</strong></span> <span class='ocrx_word' id='word_1_614' title='bbox 3281 2966 3578 3024; x_wconf 82' lang='lat' dir='ltr'><strong>inscribitur.</strong></span> <span class='ocrx_word' id='word_1_615' title='bbox 3612 2963 3737 3018; x_wconf 76' lang='lat' dir='ltr'><strong>lucc-</strong></span> 
     </span>
    </p>
   </div>
   <div class='ocr_carea' id='block_1_89' title="bbox 2263 3051 3735 3129">
    <p class='ocr_par' dir='ltr' id='par_1_89' title="bbox 2263 3051 3735 3129">
     <span class='ocr_line' id='line_1_89' title="bbox 2263 3051 3735 3129; baseline -0.003 -19"><span class='ocrx_word' id='word_1_616' title='bbox 2263 3057 2427 3112; x_wconf 84' lang='lat' dir='ltr'><strong>nobio</strong></span> <span class='ocrx_word' id='word_1_617' title='bbox 2454 3056 2801 3113; x_wconf 82' lang='lat' dir='ltr'><strong>Cluniacensi</strong></span> <span class='ocrx_word' id='word_1_618' title='bbox 2830 3057 2889 3113; x_wconf 90' lang='lat' dir='ltr'><strong>S.</strong></span> <span class='ocrx_word' id='word_1_619' title='bbox 2915 3056 3157 3129; x_wconf 78' lang='lat' dir='ltr'><strong>Hugonis</strong></span> <span class='ocrx_word' id='word_1_620' title='bbox 3185 3056 3417 3116; x_wconf 86' lang='lat' dir='ltr'><strong>abbatis.</strong></span> <span class='ocrx_word' id='word_1_621' title='bbox 3444 3056 3567 3114; x_wconf 89' lang='lat' dir='ltr'><strong>Obiit</strong></span> <span class='ocrx_word' id='word_1_622' title='bbox 3590 3051 3735 3122; x_wconf 73' lang='lat' dir='ltr'><strong>illequ-</strong></span> 
     </span>
    </p>
   </div>
   <div class='ocr_carea' id='block_1_90' title="bbox 2256 3148 3736 3224">
    <p class='ocr_par' dir='ltr' id='par_1_90' title="bbox 2256 3148 3736 3224">
     <span class='ocr_line' id='line_1_90' title="bbox 2256 3148 3736 3224; baseline -0.003 -19"><span class='ocrx_word' id='word_1_623' title='bbox 2256 3149 2380 3205; x_wconf 87' lang='lat' dir='ltr'><strong>dem</strong></span> <span class='ocrx_word' id='word_1_624' title='bbox 2426 3151 2562 3205; x_wconf 75' lang='lat' dir='ltr'><strong>feria</strong></span> <span class='ocrx_word' id='word_1_625' title='bbox 2612 3167 2667 3207; x_wconf 83' lang='lat' dir='ltr'><strong>tv</strong></span> <span class='ocrx_word' id='word_1_626' title='bbox 2714 3161 2835 3223; x_wconf 90' lang='lat' dir='ltr'><strong>post</strong></span> <span class='ocrx_word' id='word_1_627' title='bbox 2864 3151 3075 3208; x_wconf 85' lang='lat' dir='ltr'><strong>Pascha</strong></span> <span class='ocrx_word' id='word_1_628' title='bbox 3106 3167 3277 3224; x_wconf 85' lang='lat' dir='ltr'><strong>supra</strong></span> <span class='ocrx_word' id='word_1_629' title='bbox 3308 3161 3552 3215; x_wconf 89' lang='lat' dir='ltr'><strong>notatum,</strong></span> <span class='ocrx_word' id='word_1_630' title='bbox 3575 3148 3675 3205; x_wconf 84' lang='lat' dir='ltr'><strong>sicut</strong></span> <span class='ocrx_word' id='word_1_631' title='bbox 3704 3151 3736 3198; x_wconf 79' lang='lat' dir='ltr'><strong>tt</strong></span> 
     </span>
    </p>
   </div>
   <div class='ocr_carea' id='block_1_91' title="bbox 2256 3234 3734 3311">
    <p class='ocr_par' dir='ltr' id='par_1_91' title="bbox 2256 3234 3734 3311">
     <span class='ocr_line' id='line_1_91' title="bbox 2256 3234 3734 3311; baseline -0.007 -14"><span class='ocrx_word' id='word_1_632' title='bbox 2256 3240 2316 3297; x_wconf 89' lang='lat' dir='ltr'><strong>S.</strong></span> <span class='ocrx_word' id='word_1_633' title='bbox 2364 3241 2684 3307; x_wconf 86' lang='lat' dir='ltr'><strong>Ansclmus;</strong></span> <span class='ocrx_word' id='word_1_634' title='bbox 2742 3258 2865 3311; x_wconf 69' lang='lat' dir='ltr'><strong>qum</strong></span> <span class='ocrx_word' id='word_1_635' title='bbox 2925 3244 3059 3299; x_wconf 82' lang='lat' dir='ltr'><strong>feria</strong></span> <span class='ocrx_word' id='word_1_636' title='bbox 3108 3259 3240 3298; x_wconf 88' lang='lat' dir='ltr'><strong>cum</strong></span> <span class='ocrx_word' id='word_1_637' title='bbox 3292 3259 3347 3300; x_wconf 89' lang='lat' dir='ltr'><strong>tv</strong></span> <span class='ocrx_word' id='word_1_638' title='bbox 3394 3240 3618 3301; x_wconf 76' lang='lat' dir='ltr'><strong>Kalendas</strong></span> <span class='ocrx_word' id='word_1_639' title='bbox 3656 3234 3734 3290; x_wconf 63' lang='lat' dir='ltr'><strong>liii</strong></span> 
     </span>
    </p>
   </div>
   <div class='ocr_carea' id='block_1_92' title="bbox 2253 3331 3735 3403">
    <p class='ocr_par' dir='ltr' id='par_1_92' title="bbox 2253 3331 3735 3403">
     <span class='ocr_line' id='line_1_92' title="bbox 2253 3331 3735 3403; baseline 0 -16"><span class='ocrx_word' id='word_1_640' title='bbox 2253 3346 2349 3387; x_wconf 90' lang='lat' dir='ltr'><strong>seu</strong></span> <span class='ocrx_word' id='word_1_641' title='bbox 2372 3331 2445 3387; x_wconf 71' lang='lat'><strong>28</strong></span> <span class='ocrx_word' id='word_1_642' title='bbox 2468 3333 2673 3401; x_wconf 63' lang='lat' dir='ltr'><strong>Aprilis</strong></span> <span class='ocrx_word' id='word_1_643' title='bbox 2698 3335 2874 3400; x_wconf 82' lang='lat' dir='ltr'><strong>cadit;</strong></span> <span class='ocrx_word' id='word_1_644' title='bbox 2910 3333 3006 3389; x_wconf 80' lang='lat' dir='ltr'><strong>sed</strong></span> <span class='ocrx_word' id='word_1_645' title='bbox 3048 3334 3194 3389; x_wconf 87' lang='lat' dir='ltr'><strong>obiit</strong></span> <span class='ocrx_word' id='word_1_646' title='bbox 3227 3335 3318 3390; x_wconf 85' lang='lat' dir='ltr'><strong>die</strong></span> <span class='ocrx_word' id='word_1_647' title='bbox 3345 3334 3735 3403; x_wconf 54' lang='lat' dir='ltr'><strong>advesperascat“.</strong></span> 
     </span>
    </p>
   </div>
   <div class='ocr_carea' id='block_1_93' title="bbox 2254 3415 3737 3494">
    <p class='ocr_par' dir='ltr' id='par_1_93' title="bbox 2254 3415 3737 3494">
     <span class='ocr_line' id='line_1_93' title="bbox 2254 3415 3737 3494; baseline -0.003 -17"><span class='ocrx_word' id='word_1_648' title='bbox 2254 3432 2368 3490; x_wconf 88' lang='lat' dir='ltr'><strong>aut,</strong></span> <span class='ocrx_word' id='word_1_649' title='bbox 2405 3432 2465 3479; x_wconf 90' lang='lat' dir='ltr'><strong>ut</strong></span> <span class='ocrx_word' id='word_1_650' title='bbox 2499 3423 2589 3478; x_wconf 89' lang='lat' dir='ltr'><strong>alii</strong></span> <span class='ocrx_word' id='word_1_651' title='bbox 2629 3423 2947 3494; x_wconf 88' lang='lat' dir='ltr'><strong>loquuntur,</strong></span> <span class='ocrx_word' id='word_1_652' title='bbox 2998 3434 3189 3491; x_wconf 89' lang='lat' dir='ltr'><strong>nocte,</strong></span> <span class='ocrx_word' id='word_1_653' title='bbox 3222 3433 3280 3481; x_wconf 92' lang='lat' dir='ltr'><strong>et</strong></span> <span class='ocrx_word' id='word_1_654' title='bbox 3320 3425 3433 3481; x_wconf 90' lang='lat' dir='ltr'><strong>ideo</strong></span> <span class='ocrx_word' id='word_1_655' title='bbox 3481 3434 3569 3476; x_wconf 88' lang='lat' dir='ltr'><strong>tam</strong></span> <span class='ocrx_word' id='word_1_656' title='bbox 3601 3436 3623 3473; x_wconf 86' lang='lat' dir='ltr'><strong>a</strong></span> <span class='ocrx_word' id='word_1_657' title='bbox 3652 3415 3737 3469; x_wconf 67' lang='lat' dir='ltr'><strong>Vile</strong></span> 
     </span>
    </p>
   </div>
   <div class='ocr_carea' id='block_1_94' title="bbox 2254 3507 3737 3588">
    <p class='ocr_par' dir='ltr' id='par_1_94' title="bbox 2254 3507 3737 3588">
     <span class='ocr_line' id='line_1_94' title="bbox 2254 3507 3737 3588; baseline -0.008 -16"><span class='ocrx_word' id='word_1_658' title='bbox 2254 3517 2567 3572; x_wconf 87' lang='lat' dir='ltr'><strong>auctoribus</strong></span> <span class='ocrx_word' id='word_1_659' title='bbox 2615 3534 2778 3588; x_wconf 84' lang='lat' dir='ltr'><strong>quam</strong></span> <span class='ocrx_word' id='word_1_660' title='bbox 2834 3519 2888 3573; x_wconf 90' lang='lat' dir='ltr'><strong>in</strong></span> <span class='ocrx_word' id='word_1_661' title='bbox 2946 3518 3241 3575; x_wconf 89' lang='lat' dir='ltr'><strong>obitnariis</strong></span> <span class='ocrx_word' id='word_1_662' title='bbox 3306 3526 3509 3573; x_wconf 84' lang='lat' dir='ltr'><strong>notatus</strong></span> <span class='ocrx_word' id='word_1_663' title='bbox 3552 3512 3627 3567; x_wconf 90' lang='lat' dir='ltr'><strong>fuit</strong></span> <span class='ocrx_word' id='word_1_664' title='bbox 3663 3507 3737 3563; x_wconf 81' lang='lat' dir='ltr'><strong>dies</strong></span> 
     </span>
    </p>
   </div>
   <div class='ocr_carea' id='block_1_95' title="bbox 2254 3596 3737 3680">
    <p class='ocr_par' dir='ltr' id='par_1_95' title="bbox 2254 3596 3737 3680">
     <span class='ocr_line' id='line_1_95' title="bbox 2254 3596 3737 3680; baseline -0.005 -18"><span class='ocrx_word' id='word_1_665' title='bbox 2254 3622 2314 3662; x_wconf 87' lang='lat' dir='ltr'><strong>nt</strong></span> <span class='ocrx_word' id='word_1_666' title='bbox 2367 3596 2639 3663; x_wconf 82' lang='lat' dir='ltr'><strong>Kalendas</strong></span> <span class='ocrx_word' id='word_1_667' title='bbox 2671 3649 2687 3675; x_wconf 95' lang='lat'><strong>,</strong></span> <span class='ocrx_word' id='word_1_668' title='bbox 2739 3609 2882 3679; x_wconf 86' lang='lat' dir='ltr'><strong>quod</strong></span> <span class='ocrx_word' id='word_1_669' title='bbox 2939 3609 3195 3680; x_wconf 68' lang='lat' dir='ltr'><strong>praedicti</strong></span> <span class='ocrx_word' id='word_1_670' title='bbox 3261 3604 3579 3680; x_wconf 79' lang='lat' dir='ltr'><strong>martyrologi</strong></span> <span class='ocrx_word' id='word_1_671' title='bbox 3625 3598 3737 3655; x_wconf 79' lang='lat' dir='ltr'><strong>secuti</strong></span> 
     </span>
    </p>
   </div>
   <div class='ocr_carea' id='block_1_96' title="bbox 2252 3705 2401 3752">
    <p class='ocr_par' dir='ltr' id='par_1_96' title="bbox 2252 3705 2401 3752">
     <span class='ocr_line' id='line_1_96' title="bbox 2252 3705 2401 3752; baseline -0.02 0"><span class='ocrx_word' id='word_1_672' title='bbox 2252 3705 2401 3752; x_wconf 87' lang='lat' dir='ltr'><strong>sunt.</strong></span> 
     </span>
    </p>
   </div>
   <div class='ocr_carea' id='block_1_97' title="bbox 2325 3780 3737 3867">
    <p class='ocr_par' dir='ltr' id='par_1_97' title="bbox 2325 3780 3737 3867">
     <span class='ocr_line' id='line_1_97' title="bbox 2325 3780 3737 3867; baseline -0.004 -25"><span class='ocrx_word' id='word_1_673' title='bbox 2325 3787 2412 3842; x_wconf 85' lang='grc'><strong>16.</strong></span> <span class='ocrx_word' id='word_1_674' title='bbox 2457 3784 2633 3842; x_wconf 86' lang='lat' dir='ltr'><strong>Vitam</strong></span> <span class='ocrx_word' id='word_1_675' title='bbox 2663 3781 2822 3858; x_wconf 76' lang='lat' dir='ltr'><strong>primi</strong></span> <span class='ocrx_word' id='word_1_676' title='bbox 2848 3787 3408 3867; x_wconf 27' lang='lat' dir='ltr'><strong>scripserunt‘ciloet</strong></span> <span class='ocrx_word' id='word_1_677' title='bbox 3434 3785 3571 3843; x_wconf 81' lang='lat' dir='ltr'><strong>Ezelo</strong></span> <span class='ocrx_word' id='word_1_678' title='bbox 3589 3780 3737 3867; x_wconf 53' lang='lat' dir='ltr'><strong>Cluuiu-</strong></span> 
     </span>
    </p>
   </div>
   <div class='ocr_carea' id='block_1_98' title="bbox 2250 3860 3736 3953">
    <p class='ocr_par' dir='ltr' id='par_1_98' title="bbox 2250 3860 3736 3953">
     <span class='ocr_line' id='line_1_98' title="bbox 2250 3860 3736 3953; baseline -0.003 -20"><span class='ocrx_word' id='word_1_679' title='bbox 2250 3891 2443 3933; x_wconf 85' lang='lat' dir='ltr'><strong>censes</strong></span> <span class='ocrx_word' id='word_1_680' title='bbox 2465 3862 2857 3953; x_wconf 33' lang='lat' dir='ltr'><strong>monachiggti</strong></span> <span class='ocrx_word' id='word_1_681' title='bbox 2878 3860 3494 3943; x_wconf 30' lang='lat' dir='ltr'><strong>tesntattﬂtrbﬁildebertus.</strong></span> <span class='ocrx_word' id='word_1_682' title='bbox 3522 3860 3736 3933; x_wconf 65' lang='grc' dir='ltr'>ιιιῖἶᾶιηι·</span> 
     </span>
    </p>
   </div>
   <div class='ocr_carea' id='block_1_99' title="bbox 2252 3954 3737 4049">
    <p class='ocr_par' dir='ltr' id='par_1_99' title="bbox 2252 3954 3737 4049">
     <span class='ocr_line' id='line_1_99' title="bbox 2252 3954 3737 4049; baseline 0.001 -25"><span class='ocrx_word' id='word_1_683' title='bbox 2252 3954 2657 4027; x_wconf 72' lang='lat' dir='ltr'><strong>memorandus.</strong></span> <span class='ocrx_word' id='word_1_684' title='bbox 2706 3972 2883 4049; x_wconf 69' lang='lat' dir='ltr'><strong>Esau</strong></span> <span class='ocrx_word' id='word_1_685' title='bbox 2921 3975 3133 4049; x_wconf 87' lang='lat' dir='ltr'><strong>uspiam</strong></span> <span class='ocrx_word' id='word_1_686' title='bbox 3173 3978 3385 4048; x_wconf 84' lang='lat' dir='ltr'><strong>integre</strong></span> <span class='ocrx_word' id='word_1_687' title='bbox 3407 3964 3737 4049; x_wconf 44' lang='lat' dir='ltr'><strong>exstet}a</strong></span> 
     </span>
    </p>
   </div>
   <div class='ocr_carea' id='block_1_100' title="bbox 2252 4041 3729 4138">
    <p class='ocr_par' dir='ltr' id='par_1_100' title="bbox 2252 4041 3729 4138">
     <span class='ocr_line' id='line_1_100' title="bbox 2252 4041 3729 4138; baseline -0.002 -18"><span class='ocrx_word' id='word_1_688' title='bbox 2252 4080 2402 4133; x_wconf 88' lang='lat' dir='ltr'><strong>mus;</strong></span> <span class='ocrx_word' id='word_1_689' title='bbox 2455 4041 3729 4138; x_wconf 24' lang='lat' dir='ltr'><strong>compendiumﬂammdwnr.</strong></span> 
     </span>
    </p>
   </div>
   <div class='ocr_carea' id='block_1_101' title="bbox 2208 4145 3738 4223">
    <p class='ocr_par' dir='ltr' id='par_1_101' title="bbox 2208 4145 3738 4223">
     <span class='ocr_line' id='line_1_101' title="bbox 2208 4145 3738 4223; baseline -0.004 -12"><span class='ocrx_word' id='word_1_690' title='bbox 2208 4146 2452 4213; x_wconf 50' lang='lat' dir='ltr'><strong>&quot;hinc.</strong></span> <span class='ocrx_word' id='word_1_691' title='bbox 2474 4157 2710 4211; x_wconf 84' lang='lat' dir='ltr'><strong>coenobii</strong></span> <span class='ocrx_word' id='word_1_692' title='bbox 2742 4158 3073 4214; x_wconf 81' lang='lat' dir='ltr'><strong>Bodecensis</strong></span> <span class='ocrx_word' id='word_1_693' title='bbox 3096 4174 3245 4215; x_wconf 90' lang='lat' dir='ltr'><strong>anno</strong></span> <span class='ocrx_word' id='word_1_694' title='bbox 3292 4158 3443 4223; x_wconf 70' lang='grc'><strong>1640,</strong></span> <span class='ocrx_word' id='word_1_695' title='bbox 3473 4164 3679 4211; x_wconf 73' lang='lat' dir='ltr'><strong>erutum:</strong></span> <span class='ocrx_word' id='word_1_696' title='bbox 3699 4145 3738 4197; x_wconf 73' lang='grc' dir='ltr'><strong>Ρ.</strong></span> 
     </span>
    </p>
   </div>
   <div class='ocr_carea' id='block_1_102' title="bbox 2250 4236 3738 4321">
    <p class='ocr_par' dir='ltr' id='par_1_102' title="bbox 2250 4236 3738 4321">
     <span class='ocr_line' id='line_1_102' title="bbox 2250 4236 3738 4321; baseline -0.003 -18"><span class='ocrx_word' id='word_1_697' title='bbox 2250 4247 2460 4303; x_wconf 70' lang='lat' dir='ltr'><strong>Joanne</strong></span> <span class='ocrx_word' id='word_1_698' title='bbox 2489 4247 2750 4304; x_wconf 69' lang='lat' dir='ltr'><strong>Ganrans.</strong></span> <span class='ocrx_word' id='word_1_699' title='bbox 2780 4248 2893 4304; x_wconf 84' lang='lat' dir='ltr'><strong>Etsi</strong></span> <span class='ocrx_word' id='word_1_700' title='bbox 2921 4251 3066 4305; x_wconf 90' lang='lat' dir='ltr'><strong>enim</strong></span> <span class='ocrx_word' id='word_1_701' title='bbox 3098 4251 3224 4306; x_wconf 87' lang='lat' dir='ltr'><strong>istic</strong></span> <span class='ocrx_word' id='word_1_702' title='bbox 3247 4265 3352 4306; x_wconf 91' lang='lat' dir='ltr'><strong>non</strong></span> <span class='ocrx_word' id='word_1_703' title='bbox 3381 4249 3566 4321; x_wconf 87' lang='lat' dir='ltr'><strong>legatur</strong></span> <span class='ocrx_word' id='word_1_704' title='bbox 3583 4245 3622 4299; x_wconf 93' lang='lat' dir='ltr'><strong>id</strong></span> <span class='ocrx_word' id='word_1_705' title='bbox 3644 4236 3738 4310; x_wconf 68' lang='lat' dir='ltr'><strong>quod</strong></span> 
     </span>
    </p>
   </div>
   <div class='ocr_carea' id='block_1_103' title="bbox 2250 4340 3736 4415">
    <p class='ocr_par' dir='ltr' id='par_1_103' title="bbox 2250 4340 3736 4415">
     <span class='ocr_line' id='line_1_103' title="bbox 2250 4340 3736 4415; baseline -0.003 -19"><span class='ocrx_word' id='word_1_706' title='bbox 2250 4341 2427 4396; x_wconf 90' lang='lat' dir='ltr'><strong>solum</strong></span> <span class='ocrx_word' id='word_1_707' title='bbox 2451 4356 2482 4395; x_wconf 89' lang='lat' dir='ltr'><strong>a</strong></span> <span class='ocrx_word' id='word_1_708' title='bbox 2509 4356 2569 4396; x_wconf 90' lang='lat' dir='ltr'><strong>se</strong></span> <span class='ocrx_word' id='word_1_709' title='bbox 2594 4340 2936 4395; x_wconf 88' lang='lat' dir='ltr'><strong>immutatum</strong></span> <span class='ocrx_word' id='word_1_710' title='bbox 2962 4340 3310 4400; x_wconf 78' lang='lat' dir='ltr'><strong>Hildebertus</strong></span> <span class='ocrx_word' id='word_1_711' title='bbox 3330 4341 3589 4415; x_wconf 73' lang='lat' dir='ltr'><strong>praefatur,</strong></span> <span class='ocrx_word' id='word_1_712' title='bbox 3607 4342 3736 4391; x_wconf 69' lang='lat' dir='ltr'><strong>ueteri</strong></span> 
     </span>
    </p>
   </div>
   <div class='ocr_carea' id='block_1_104' title="bbox 2256 4430 3736 4507">
    <p class='ocr_par' dir='ltr' id='par_1_104' title="bbox 2256 4430 3736 4507">
     <span class='ocr_line' id='line_1_104' title="bbox 2256 4430 3736 4507; baseline -0.007 -19"><span class='ocrx_word' id='word_1_713' title='bbox 2256 4442 2435 4489; x_wconf 89' lang='lat' dir='ltr'><strong>tamen</strong></span> <span class='ocrx_word' id='word_1_714' title='bbox 2468 4434 2556 4488; x_wconf 84' lang='lat' dir='ltr'><strong>his</strong></span> <span class='ocrx_word' id='word_1_715' title='bbox 2578 4433 2764 4488; x_wconf 85' lang='lat' dir='ltr'><strong>verbis</strong></span> <span class='ocrx_word' id='word_1_716' title='bbox 2795 4444 3059 4507; x_wconf 89' lang='lat' dir='ltr'><strong>concepta</strong></span> <span class='ocrx_word' id='word_1_717' title='bbox 3082 4447 3232 4505; x_wconf 89' lang='lat' dir='ltr'><strong>sunt,</strong></span> <span class='ocrx_word' id='word_1_718' title='bbox 3263 4448 3321 4493; x_wconf 91' lang='lat' dir='ltr'><strong>ut</strong></span> <span class='ocrx_word' id='word_1_719' title='bbox 3342 4444 3577 4507; x_wconf 74' lang='lat' dir='ltr'><strong>pateatex</strong></span> <span class='ocrx_word' id='word_1_720' title='bbox 3601 4430 3736 4483; x_wconf 79' lang='lat' dir='ltr'><strong>iisesse</strong></span> 
     </span>
    </p>
   </div>
   <div class='ocr_carea' id='block_1_105' title="bbox 2256 4518 3739 4599">
    <p class='ocr_par' dir='ltr' id='par_1_105' title="bbox 2256 4518 3739 4599">
     <span class='ocr_line' id='line_1_105' title="bbox 2256 4518 3739 4599; baseline -0.005 -18"><span class='ocrx_word' id='word_1_721' title='bbox 2256 4527 2563 4596; x_wconf 86' lang='lat' dir='ltr'><strong>desumpta,</strong></span> <span class='ocrx_word' id='word_1_722' title='bbox 2593 4542 2712 4598; x_wconf 74' lang='lat' dir='ltr'><strong>qua:</strong></span> <span class='ocrx_word' id='word_1_723' title='bbox 2740 4529 2855 4599; x_wconf 86' lang='lat' dir='ltr'><strong>ipsa</strong></span> <span class='ocrx_word' id='word_1_724' title='bbox 2884 4529 2999 4584; x_wconf 88' lang='lat' dir='ltr'><strong>sola</strong></span> <span class='ocrx_word' id='word_1_725' title='bbox 3026 4545 3138 4599; x_wconf 62' lang='lat' dir='ltr'><strong>prae</strong></span> <span class='ocrx_word' id='word_1_726' title='bbox 3183 4531 3356 4587; x_wconf 88' lang='lat' dir='ltr'><strong>oculis</strong></span> <span class='ocrx_word' id='word_1_727' title='bbox 3385 4528 3576 4588; x_wconf 82' lang='lat' dir='ltr'><strong>habuit;</strong></span> <span class='ocrx_word' id='word_1_728' title='bbox 3600 4518 3739 4575; x_wconf 72' lang='lat' dir='ltr'><strong>addens</strong></span> 
     </span>
    </p>
   </div>
   <div class='ocr_carea' id='block_1_106' title="bbox 2256 4608 3738 4692">
    <p class='ocr_par' dir='ltr' id='par_1_106' title="bbox 2256 4608 3738 4692">
     <span class='ocr_line' id='line_1_106' title="bbox 2256 4608 3738 4692; baseline -0.005 -18"><span class='ocrx_word' id='word_1_729' title='bbox 2256 4634 2377 4689; x_wconf 78' lang='lat' dir='ltr'><strong>qua:</strong></span> <span class='ocrx_word' id='word_1_730' title='bbox 2398 4620 2554 4684; x_wconf 89' lang='lat' dir='ltr'><strong>vidit,</strong></span> <span class='ocrx_word' id='word_1_731' title='bbox 2583 4635 2703 4689; x_wconf 67' lang='lat' dir='ltr'><strong>quae</strong></span> <span class='ocrx_word' id='word_1_732' title='bbox 2732 4621 2965 4686; x_wconf 86' lang='lat' dir='ltr'><strong>audivit;</strong></span> <span class='ocrx_word' id='word_1_733' title='bbox 2999 4624 3248 4692; x_wconf 58' lang='lat' dir='ltr'><strong>quaedam</strong></span> <span class='ocrx_word' id='word_1_734' title='bbox 3284 4623 3441 4678; x_wconf 86' lang='lat' dir='ltr'><strong>etiam</strong></span> <span class='ocrx_word' id='word_1_735' title='bbox 3468 4608 3738 4673; x_wconf 80' lang='lat' dir='ltr'><strong>omittens,ob</strong></span> 
     </span>
    </p>
   </div>
   <div class='ocr_carea' id='block_1_107' title="bbox 2253 4702 3735 4787">
    <p class='ocr_par' dir='ltr' id='par_1_107' title="bbox 2253 4702 3735 4787">
     <span class='ocr_line' id='line_1_107' title="bbox 2253 4702 3735 4787; baseline -0.005 -20"><span class='ocrx_word' id='word_1_736' title='bbox 2253 4712 2523 4767; x_wconf 87' lang='lat' dir='ltr'><strong>rationem</strong></span> <span class='ocrx_word' id='word_1_737' title='bbox 2549 4712 2601 4767; x_wconf 92' lang='lat' dir='ltr'><strong>in</strong></span> <span class='ocrx_word' id='word_1_738' title='bbox 2629 4712 2848 4784; x_wconf 85' lang='lat' dir='ltr'><strong>prologo</strong></span> <span class='ocrx_word' id='word_1_739' title='bbox 2868 4717 3197 4785; x_wconf 73' lang='lat' dir='ltr'><strong>expositam,</strong></span> <span class='ocrx_word' id='word_1_740' title='bbox 3217 4731 3442 4787; x_wconf 88' lang='lat' dir='ltr'><strong>quorum</strong></span> <span class='ocrx_word' id='word_1_741' title='bbox 3476 4726 3581 4784; x_wconf 85' lang='lat' dir='ltr'><strong>pars</strong></span> <span class='ocrx_word' id='word_1_742' title='bbox 3597 4719 3683 4763; x_wconf 78' lang='lat' dir='ltr'><strong>cum</strong></span> <span class='ocrx_word' id='word_1_743' title='bbox 3704 4702 3735 4753; x_wconf 75' lang='lat' dir='ltr'><strong>in</strong></span> 
     </span>
    </p>
   </div>
   <div class='ocr_carea' id='block_1_108' title="bbox 2254 4798 3737 4879">
    <p class='ocr_par' dir='ltr' id='par_1_108' title="bbox 2254 4798 3737 4879">
     <span class='ocr_line' id='line_1_108' title="bbox 2254 4798 3737 4879; baseline -0.001 -20"><span class='ocrx_word' id='word_1_744' title='bbox 2254 4804 2399 4859; x_wconf 87' lang='lat' dir='ltr'><strong>dicto</strong></span> <span class='ocrx_word' id='word_1_745' title='bbox 2424 4821 2525 4860; x_wconf 90' lang='lat' dir='ltr'><strong>ms.</strong></span> <span class='ocrx_word' id='word_1_746' title='bbox 2550 4816 2834 4876; x_wconf 89' lang='lat' dir='ltr'><strong>appareat,</strong></span> <span class='ocrx_word' id='word_1_747' title='bbox 2861 4823 3162 4879; x_wconf 88' lang='lat' dir='ltr'><strong>congruum</strong></span> <span class='ocrx_word' id='word_1_748' title='bbox 3192 4810 3443 4863; x_wconf 75' lang='lat' dir='ltr'><strong>duximus</strong></span> <span class='ocrx_word' id='word_1_749' title='bbox 3475 4805 3532 4859; x_wconf 85' lang='lat' dir='ltr'><strong>ad</strong></span> <span class='ocrx_word' id='word_1_750' title='bbox 3556 4798 3737 4867; x_wconf 60' lang='lat' dir='ltr'><strong>majora“</strong></span> 
     </span>
    </p>
   </div>
   <div class='ocr_carea' id='block_1_109' title="bbox 2253 4886 3737 4970">
    <p class='ocr_par' dir='ltr' id='par_1_109' title="bbox 2253 4886 3737 4970">
     <span class='ocr_line' id='line_1_109' title="bbox 2253 4886 3737 4970; baseline -0.005 -17"><span class='ocrx_word' id='word_1_751' title='bbox 2253 4898 2683 4954; x_wconf 79' lang='lat' dir='ltr'><strong>satisfactionem</strong></span> <span class='ocrx_word' id='word_1_752' title='bbox 2727 4900 2950 4956; x_wconf 83' lang='lat' dir='ltr'><strong>lectoris</strong></span> <span class='ocrx_word' id='word_1_753' title='bbox 2997 4904 3224 4967; x_wconf 89' lang='lat' dir='ltr'><strong>curiosi,</strong></span> <span class='ocrx_word' id='word_1_754' title='bbox 3253 4910 3307 4957; x_wconf 91' lang='lat' dir='ltr'><strong>et</strong></span> <span class='ocrx_word' id='word_1_755' title='bbox 3343 4904 3407 4956; x_wconf 92' lang='lat' dir='ltr'><strong>de</strong></span> <span class='ocrx_word' id='word_1_756' title='bbox 3434 4898 3550 4970; x_wconf 89' lang='lat' dir='ltr'><strong>ipsis</strong></span> <span class='ocrx_word' id='word_1_757' title='bbox 3589 4886 3737 4947; x_wconf 51' lang='lat' dir='ltr'><strong>omissis</strong></span> 
     </span>
    </p>
   </div>
   <div class='ocr_carea' id='block_1_110' title="bbox 2250 4982 3735 5061">
    <p class='ocr_par' dir='ltr' id='par_1_110' title="bbox 2250 4982 3735 5061">
     <span class='ocr_line' id='line_1_110' title="bbox 2250 4982 3735 5061; baseline -0.004 -15"><span class='ocrx_word' id='word_1_758' title='bbox 2250 4990 2515 5061; x_wconf 85' lang='lat' dir='ltr'><strong>judicium</strong></span> <span class='ocrx_word' id='word_1_759' title='bbox 2561 4992 2662 5047; x_wconf 90' lang='lat' dir='ltr'><strong>sibi</strong></span> <span class='ocrx_word' id='word_1_760' title='bbox 2716 4992 2946 5048; x_wconf 90' lang='lat' dir='ltr'><strong>liberum</strong></span> <span class='ocrx_word' id='word_1_761' title='bbox 3002 5009 3125 5050; x_wconf 89' lang='lat' dir='ltr'><strong>esse</strong></span> <span class='ocrx_word' id='word_1_762' title='bbox 3168 4994 3417 5056; x_wconf 88' lang='lat' dir='ltr'><strong>volentis,</strong></span> <span class='ocrx_word' id='word_1_763' title='bbox 3463 5005 3551 5044; x_wconf 91' lang='lat' dir='ltr'><strong>non</strong></span> <span class='ocrx_word' id='word_1_764' title='bbox 3588 4982 3735 5053; x_wconf 59' lang='lat' dir='ltr'><strong>quiﬁttu</strong></span> 
     </span>
    </p>
   </div>
   <div class='ocr_carea' id='block_1_111' title="bbox 2251 5074 3734 5156">
    <p class='ocr_par' dir='ltr' id='par_1_111' title="bbox 2251 5074 3734 5156">
     <span class='ocr_line' id='line_1_111' title="bbox 2251 5074 3734 5156; baseline -0.008 -13"><span class='ocrx_word' id='word_1_765' title='bbox 2251 5083 2455 5153; x_wconf 82' lang='lat' dir='ltr'><strong>primo,</strong></span> <span class='ocrx_word' id='word_1_766' title='bbox 2485 5084 2581 5138; x_wconf 91' lang='lat' dir='ltr'><strong>sed</strong></span> <span class='ocrx_word' id='word_1_767' title='bbox 2615 5084 2776 5139; x_wconf 89' lang='lat' dir='ltr'><strong>tertio</strong></span> <span class='ocrx_word' id='word_1_768' title='bbox 2807 5085 2927 5140; x_wconf 89' lang='lat' dir='ltr'><strong>loco</strong></span> <span class='ocrx_word' id='word_1_769' title='bbox 2973 5086 3145 5156; x_wconf 89' lang='lat' dir='ltr'><strong>ipsam</strong></span> <span class='ocrx_word' id='word_1_770' title='bbox 3177 5086 3325 5140; x_wconf 87' lang='lat' dir='ltr'><strong>illam</strong></span> <span class='ocrx_word' id='word_1_771' title='bbox 3375 5085 3605 5155; x_wconf 87' lang='lat' dir='ltr'><strong>epitomen</strong></span> <span class='ocrx_word' id='word_1_772' title='bbox 3634 5074 3734 5131; x_wconf 66' lang='lat' dir='ltr'><strong>dare.</strong></span> 
     </span>
    </p>
   </div>
   <div class='ocr_carea' id='block_1_112' title="bbox 2252 5167 3734 5259">
    <p class='ocr_par' dir='ltr' id='par_1_112' title="bbox 2252 5167 3734 5259">
     <span class='ocr_line' id='line_1_112' title="bbox 2252 5167 3734 5259; baseline -0.006 -30"><span class='ocrx_word' id='word_1_773' title='bbox 2252 5175 2549 5245; x_wconf 66' lang='lat' dir='ltr'><strong>praemissis</strong></span> <span class='ocrx_word' id='word_1_774' title='bbox 2599 5185 2659 5230; x_wconf 89' lang='lat' dir='ltr'><strong>ut</strong></span> <span class='ocrx_word' id='word_1_775' title='bbox 2682 5176 3036 5246; x_wconf 86' lang='lat' dir='ltr'><strong>dignioribus</strong></span> <span class='ocrx_word' id='word_1_776' title='bbox 3078 5178 3193 5248; x_wconf 87' lang='lat' dir='ltr'><strong>jam</strong></span> <span class='ocrx_word' id='word_1_777' title='bbox 3239 5179 3365 5233; x_wconf 88' lang='lat' dir='ltr'><strong>dicti</strong></span> <span class='ocrx_word' id='word_1_778' title='bbox 3416 5167 3734 5259; x_wconf 40' lang='lat' dir='ltr'><strong>llildebertiLti</strong></span> 
     </span>
    </p>
   </div>
   <div class='ocr_carea' id='block_1_113' title="bbox 2253 5252 3732 5338">
    <p class='ocr_par' dir='ltr' id='par_1_113' title="bbox 2253 5252 3732 5338">
     <span class='ocr_line' id='line_1_113' title="bbox 2253 5252 3732 5338; baseline -0.022 3"><span class='ocrx_word' id='word_1_779' title='bbox 2253 5266 2517 5338; x_wconf 65' lang='lat' dir='ltr'><strong>Rayualdi</strong></span> <span class='ocrx_word' id='word_1_780' title='bbox 2566 5283 2720 5338; x_wconf 63' lang='lat' dir='ltr'><strong>alque</strong></span> <span class='ocrx_word' id='word_1_781' title='bbox 2772 5271 3099 5325; x_wconf 87' lang='lat' dir='ltr'><strong>venerandis</strong></span> <span class='ocrx_word' id='word_1_782' title='bbox 3167 5266 3610 5325; x_wconf 84' lang='lat' dir='ltr'><strong>lucubrationibus.</strong></span> <span class='ocrx_word' id='word_1_783' title='bbox 3654 5252 3732 5307; x_wconf 71' lang='lat' dir='ltr'><strong>Fuit</strong></span> 
     </span>
    </p>
   </div>
   <div class='ocr_carea' id='block_1_114' title="bbox 2257 5342 3732 5435">
    <p class='ocr_par' dir='ltr' id='par_1_114' title="bbox 2257 5342 3732 5435">
     <span class='ocr_line' id='line_1_114' title="bbox 2257 5342 3732 5435; baseline -0.01 -19"><span class='ocrx_word' id='word_1_784' title='bbox 2257 5373 2440 5418; x_wconf 90' lang='lat' dir='ltr'><strong>autem</strong></span> <span class='ocrx_word' id='word_1_785' title='bbox 2474 5364 2820 5420; x_wconf 90' lang='lat' dir='ltr'><strong>Hildebertus</strong></span> <span class='ocrx_word' id='word_1_786' title='bbox 2864 5365 2915 5435; x_wconf 90' lang='lat' dir='ltr'><strong>(a</strong></span> <span class='ocrx_word' id='word_1_787' title='bbox 2942 5364 3098 5433; x_wconf 88' lang='lat' dir='ltr'><strong>cujus</strong></span> <span class='ocrx_word' id='word_1_788' title='bbox 3126 5367 3289 5420; x_wconf 88' lang='lat' dir='ltr'><strong>etiam</strong></span> <span class='ocrx_word' id='word_1_789' title='bbox 3320 5362 3451 5435; x_wconf 81' lang='lat' dir='ltr'><strong>stylo</strong></span> <span class='ocrx_word' id='word_1_790' title='bbox 3493 5356 3678 5413; x_wconf 76' lang='lat' dir='ltr'><strong>dedimus</strong></span> <span class='ocrx_word' id='word_1_791' title='bbox 3711 5342 3732 5393; x_wconf 73' lang='lat'><strong>3</strong></span> 
     </span>
    </p>
   </div>
   <div class='ocr_carea' id='block_1_115' title="bbox 2254 5453 3730 5539">
    <p class='ocr_par' dir='ltr' id='par_1_115' title="bbox 2254 5453 3730 5539">
     <span class='ocr_line' id='line_1_115' title="bbox 2254 5453 3730 5539; baseline -0.001 -29"><span class='ocrx_word' id='word_1_792' title='bbox 2254 5457 2458 5527; x_wconf 86' lang='lat' dir='ltr'><strong>Aprilis</strong></span> <span class='ocrx_word' id='word_1_793' title='bbox 2485 5458 2660 5513; x_wconf 81' lang='lat' dir='ltr'><strong>Vitam</strong></span> <span class='ocrx_word' id='word_1_794' title='bbox 2711 5458 2770 5515; x_wconf 91' lang='lat' dir='ltr'><strong>S.</strong></span> <span class='ocrx_word' id='word_1_795' title='bbox 2814 5459 2995 5516; x_wconf 68' lang='lat' dir='ltr'><strong>Maris:</strong></span> <span class='ocrx_word' id='word_1_796' title='bbox 3022 5461 3359 5533; x_wconf 63' lang='lat' dir='ltr'><strong>Egyptiaeaa</strong></span> <span class='ocrx_word' id='word_1_797' title='bbox 3405 5453 3730 5539; x_wconf 79' lang='lat' dir='ltr'><strong>metrica</strong></span> 
     </span>
    </p>
   </div>
   <div class='ocr_carea' id='block_1_116' title="bbox 2253 5533 3728 5625">
    <p class='ocr_par' dir='ltr' id='par_1_116' title="bbox 2253 5533 3728 5625">
     <span class='ocr_line' id='line_1_116' title="bbox 2253 5533 3728 5625; baseline -0.009 -22"><span class='ocrx_word' id='word_1_798' title='bbox 2253 5550 2439 5621; x_wconf 90' lang='lat' dir='ltr'><strong>phrasi</strong></span> <span class='ocrx_word' id='word_1_799' title='bbox 2470 5551 2814 5622; x_wconf 81' lang='lat' dir='ltr'><strong>exornatam)</strong></span> <span class='ocrx_word' id='word_1_800' title='bbox 2849 5565 2916 5605; x_wconf 78' lang='lat' dir='ltr'><strong>ex</strong></span> <span class='ocrx_word' id='word_1_801' title='bbox 2962 5552 3132 5621; x_wconf 89' lang='lat' dir='ltr'><strong>ipsius</strong></span> <span class='ocrx_word' id='word_1_802' title='bbox 3180 5547 3493 5619; x_wconf 81' lang='lat' dir='ltr'><strong>S.&#39;Hugonis</strong></span> <span class='ocrx_word' id='word_1_803' title='bbox 3530 5533 3728 5625; x_wconf 39' lang='lat' dir='ltr'><strong>disciplin?</strong></span> 
     </span>
    </p>
   </div>
   <div class='ocr_carea' id='block_1_117' title="bbox 2253 5634 3727 5724">
    <p class='ocr_par' dir='ltr' id='par_1_117' title="bbox 2253 5634 3727 5724">
     <span class='ocr_line' id='line_1_117' title="bbox 2253 5634 3727 5724; baseline -0.011 -25"><span class='ocrx_word' id='word_1_804' title='bbox 2253 5653 2310 5699; x_wconf 87' lang='lat' dir='ltr'><strong>et</strong></span> <span class='ocrx_word' id='word_1_805' title='bbox 2338 5644 2695 5710; x_wconf 88' lang='lat' dir='ltr'><strong>monasterio,</strong></span> <span class='ocrx_word' id='word_1_806' title='bbox 2720 5645 2785 5698; x_wconf 90' lang='lat' dir='ltr'><strong>ad</strong></span> <span class='ocrx_word' id='word_1_807' title='bbox 2813 5644 3124 5699; x_wconf 83' lang='lat' dir='ltr'><strong>scholarum</strong></span> <span class='ocrx_word' id='word_1_808' title='bbox 3158 5634 3604 5699; x_wconf 83' lang='lat' dir='ltr'><strong>Cenomanensium</strong></span> 
     </span>
    </p>
   </div>
   <div class='ocr_carea' id='block_1_118' title="bbox 2256 5723 3725 5806">
    <p class='ocr_par' dir='ltr' id='par_1_118' title="bbox 2256 5723 3725 5806">
     <span class='ocr_line' id='line_1_118' title="bbox 2256 5723 3725 5806; baseline -0.012 -16"><span class='ocrx_word' id='word_1_809' title='bbox 2256 5751 2381 5791; x_wconf 89' lang='lat' dir='ltr'><strong>men</strong></span> <span class='ocrx_word' id='word_1_810' title='bbox 2414 5744 2718 5806; x_wconf 87' lang='lat' dir='ltr'><strong>promotus,</strong></span> <span class='ocrx_word' id='word_1_811' title='bbox 2751 5744 2862 5789; x_wconf 89' lang='lat' dir='ltr'><strong>tum</strong></span> <span class='ocrx_word' id='word_1_812' title='bbox 2898 5735 3309 5791; x_wconf 87' lang='lat' dir='ltr'><strong>archidiaconus</strong></span> <span class='ocrx_word' id='word_1_813' title='bbox 3333 5727 3506 5788; x_wconf 83' lang='lat' dir='ltr'><strong>deinde</strong></span> <span class='ocrx_word' id='word_1_814' title='bbox 3522 5723 3725 5788; x_wconf 60' lang='lat' dir='ltr'><strong>etrpts‘w&#39;</strong></span> 
     </span>
    </p>
   </div>
  </div>
