3928 6298
128 357 229 417 857

1655 356 1840 415 VlTA.’

3289 364 3414 420 858“

124 491 223 544 ptts
258 473 451 537 factus,
482 489 624 530 anno
651 473 812 540 1097,
839 484 894 530 et
940 472 1228 545 scripsisse
1280 473 1496 528 videtur
1554 471 1705 529 circa
1733 478 1782 534 Α
1810 465 2207 542 Lugdunensis,
2259 482 2423 546 atque
2470 449 2680 530 annum.
2733 488 2900 529 unum
2949 472 3002 528 in
3034 488 3097 530 ea
3134 474 3395 546 dignitate

121 583 320 621 annum
351 568 506 630 lll5,
540 578 729 636 postea
756 583 900 623 anno
924 567 1062 622 1125
1077 576 1298 623 evectus
1327 566 1394 620 ad
1437 564 1708 634 archiepi-

120 665 398 726 scopatum
431 658 825 715 Turonensem.
859 657 945 714 Ab
974 658 1076 712 hoc
1121 657 1380 728 scriptam
1418 655 1598 711 Vitam
1646 654 1707 710 S.

119 747 359 819 llugonis
384 763 452 804 ex
499 749 774 805 Sirmondi
813 749 984 804 nostri
1025 747 1375 804 collectaneis
1419 761 1521 802 ms.
1553 759 1710 802 acce-

117 839 315 908 pimus,
347 849 401 894 et
431 856 554 894 cum
587 841 748 896 editis
794 840 847 894 in
881 838 1025 895 Surii
1061 840 1385 896 collectione
1415 855 1479 894 ac
1509 838 1708 893 Biblio-

116 930 270 985 theca
303 930 646 986 Cluniacensi
677 931 1028 987 contulimus.
1056 931 1298 986 Alteram
1315 930 1706 998 Vilam,‘quam

114 1019 310 1074 damus
338 1034 407 1074 ex
449 1035 554 1075 ms.
578 1021 766 1076 codice
791 1021 1154 1077 serenissima!
1179 1020 1473 1076 Christina:
1505 1019 1708 1090 reginae

113 1109 326 1166 Sueciaa
357 1118 412 1166 et
435 1110 544 1166 alio
571 1111 740 1167 nostri
765 1111 977 1182 collegii
1008 1111 1270 1177 Duaceni,
1319 1111 1488 1166 multa
1534 1110 1707 1180 expli-

110 1209 325 1254 cantem
355 1215 476 1269 qua:
516 1202 668 1272 prior
713 1217 820 1257 non
859 1203 1060 1274 attigit,
1097 1204 1344 1272 quaedam
1376 1202 1535 1258 abiis
1559 1203 1704 1258 dicta

111 1293 458 1359 reticentem,
491 1295 797 1363 composuit
831 1295 1141 1368 Raynaldus
1163 1295 1276 1364 jam
1307 1305 1436 1352 ante
1463 1295 1705 1351 nomina-

111 1391 216 1444 tus,
247 1397 354 1437 non
390 1382 580 1450 frater,
617 1393 679 1439 ut
728 1384 974 1441 scribunt
1023 1386 1451 1454 Sammarthani,
1485 1387 1578 1442 sed
1602 1386 1703 1456 (uti

109 1473 286 1543 liquet
307 1489 372 1530 ex
405 1476 664 1533 venerab.
693 1476 857 1532 Petro
885 1471 1250 1543 Cluniacensi,
1285 1479 1379 1533 lib.
1410 1495 1506 1544 ιιι,
1539 1481 1699 1551 epist.

107 1564 159 1627 2,
185 1575 243 1620 et
270 1567 492 1636 propria
532 1567 676 1623 illius
704 1569 1026 1641 assertione)
1057 1586 1227 1642 nepos
1271 1571 1441 1642 ipsius
1495 1570 1554 1626 S.
1592 1571 1702 1627 Hu-

105 1658 296 1728 gonis;
348 1657 748 1716 Vezeliacensis
785 1661 977 1728 abbas,
1021 1662 1076 1717 in
1105 1663 1327 1718 dioecesi
1357 1663 1703 1728 Augustodu-

105 1749 261 1803 ucusi
297 1749 411 1820 (ubi
455 1751 602 1806 enim
651 1754 1093 1810 sanctimoniales
1123 1754 1362 1824 fuerant)
1388 1770 1534 1811 anno
1561 1755 1699 1813 1108

1814 567 2025 634 vivens,
2052 566 2295 624 Cluniaci
2338 569 2582 639 sepultus
2634 576 2721 625 est
2784 568 2885 624 sub
2940 569 3044 624 hoc
3072 568 3348 639 epitapbio
3381 585 3400 625 :.

1816 656 1919 710 Hic
1962 660 2235 728 requiescit
2282 658 2614 730 Raynaldus,
2651 659 2916 730 quondam
2961 661 3124 714 abbas
3166 671 3212 714 et
3245 678 3397 731 repa-
3431 671 3433 674 '

1811 735 1959 803 rator
1985 749 2383 818 Vizeliacensis,
2418 763 2464 807 et
2502 761 2684 823 postea
2727 753 3149 822 archiepiscopus
3187 751 3400 824 Lugdu-

1810 843 2005 897 mensis.

1881 932 1969 985 17.
2012 929 2166 1002 Hugo
2228 931 2395 987 etiam
2453 932 2756 988 monachus
2812 932 3208 1000 Cluniacensis,
3272 942 3399 1003 post
3425 1000 3432 1012 ι,

1808 1023 1984 1080 sancti
2035 1033 2264 1080 mortem
2317 1039 2348 1080 a
2393 1025 2586 1081 Pontio
2632 1041 2946 1083 successore
2991 1033 3274 1098 susceptus
3326 1027 3396 1080 ad

1807 1115 2075 1181 ordinem,
2100 1117 2276 1188 primo
2301 1117 2368 1172 ad
2399 1117 2559 1172 istum
2591 1131 2748 1174 suum
2774 1117 3022 1172 abbatem
3047 1123 3168 1187 po.-t
3196 1132 3399 1170 annum
3425 1119 3428 1122 ’

1807 1203 1948 1259 1120
1988 1204 2272 1275 epistolam
2307 1205 2544 1274 scripsit,
2597 1204 2685 1259 cui
2739 1203 2906 1258 multa
2945 1205 3013 1259 de
3061 1206 3119 1258 S.
3175 1203 3399 1274 Hugone

1809 1292 2062 1361 inseruit,
2093 1295 2273 1349 danda
2301 1309 2370 1350 ex
2421 1294 2753 1350 Bibliotheca
2805 1293 3169 1360 Cluniacensi,
3223 1295 3430 1364 primo'

1807 1385 1928 1441 loco
1955 1386 2098 1442 inter
2125 1385 2410 1451 Analecta,
2444 1387 2496 1440 in
2528 1401 2634 1456 qua
2664 1386 2829 1442 etiam
2861 1386 2972 1456 agit
3009 1387 3075 1441 de
3113 1386 3401 1440 canoniza-
3432 1397 3434 1402 '

1809 1477 1955 1532 tione
1985 1474 2042 1532 S.
2076 1474 2314 1546 Hugonis
2341 1476 2486 1532 facta
2516 1477 2764 1533 Cluniaci
2791 1491 2888 1548 per
2913 1475 3201 1532 Callixtum
3231 1469 3273 1532 ll
3307 1491 3397 1546 pa-

1806 1583 1953 1640 pam,
1979 1568 2244 1640 suppletis
2289 1570 2537 1640 quaedam
2569 1570 2636 1625 ab
2672 1570 2793 1624 aliis
2814 1569 3034 1624 omissa.
3053 1569 3261 1636 Quibus
3289 1585 3400 1624 non

1807 1661 2049 1714 contenti
2077 1659 2467 1715 Cluniacenses
2489 1668 2783 1731 coegerunt
2800 1675 2922 1717 eum
2943 1660 3207 1729 integram
3221 1651 3409 1714 Vitam

1806 1750 2069 1816 scribere,
2083 1764 2202 1820 quae
2217 1751 2381 1805 etiam
2401 1751 2514 1820 ipsa
2529 1759 2752 1820 propter
2764 1749 3144 1820 antiquitatem
3169 1751 3401 1820 scripto-

105 1843 436 1898 constitutus
467 1844 742 1914 praefatus,
771 1835 918 1916 quod
957 1847 1003 1902 si
1042 1847 1184 1902 forte
1221 1847 1433 1904 altioris
1473 1847 1702 1918 alicujus
1735 1842 1778 1902 Β
1809 1840 1886 1896 ris
1937 1839 2056 1896 dari
2095 1840 2429 1905 merebatur.
2479 1839 2583 1895 nisi
2616 1841 2750 1896 salis
2779 1850 2925 1896 esset
2956 1842 3009 1895 in
3061 1831 3404 1919 Bibliotheca

102 1934 311 2006 ingenii
359 1937 459 1993 viri
503 1938 743 1993 studium
780 1939 832 1993 in
880 1939 985 1994 hoc
1027 1955 1192 2011 opere
1230 1950 1390 1996 antea
1422 1944 1702 1999 desudarit

105 2029 218 2099 (bis
235 2039 424 2085 autem
450 2027 638 2086 verbis
654 2031 869 2087 viiletur
885 2031 1182 2089 Hildeberti
1206 2034 1468 2104 scriptum
1487 2036 1696 2104 inuere,

101 2122 251 2192 quod
287 2121 353 2176 ad
380 2136 508 2176 suas
531 2136 723 2178 manus
748 2137 854 2176 non
879 2123 1214 2193 pervenerit)
1250 2122 1395 2179 illius
1417 2139 1552 2193 Opus
1588 2143 1701 2182 ma-

98 2213 288 2284 jorum
318 2223 482 2283 atque
507 2214 836 2284 sapientium
881 2216 1124 2271 virorum
1163 2216 1500 2272 excellentiae
1538 2218 1702 2273 relin-

101 2307 403 2375 quendum,
435 2321 594 2361 suum
633 2322 763 2362 vero
793 2308 1062 2362 minorum
1103 2317 1270 2380 atque
1321 2309 1506 2364 minus
1537 2324 1700 2378 capa-

101 2397 250 2450 cium
309 2397 491 2450 studio
551 2395 956 2452 attribuendum
1007 2406 1178 2467 putet.
1251 2396 1440 2452 Nullos
1513 2405 1698 2452 autem

101 2488 319 2557 priores
361 2502 422 2542 se
468 2496 694 2544 auctore
739 2487 891 2551 citat,
936 2497 1122 2558 utpote
1172 2489 1276 2546 hoc
1315 2500 1698 2558 argumentum

103 2589 348 2633 tractans
405 2578 552 2634 sicut
602 2577 801 2648 partim
840 2579 973 2646 vidi,
1022 2579 1200 2650 inquit
1253 2580 1308 2635 in
1337 2579 1465 2647 fine,
1501 2581 1700 2648 partim

101 2669 372 2724 relatione
421 2670 782 2740 probabilium
838 2672 1082 2726 virorum
1136 2671 1342 2734 didici,
1401 2686 1523 2741 qua:
1570 2686 1700 2726 vero

100 2774 268 2828 prosa
325 2759 660 2828 scripserat,
713 2761 904 2822 eodem
955 2770 1131 2816 metro
1181 2761 1578 2832 perstringens,
1619 2761 1701 2817 sic

97 2847 378 2902 Concludit
406 2866 422 2903 ε

203 2933 365 2999 Ha’c,
405 2934 564 2991 Pater
588 2937 765 3009 Hugo,
809 2941 887 2992 lui
917 2938 1182 3010 Ragnaldi
1220 2941 1362 2995 dicta
1390 2943 1592 3012 nepotis

283 3025 522 3099 Suscipe,
555 3047 754 3102 quwso,
788 3034 892 3101 pie,
929 3049 1109 3103 meque
1142 3043 1306 3102 tuere,
1339 3032 1520 3090 Pater.
1637 3029 1639 3031 ’

99 3119 165 3174 Ει
191 3121 459 3191 quoniam
516 3132 628 3178 tum
672 3123 778 3178 alia
803 3124 1076 3194 quaedam,
1109 3132 1218 3179 tum
1253 3134 1463 3194 tempus
1508 3125 1702 3182 mortis

97 3223 264 3282 atque
294 3212 576 3284 regiminis
602 3213 690 3270 hic
733 3215 1043 3286 expressius
1073 3213 1490 3281 confirmantur,
1526 3224 1582 3270 et
1609 3231 1698 3272 res

97 3303 288 3358 brevis
326 3311 429 3367 est,
461 3318 563 3358 nec
594 3302 723 3359 alibi
767 3305 978 3375 uspiam
1017 3313 1218 3371 exstat,
1270 3304 1478 3376 placuit
1525 3295 1697 3362 etiam

97 3400 245 3453 hanc
268 3413 338 3453 ex
368 3399 557 3454 eodem
584 3400 786 3470 reginre
817 3401 1156 3456 ms.addere.
1183 3401 1494 3474 Rayualdus
1515 3412 1697 3460 autem

96 3488 267 3542 etiam
320 3487 437 3558 ipse
475 3504 618 3544 anno
682 3489 820 3546 “28
868 3488 1050 3546 factus
1115 3501 1199 3548 est
1253 3494 1696 3565 archiepiscopus

1803 1934 2174 2000 Cluniacensi,
2219 1942 2277 1989 et
2321 1949 2388 1989 ex
2438 1932 2544 1988 hac
2573 1933 2626 1987 in
2663 1941 2936 2004 postrema
2987 1932 3133 1988 Surii
3163 1933 3449 1990 editione"

1802 2032 2043 2080 exstare.
2077 2022 2267 2093 Itaque
2309 2038 2374 2079 ea
2431 2031 2640 2077 tantum
2670 2030 2888 2078 utemu’r
2917 2023 2982 2078 ad
3023 2022 3407 2078 illustrandam'

1803 2111 1983 2168 Vitam
2009 2113 2264 2184 primam,
2295 2129 2416 2184 qua:
2445 2115 2628 2170 autem
2650 2113 2940 2184 singularia
2971 2115 3170 2171 ibidem
3189 2116 3394 2170 haben-

1804 2213 1893 2260 tur
1916 2207 2300 2262 Analectorum
2329 2215 2494 2276 caput
2525 2207 2562 2261 2
2590 2206 2945 2264 constituent.
2976 2206 3219 2277 Denique
3249 2222 3385 2262 ano-

1803 2313 1998 2371 nymus
2027 2299 2246 2368 qttidam
2290 2298 2609 2353 notabiliora
2639 2299 2883 2369 quaedam
2925 2307 3147 2370 puncta,
3187 2299 3264 2355 B.’
3285 2297 3404 2355 Hu-'

1802 2389 1961 2459 gonis
1993 2389 2234 2460 regimen
2286 2389 2740 2459 sanctitatemque
2770 2390 3155 2445 concernentia
3195 2392 3401 2446 descri-

1803 2479 1932 2550 psit,
1979 2494 2210 2549 quorum
2260 2494 2390 2549 pars
2442 2479 2495 2534 iu
2528 2481 2822 2551 praecitatis
2853 2480 2987 2537 Vitis
3043 2480 3256 2552 integre
3303 2482 3401 2537 de-

1804 2569 2009 2637 scripta
2038 2577 2241 2635 exstat,
2290 2569 2395 2624 nisi
2453 2570 2582 2626 hinc
2621 2570 2674 2625 in
2721 2569 2842 2626 illas
2885 2569 3203 2626 translatam
3242 2572 3404 2628 malis

1802 2661 2068 2728 credere;
2125 2676 2254 2732 pars
2306 2661 2696 2718 Analectorum
2757 2671 2921 2734 caput
2975 2663 3010 2717 5
3073 2663 3400 2734 implebunt.

1803 2751 2048 2823 Hymnus
2074 2767 2235 2822 quem
2267 2752 2320 2806 in
2357 2752 2574 2808 laudem
2612 2753 2670 2809 S.
2703 2753 2949 2825 Hugonis
2991 2755 3213 2826 scripsit
3236 2769 3432 2811 vene»

1805 2841 1990 2897 rabilis
2037 2840 2270 2905 Petrus,
2319 2850 2440 2912 post
2487 2842 2734 2897 Pontium
2787 2845 2955 2900 abbas
3003 2843 3401 2911 Cluniaeensis,

1803 2939 1983 2987 exstat
2001 2930 2142 2984 inter
2169 2929 2311 2985 illius
2335 2946 2498 3002 opera
2523 2931 2575 2986 in
2607 2932 2884 3002 praccitata
2907 2931 3262 2999 Bibliotheca,
3291 2933 3400 2990 col.

1805 3022 1931 3090 l55,
1983 3021 2221 3091 scriptus
2266 3037 2366 3093 per
2409 3025 2628 3079 modum
2678 3024 2996 3094 sequentia},
3049 3035 3103 3081 et
3155 3039 3400 3081 summa-

1807 3113 1949 3168 rium
1982 3111 2118 3168 Vitte
2140 3112 2544 3184 complectens;
2577 3113 2887 3169 testimonia
2931 3114 3099 3170 etiam
3141 3115 3402 3188 antiquo-t
3453 3149 3462 3165 η

1730 3184 1772 3241 C
1806 3222 1926 3261 rum
1955 3207 2023 3261 de
2059 3207 2250 3262 eodem
2295 3217 2488 3262 sancto
2529 3205 2752 3262 collecta
2801 3206 3013 3263 videbis
3058 3207 3162 3264 col.
3191 3184 3297 3264 ιϐέ
3342 3216 3400 3265 et

1804 3298 2196 3369 sequentibus;
2237 3314 2359 3370 qua:
2411 3300 2517 3354 huc
2550 3297 2918 3355 transcribere
2963 3311 3145 3372 Operae
3165 3299 3400 3373 pretium

1803 3404 1913 3444 non
1940 3388 2246 3445 videbatur.
3141 3407 3144 3414 τ
3397 3389 3402 3395 ’

114 3622 3388 3664 .—__._.______________________________________,

703 4323 975 4380 PROLOG
990 4323 1099 4380 US.

1807 4322 2000 4381 Pontio
2051 4323 2149 4396 (l),
2185 4323 2552 4390 Hildebertus,
2597 4323 2936 4394 professione
2989 4327 3246 4386 sace'dos
3291 4330 3392 4404 (‘2),

158 4417 267 4474 Dei
305 4415 476 4486 gratia
503 4417 799 4474 venerabili
839 4428 1002 4488 atque
1031 4417 1487 4472 reverendissimo
1514 4417 1696 4472 abbati
1726 4448 1776 4508 υ
1803 4418 1911 4472 vita
1939 4426 2215 4488 peccator,
2241 4431 2394 4488 spem
2424 4417 2649 4489 adipisci
2681 4433 3048 4478 communem.
3076 4421 3390 4495 Congruum

158 4531 245 4600 (1)
290 4528 1218 4652 Βρηιὶμίιὴωω-Μηξξιεπὶρ.
1252 4529 1310 4598 S_-
1345 4529 1534 4600 .Pontii
1557 4529 1734 4602 .3797.

158 4603 397 4652 ariarum
412 4599 452 4652 Ο
478 4617 726 4652 lllllaculn
745 4611 1140 4652 transgressus.
1161 4595 1550 4652 monasterium
1573 4617 1693 4652 Clllll

82 4595 270 4657 meri'a
279 4595 726 4656 ﬂammma
745 4595 1146 4666 transgressus,
1161 4595 1493 4655 ni'onaStet'itt
1504 4597 1560 4653 ιη’
1573 4596 1693 4655 cum

82 4618 397 4657 mertarum
412 4618 726 4656 btuntacutn
745 4618 895 4655 trans
937 4618 1140 4666 ressus,
1161 4618 1550 4655 monaswrtutn
1573 4618 1693 4655 cum

140 4618 1546 4752 ,

907 4735 1028 4805 ira;
1033 4735 1274 4807 statim:
1281 4739 1536 4811 Ϊὲὲξῆδῖξῖίῖξ
1545 4760 1573 4794 τι
1585 4751 1640 4811 ιιι,
1648 4737 1692 4811 ᾗ

78 4807 1161 4884 DCWWDltmtimwm
1183 4807 1560 4884 _.a.d.vet~s‘u's‘sg
1591 4807 1722 4884 gttifj

76 4877 998 4952 scemmﬁﬁ‘mmeatﬁms
1003 4899 1122 4950 “non
1131 4892 1508 4952 proruperant
1524 4877 1691 4948 foras,

74 4943 1236 5028 mmmimanta-rngmafistavi
1271 4943 1457 5028 neua,-
1478 4943 1694 5028 er‘liiﬁet

73 5027 268 5094 ἐξεφ,
319 5021 627 5094 ἱιιιρρῐηιγῑι
683 5021 1026 5094 {amentiae
1057 5021 1490 5094 Hierosolymam
1537 5022 1692 5094 abiit,

75 5093 378 5149 Sul'ﬁcitur
407 5095 455 5149 ei
490 5093 642 5164 llum
683 5093 1084 5164 Marciacensis.
1109 5093 1471 5164 nri0r3,7alius
1498 5093 1566 5147 ab
1597 5108 1695 5146 au-

72 5174 241 5219 ctore
270 5163 715 5232 postremic'Vitie
741 5163 850 5234 (hic
891 5165 1034 5220 enim
1064 5181 1092 5218 a
1119 5163 1316 5219 Pontio
1345 5165 1411 5218 ad
1444 5164 1692 5218 ordinem

72 5236 368 5289 admissus
394 5236 593 5306 fuerat,
625 5237 780 5291 istius
801 5250 930 5290 vero
959 5235 1116 5306 longa
1158 5237 1209 5289 in
1241 5243 1432 5290 sancta
1456 5248 1694 5289 conver-

73 5307 308 5379 satione
336 5306 468 5379 vi_ta_
495 5305 768 5379 laudatur)
798 5321 906 5379 quo
940 5305 1080 5379 intra
1111 5306 1308 5379 breve
1327 5315 1703 5379 __lempti§__§x_:_

73 5321 308 5359 satione
336 5321 443 5359 vua
495 5321 768 5375 tauuatur)
839 5322 906 5358 llo
940 5321 1080 5372 Intra
1136 5321 1295 5373 breve
1346 5321 1554 5373 tempus
1589 5321 1689 5358 ex-

70 5378 315 5448 stitﬂo,
351 5376 568 5448 eligitur
597 5321 1308 5448 Petrusa’reggmbﬂjsfex'
1327 5377 1468 5445 "quo,
1639 5371 1690 5429 ’Ῐί

64 5442 928 5511 Μ-ῘῖὶιῖππτπῇπΡόιιίῖίὛίῐςῖῆῖ
953 5449 1242 5509 scribente,
1272 5442 1531 5500 habemus
1561 5444 1689 5499 Hie-

69 5516 384 5586 rosolymis
412 5533 691 5571 reversum
735 5527 951 5587 captata
981 5518 1268 5572 occasione
1303 5516 1568 5571 invasisse
1598 5531 1690 5568 ar-

70 5597 238 5642 mata
271 5603 434 5640 manu
485 5587 823 5648 Cluuiacum,
858 5589 1042 5658 itaque
1087 5589 1263 5658 egisse
1310 5597 1368 5641 ut
1429 5597 1687 5656 tanquam

70 5660 477 5712 schismaticus
532 5657 990 5713 excommunicari
1045 5657 1307 5713 meruerit
1357 5672 1481 5712 cum
1551 5657 1686 5722 suis,

71 5730 326 5784 Romam
411 5737 589 5782 tamen
664 5731 729 5782 ad
819 5745 1038 5783 causam
1112 5729 1395 5784 dicendam
1489 5741 1687 5782 evoca-

70 5811 173 5855 tus
207 5798 304 5864 sit,
330 5808 383 5855 et
427 5808 549 5869 post
577 5798 742 5855 latam
790 5800 1118 5856 sententiam
1177 5799 1546 5871 impozuitens,
1595 5798 1702 5853 ibi"

1802 4532 1924 4602 dem
1955 4544 2079 4586 mox
2111 4531 2225 4602 sub
2245 4528 2484 4584 Honorio
2530 4546 2669 4602 papa
2721 4531 2762 4588 ll
2805 4535 3004 4590 obierit
3033 4549 3178 4591 anno
3226 4535 3386 4590 “25.

1802 4595 2081 4670 Indignum
2113 4601 2341 4671 proinde
2363 4609 2446 4656 est
2468 4595 2618 4672 quod
2642 4604 2688 4657 is
2709 4619 2758 4672 Wa
2792 4603 2990 4660 Wione
3018 4606 3194 4660 Fastis
3224 4605 3397 4661 Bene-

1799 4673 2021 4728 dictinis
2082 4673 2389 4727 ascribatur
2449 4671 2516 4727 ad
2573 4674 2643 4728 29
2696 4671 2980 4740 Januarii,
3037 4691 3160 4730 cum
3225 4676 3389 4731 titulo

1799 4744 1994 4816 sancti.
2033 4743 2138 4798 Sed
2161 4743 2223 4816 in
2268 4742 2370 4796 hoc
2425 4758 2577 4816 atque
2619 4754 2822 4816 temere
2854 4745 3014 4816 Wion
3065 4746 3194 4815 egit,
3225 4762 3400 4816 quam

1798 4813 2136 4895 negligenter
2160 4813 2214 4866 in
2237 4825 2324 4893 eo,
2349 4814 2500 4895 quod
2522 4828 2666 4895 anno
2690 4813 2829 4868 H22
2848 4813 3390 4895 Cluniaci—mortuum

1798 4882 2043 4954 dixerit.)
2075 4898 2250 4954 quem
2285 4883 2402 4953 ipse
2457 4882 2729 4937 Honorius
2782 4900 2918 4954 papa
2969 4885 3158 4939 scribit
3187 4887 3398 4942 obiisse

1798 4953 1984 5009 Horitas
2033 4953 2488 5022 impmuitentem,
2521 4956 2572 5007 in
2608 4954 2806 5009 litteris
2835 4971 2865 5010 a
2896 4956 3055 5010 Petro
3078 4955 3397 5012 Venerabili

1796 5025 1955 5097 dicto
1991 5024 2108 5079 loco
2140 5023 2340 5097 relatis.
2376 5023 2505 5097 ipse
2541 5035 2720 5079 tamen
2770 5025 2961 5080 Petrus
2992 5026 3162 5097 videri
3211 5037 3394 5097 potest

1795 5107 1858 5148 ex
1885 5094 2066 5163 aliqua
2097 5092 2346 5168 passione
2373 5094 2610 5168 locutus),
2659 5111 2782 5168 cum
2820 5105 2962 5151 totos
3007 5096 3192 5150 decem
3212 5092 3393 5168 ipsius

1796 5179 1967 5219 annos
2021 5175 2147 5220 ante
2201 5165 2505 5234 depositam
2563 5165 2883 5234 dignitatem
2915 5207 2930 5231 ,
3003 5165 3280 5222 turbarum
3336 5178 3394 5225 et

1795 5235 2233 5308 discordiarum,
2291 5236 2552 5308 quamvis
2599 5236 2766 5308 foras
2796 5252 2906 5291 non
2961 5241 3392 5308 erumpentium,

1795 5317 1922 5360 nota
1981 5307 2307 5370 dedecorat;
2345 5321 2440 5360 eos
2469 5305 2614 5360 enim
2665 5306 2800 5361 satis
2845 5305 3230 5364 excusaut'tot
3263 5305 3394 5365 illu-L

1794 5378 1925 5431 stria
1961 5377 2230 5441 encomia,
2264 5375 2456 5449 Pontio
2486 5377 2703 5449 tributa
2731 5378 2800 5449 ab
2848 5377 2933 5443 iis,
2969 5377 3069 5449 qui)
3089 5377 3156 5434 de
3183 5380 3240 5436 S.
3274 5379 3388 5435 llu-

1793 5455 2208 5571 golnclregerunt,
2260 5447 2489 5517 aliisque
2539 5449 2595 5503 in
2647 5446 3002 5505 Bibliotheca
3041 5447 3386 5507 Cluniacensi

1796 5534 1853 5571 re
1877 5535 1904 5571 a
1937 5535 2002 5571 ιε.

1796 5521 2002 5574 relatis.

1867 5590 1946 5660 (‘2)
1984 5587 2243 5656 Quamvis
2294 5589 2542 5661 sacerdos
2572 5589 2712 5645 idem
2757 5589 2846 5646 hic
2874 5589 3054 5646 valeat
3092 5590 3234 5661 quod
3278 5593 3391 5660 epi—

1794 5659 2016 5734 scopus;
2051 5659 2373 5734 ltumilitatis
2420 5669 2598 5718 tamen
2634 5662 2734 5718 fuit
2778 5663 2942 5719 istum
2995 5659 3174 5734 potius
3217 5659 3388 5734 quam

1795 5732 1938 5788 hunc
1970 5730 2182 5787 titulum
2215 5745 2526 5802 usurpasse.
