3928 6298
133 306 233 366 87.5

1621 302 1798 359 VITA'.

3286 306 3393 364 874

133 453 229 511 que
253 440 564 507 monachus,
619 440 838 498 nomine
891 442 1182 499 Durannus
1233 441 1371 515 (b0),
1418 439 1692 497 moventia
1719 439 1772 498 Α
1796 430 1944 490 dium
1972 433 2255 492 abscessit.
2285 433 2330 495 Ο
2365 434 2708 509 praedicanda
2738 437 2918 495 Patris
2961 436 3264 507 humilitas,
3295 445 3391 511 qui

132 531 287 586 risum
313 530 474 586 verba
507 529 752 601 proferre
802 542 1184 598 consueverat,
1216 531 1465 588 indocilis
1509 533 1700 604 praeju-

131 620 359 676 dicialem
391 621 663 690 deponere
695 621 995 678 levitatem.
1036 623 1182 678 ldem
1235 632 1414 678 tamen
1457 623 1510 678 in
1542 636 1704 680 caete-

129 712 217 776 ris,
250 713 510 767 adversus
538 728 659 782 quae
684 729 790 768 non
832 723 915 768 est
943 715 1052 782 lex,
1097 715 1171 769 ita
1204 715 1305 770 sibi
1333 714 1700 781 consuluerat,

128 813 180 857 ut
208 803 352 874 prius
382 803 436 858 in
461 804 739 872 abbatem,
778 806 974 862 dehinc
1007 807 1060 861 in
1089 807 1426 876 episcopum,
1451 807 1559 860 vita
1585 821 1705 876 pro-

125 896 236 950 vehi
261 905 561 949 mereretur
588 905 647 951 et
675 897 942 952 doctrina.
972 897 1075 964 Qui
1100 913 1222 952 cum
1250 898 1501 954 abbatem
1525 899 1704 954 minus

127 987 330 1040 audiret
375 986 746 1057 increpantem
783 1006 796 1041 :
842 1008 860 1040 ι
915 987 1144 1056 Frater,
1183 989 1360 1058 inquit
1405 990 1454 1044 ci
1512 989 1701 1056 abbas,

127 1079 218 1133 nisi
237 1079 453 1149 dignam
479 1080 656 1148 egeris
692 1080 1094 1150 paenitentiam,
1117 1093 1241 1151 post
1265 1081 1550 1135 transitum
1577 1096 1704 1150 spu-

126 1171 384 1226 mantibus
429 1171 587 1226 labiis
653 1173 718 1226 ad
779 1188 1005 1242 superos
1059 1174 1274 1229 rediens
1322 1174 1632 1244 apparebis.
1677 1191 1697 1225 ι

123 1261 332 1317 Factum
362 1271 445 1317 est
466 1272 648 1318 autem
687 1265 763 1333 jut
795 1280 894 1320 nec
921 1264 989 1318 ab
1016 1265 1206 1321 otiosis
1234 1267 1418 1321 verbis
1440 1265 1531 1321 ille
1557 1265 1704 1321 desi-

123 1362 296 1418 steret,
336 1369 436 1408 nec
461 1355 671 1410 abbatis
699 1357 958 1412 vaticinio
982 1357 1282 1427 promissus
1311 1359 1524 1413 deesset
1571 1357 1705 1413 effe-

123 1457 252 1501 ctus.
280 1443 550 1500 Prmfatus
585 1461 821 1518 namque
851 1447 1164 1514 Durannus,
1211 1457 1417 1503 natura:
1464 1449 1704 1504 debitum

121 1535 350 1600 solvens,
398 1537 453 1592 in
492 1539 758 1608 promisso
811 1540 912 1595 sibi
965 1541 1149 1595 habitu
1195 1541 1412 1596 cuidam
1444 1539 1698 1612 Signino,

124 1630 384 1683 sacerdoti
427 1629 655 1694 scilicet,
702 1619 954 1701 religioso
995 1632 1277 1702 apparuit,
1320 1631 1707 1687 miserabiliter

115 1719 364 1788 juvamen
413 1721 529 1790 ejus
585 1720 885 1791 postulans,
937 1723 1020 1777 cui
1073 1723 1261 1778 vivens
1299 1723 1520 1778 obedire
1570 1738 1705 1778 con-

1803 526 1946 594 quod
1986 526 2101 595 ejus
2127 538 2311 598 posset
2346 530 2546 587 ascribi
2588 531 2822 597 meritis,
2859 530 3048 586 maluit
3076 543 3392 589 sanctorum

1801 618 2122 689 pignoribus
2155 623 2449 693 assignari!
2488 624 2978 695 Jarentoquuque,
3005 624 3178 681 felicis
3207 641 3397 683 mona-

1803 713 1941 766 chus
1973 712 2294 779 testimonii,
2343 725 2464 784 post
2507 717 2792 773 diuturnas
2837 718 3072 774 febrium
3116 719 3396 776 convaluit

1803 803 2051 872 injurias,
2093 805 2290 860 hausto
2332 808 2632 880 vino,-quo
2667 809 2809 864 sacri
2842 809 2956 877 ejus
2986 809 3137 882 digiti
3189 811 3395 881 perfusi

1805 894 2040 964 fuerant,
2069 901 2189 966 pust
2209 897 2448 953 oblatum
2481 901 2590 954 Deo
2615 911 3035 957 sacramentum.

1875 985 1966 1039 22.
2007 985 2206 1041 Beatus
2233 1001 2449 1058 quoque
2492 990 2752 1055 medicus,
2777 991 2870 1060 qui
2902 1006 3026 1046 cum
3056 992 3230 1047 salute
3267 1006 3395 1050 cor-

1807 1088 2024 1143 porum,
2073 1079 2142 1130 de
2172 1077 2346 1132 salute
2397 1080 2682 1148 satagebat
2705 1082 3038 1136 animarum!
3079 1083 3258 1152 beata,
3309 1085 3398 1138 in-

1806 1180 1993 1235 quam,
2014 1168 2214 1234 anima,
2239 1169 2392 1239 cujus
2411 1179 2465 1225 et
2482 1171 2689 1227 meritis
2706 1173 3088 1242 acquirebatur
3104 1175 3399 1244 temporale

1806 1259 2108 1314 remedium
2140 1301 2156 1326 ,
2195 1269 2252 1314 et
2305 1262 2687 1318 exhortatione
2740 1264 3157 1333 sempiternum.
3193 1267 3396 1342 ﬁdem

1809 1363 2045 1418 namque
2090 1350 2392 1420 Crispeium
2448 1353 2564 1423 (42)
2613 1353 3019 1424 proficiscenti,
3081 1341 3414 1414 febricitans

1800 1439 2125 1510 milesiﬂ)
2165 1432 2429 1509 occurrit,
2456 1439 2806 1499 sanctissimo
2850 1432 3401 1518 ejusdadjuvarildeo

2467 1522 2714 1611 “Dehinc
2772 1523 3062 1593 onerosius
3123 1539 3398 1595 instanti:

1815 1641 1835 1675 ι
1878 1613 2822 1706 Abstine,_i.tthiit,,amias,-abstine,
2864 1616 3074 1702 frater,
3092 1618 3146 1705 ad
3173 1625 3398 1706 rapinis,

1810 1701 2074 1794 amissam
2094 1714 2173 1782 sic
2197 1716 2500 1786 adepturus
2537 1717 2912 1779 sanitatem.)
2958 1701 3195 1792 Rapin‘as
3234 1701 3401 1799 iniles

1825 1602 1976 1613 w—

121 1821 427 1882 tempserat.
457 1811 610 1878 Quod
649 1828 770 1868 cum
815 1814 936 1884 pius
978 1813 1140 1868 Pater
1167 1813 1391 1885 Signino
1433 1813 1703 1872 referente

1812 1792 2045 1869 abdiCat,
2074 1806 2375 1877 eodemque
2407 1819 2681 1890 momento
2721 1809 2788 1863 ad
2837 1823 3025 1880 preces
3062 1792 3299 1877 abbatis,
3345 1822 3404 1867 et

120 1903 409 1969 didicisset,
449 1903 641 1958 electis
689 1913 895 1974 septem
946 1904 1228 1973 fratribus,
1272 1905 1549 1960 silentium
1595 1922 1702 1961 una

119 1994 294 2048 indixit
321 1995 646 2065 septimana,
671 2005 941 2065 quatenus
987 1998 1099 2053 oris
1128 2013 1386 2054 excessus
1426 1999 1538 2054 oris
1571 1999 1703 2053 obe-

121 2068 307 2141 dientia
345 2097 694 2157 purgaretur.
726 2087 1118 2147 Obedientibus
1143 2091 1285 2158 aliis,
1330 2107 1468 2147 unus
1513 2107 1701 2148 eorum

121 2180 357 2248 prmccpti
393 2180 624 2235 violator
644 2181 917 2256 sileptium
946 2183 1254 2254 interrupit.
1279 2183 1486 2241 Rursus
1520 2185 1702 2255 ponti-

120 2270 218 2336 fex,
271 2271 526 2325 eumdem
566 2288 726 2342 quem
780 2274 933 2343 prius
968 2275 1213 2330 habitum
1255 2291 1470 2347 gerens,
1517 2290 1700 2332 sacer-

121 2362 219 2416 dati
279 2364 605 2432 praescripto
676 2367 968 2436 apparuit,
1028 2365 1456 2437 inobedientiam
1514 2368 1703 2424 fratris

122 2469 408 2522 accusans,
447 2456 536 2526 qui
573 2455 702 2511 dum
732 2457 895 2530 fregit
924 2460 1262 2526 mandatum,
1309 2459 1564 2532 suffragia
1609 2475 1703 2516 ex-

121 2546 267 2601 clusit
305 2548 561 2602 aliorum.
613 2547 730 2616 Quo
777 2551 983 2615 audito,
1030 2550 1485 2606 clementissimus
1536 2551 1705 2605 Pater

121 2636 298 2692 iterato
317 2648 530 2709 septem
561 2639 768 2694 dierum
787 2641 1025 2707 silentio,
1047 2639 1312 2696 defectmn
1337 2641 1550 2696 violata:
1577 2656 1704 2712 sup-

120 2729 632 2786 elevitobedientiae.
666 2732 820 2789 Unde
850 2735 1048 2788 factum
1080 2744 1163 2789 est
1185 2745 1242 2788 ut
1270 2734 1702 2790 ostensustertio

119 2822 316 2892 pracsul,
346 2818 577 2892 sedjam
607 2823 740 2879 nihil
761 2825 1034 2880 sordidum
1062 2839 1278 2897 gerens,
1297 2826 1478 2881 abbati
1500 2827 1703 2895 gratias

120 2915 308 2981 ageret,
330 2914 456 2983 ejus
484 2914 790 2969 interventu
828 2916 1133 2972 abstersnm
1162 2918 1273 2972 oris
1321 2917 1699 2988 opprobrium,

121 3004 650 3072 sententiamjudicis
682 3006 1043 3062 immutatam.
1074 3005 1188 3062 Hoc
1218 3007 1470 3073 relatum,
1503 3017 1559 3063 et
1596 3008 1704 3064 Pa-

121 3093 207 3148 tris
227 3095 484 3149 meritum
515 3095 832 3159 declaravit,
856 3104 912 3150 et
941 3098 1080 3167 apud
1113 3096 1312 3152 fratres
1336 3098 1700 3154 ret'erentiam

123 3197 374 3257 susceptae
399 3187 540 3257 juvit
568 3189 911 3245 obedientize.
957 3191 1162 3247 Collata
1209 3191 1288 3248 sic
1312 3193 1431 3248 viro
1463 3191 1557 3248 Dei
1589 3193 1702 3264 spi-

123 3277 302 3333 rituum
336 3279 604 3335 discretio
624 3278 828 3336 eﬂicaci
851 3297 974 3336 eum
1003 3283 1321 3354 magisterio
1372 3284 1554 3338 docuit
1575 3284 1705 3354 quid

120 3369 457 3424 correctione
483 3370 790 3439 proliceret,
824 3373 955 3443 quid
989 3373 1327 3430 tolerandum
1355 3383 1504 3430 esset
1543 3376 1706 3432 mise-

120 3459 360 3528 ricordia,
397 3461 527 3532 quid
558 3475 790 3518 censura
815 3464 1173 3533 puniendum.

733 3555 962 3611 CAPUT
999 3556 1090 3612 IV.

503 3644 687 3713 [Varii
717 3647 886 3700 morbi
919 3647 984 3701 ab
1013 3663 1073 3701 eo
1103 3648 1292 3702 curati.

180 3735 264 3792 il.
301 3736 482 3792 Nemo
526 3748 705 3793 autem
754 3746 901 3809 putet
940 3738 1190 3794 abbatem
1221 3739 1551 3811 propheticis
1591 3749 1709 3796 tan-

120 3836 222 3883 tum
251 3829 525 3885 claruisse
556 3829 850 3899 vaticiniis,
883 3833 968 3886 cui
1002 3848 1124 3887 cum
1155 3833 1481 3888 discretione
1539 3833 1704 3903 spiri-

120 3930 280 3988 tuum,
334 3923 542 3980 collata
583 3934 667 3978 est
693 3924 859 3979 etiam
912 3926 1086 3995 gratia
1135 3926 1452 3981 sanitatum.
1483 3925 1711 3982 Constat

119 4014 249 4067 enim
275 4013 590 4077 nonnullos,
623 4016 788 4069 variis
812 4030 1101 4086 oppressos
1145 4017 1518 4088 languoribus,
1551 4033 1706 4072 sumo

121 4107 217 4175 ptis
259 4122 322 4160 ex
383 4107 506 4177 ejus
552 4121 736 4163 mensa
787 4109 1128 4164 convaluisse
1167 4109 1431 4180 reliquiis.
1462 4109 1708 4165 Acardus

120 4198 350 4267 quidam,
374 4199 432 4254 vi
464 4197 693 4254 febrium
726 4200 999 4268 laborans,
1032 4203 1335 4257 restitutam
1361 4201 1464 4258 sibi
1496 4203 1705 4258 sanita-

123 4297 218 4341 tem
243 4289 484 4360 przefa'ta:
517 4289 703 4344 debuit
737 4291 1041 4346 medicinae.
1099 4291 1234 4347 Tres
1278 4301 1544 4362 prieterea
1594 4291 1705 4347 fra-

119 4387 241 4444 tres,
289 4385 485 4438 eodem
533 4381 919 4438 decumbentes
971 4385 1346 4446 incommodo,
1403 4385 1546 4440 beati
1603 4385 1705 4441 viri

1805 1905 1990 1953 Votum
2028 1888 2370 1966 factumveSI,
2402 1909 2458 1955 et
2487 1886 2814 1956 exstinctum
2863 1903 3030 1958 febris
3065 1897 3396 1982 incendium.

1805 1986 1974 2044 Nemo
2007 1980 2192 2046 autem
2223 1981 2454 2047 miretur
2475 1991 2684 2048 abbatis
2715 1995 2906 2048 merito
2930 1985 3180 2050 collatam
3204 1980 3402 2066 corpo-

1806 2079 1958 2134 ribus
1987 2079 2242 2146 salutem,
2269 2082 2536 2137 cuietiam
2554 2083 2607 2138 id
2633 2084 2822 2154 gratiae
2851 2086 3099 2145 accessit.
3127 2092 3188 2138 ut
3215 2097 3397 2142 exutae

1806 2167 1874 2222 dc
1907 2170 2181 2236 ergastulo
2211 2171 2392 2225 carnis
2432 2171 2653 2240 animae,
2691 2173 2858 2242 ipsius
2902 2174 3212 2232 interventu
3254 2175 3405 2245 judi-

1805 2272 1922 2315 cem
1963 2259 2236 2330 placatum
2285 2261 2612 2320 invenirent.
2645 2263 2902 2325 Fratrum
2951 2267 3170 2336 quidam
3219 2267 3401 2324 soluto

1805 2360 2014 2406 natura:
2034 2351 2238 2417 debito,
2271 2367 2372 2409 nec
2400 2354 2579 2410 adhuc
2609 2363 2791 2411 tamen
2837 2357 3118 2425 humatus,
3151 2362 3402 2430 personis

1805 2443 2039 2511 duabus,
2068 2461 2190 2516 quae
2229 2445 2331 2502 sibi
2386 2463 2587 2504 nomen
2629 2449 2892 2522 religione
2927 2464 3399 2523 comparaverant,

1805 2534 2059 2605 apparuit
2083 2536 2270 2593 dicens
2297 2536 2433 2594 duos
2481 2539 2705 2607 solidos,
2757 2551 2956 2612 praeter
2991 2544 3268 2602 licentiam
3309 2562 3405 2604 sa.-

1806 2627 1987 2682 cristae
2010 2628 2110 2684 sub
2139 2643 2248 2699 quo
2274 2630 2389 2700 ipse
2421 2632 2717 2700 militabat,
2766 2649 2826 2690 se
2853 2637 3157 2706 sustulisse,
3181 2655 3247 2696 ac
3271 2655 3402 2712 pro-

1805 2717 1928 2786 prio
1955 2721 2278 2790 expendisse
2323 2721 2579 2780 arbitrio.
2621 2723 2737 2779 lloc
2766 2740 2992 2783 excessu
3025 2729 3248 2785 dilatam
3288 2732 3397 2789 sibi

1807 2810 2076 2880 requiem,
2128 2827 2250 2884 quae
2306 2821 2485 2870 tamen
2524 2824 2707 2885 posset
2740 2817 2953 2875 abbatis
3001 2819 3402 2880 intercessione

1806 2904 2128 2975 praerogari.
2165 2904 2320 2961 Mane
2343 2915 2525 2961 autem
2552 2905 2724 2972 facto,
2748 2923 2874 2964 cum
2901 2909 3039 2966 alter
3062 2913 3116 2969 id
3141 2914 3208 2970 de
3225 2914 3402 2972 altero

1805 2993 2104 3066 ignoraret,
2137 2995 2329 3052 eodem
2357 3008 2537 3056 tamen
2565 2999 2777 3068 ordine,
2801 3002 2900 3056 sub
2923 3004 3230 3060 sanctiviri
3263 3022 3404 3077 pise-

1808 3088 2008 3154 sentia,
2030 3087 2317 3157 praefatam
2345 3088 2400 3142 in
2426 3090 2663 3160 capitulo
2693 3091 2930 3149 retulere
2961 3095 3246 3151 visionem.
3278 3096 3403 3153 Dis-

1808 3195 1968 3236 cussa
2028 3181 2213 3250 itaque
2269 3180 2560 3252 diligenter
2614 3184 3004 3255 transgressio,
3061 3195 3118 3242 et
3173 3190 3404 3247 venialis

1805 3271 2051 3338 inventa,
2100 3272 2378 3344 sutl‘ragiis
2435 3274 2746 3329 orationum
2799 3288 2937 3344 quas
2983 3276 3239 3334 devotius.
3280 3278 3403 3335 fieri

1805 3367 2268 3423 clementissimus
2303 3367 2468 3424 Pater
2488 3368 2704 3432 indixit,
2727 3376 2783 3424 et
2809 3371 3148 3441 propensiori
3167 3371 3405 3431 eleemo-

1805 3471 2062 3531 syuarum
2085 3459 2390 3531 largitione,
2414 3460 2550 3517 solvi
2581 3461 2901 3531 promeruit.

1877 3551 1969 3606 23.
2011 3551 2067 3605 ln
2105 3553 2328 3608 civitate
2360 3552 2699 3609 Parisiorum
2741 3553 2827 3608 vir
2859 3560 2979 3608 erat
3007 3554 3254 3623 illustris,
3290 3556 3404 3614 Ro-

1806 3639 1996 3694 bertus
2020 3642 2261 3706 nomine,
2289 3641 2629 3711 professione
2662 3643 2844 3714 miles,
2896 3646 2970 3701 ita
3020 3647 3256 3717 paralysi
3289 3655 3405 3702 tor-

1807 3745 1964 3801 pens,
2015 3741 2078 3786 ut
2123 3733 2177 3787 in
2207 3735 2399 3788 eodem
2430 3734 2648 3790 homine
2699 3745 2910 3806 partem
2939 3737 3144 3804 vivere,
3193 3747 3402 3808 partem

1811 3821 2025 3890 diceres
2047 3821 2161 3892 jam
2191 3822 2481 3893 sepultam.
2503 3823 2770 3887 Diuturna
2797 3826 2913 3880 haec
2941 3833 2998 3881 et
3030 3825 3247 3882 letbalis
3271 3841 3400 3897 per-

1812 3913 1987 3970 nicies
2037 3915 2237 3970 dudum
2274 3930 2424 3986 spem
2471 3916 2666 3972 salutis
2696 3916 2994 3974 abstulerat
3033 3918 3401 3976 decumbenti.

1808 4003 2053 4075 Contigit
2089 4013 2270 4061 autem
2296 4007 2488 4062 eodem
2516 4016 2762 4079 tempore
2787 4023 3006 4065 servum
3033 4011 3131 4066 Dei
3161 4011 3403 4068 Parisios

1807 4097 2040 4169 ingredi,
2073 4107 2237 4169 atque
2265 4099 2332 4154 ad
2375 4099 2661 4156 ecclesiam
2688 4102 3006 4168 ascendere,
3052 4119 3174 4174 quae
3199 4105 3404 4162 beatis-

1811 4191 1966 4245 simze
2004 4189 2292 4246 Genovefze
2314 4191 2543 4261 virginis
2572 4201 2630 4246 et
2669 4194 2892 4249 nomine
2931 4194 3168 4253 celebris
3219 4205 3306 4254 est
3347 4207 3406 4253 et

1805 4295 2060 4352 corpore.
2085 4280 2203 4349 Quo
2235 4281 2442 4348 audito,
2475 4284 2829 4354 pmscriptus
2857 4299 3006 4356 aeger
3058 4286 3189 4344 illuc
3225 4288 3405 4345 alieno

1811 4372 2058 4428 defertur
2104 4373 2334 4438 auxilio,
2377 4374 2606 4446 genibus
2633 4375 2848 4432 abbatis
2875 4376 3202 4446 advolvitur,
3230 4379 3405 4451 suspi-

121 4473 364 4525 meritum
395 4471 453 4525 in
490 4473 770 4540 antiquam
800 4471 1115 4528 reformavit
1147 4476 1488 4544 sospitatem,
1513 4491 1703 4531 eorum

1815 4465 1910 4520 riis
1939 4465 2248 4534 interpellat
2271 4474 2328 4521 et
2355 4463 2634 4537 lacrymis,
2661 4475 2722 4521 ut
2759 4465 2878 4536 ejus
2901 4468 3042 4539 apud
3085 4469 3251 4524 Deum
3284 4485 3404 4526 me--

120 4557 323 4616 duobus
351 4561 574 4629 quidem
610 4562 878 4616 destinata
913 4563 1244 4634 eulogiarum
1292 4567 1485 4636 gratia,
1514 4566 1705 4622 salutis

121 4647 478 4720 integritatem
511 4653 839 4722 resiguavit;
883 4655 1080 4710 tertius
1132 4665 1335 4721 autem,
1392 4672 1514 4712 eum
1572 4657 1708 4712 Bor-

120 4738 236 4798 boni
266 4744 382 4816 (41)
429 4760 527 4816 per
567 4761 662 4801 sex
699 4761 914 4803 menses
951 4757 1216 4819 quartana
1247 4751 1597 4807 sustinuisset
1627 4752 1709 4806 in-

121 4832 326 4895 cendia,
356 4849 388 4887 a
415 4844 603 4888 sancto
633 4833 816 4903 Patre,
863 4838 955 4907 qui
989 4836 1115 4894 illuc
1142 4853 1208 4893 cx
1238 4847 1481 4910 tempore
1515 4855 1706 4896 acces-

119 4930 284 4986 serat,
301 4922 476 4977 sacris
501 4921 724 4991 jubetur
744 4924 1008 4981 interesse
1033 4927 1330 4998 mysteriis.
1356 4927 1524 4983 AdeSt
1545 4929 1710 4986 febri-

121 5009 312 5075 citans,
343 5020 404 5066 et
437 5025 504 5066 ex
525 5012 738 5068 abbatis
770 5011 923 5082 jussu
948 5024 1109 5086 epoto
1136 5025 1259 5084 post
1301 5017 1524 5072 missam
1558 5019 1708 5086 vino,

121 5101 300 5175 inquo
327 5106 442 5161 lota
467 5105 681 5163 fuerant
706 5119 1017 5164 sanctorum
1044 5109 1294 5183 pignora,
1323 5109 1489 5168 febris
1517 5113 1708 5169 inccn-

189 5280 301 5359 (_£0)
335 5282 651 5359 Durannus,
684 5289 919 5358 primum
973 5288 1143 5346 abbas
1188 5288 1606 5359 Moyssiacensis
1650 5290 1706 5346 in

121 5347 722 5429 Cadurcis,_deineirea
752 5374 840 5412 an.
873 5359 1007 5415 1060
1032 5359 1205 5415 factus
1232 5347 1509 5429 episcopus
1547 5360 1709 5415 Tolo-

123 5434 308 5498 sanus,
341 5426 480 5498 obiit
519 5427 664 5481 circa
715 5445 803 5482 an.
842 5430 1000 5497 1070,
1045 5440 1097 5484 et
1152 5426 1332 5498 imago
1384 5426 1506 5484 cum
1549 5431 1706 5485 titulo

123 5495 428 5572 Sanctitatis
458 5497 686 5572 habetur
709 5501 760 5553 in
785 5495 1022 5554 claustro
1051 5495 1535 5572 Muyssia'ccnsimt
1557 5517 1709 5558 asse-

124 5575 246 5615 runt
273 5567 704 5622 Satttinarthani.

191 5633 306 5703 (Al)
351 5633 672 5712 Borhunium
721 5641 830 5712 sub
850 5641 1017 5712 variis
1058 5649 1471 5712 cognomentum
1506 5642 1701 5712 triplex

123 5712 226 5783 est,
251 5711 426 5783 unum
449 5707 701 5783 Cluniaco
731 5709 960 5763 vicinius
980 5713 1047 5766 ad
1075 5707 1510 5783 Li'gcritnsitum,
1539 5707 1708 5770 Βὸιιιο

125 5769 446 5844 bon-Lancy
472 5776 628 5846 vulgo
658 5791 1022 5847 nuncupatur.

525 5868 800 5932 Ρλτιιοι..
829 5869 1046 5936 CLIX.

1813 4567 2026 4633 reretur
2055 4558 2440 4614 interventum.
2476 4557 2724 4615 Movetur
2763 4558 2926 4616 Pater
2958 4561 3234 4618 anxietate
3275 4576 3404 4632 sup-

1807 4650 2061 4720 plicantis
2088 4659 2145 4706 et.
2193 4650 2335 4707 inter
2377 4665 2538 4706 sacra
2579 4652 2867 4708 missarum
2915 4654 3199 4720 solemnia,
3246 4653 3402 4725 ﬂagi-

1801 4752 1983 4798 tatum
2034 4743 2334 4815 paralytico
2379 4752 2636 4811 procurat
2672 4743 3016 4800 subventum.
3075 4743 3160 4798 Nil
3220 4753 3402 4802 tamen

1811 4835 1880 4889 de
1924 4834 2037 4890 suis
2089 4849 2426 4905 praesumens
2470 4834 2714 4903 meritis,
2759 4843 2901 4890 totus
2937 4834 3004 4890 ad
3036 4835 3402 4906 apostolorum

1810 4927 2110 4996 principem
2151 4925 2535 4991 convertitur,
2565 4924 2720 4993 cujus
2757 4935 2812 4980 et
2851 4926 3043 4981 umbra
3075 4927 3223 4984 salus
3249 4927 3402 4984 inﬁr-

3419 1341 3444 1351 -ιο

1811 5018 2264 5084 mis,etoratione
2282 5017 2400 5072 vita
2425 5024 2511 5072 est
2537 5015 2805 5074 defunctis
2825 5016 3090 5075 restituta.
3119 5019 3400 5088 Summam
3497 5060 3500 5064 .

1796 5125 1942 5181 ergo
1962 5109 2131 5181 ipsius
2156 5109 2430 5182 planetam
2456 5107 2592 5180 (44),
2617 5119 2738 5178 qua:
2769 5117 3016 5165 veterum
3052 5109 3316 5168 relatione
3347 5112 3401 5167 in

1881 5289 1994 5360 (42)
2016 5288 2340 5360 Crispeium,
2361 5287 2564 5345 Valesii
2591 5287 2868 5360 oppidum,
2889 5286 2942 5344 in
2967 5301 3078 5358 quo
3102 5287 3378 5359 prioratus

1811 5359 1870 5417 S.
1893 5359 2160 5430 'Arnttlphi
2190 5362 2387 5416 dictus.

1881 5454 1996 5526 (ιδ)
2035 5453 2357 5508 Rotbertum
2396 5461 2557 5507 vocat
2581 5449 2755 5520 Hugo,
2789 5466 2944 5508 num.
2972 5448 3028 5508 8.

1881 5546 1994 5618 (44)
2037 5545 2197 5599 Addit
2218 5543 2401 5618 Hugo,
2447 5543 2731 5618 antiocbia
2759 5542 2978 5618 allatam
3022 5541 3202 5618 credi,
3235 5557 3398 5618 occa-

1807 5613 2126 5695 sionemquc
2157 5614 2402 5669 miraculi
2459 5613 2640 5695 fuisse.
2675 5614 2889 5695 asserit.
2937 5615 3080 5695 quod
3224 5613 3398 5695 .Httgo

1807 5697 1942 5763 post.
1957 5683 2177 5763 missam
2196 5699 2360 5738 nianu
2385 5683 2607 5763 capiens
2629 5685 2798 5763 ipsam
2825 5685 3095 5763 planetas"
3126 5683 3396 5763 dixisses;

1817 5753 2074 5814 iUtinam
2100 5756 2494 5829 adesset-aeger,
2526 5756 2579 5811 in
2603 5769 2712 5827 quo
2731 5756 2952 5811 virtutis
2965 5753 3278 5820 apostolica:
3301 5768 3402 5808 ca-
