3928 6298
587 266 701 347 m

1677 298 1733 353 s.
1777 297 2080 355 ancoras
2134 279 2422 358 AB-BA'flS
2460 299 2780 358 CLUNIAC.
3647 325 3710 380 at

588 388 822 457 prazfata
861 389 1101 447 creditur
1147 404 1266 447 esse
1318 386 1570 458 ecclesia,
1627 405 1790 462 super
1845 400 2177 461 prostratum
2206 399 2253 458 Α
2283 392 2464 449 Ahbas
2494 398 2722 450 missam
2737 404 3080 459 cantaverat,
3101 405 3155 451 et
3175 411 3350 468 aquam
3368 416 3422 457 ex
3437 403 3528 474 ejus
3543 411 3709 472 stillatnu

585 481 772 536 elevat
797 497 1022 554 a'grum,
1052 483 1178 540 illud
1209 485 1467 548 clamans,
1511 483 1704 540 Petrus
1727 486 2006 554 apostolus
2045 486 2184 541 dixit

594 573 933 646 paralytico:
974 594 992 628 ι
1037 576 1206 633 Sanet
1255 587 1305 633 te
1352 578 1612 636 Dominus
1651 575 2114 637 JesusChristus.
2157 597 2185 652 r

591 667 674 720 Ad
701 667 816 722 haec
844 669 1007 724 verba
1036 669 1325 725 confestim
1356 670 1626 725 Rohcrtus
1672 670 1746 723 ita
1793 670 2070 724 convaluit
2117 686 2181 726 ac

590 756 637 810 si
671 757 793 831 ipse.
818 757 1011 815 Petrus
1057 775 1248 830 preces
1283 776 1381 831 pro
1437 776 1502 815 eo
1551 760 1927 816 declamasset.
1984 761 2183 833 Regre-

591 848 737 904 ditur
765 849 1050 907 incolumis
1089 853 1182 921 qui
1236 853 1530 907 semivivus
1583 860 1911 917 accesserat,
1961 853 2044 908 his
2085 853 2178 922 qui

427 939 434 948 '
497 925 504 962 ⁸
591 940 1224 998 aderantattestantibus
1259 943 1650 1013 benCplacitam
1702 959 1822 999 esse
1855 945 1960 999 Deo
1987 945 2174 1010 vitam,

589 1033 744 1090 cuius
771 1036 912 1105 apud
945 1035 1114 1092 Deum
1144 1047 1254 1092 tam
1276 1036 1549 1093 efﬁcacem
1569 1038 1815 1093 viderant
1843 1053 1963 1095 esse
1989 1049 2177 1109 pustu-

587 1123 845 1183 lationem
879 1129 1012 1200 (45).
1113 1177 1115 1179 .
1675 1193 1678 1196 ,
1739 1173 1744 1180 .
1818 1175 1821 1181 .

655 1217 747 1272 ει.
787 1218 1060 1276 Fortassis
1091 1222 1206 1276 haec
1251 1223 1562 1293 apostolicis
1606 1223 2016 1279 ascriberentnr
2065 1240 2178 1280 mc-

587 1306 732 1376 ritis,
760 1319 818 1365 et
862 1311 1018 1381 cujus
1063 1314 1253 1368 umbra
1303 1315 1443 1370 male
1500 1316 1824 1370 habentibus
1870 1317 2175 1371 restitutam

587 1409 804 1456 constat
837 1416 960 1458 esse
987 1404 1298 1472 sanitatem,
1343 1406 1461 1475 ejus
1494 1407 1682 1476 utique
1713 1409 2036 1463 vestimento
2063 1408 2175 1463 llo-

587 1493 776 1548 bertus
801 1495 1508 1552 convaluisseassereretur.
1536 1497 1805 1553 Caeterum
1833 1514 1939 1553 non
1965 1501 2172 1554 minora

585 1585 800 1640 meritis
824 1595 942 1641 acta
975 1587 1223 1656 leguntur
1248 1588 1511 1661 Hugonis,
1544 1592 1741 1660 quibus
1787 1592 1995 1661 Hngoni
2030 1593 2176 1649 nullo

587 1673 708 1728 ﬁdei
734 1676 977 1744 periculo
1006 1681 1306 1748 praestitum
1344 1683 1516 1750 possit
1536 1683 1802 1751 assignari
1829 1684 2172 1740 beneﬁcium.

2286 485 2536 542 manibus
2581 487 2828 553 inﬁrmo,
2885 488 3138 557 prmscnti
3185 498 3331 559 atque
3374 497 3712 568 postulantium,

2282 575 2608 642 servientes,
2642 576 2838 632 abbate
2867 577 3174 631 detulerant
3202 578 3464 648 ignorante.
3491 586 3576 652 Qua
3601 597 3713 650 ειεδξς

2281 665 2528 734 partibus
2561 665 2763 734 infusa,
2810 683 2953 746 suus.
2979 668 3201 723 articulo
3247 673 3455 729 redditus
3490 690 3554 732 est
3587 693 3714 750 status,

2281 755 2584 824 suppletum
2635 757 2874 828 depasta;
2927 759 3109 814 carnis
3161 761 3480 833 dispendium,
3521 779 3561 822 et
3595 786 3713 841 agente

2280 842 2497 915 lympha
2549 847 2695 903 vices
2751 848 3064 915 medicinae,
3117 851 3277 906 abbas
3325 856 3531 913 nesciens
3564 865 3716 919 restituit

2280 937 2590 990 sanitatem.
2620 937 2829 1009 Quippe
2863 940 3060 996 durum
3081 951 3271 1019 eratet
3298 945 3575 1005 intolerabile
3589 953 3714 1010 homini

2280 1026 2410 1092 Dei,
2458 1043 2523 1082 ex
2574 1029 2658 1084 his
2688 1046 2810 1100 quae
2835 1029 2979 1086 circa
3025 1035 3198 1104 ipsum
3235 1047 3373 1092 erant
3402 1050 3479 1096 aut
3503 1058 3552 1097 ex
3573 1044 3716 1112 eiuste-

2280 1120 2572 1175 manebant
2596 1136 2802 1187 mensa,
2834 1125 3282 1195 contemplatione
3304 1130 3469 1186 salutis
3486 1138 3714 1203 acquired:

2279 1212 2482 1282 aliquid
2508 1214 2798 1282 asportari.
2833 1213 3006 1270 l‘lonto
3047 1232 3190 1272 verae
3214 1219 3428 1286 virtutis,
3461 1225 3514 1276 ad
3548 1227 3715 1282 virtutis

2279 1301 2560 1357 derivabat
2587 1303 2882 1369 excidium,
2915 1305 3128 1376 linguas
3150 1305 3384 1366 affectare
3407 1313 3586 1377 alienas,
3610 1316 3715 1370 laudis

2279 1394 2423 1449 enim
2466 1394 2611 1448 nulla
2644 1395 2868 1472 omnino
2901 1398 3208 1466 cupiditas,
3231 1400 3323 1454 nisi
3361 1401 3490 1469 cujus
3511 1415 3553 1458 et
3576 1411 3715 1460 maiori:

2279 1493 2364 1539 est
2411 1486 2463 1540 in
2516 1486 2720 1552 animo,
2769 1497 2822 1542 ct
2859 1489 3014 1543 testis
3068 1489 3121 1544 in
3158 1490 3306 1545 coelo.
3356 1492 3500 1559 Quam
3542 1513 3632 1561 cutr,
3658 1501 3717 1552 sibi

2286 1579 2496 1646 pariter
2546 1593 2710 1648 opera
2743 1590 3127 1649 compararent
3156 1591 3208 1635 et
3243 1584 3408 1650 verba,
3450 1585 3574 1639 aliam
3610 1598 3716 1642 tantm

2279 1670 2574 1739 suspiranti
2609 1671 2938 1733 mercedem,
2985 1672 3131 1726 nulla
3173 1687 3237 1726 ex
3267 1676 3505 1744 praeconio
3529 1679 3717 1732 miracula

583 1764 730 1825 Idem
762 1782 998 1839 namque
1026 1769 1153 1823 dum
1180 1770 1232 1824 in
1257 1772 1546 1837 Vasconia,
1575 1773 1714 1828 sicut
1735 1774 1802 1828 de
1827 1773 2167 1828 Cluniacensi

2241 1757 2398 1816 irnm
2447 1762 2721 1832 subrepsit
2773 1761 2958 1818 elatio.
2992 1763 3162 1840 'Aliis
3212 1781 3408 1835 quoque
3453 1768 3635 1822 nesciens
3665 1769 3716 1823 Dei

582 1863 854 1928 coenobio,
886 1862 1140 1919 subditas
1163 1864 1412 1920 visitaret
1436 1864 1684 1931 cellulas,
1712 1866 1854 1920 haud
1889 1867 2074 1935 procul
2105 1867 2174 1921 ab

583 1951 782 2010 itinere
809 1969 1034 2024 parvum
1059 1957 1343 2027 conspexit
1377 1957 1671 2029 tugurium,
1708 1960 1860 2028 cujus
1904 1959 2175 2014 inhabita-

584 2051 671 2098 tor
700 2059 906 2116 egenus
933 2056 1056 2102 erat
1101 2057 1156 2104 et
1202 2047 1467 2119 leprosus.
1497 2048 1597 2104 Hic
1634 2063 1701 2104 ex
1732 2049 1898 2104 divite
1945 2065 2170 2120 pauper,

583 2135 825 2206 objectus
852 2152 918 2193 ex
947 2138 1251 2208 splendido,
1281 2137 1548 2210 'leproSus
1578 2156 1646 2196 ex
1688 2140 1963 2206 incolumi,
2004 2142 2172 2196 vitam

581 2239 760 2285 morte
783 2231 1087 2300 graviorem
1114 2231 1366 2287 ducebat.
1397 2232 1638 2287 Laetatur
1674 2233 1767 2288 Dei
1813 2247 2005 2288 servus
2047 2233 2174 2288 ade-

581 2331 735 2391 ptum
762 2337 821 2379 se
855 2331 1068 2395 tempus
1097 2332 1484 2394 opportunum,
1509 2339 1618 2394 quo
1647 2324 1925 2379 Christum
1958 2323 2010 2378 in
2039 2339 2174 2392 pau-

582 2429 714 2482 pere
739 2413 1004 2469 visitaret.
1032 2415 1407 2471 Praeeuntibus
1437 2415 1618 2485 itaque
1652 2417 1887 2484 caeteris,
1915 2416 2029 2486 ipse
2064 2430 2172 2471 uno

579 2513 798 2560 tantum
828 2506 1028 2561 comite
1054 2507 1323 2562 monacho
1355 2515 1586 2579 tegetem
1621 2507 1941 2578 ingreditur,
1975 2513 2172 2563 conso-

579 2597 771 2655 lationi
821 2607 972 2654 totus
1030 2599 1270 2666 insistit,
1333 2600 1569 2655 laceram
1635 2598 1902 2658 demulcet
1957 2611 2172 2668 cutem,

579 2690 883 2761 ingeminat
910 2689 1123 2747 felicem
1155 2690 1478 2748 infelicitate
1531 2707 1649 2759 sua,
1683 2693 1766 2748 cui
1801 2703 1946 2750 esset
1987 2694 2170 2749 datum

576 2778 804 2854 flagellis
828 2783 1202 2853 corporalibus
1254 2792 1310 2839 et
1355 2786 1692 2854 paupertatis
1743 2787 1868 2856 igne
1929 2787 2168 2859 purgari.

573 2872 824 2944 Denique
854 2873 982 2932 dum
1015 2873 1356 2930 discessurus
1387 2875 1550 2930 homo
1583 2875 1698 2942 Dei,
1749 2876 1880 2946 quid
1921 2885 2172 2949 erogaret

576 2964 803 3033 pauperi
831 2979 941 3018 non
980 2965 1229 3030 haberet,
1279 2964 1556 3034 agninam,
1605 2981 1711 3036 qua
1761 2966 1980 3023 indutus
2027 2977 2169 3035 erat,

575 3053 731 3108 exuit
755 3062 982 3119 vestem,
1013 3054 1175 3108 vestit
1219 3067 1534 3123 pauperem.
1567 3053 1959 3110 Vestimentum
1989 3057 2166 3128 gratia

569 3145 872 3200 comitatur
901 3146 1207 3215 insperata;
1250 3160 1318 3200 ex
1371 3161 1479 3216 quo
1524 3147 1671 3203 enim
1710 3163 1917 3220 pauper
1965 3164 2030 3205 eo
2087 3151 2168 3206 in-

575 3236 742 3292 dutus
773 3246 876 3303 est,
927 3238 1067 3294 cutis
1117 3236 1436 3295 deformitas
1488 3241 1771 3307 abscessit,
1826 3251 1881 3296 et
1921 3243 2168 3301 absterso

568 3328 742 3400 lepra:
780 3329 1054 3399 contagio,
1085 3326 1346 3386 membris
1393 3331 1646 3386 omnibus
1696 3331 2042 3388 incolumitas
2083 3337 2169 3390 est

575 3429 635 3475 et
662 3419 870 3490 species
896 3420 1166 3475 restituta.
1185 3421 1684 3492 EgrediturChristi
1707 3421 1962 3490 famulus,
1981 3423 2164 3479 relicta

571 3513 802 3582 pauperi
834 3513 1230 3580 benedictione,
1255 3529 1376 3584 qua:
1397 3522 1450 3568 et
1473 3512 1703 3584 amplius
1731 3520 1825 3584 spe
1849 3515 2165 3586 suscipienti

575 3602 798 3673 profuit,
829 3612 885 3659 et
920 3604 1154 3674 amplius
1184 3613 1308 3659 voto
1354 3605 1534 3659 dantis
1576 3605 1830 3660 meritum
1885 3605 2162 3675 patefecit.

565 3695 853 3765 Legu‘ntur
872 3702 930 3750 et
956 3695 1066 3761 alii,
1091 3703 1201 3750 tam
1231 3710 1298 3750 ex
1327 3704 1476 3751 veste
1497 3710 1660 3766 quam
1692 3710 1760 3750 ex
1795 3695 2014 3767 lympha
2041 3713 2164 3768 qua:

569 3793 638 3842 ex
686 3786 802 3858 ejus
851 3787 1148 3844 stillaverat
1192 3788 1462 3856 manibus,
1515 3789 1809 3860 expetitum
1856 3791 2164 3862 suscepisse

571 3881 802 3959 salutem
1755 3950 1760 3955 ,

640 3973 736 4029 25.
777 3972 958 4044 Wigo,
986 3974 1307 4040 monachus,
1344 3973 1428 4028 vir
1458 3973 1780 4030 venerandae
1809 3973 2081 4044 opinionis
2106 3983 2165 4030 et

570 4067 704 4124 utile
730 4081 829 4123 vas
877 4069 932 4124 in
983 4068 1145 4123 domo
1195 4066 1431 4133 Domini,
1465 4069 1636 4122 vocis.
1668 4083 1826 4122 usum
1875 4068 2158 4137 amiserat,

571 4160 860 4215 admodum
887 4161 1079 4227 tristis,
1114 4175 1180 4215 co
1209 4160 1354 4230 quod
1398 4159 1701 4216 imminenti
1746 4159 2003 4216 Natalitio
2037 4176 2161 4232 per-

572 4249 786 4306 solvere
836 4265 942 4306 non
990 4259 1176 4321 posset
1227 4251 1468 4306 debitum
1518 4251 1773 4306 cantandi
1817 4252 2157 4322 obsequium.

557 4339 676 4410 Qui
712 4342 837 4396 dum
863 4341 1017 4411 juxta
1059 4343 1462 4412 suppedaneum
1505 4343 1718 4398 abbatis
1745 4343 2073 4412 quiesceret,
2105 4353 2162 4398 et

2277 1869 2467 1922 servus
2495 1855 2717 1926 profuit,
2746 1850 2886 1931 quos
2913 1853 3161 1931 etsignon
3185 1873 3384 1925 omnes,
3410 1859 3577 1929 aliquos
3606 1870 3715 1916 tamen

2276 1962 2485 2011 eorum,
2514 1947 2724 2020 pagina:
2755 1948 3006 2004 duximus
3042 1949 3429 2020 itnprimendos.

2343 2040 2434 2094 26.
2478 2039 2609 2094 Erat
2657 2041 2711 2094 in
2761 2040 2996 2111 quadam
3047 2041 3348 2098 obedientia
3391 2043 3640 2109 monachus,
3668 2059 3720 2098 ne

2275 2132 2422 2187 mine
2478 2130 2819 2208 Guillehnus,
2867 2133 2958 2201 qui
3011 2133 3265 2188 diuturna
3316 2138 3471 2190 cruris
3512 2134 3718 2189 infirmitate

2275 2223 2622 2285 decumbens,
2656 2223 2898 2292 iniuncta
2928 2224 3032 2280 sibi
3066 2220 3288 2296 exseq'ui
3331 2242 3426 2281 non
3468 2236 3626 2296 poterat
3649 2225 3718 2280 olli-

2275 2317 2382 2372 cia.
2415 2314 2530 2370 Hoc
2575 2314 2720 2370 cnint
2759 2314 2814 2369 in
2871 2323 3082 2370 tantum
3139 2327 3391 2389 tumorem
3437 2325 3663 2370 excesserat
3687 2324 3720 2366 ut

2274 2409 2472 2464 amissa
2517 2407 2748 2482 naturali
2799 2407 3012 2474 forma,
3055 2407 3245 2486 globus
3292 2409 3485 2479 quidam
3527 2409 3720 2464 videretur.

2274 2499 2409 2556 Cum
2449 2508 2632 2554 autem
2684 2500 2908 2575 morbus
2956 2515 3301 2582 escrescens,
3339 2499 3457 2555 nihil
3493 2499 3600 2554 aliud
3621 2513 3718 2567 quan

2274 2607 2506 2653 mortem
2530 2597 2866 2667 loqueretur,
2897 2597 2986 2652 ille
3017 2607 3165 2654 totus
3215 2598 3281 2653 ad
3318 2597 3505 2653 abbatis
3545 2594 3720 2652 meritum.

2273 2703 2368 2759 spe
2421 2703 2718 2743 conversus
2768 2697 2822 2743 et
2869 2687 2999 2755 ﬁde,
3063 2689 3312 2744 manibus
3358 2687 3550 2742 admotis
3583 2679 3720 2737 tumenti

2273 2779 2419 2835 cruri
2453 2795 2466 2834 ι
2513 2797 2532 2830 ι
2571 2778 2856 2848 Przecipio,
2907 2779 3104 2850 inquit,
3142 2778 3269 2843 tibi,
3291 2777 3469 2848 passio,
3507 2775 3548 2829 in
3585 2770 3721 2827 nomine

2272 2871 2400 2926 Jesu
2429 2868 2651 2935 Christi,
2681 2879 2736 2924 et
2760 2885 2828 2925 ex
2848 2879 3007 2940 parte
3034 2869 3218 2924 Patris
3254 2869 3397 2936 cujus
3428 2861 3720 2938 praceptisluc

2274 2962 2418 3028 veni,
2447 2970 2506 3015 ut
2530 2962 2791 3023 recedens,
2812 2964 3103 3032 permittas
3135 2963 3421 3034 injunctam
3448 2958 3552 3014 mihi
3587 2954 3723 3022 explere

2273 3054 2660 3110 obedientiam.
2700 3075 2738 3121 ι,
2767 3046 3031 3126 Sequenti
3079 3067 3265 3124 nocte,
3296 3052 3562 3112 dormienti.
3595 3051 3664 3102 duo
3693 3046 3722 3096 in

2270 3145 2408 3200 albis
2433 3160 2736 3215 apparuere
2751 3132 3046 3222 imonachi,
3101 3147 3197 3217 qui
3229 3147 3452 3202 dicerent
3477 3157 3524 3198 se
3544 3156 3568 3194 a
3591 3138 3634 3192 Β.
3661 3135 3726 3188 Ilv-

2271 3251 2409 3307 gone
2435 3239 2701 3302 directos;
2727 3231 2927 3316 dehinc
2952 3253 3097 3293 unus
3119 3239 3332 3309 quidem
3364 3235 3492 3292 cruri
3513 3240 3724 3292 manusm-

2267 3329 2474 3399 posuit,
2501 3327 2699 3384 infudit
2733 3329 2951 3398 oleum;
2979 3329 3123 3386 alter
3168 3346 3294 3386 vero
3345 3327 3529 3388 leniori,
3566 3331 3605 3378 et
3638 3318 3724 3371 velut

2268 3435 2532 3490 suspenso
2558 3421 2836 3493 contactu,
2879 3431 3063 3489 partes
3091 3422 3338 3477 inﬁrmas
3374 3413 3724 3490 perungerct'isus

2267 3520 2371 3565 est.
2397 3509 2514 3577 Quo
2545 3505 2788 3581 peracto,
2821 3527 2944 3568 cum
2991 3511 3374 3580 recedentibus
3417 3495 3634 3562 monachis
3660 3500 3726 3567 ipa

2265 3603 2492 3658 recessit
2519 3587 2830 3672 inﬁrmitas,
2855 3613 2917 3672 et
2959 3603 3418 3667 incolumitatem,
3458 3613 3584 3670 quam
3623 3592 3729 3646 utali-

2264 3695 2388 3750 cina
2415 3709 2536 3765 .non
2587 3692 2785 3768 potuit,
2836 3693 3014 3766 gratia
3065 3695 3310 3751 reduxit.
3339 3692 3570 3761 Evigilans
3611 3696 3728 3738 ιιιαιαο

2265 3785 2402 3841 chus
2454 3800 2578 3842 cum
2641 3785 2871 3855 sentiret
2921 3787 3320 3866 exterminatas
3371 3779 3635 3838 inﬁrmitatis
3669 3788 3728 3866 att-

2262 3879 2492 3950 gustias,
2520 3880 2679 3935 beato
2709 3877 2860 3938 Patri
2911 3893 3011 3934 suo
3062 3863 3369 3936 restitutam
3396 3873 3602 3944 ascripsit
3633 3863 3724 3921 sani-

2263 3979 2453 4025 tatem.
3333 4013 3335 4016 .

2329 4062 2422 4116 Ξῖ.
2461 4061 2539 4117 Ex
2554 4060 2868 4122 difficultate
2893 4071 3107 4134 partus,
3132 4063 3374 4138 quaedam
3400 4057 3578 4122 mulier,
3597 4049 3724 4106 amisso

2261 4155 2457 4228 lingua:
2489 4157 2696 4226 pariter
2720 4167 2776 4212 et
2802 4172 2998 4215 manus
3041 4158 3245 4225 ofﬁcio,
3274 4168 3557 4214 ceterarum
3588 4153 3728 4240 (ιυοφξθ

2260 4250 2498 4320 partium
2529 4250 2855 4305 detrimenta
2879 4249 3232 4307 formidabat.
3265 4244 3547 4319 Huiusmodi
3569 4244 3727 4308 angus"!

2261 4340 2634 4406 dccumbcnti,
2665 4349 2982 4412 suggestum
3011 4341 3068 4397 in
3092 4342 3305 4397 somnis
3325 4349 3422 4404 est,
3446 4345 3640 4406 oportere
3656 4337 3727 4380 call

555 4435 723 4490 vocis
753 4429 1191 4490 reformationem
1213 4449 1279 4490 ex
1311 4433 1481 4490 saeris
1510 4435 1626 4505 ejus
1656 4444 1903 4504 speraret
1926 4436 2158 4502 meritis,
2192 4455 2236 4511 [ι
2262 4431 2566 4488 Laisiacum
2599 4431 2714 4504 (66)
2761 4431 3057 4503 proﬁcisci,
3104 4433 3202 4489 ubi
3239 4431 3437 4490 meritis
3471 4427 3524 4484 B.
3555 4415 3725 4490 Ιίυεοιιίεο

567 4527 862 4600 corrigiam
912 4527 1037 4598 pilei
1065 4528 1202 4598 ejus,
1252 4527 1488 4582 latenter
1539 4527 1822 4596 assumpti,
1877 4526 2018 4582 collo
2049 4530 2158 4583 cir-

567 4621 879 4686 cumdedit;
911 4621 1204 4690 statimque
1241 4618 1440 4685 soluto,
1473 4621 1627 4689 quod
1650 4619 1868 4674 arteriis
1907 4621 2160 4676 obsutbat

569 4711 932 4773 incommodo,
967 4711 1160 4780 priscae
1187 4710 1572 4767 modulationis
1596 4725 1728 4766 usus
1749 4720 1830 4766 est
1864 4713 1913 4766 ei
1938 4712 1993 4766 in
2022 4714 2160 4768 inte-

564 4819 722 4875 grum
755 4801 1102 4859 reformatus.
1129 4802 1430 4857 Articulum
1479 4803 1631 4872 pedis
1666 4803 1945 4873 cujusdam
1976 4803 2149 4859 Theo-

564 4894 759 4959 dorici,
792 4907 1001 4964 magna:
1045 4891 1261 4962 quidem
1293 4893 1478 4947 militis
1507 4894 1782 4962 potentiae,
1813 4894 1907 4949 sed
1936 4894 2160 4964 majoris

564 4987 711 5056 apud
754 4985 924 5042 Deum
973 4986 1298 5051 devotionis,
1334 4985 1536 5042 cancer
1563 4986 1894 5057 (inﬁrmitas
1923 4986 2156 5058 lethalis)

569 5078 844 5146 exederat,
873 5080 1017 5150 quod
1045 5077 1172 5150 quia
1202 5078 1440 5134 studium
1465 5079 1672 5133 vicerat
1709 5077 2009 5144 medicinae,
2058 5094 2159 5132 au-

495 5190 501 5196 ·
568 5169 776 5225 ferebat
801 5181 859 5226 et
899 5186 1050 5241 spem
1081 5171 1226 5225 vitze.
1269 5169 1494 5224 Abbatis
1537 5179 1716 5224 tamen
1770 5169 2001 5234 meritis,
2056 5170 2161 5225 hoc

567 5259 757 5318 ordine
784 5264 1111 5319 exstinctum
1155 5270 1240 5318 est
1285 5261 1571 5318 horrendae
1601 5262 1771 5334 pestis
1825 5262 2156 5318 incendium.

568 5431 821 5490 perennis
844 5421 1299 5490 experimentum!
1323 5437 1343 5472 ο
1370 5431 1478 5490 quo
1492 5415 1679 5473 audito
1704 5415 2002 5473 Rothertus
2027 5415 2155 5472 illuc

549 5486 628 5546 .ie
657 5486 854 5544 deferri
885 5487 1098 5545 fecerit.

637 5579 750 5653 (45)
772 5581 935 5653 Addit
957 5580 1099 5653 idem
1127 5599 1140 5635 :
1185 5581 1293 5639 Bes
1320 5582 1420 5639 ista
1446 5580 1732 5637 notissima
1753 5587 1873 5650 est;
1903 5578 2016 5639 fere
2045 5588 2154 5638 tota

557 5651 757 5713 civitas
787 5651 878 5709 illa
912 5651 1064 5710 testis
1087 5661 1188 5708 est.

2261 4536 2492 4597 utroque
2527 4526 2799 4581 levaretur
2833 4525 3203 4582 incommodo.
3237 4517 3728 4597 Paruitmulier,toll“,e

2259 4596 2458 4685 delata,
2509 4618 2636 4673 dum
2675 4619 3027 4690 praescriptus
3064 4617 3233 4675 Pater
3283 4619 3335 4672 in
3379 4611 3582 4669 oratorio
3599 4596 3729 4696 $.Sttl-

2260 4711 2386 4782 Ρίείί
2416 4709 2530 4781 (47)
2579 4711 2692 4780 ipsa
2718 4720 2987 4780 praesente
3014 4712 3202 4766 divina
3227 4711 3508 4768 celebraret
3540 4705 3726 4770 mysteria.

2262 4805 2478 4870 meritis
2497 4805 2620 4875 ejus
2641 4806 2927 4876 utriusque
2950 4808 3125 4862 morbi
3149 4807 3367 4876 plenum
3391 4799 3556 4857 meruit
3570 4790 3730 4848 obtinet?

2241 4898 2582 4953 remedium.
2609 4897 2877 4953 Credatur
2903 4899 2956 4952 in
2984 4899 3246 4955 sedendis
3271 4900 3586 4953 humanorum
3612 4889 3730 4944 cori”

2261 5005 2384 5044 rum
2415 4989 2781 5060 passionibus,
2835 4990 2948 5046 filio
2995 4991 3307 5060 adoptionis
3332 4987 3557 5044 collatam
3580 4976 3731 5035 desit?“

2262 5079 2430 5134 fuisse
2476 5080 2727 5149 gratiam,
2779 5095 2903 5148 quae
2930 5079 3007 5136 illi
3050 5082 3219 5135 etiam
3254 5080 3308 5134 in
3356 5071 3620 5148 perturbato
3657 5066 3732 5111 κη

2261 5171 2582 5243 perhibetur
2625 5172 2918 5236 exstitisse.
2976 5170 3288 5226 Ludovicus
3336 5169 3468 5224 enim
3523 5149 3732 5243 eomes...el

2264 5234 2466 5333 Sophia
2496 5277 2631 5317 uxor
2660 5277 2781 5328 sua,
2813 5262 3174 5332 praedicanda.
3203 5261 3404 5316 scilicet
3439 5253 3513 5308 vir
3535 5257 3580 5304 et
3609 5234 3730 5297 multa

2335 5419 2839 5493 (‘6)_Lai5ia9um,
2901 5438 2970 5477 an
3030 5422 3292 5493 oppidum
3349 5419 3398 5474 in
3447 5407 3731 5470 Cenomanmso

2261 5491 2713 5566 vulgo_Lassay_?_
2757 5561 2767 5566 Α
2809 5563 2841 5566 __
3067 5491 3079 5493 θ
3107 5491 3144 5566 ξ
3228 5562 3261 5566 __
3301 5526 3333 5566 _‘_
3413 5563 3420 5566 _
3466 5553 3490 5566 ν.

2332 5545 2546 5654 (eis;
2612 5545 2842 5654 ‘smpicn
2871 5603 2886 5629 .
2916 5578 3048 5654 ,ηοςι
3109 5545 3731 5654 Ξιιειμ.ίοίῖηςιξεξε..ιῖεεεῑιῑῗ;¹ξ

2262 5618 2568 5700 excttsutti),
2584 5618 2776 5700 plures
2807 5618 2934 5691 sunt
2962 5644 3068 5691 tota
3112 5618 3291 5690 Gallii
3314 5618 3562 5689 ecclesiae}
3595 5618 3712 5684 68m”

2269 5703 2332 5758 de
2362 5717 2448 5771 eo,
2482 5699 2546 5758 l7
2571 5699 2838 5760 Januarii.
