1964 3149
292 139 344 180 su
391 143 394 147 λ

844 154 873 182 s.
894 153 1049 183 HUGONIS
1069 153 1216 182 ABATIS
1235 152 1396 180 CLUNIAC.
1829 158 1860 188 5;,

290 211 341 238 bus
357 209 480 237 ultimam
503 210 616 237 daturus
633 210 859 244 benedictionem,
884 212 917 238 ad
937 211 1083 246 capitulum
1100 215 1119 243 Α
1137 210 1208 237 Dcus
1224 209 1249 236 ln
1267 209 1318 236 hac
1337 208 1420 236 etiam
1436 208 1491 235 vita
1516 212 1691 243 contemptum
1708 212 1780 246 puniri
1791 221 1860 242 sancto.

289 255 397 283 delatus
418 259 469 282 est.
496 253 557 282 Flet
582 259 740 288 conventus,
758 259 785 283 et
799 260 859 291 eget
885 256 994 288 solatio,
1012 257 1087 291 quis-

289 301 351 334 quis
372 299 454 327 alium
469 299 566 326 nititur
575 300 724 327 consolari.
742 300 900 328 Acc’lamaut
913 300 1086 334 filiiPatrem,

291 345 454 380 magistrum
484 344 609 380 discipuli
638 345 826 379 circumeunt;
859 350 991 373 retractat
1022 354 1087 381 grex

288 391 441 418 indefessas
454 391 572 426 pastoris
584 392 730 425 excubias;
747 396 774 419 ct
788 400 849 427 qum
870 392 1005 427 lacrymas
1022 400 1087 426 pro-

288 441 395 469 vocent,
411 437 531 472 undique
553 437 662 472 pietatis
675 437 734 471 ejus
754 438 869 473 insignia
892 438 1085 472 praedicantur.

253 491 255 496 ν
287 481 390 509 Dehinc
410 482 467 518 ipso
490 482 631 515 innuente,
654 486 809 510 sanctorum
834 483 995 517 imaginibus
1019 490 1088 517 pra:-

257 537 260 564 ς
286 528 415 556 sentatur
437 528 631 564 apostolorum,
661 535 775 563 sperans
799 536 892 555 eorum
911 527 1016 555 meritis
1035 528 1087 555 im-

253 573 257 589 ³
285 573 422 608 ploratum
445 582 475 602 se
498 575 611 609 adipisci
626 575 781 602 sanitatem.
797 574 862 607 Qua:
876 573 1018 601 confestim
1038 574 1088 601 im-

287 625 407 655 petrata,
428 621 536 656 pupillis
565 625 681 648 tutorem
712 621 847 653 restituit,
875 620 937 648 ﬁliis
966 625 1087 655 patrem,

287 666 454 700 pauperibus
467 666 644 701 provisorem.
668 665 722 693 Nec
748 666 839 693 minus
861 666 932 700 slvlo
948 674 1088 693 commen-

289 711 409 739 dandum
424 712 561 739 credimus
576 712 648 747 quod
672 711 787 739 Romam
813 712 1009 747 proficiscenti,
1031 713 1086 740 vita

289 757 394 791 pariter
405 763 432 785 et
448 758 620 785 incolumitas
636 762 678 785 est
700 758 726 785 in
749 762 835 785 morte
850 763 1019 785 conservata.
1043 758 1088 785 llle

290 805 435 840 siquidem,
447 805 511 832 dum
527 810 637 840 propter
645 804 783 832 civitatem
797 804 947 840 Vapingum
959 804 1025 840 (52),
1040 812 1089 839 per

291 851 405 886 abrupta
422 851 554 878 montium
572 855 599 878 et
614 850 748 885 ancipites
773 850 912 877 anfractus
938 850 1086 883 incederet,

1139 262 1211 287 rum,
1226 261 1260 281 ne
1269 253 1359 288 justus
1374 253 1444 281 zelet
1456 262 1535 288 super
1545 254 1644 289 iniquos
1659 264 1737 290 pacem
1751 265 1861 292 peccatorum

1139 300 1364 333 videns,etdicat:
1376 299 1446 334 Ergo
1454 299 1510 327 sine
1524 301 1861 335 rausnjuuiﬁcaricormnna

1139 346 1191 373 lavi
1202 346 1271 373 inter
1281 347 1431 373 innocentes
1447 354 1542 373 manus
1554 355 1622 373 mea:
1634 346 1712 382 (Ptol.
1723 357 1791 380 mu,
1799 351 1862 384 5,15}?

1140 391 1209 419 Sunt
1224 392 1350 419 fortassis
1362 397 1389 420 et
1405 393 1465 420 alite
1479 393 1639 421 occultiores
1650 401 1738 425 causa,
1752 396 1823 429 quibus
1833 397 1861 424 lu-

1139 436 1291 470 dcxjustus
1308 437 1353 464 hic
1368 442 1396 464 ct
1412 438 1616 465 benefactorum
1636 439 1734 473 prsentia
1745 441 1862 474 rcpcntIit,et

1139 481 1254 516 injurias
1271 482 1359 517 punit.
1383 482 1471 510 Porro
1494 483 1627 518 irrogatas
1642 483 1698 510 huic
1710 492 1774 511 servo
1784 494 1860 513 suam

1141 528 1276 562 tumelias,
1296 537 1377 563 quam
1389 528 1514 557 districto
1527 529 1764 565 percussitjudicio,
1776 533 1863 561 succincte

1139 582 1188 602 nos
1207 582 1260 602 non
1278 575 1387 603 tardebit
1408 577 1555 611 explicare.
1581 576 1605 603 ls
1630 578 1714 611 itaque
1732 583 1788 605 totus
1804 586 1862 613 propa-

1139 621 1224 663 gand;
1234 622 1412 649 monasticam
1429 623 1587 657 religionem
1600 624 1691 650 studiis
1700 626 1863 658 occupatus,dum

1139 674 1198 694 eam
1213 667 1239 693 in
1256 668 1423 694 monasterio
1442 668 1624 695 Mauziaccnsi
1637 668 1690 704 (54)
1707 669 1862 698 ιεΐυηιιπεωιμ

1140 712 1244 745 tendit,
1275 713 1468 741 nonnullorum
1497 714 1607 749 pertulit
1628 715 1760 747 invidiam,
1784 717 1864 744 convicit

1139 759 1275 790 sustinuit.
1291 760 1418 786 seductor
1427 765 1454 787 et
1467 760 1619 795 hypocrita.
1637 766 1753 796 tyrannus
1763 767 1783 788 et
1797 762 1864 789 invasor

1139 805 1315 832 acclamatus.
1342 805 1416 833 Inter
1439 813 1509 840 quos
1535 806 1643 841 quidam
1668 807 1766 834 clericus
1786 808 1805 834 in
1823 808 1864 834 hanc

1139 858 1225 885 usque
1240 851 1362 886 prorupit
1390 851 1534 884 insaniam,
1562 855 1591 878 ιιι
1609 852 1706 879 diceret
1726 853 1864 879 cllossmumse

290 896 379 924 altiori
394 897 503 924 cuidam
516 896 669 932 praecipitio
681 896 916 931 incircumspectis
931 895 1087 923 accessibus
1104 891 1124 920 Β
1139 897 1233 924 ocalos
1257 897 1359 928 abbati,
1389 898 1410 924 si
1430 897 1458 924 in
1483 898 1535 925 hoe
1557 906 1626 933 opus
1642 903 1756 933 exoptata
1774 898 1810 925 sibi
1820 899 1864 932 copi:

289 942 420 970 occurrit.
438 942 583 970 Declinans
596 941 667 969 mula
687 942 713 969 in
729 941 838 975 vallem,
852 942 893 969 cui
914 942 1001 976 pritna
1016 940 1086 967 iuni-

290 992 414 1015 terentur
427 987 553 1023 vestigia,
565 988 633 1015 nihil
647 987 762 1015 solidum
780 988 893 1015 invenit.
908 986 1015 1014 Pallent
1029 994 1087 1013 mo-

290 1032 372 1060 nachi
395 1032 471 1069 (55),
493 1031 645 1063 difﬁdentes
673 1033 825 1068 periculum
850 1039 971 1068 praesens
996 1032 1088 1067 aliquo

290 1084 370 1112 posse
389 1078 519 1106 declinari
536 1078 666 1112 consilio;
691 1079 822 1106 Dominus
844 1084 944 1110 autem,
978 1079 1086 1113 plenum

286 1122 377 1150 beata:
396 1122 452 1157 spei
466 1129 493 1150 et
503 1123 596 1158 gloria:
609 1123 689 1150 finem
704 1131 784 1151 servo
796 1131 846 1151 suo
865 1123 1020 1159 providens,
1037 1124 1087 1151 mi-

289 1167 413 1195 rabiliter
426 1176 488 1196 eum
503 1169 536 1196 de
559 1169 662 1203 patenti
683 1170 781 1205 abysso
795 1169 906 1207 eduxit;
931 1170 1004 1197 mula
1019 1169 1088 1197 divi-

291 1213 367 1241 nitus
381 1214 406 1240 in
419 1221 479 1241 eam
493 1215 626 1243 innitente
640 1220 757 1250 partem,
775 1217 802 1243 iu
822 1224 876 1251 qua
902 1216 1018 1244 solidum
1035 1217 1087 1244 iter

289 1264 317 1286 et
330 1260 478 1288 obstaculis
492 1260 607 1288 liberum
621 1262 732 1289 invenit.
759 1262 846 1290 Porro
868 1263 900 1290 de
915 1263 996 1290 simili
1014 1263 1087 1298 peri-

288 1306 365 1339 'cttlo_
381 1306 497 1335 clericus
524 1308 651 1343 quidam,
678 1308 711 1336 de
735 1308 873 1344 llispaniis
900 1317 961 1337 cum
989 1310 1086 1337 abbate

288 1351 456 1387 regrediens,
473 1352 535 1380 dum
557 1353 672 1381 comites
686 1353 720 1381 ad
745 1354 892 1389 hospitium
908 1355 1084 1390 praecederet,

287 1400 315 1423 et
345 1397 514 1432 improvidus
539 1397 566 1425 in
594 1398 760 1426 horrendum
794 1399 965 1428 delaberetur
989 1400 1086 1435 praeci-

287 1442 394 1477 pitium,
409 1443 442 1470 ad
458 1443 612 1471 invocatum
628 1450 726 1472 nomen
740 1444 856 1476 abbatis,
872 1446 1027 1473 ramuscula
1040 1453 1086 1474 re—

287 1492 378 1516 tentus
391 1488 500 1517 liberari
513 1490 672 1524 promeruit.
686 1490 821 1518 Praeterea
833 1491 950 1519 Ceraldo
967 1491 1083 1526 cuidam,

286 1542 335 1570 per
346 1535 465 1570 Ligerim
480 1540 583 1563 temere
607 1536 762 1571 remiganti,
790 1537 890 1572 saepius
910 1537 994 1565 abbas
1010 1538 1085 1565 invo-

287 1584 365 1608 catus
383 1580 500 1608 adfuisse
515 1581 682 1616 perhibetur.
711 1571 858 1610 Submersa
880 1583 978 1618 quippe
1006 1583 1083 1610 navi-
1098 1571 1120 1602 (ἶ

288 1625 367 1659 cula,
395 1633 457 1653 cum
482 1634 526 1655 res
554 1628 588 1655 ad
611 1627 675 1655 vitae
701 1628 852 1663 periculum
876 1628 1002 1662 cederet',
1026 1629 1084 1665 ipse

286 1678 385 1699 nomen
400 1671 459 1706 ejus
476 1672 800 1706 acclamans,incolnmis
822 1673 855 1701 ad
881 1673 968 1708 ripam
990 1679 1085 1701 enata-

284 1718 336 1745 vit.
356 1718 413 1751 Qua
428 1719 456 1746 in
473 1726 600 1754 persona,
617 1727 649 1747 eo
677 1720 793 1755 amplius
822 1720 928 1748 abbatis
956 1721 1083 1748 meritum

287 1762 396 1795 claruit,
415 1772 470 1799 quo
486 1764 530 1792 ille
545 1764 645 1792 dudum
663 1766 789 1792 turbatus
803 1765 956 1798 cerebrum,
974 1765 1084 1800 imperi-

287 1807 324 1834 tia
336 1808 444 1843 quidem
460 1808 615 1836 naviculam
631 1809 767 1843 ascendit,
793 1810 841 1838 sed
864 1810 950 1845 gratia
967 1814 1082 1837 mortem

286 1855 384 1882 evasit.

321 1900 366 1927 3t.
388 1900 484 1936 Magna
495 1908 562 1929 sane
575 1901 654 1936 hujus
666 1902 717 1930 viri
731 1902 841 1935 merita,
851 1901 927 1936 cujus
937 1910 987 1931 nec
1001 1902 1082 1930 amici

287 1947 357 1982 apud
369 1947 454 1974 Deum
465 1948 657 1976 irremunerati
673 1947 793 1980 fuerunt,
808 1955 857 1976 nec
875 1948 999 1983 impuniti
1015 1956 1081 1976 con-

286 1996 446 2027 temptores,
467 2001 522 2021 non
534 1994 605 2027 quod
621 1994 679 2030 ipse
689 1994 770 2021 vellet
785 1999 900 2021 mortem
919 1994 1081 2028 peccatoris,

287 2041 333 2065 aut
345 2045 394 2072 pro
406 2038 524 2066 inimicis
534 2047 614 2067 orare
628 2040 780 2071 desisteret,
804 2039 850 2074 qui
866 2043 978 2066 noverat
997 2039 1083 2066 uenti-

285 2089 348 2109 nem
373 2091 438 2111 vere
457 2084 568 2120 diligere
594 2085 752 2118 Christum,
778 2085 864 2112 donec
887 2089 914 2112 et
941 2084 1081 2112 inimicum

285 2126 411 2162 diligeret
423 2134 535 2164 propter
551 2130 699 2158 Christum.
716 2130 850 2158 Caeterum
863 2130 919 2158 vult
929 2130 1082 2166 Zaliquaudo

322 2194 379 2234 (52)
400 2194 565 2234 Vapiugum,
592 2197 658 2224 urbs
685 2197 846 2234 episcopalis
859 2197 961 2232 ,Calliae
975 2197 1081 2226 Narbo-

284 2232 387 2263 nensis,
407 2231 487 2265 vulgo
500 2231 567 2266 Cap.

321 2266 380 2301 (55)
401 2266 477 2301 Hugo
495 2267 521 2293 in
541 2267 601 2294 Vita
620 2275 677 2295 rem
693 2267 745 2295 hoc
757 2268 838 2294 modo
853 2268 982 2295 describit
1005 2275 1082 2295 num.

284 2301 331 2328 15.
349 2301 462 2330 Romam
478 2302 655 2336 proficiscens
666 2302 812 2337 aliquando
835 2303 915 2330 Pater
930 2303 1019 2337 litigo,
1037 2311 1083 2330 ar-

283 2337 434 2373 ctissimam
447 2337 473 2364 in
486 2337 663 2372 dependentis
674 2338 759 2365 latere
772 2339 846 2373 rupis
860 2338 931 2365 viam
947 2338 1081 2365 introivit.

282 2371 349 2408 Erat
363 2372 477 2400 inferius
492 2371 612 2400 terribile
638 2371 812 2408 profunditur
827 2373 984 2408 praecipitii,
1009 2375 1082 2407 quod

280 2407 326 2434 vix
340 2408 476 2435 viatorum
498 2408 597 2443 aliquis
616 2407 735 2443 unquam
753 2407 851 2435 audeat
872 2407 983 2435 intueri.
1011 2409 1084 2436 Prm-

280 2443 441 2476 cedentibus
459 2444 549 2478 itaque
564 2444 686 2471 seriutim
699 2451 756 2478 prae.
773 2445 870 2471 timore
883 2444 1082 2478 sociis.seque—

279 2478 362 2506 batttr
376 2478 468 2511 Pater,
484 2484 575 2506 mente
592 2484 619 2506 et
636 2479 724 2507 oculis
744 2479 896 2513 dextraque
923 2480 1027 2513 pariter
1048 2479 1082 2506 ad

279 2513 378 2540 malum
394 2514 501 2544 levatis,
518 2515 627 2541 sinistra
641 2514 813 2549 sui‘habeuas
828 2514 949 2541 subsellii
963 2514 1081 2546 tenebat,

277 2549 403 2577 oratione
420 2557 569 2583 suspensus
584 2550 699 2576 Domino
712 2550 923 2576 totusiuhiabat.
939 2550 1082 2576 Pertrans-

277 2584 406 2612 euntibus
420 2590 524 2616 autem,
540 2585 666 2619 quaedam
691 2586 857 2620 paupercula
875 2585 900 2611 in
918 2585 1081 2612 brevissimo

277 2620 355 2653 rupis
370 2621 463 2646 ardua:
484 2627 605 2647 concavo
627 2627 657 2647 se
671 2625 827 2654 receperat;
853 2620 980 2653 nullaque
994 2620 1080 2647 sancti

276 2655 377 2690 bajuln,
394 2656 459 2682 dum
475 2655 627 2683 latitantem
643 2655 717 2683 illam
733 2656 822 2682 subito
842 2656 966 2690 respicit,
982 2656 1081 2682 misere

272 2691 417 2727 pavefacta
438 2690 638 2727 subitorcsilit,
658 2691 783 2717 resiliens
796 2695 851 2717 tota
866 2691 891 2717 in
912 2691 1078 2727 profundum

272 2725 394 2756 immane
420 2726 505 2753 cadit.
534 2726 570 2752 lbi
596 2731 724 2757 sanctus.
755 2731 784 2752 ut
811 2731 874 2752 ante
899 2725 1015 2760 agebat,
1040 2726 1079 2752 sic

269 2765 355 2793 etiam
368 2762 494 2791 cadendo
507 2767 625 2788 mentem
641 2767 667 2788 et
678 2761 772 2788 oculos
787 2762 967 2795 dextramque
975 2761 1008 2787 ad
1022 2768 1080 2788 θω-

269 2801 325 2829 lum
342 2801 460 2828 levatam
474 2797 595 2823 tenebat.
613 2797 871 2830 Cadebatcorpore,
886 2798 935 2823 sed
951 2797 1079 2824 immotus

268 2837 361 2866 rtabat
383 2843 445 2864 cum
473 2833 588 2861 Domino
610 2836 711 2859 mente.
738 2831 883 2867 Praevaluit
908 2833 999 2866 itaque
1021 2836 1077 2858 sta-

267 2874 361 2902 bilitas
373 2870 488 2901 mentis,
502 2876 606 2902 suoque
623 2868 722 2895 sedens
740 2867 879 2900 subsellio,
903 2867 1078 2894 invisibiliter

267 2914 425 2947 reportatus
446 2908 480 2935 ab
498 2904 600 2933 infimis
623 2903 729 2938 vimque
746 2902 864 2930 redditus
878 2907 918 2930 est
941 2907 1013 2930 totus
1033 2903 1074 2931 in-

1139 943 1295 979 tlonaretur.
1326 943 1451 978 Arguuut
1469 951 1530 971 eum
1555 945 1693 979 punienda:
1715 945 1865 979 praesumptionis

1138 987 1177 1015 illi
1202 988 1297 1018 etiam.
1325 988 1371 1023 qui
1405 989 1601 1023 temperantius
1628 989 1711 1016 abbati
1738 990 1865 1020 detnbeinnt,

1139 1033 1259 1061 (licentes
1276 1041 1331 1061 non
1344 1036 1560 1070 exasperandam
1582 1035 1752 1067 contumeliis,
1773 1036 1807 1062 sed
1821 1035 1865 1061 obsc-

1138 1079 1361 1114 quiis_colcudam
1379 1080 1470 1114 potius
1480 1085 1508 1107 et
1521 1079 1628 1107 ordinis
1640 1084 1665 1107 et
1680 1087 1782 1114 personae
1793 1079 1865 1114 digniu-

1138 1128 1204 1152 tem.
1216 1124 1254 1152 Ac
1269 1133 1302 1152 ne
1316 1125 1486 1153 dubitaretur
1501 1126 1527 1152 in
1548 1133 1630 1153 servo
1651 1133 1697 1153 suo
1711 1126 1820 1153 Dulninttttt
1831 1133 1865 1158 gra-

1137 1168 1208 1195 viter
1220 1168 1365 1203 offensum,
1377 1168 1454 1204 juxta
1472 1170 1535 1196 illud
1550 1170 1688 1205 Evangelii
1701 1179 1707 1197 :
1720 1170 1865 1202 Quiroupmrit

1137 1222 1177 1240 me
1190 1215 1287 1248 spernit
1301 1213 1377 1249 (Luc.
1394 1222 1423 1246 x,
1437 1214 1495 1249 l6);
1518 1222 1664 1242 venenosa:
1686 1215 1769 1250 linguze
1784 1223 1865 1249 prrsum-

1137 1258 1242 1286 tiouem
1258 1263 1313 1285 tam
1335 1259 1416 1294 digna
1436 1264 1478 1286 est
1496 1260 1563 1287 ultio
1586 1260 1724 1288 subsecuta
1738 1260 1814 1292 nt,vix
1832 1264 1867 1285 orto

1137 1304 1233 1331 diebus
1251 1304 1376 1336 evolutis,
1389 1305 1515 1340 exigente
1529 1305 1608 1340 culpa
1620 1306 1644 1333 ei
1656 1305 1864 1333 etfodereuturoculi.

1137 1349 1184 1383 qui
1201 1349 1227 1376 in
1242 1349 1336 1377 oculos
1359 1349 1465 1378 abbatis
1480 1350 1643 1387 sacrilegam
1665 1349 1866 1378 atfcctavcmimi

1137 1399 1222 1422 tatem

1172 1441 1218 1469 :52.
1237 1441 1352 1469 Pontius
1363 1441 1397 1469 de
1414 1442 1543 1476 Burgeto,
1558 1443 1602 1470 vir
1618 1442 1762 1471 accusanda:
1772 1440 1866 1469 volnnlatit

1136 1488 1163 1515 in
1188 1495 1297 1515 servum
1323 1488 1389 1520 Dei,
1417 1488 1530 1516 audiens
1557 1489 1685 1517 abbatem
1711 1493 1785 1525 partes
1804 1487 1866 1514 Am!-

1136 1533 1189 1561 nim
1205 1533 1274 1569 (55),
1292 1533 1317 1560 in
1332 1534 1432 1568 quibus
1447 1534 1504 1568 ipse
1524 1534 1691 1566 morabatur,
1709 1534 1866 1563 aditumm,cna

1136 1587 1196 1608 eum
1213 1587 1264 1608 nec
1277 1580 1371 1608 videre
1393 1580 1483 1614 vcllct,
1510 1588 1561 1608 nec
1584 1581 1669 1608 videri
1692 1580 1865 1608 declinassctcor

1136 1630 1250 1661 temptu,
1265 1626 1389 1654 morbum
1400 1626 1530 1654 simulans
1542 1626 1570 1654 in
1587 1627 1684 1654 lectum
1697 1626 1786 1653 decidit.
1797 1624 1864 1650 Facthtd

1134 1677 1176 1700 est
1191 1677 1279 1700 autem
1297 1677 1335 1704 ut,
1353 1672 1416 1700 illuc
1430 1673 1528 1700 abbate
1544 1673 1677 1708 profecto.
1696 1680 1751 1700 vera
1768 1671 1822 1698 fleret
1831 1675 1866 1704 (μ

1135 1717 1287 1753 ﬁngebatur
1301 1715 1465 1749 infirmitas;
1483 1725 1544 1751 qua:
1566 1717 1688 1752 profecto
1709 1717 1732 1744 in
1748 1719 1825 1742 tantum
1835 1719 1864 1738 ιι-

1134 1764 1220 1792 crevit
1245 1767 1285 1796 ut,
1302 1764 1402 1791 amissa
1419 1763 1547 1798 loquendi
1580 1763 1714 1795 facultate,
1739 1761 1834 1789 deductas
1845 1755 1865 1783 ad

1134 1814 1256 1837 extrema
1272 1814 1425 1844 putaretur.
1445 1809 1530 1842 Quem
1555 1809 1651 1844 itaque
1673 1809 1740 1843 pritts
1758 1807 1824 1832 videre
1836 1810 1865 1829 tto-

1134 1856 1194 1889 luit,
1207 1861 1317 1884 coactus
1333 1860 1426 1890 postea
1442 1855 1521 1887 vidit,
1539 1861 1591 1889 per
1603 1849 1864 1881 internuntiosomnimo-

1134 1902 1175 1929 tlis
1186 1909 1305 1933 exorans
1320 1906 1350 1929 ut
1371 1901 1406 1928 ab
1424 1908 1458 1929 eo
1474 1901 1582 1928 visitari
1612 1905 1761 1928 mereretur.
1782 1895 1866 1941 Visith

1133 1954 1216 1982 aeger,
1228 1947 1254 1974 iu
1271 1946 1400 1982 lacrymis
1414 1951 1442 1974 et
1466 1947 1568 1981 gemitu
1590 1946 1695 1980 culpam
1708 1942 1864 1984 ειιιιίίιιξιιιιςεειῖΙ

1133 1997 1159 2020 et
1173 1992 1301 2019 contritio
1319 1992 1409 2019 cordis
1431 1991 1550 2025 veniam,
1579 1995 1608 2018 et
1632 1990 1783 2017 interventus
1799 1983 1865 2011 abbati:

1133 2039 1277 2067 sanitatem
1294 2038 1448 2074 acquisivit.

1168 2086 1213 2113 53.
1231 2085 1390 2113 Cmttobium
1413 2084 1443 2111 Β.
1460 2084 1580 2117 Martini,
1605 2083 1676 2119 quod
1691 2078 1863 2125 Majas-ﬂuuii?

1133 2131 1232 2158 terium
1248 2130 1359 2162 dicitur,
1372 2130 1481 2157 comitis
1498 2129 1701 2165 Andegavensis
1715 2125 1772 2163 (56),
1786 2120 1866 2150 *Μαί

1134 2198 1258 2226 eolumis.
1791 2225 1809 2228 _.
1838 2224 1848 2228 ..

1173 2232 1419 2271 (btiEcgraphnm
1445 2237 1569 2261 nostrum
1592 2236 1621 2260 et
1647 2232 1773 2271 impressa.

1137 2269 1223 2299 censi,
1237 2269 1263 2295 in
1282 2269 1403 2303 margine
1424 2274 1514 2296 autem
1534 2272 1645 2295 notatur
1667 2269 1823 2303 Noysiaceuﬁi

1135 2311 1168 2331 ex
1185 2304 1327 2338 privilegio
1343 2299 1489 2338 przecitato
1508 2303 1649 2330 Paschalis
1674 2299 1742 2337 papae
1763 2299 1866 2338 Μοῇειίεξέ

1135 2335 1225 2374 prii-Ilo
1236 2335 1307 2370 loco,
1317 2335 1465 2366 et'abbatia
1478 2338 1610 2374 Mauziaci
1626 2335 1734 2374 sepiinio
1746 2335 1865 2374 ηοξιιηιῇηξξ

1138 2368 1195 2401 lucc
1214 2368 1306 2400 autem
1316 2374 1342 2400 in
1362 2374 1496 2401 Arvernis
1511 2378 1562 2404 est,
1580 2373 1625 2399 illa
1641 2368 1666 2400 in
1679 2369 1790 2399 Cadurcis
1801 2368 1867 2404 tell"?

1132 2400 1275 2436 iil'lauziaco
1289 2409 1376 2443 major
1395 2414 1449 2435 stat
1464 2400 1562 2436 vicinia
1582 2408 1766 2444 norniniSLtm-a
1780 2400 1867 2444 during!

1130 2432 1635 2479 irrita.“tangatursatiaret;
1649 2432 1825 2479 ignitum
1833 2432 1865 2479 fit

1345 2469 1392 2505 rari
1396 2469 1421 2505 i
1437 2469 1554 2513 pi
1568 2479 1589 2505 A
1595 2487 1622 2504 rv
1627 2477 1749 2505 crtteusis.
1766 2469 1866 2513 convalui:

1130 2515 1169 2542 ~tis
1184 2515 1287 2549 Hugoni
1303 2508 1472 2541 Cluniacensi
1488 2508 1557 2541 hanc
1579 2513 1724 2544 abbatinni,
1739 2508 1865 2549 ex

1135 2542 1248 2576 lli-bern
1276 2550 1383 2576 comitis
1411 2550 1546 2580 Arverni,
1574 2542 1866 2581 ejusdemqueagnationis

1135 2585 1309 2613 confirmatio
1320 2592 1368 2619 per
1381 2577 1656 2618 Philippum'regcm,
1668 2577 1711 2619 an:
1724 2577 1789 2608 1095-

1172 2620 1229 2657 (55)
1250 2620 1305 2647 Hoc
1316 2617 1488 2657 exetuplutu,
1502 2618 1664 2657 prmcedeuti
1678 2617 1848 2657 sicrotlsﬂllﬁ':

1135 2645 1328 2689 siil‘ijtiitciiiiit,
1339 2645 1437 2689 prohat
1454 2645 1489 2681 ibi
1501 2645 1541 2681 ile
1551 2651 1726 2689 Manliaccnsi
1738 2656 1780 2676 non
1793 2645 1866 2689 "ait:

1132 2682 1209 2718 ceiisi
1226 2682 1445 2717 abbatia'aetum
1475 2689 1565 2726 luisse.
1581 2688 1712 2726 AQiucuam
1731 2682 1867 2726 ίιιιιοιξξεξᾞς

1132 2726 1213 2753 sandi
1227 2731 1351 2752 sanctum
1364 2732 1446 2751 causa
1459 2725 1565 2758 utrique
1579 2723 1662 2759 fuisse
1674 2721 1758 2759 potuit,
1768 2721 1858 2759 ,ηιξιίξιξξξ

1132 2761 1343 2795 indignarentur
1358 2761 1457 2787 dictum
1471 2754 1866 2795 abbatiam_Cluui:_tcensiunlim"

1130 2786 1421 2833 dicti‘ouirsnhjectam,
1437 2802 1497 2833 qum
1512 2801 1593 2833 antea
1603 2786 1785 2833 fueratlihcrai

1168 2831 1226 2867 <56)

1830 2611 1866 2633 ιιιει

1260 2813 1421 2830 amatum",
1437 2813 1497 2836 qu...
1603 2813 1753 2833 ....,...._....-.
1845 2813 1866 2840 Μ

1248 2831 1435 2864 Quercetantts
1451 2838 1476 2857 Ill
1488 2835 1559 2857 notis
1568 2830 1675 2855 videtur
1688 2823 1864 2864 nnprubarrfifif'”

1130 2854 1194 2893 hic‘g
1203 2854 1544 2900 vincetur:Andcgavensis
1567 2871 1664 2900 comes-
1704 2854 1775 2900 que"!

1130 2891 1217 2930 fuisse
1225 2891 1546 2929 r'furouc'usciu.”Verum
1559 2899 1591 2926 ad
1607 2891 1719 2925 titulum'
1727 2891 1865 2927 Andrgm'"
