3928 6298
118 359 231 416 881

1701 354 1876 411 \‘lTA.

3323 363 3431 425 831

123 472 411 539 Gaufridi,
442 469 764 542 cognomine
791 468 1036 533 Barbari,
1065 469 1345 539 tyrannica
1382 469 1731 538 praesumptio
1760 474 1808 530 Α
1837 482 2053 524 servum
2086 471 2178 527 Dei
2212 474 2612 543 contemnendo
2637 474 2835 544 duplex
2864 481 3103 530 traxerat
3130 475 3424 543 incommo-

126 566 491 622 vehementer
542 559 814 631 afﬂigebat
847 558 980 629 (57).
1033 556 1273 629 Rogatus
1319 557 1415 613 Dei
1464 573 1652 615 servus
1701 574 1733 613 a

124 658 355 730 prtefati
397 657 593 713 abbate
657 654 914 718 ctenobii,
966 661 1025 707 ut
1065 660 1121 707 ct
1174 652 1401 707 consilio
1448 662 1503 707 et
1528 652 1733 708 oratio-

129 768 270 806 num
311 752 615 805 interventu
655 760 926 817 oppressa:
972 742 1287 805 subveniret
1329 745 1580 810 abbatize,
1623 744 1724 798 'l‘n-

128 845 293 899 ronis
336 856 505 911 usque
557 839 772 909 fatigari
822 854 930 895 non
984 837 1217 899 distulit,
1244 852 1309 892 eo
1337 837 1595 891 libentius
1629 834 1735 890 dif-

128 937 443 992 ﬁcultatem
472 936 572 989 viae
598 947 901 996 assumens,
931 933 1076 1001 quod
1107 930 1247 985 idem
1274 929 1425 984 locus
1456 946 1486 983 a
1513 928 1734 984 Clunia-

126 1028 289 1084 censi
338 1026 641 1097 disciplina,
696 1024 1011 1079 monastica:
1057 1022 1333 1093 religionis
1387 1020 1737 1075 fundamenta

130 1118 466 1186 susceperit.
498 1115 735 1172 Veniens
770 1124 953 1170 autem
1002 1115 1069 1168 ad
1124 1114 1399 1178 comitem,
1446 1127 1568 1167 cum
1605 1111 1736 1165 nihil

131 1210 435 1280 proficeret
461 1208 663 1275 verbis,
712 1220 813 1261 nec
840 1205 1094 1276 amplecti
1132 1220 1327 1277 genua,
1382 1218 1480 1258 nec
1527 1201 1740 1257 advolvi

131 1302 373 1372 pedibus
406 1299 641 1357 erubuit.
686 1298 977 1366 Assumpta
1027 1306 1114 1353 est
1163 1296 1341 1352 omnis
1389 1294 1560 1350 forma
1612 1308 1740 1363 sup-

131 1391 541 1462 plicandi,qua
566 1389 925 1445 mansuetudo
945 1389 1109 1443 etiam
1148 1389 1290 1459 apud
1326 1387 1574 1443 crudeles
1619 1401 1741 1458 pro-

135 1492 377 1541 vocatur
394 1490 726 1553 potestates;
761 1480 848 1535 ille
877 1488 1055 1535 tamen
1082 1479 1325 1534 animum
1352 1494 1548 1551 gerens
1569 1478 1742 1534 obdu-

132 1586 346 1638 ratum,
375 1574 622 1631 abbatem
650 1565 934 1629 aversatus
958 1580 1042 1628 est
1085 1570 1499 1642 supplicantem,
1530 1570 1623 1640 qui
1671 1568 1740 1623 ad

135 1670 282 1724 hanc
317 1680 536 1738 quoque
568 1664 814 1735 prorupit
863 1663 1155 1729 insaniam,
1209 1671 1269 1717 ut
1305 1663 1512 1718 diceret
1570 1675 1630 1715 sc
1676 1660 1737 1715 Β.

136 1758 365 1814 Martini
388 1765 733 1819 conventum,
766 1754 833 1809 ad
862 1753 1184 1822 obsequium
1229 1752 1389 1808 unius
1418 1752 1559 1808 asini
1584 1751 1743 1807 reda-

1839 565 1989 628 dum,
2044 567 2412 636 resipiscendo
2465 568 2651 625 divina
2695 568 2900 626 ultione
2935 583 3181 640 repressa
3214 568 3431 641 plenam

1838 656 2101 723 reciperet
2122 659 2429 715 sanitatem.

1907 744 1997 800 55.
2040 745 2339 816 Perpende,
2383 748 2575 815 lector,
2609 764 2715 820 quo
2772 751 2969 807 alfectu
3014 752 3430 808 commissarum

1838 836 1940 891 sibi
1978 837 2207 893 salutem
2259 840 2535 908 qttmsierit
2581 843 2912 910 animarum,
2944 844 3232 914 quietiam
3286 843 3435 899 circa

1838 928 2219 985 interfectores
2249 931 2434 988 fratris
2465 948 2529 987 ac
2551 935 2722 1002 patris
2747 935 2829 990 sui
2862 935 3175 991 Davidicam
3210 948 3434 1005 expres-

1839 1024 1910 1077 sit
1947 1032 2002 1078 et
2036 1025 2320 1080 minulatus
2354 1034 2438 1080 est
2476 1025 2775 1082 lenitatem.
2821 1027 2871 1083 Is
2921 1029 3090 1093 enim,
3130 1029 3431 1084 secundum

1840 1116 1969 1171 illud
2017 1117 2398 1186 Evangelicnm
2431 1135 2445 1171 :
2504 1117 2782 1184 Dimittite,
2814 1130 2869 1193 et
2906 1121 3238 1175 dimittemini
3278 1120 3434 1191 (Luc.

1840 1225 1914 1273 tv,
1939 1209 2053 1279 '57),
2090 1210 2284 1265 collata
2316 1210 2535 1280 utrique
2580 1225 2675 1266 reo
2723 1212 2921 1281 patrati
2962 1214 3233 1269 homicidii
3257 1215 3432 1280 venia,

1841 1301 2173 1370 confugienti
2219 1301 2286 1355 ad
2322 1316 2379 1356 se
2434 1302 2622 1359 fratris
2651 1302 3010 1370 interfectori,
3041 1306 3127 1361 cui
3156 1306 3224 1360 ad
3268 1306 3438 1361 decli-

1844 1392 2342 1448 nandosinterfecti
2372 1393 2650 1462 proximos
2678 1395 2885 1451 nullum
2906 1397 3126 1465 patebat
3148 1396 3437 1468 refugium,

1842 1491 2047 1540 sanctae
2080 1484 2439 1554 protectionis
2488 1500 2601 1541 suae
2647 1486 2824 1541 sinum
2852 1487 3095 1557 aperuit;
3125 1488 3178 1543 in
3216 1503 3324 1557 quo
3352 1489 3444 1543 ille

1843 1584 2146 1641 susceptus,
2192 1584 2247 1632 et
2280 1577 2595 1647 temporalis
2639 1579 2762 1634 vitae
2800 1579 3099 1635 discrimen
3131 1582 3346 1645 evasit,
3386 1592 3443 1636 et

1845 1669 1988 1723 viam
2016 1669 2214 1724 invasit
2250 1671 2612 1739 sempiternae.
2645 1672 2728 1726 Ad
2764 1672 2976 1728 abbatis
3030 1689 3264 1743 namque
3314 1691 3447 1745 sug-a

1845 1762 2144 1832 gestionem
2177 1771 2531 1833 compunctus
2560 1763 2849 1829 homicida,
2906 1780 3219 1835 supremum
3265 1768 3439 1835 pleni—

136 1860 384 1906 cturum.
418 1848 657 1919 Surgens
685 1846 901 1900 tandem
931 1844 1025 1900 Dei
1053 1859 1243 1900 servus
1267 1838 1297 1898 3
1339 1844 1583 1914 Pulvere.
1615 1858 1738 1899 cum
1771 1825 1816 1886 1⁸
1844 1854 2030 1907 tentia:
2058 1854 2303 1911 habitum
2333 1856 2587 1926 sumpsit,
2615 1857 2668 1910 in
2701 1873 2809 1927 quo
2837 1825 2924 1912 ille
2955 1825 3176 1926 peracta
3204 1825 3440 1915 feliciter

135 1952 486 2014 assumptum
517 1939 788 1996 cblamide
810 1948 1119 2009 tyrannum,
1152 1935 1452 1992 salutiferis
1492 1930 1741 1991 ’emollire

138 2034 415 2089 niteretur
440 2031 687 2101 eloquiis,
722 2030 811 2084 ille
846 2040 1026 2100 rupta,
1056 2044 1162 2098 qua
1201 2027 1432 2083 chlamis
1478 2024 1743 2095 astringe-

141 2127 318 2188 batur,
355 2124 542 2187 ﬁbula,
568 2123 894 2193 contemptis
916 2120 1417 2187 exhortationibus,
1453 2117 1739 2174 abscessit.

143 2216 468 2283 Abscedenti
511 2216 594 2270 vir
628 2215 944 2285 prophetico
986 2222 1159 2269 tactus
1193 2212 1423 2283 Spiritu,
1474 2210 1604 2265 illud
1642 2208 1742 2264 Sa-

146 2307 337 2363 muelis
365 2306 572 2362 dixisse
591 2313 958 2360 memoratur:
987 2304 1221 2359 Scissum
1249 2311 1324 2356 est
1352 2316 1569 2371 regnum
1594 2310 1742 2353 tuum

146 2415 178 2452 ο
222 2408 272 2452 te
318 2398 483 2452 hodie
533 2396 584 2465 (I
616 2395 745 2467 Reg.
779 2410 872 2460 xv,
900 2393 1019 2463 98).
1073 2391 1227 2460 Quod
1276 2390 1517 2461 profecto
1547 2388 1742 2443 vatici—

149 2494 293 2548 nium
350 2491 437 2546 rei
488 2490 666 2544 exitus
719 2486 1015 2542 declaravit
1066 2502 1081 2539 :
1138 2483 1394 2554 expulsus
1446 2481 1647 2538 etenim
1708 2494 1739 2534 a

147 2581 456 2646 consulatu,
488 2580 671 2635 tandiu
698 2586 1040 2648 contemptor
1082 2575 1172 2631 ille
1196 2590 1227 2629 a
1268 2573 1439 2629 fratre
1488 2587 1587 2627 suo
1618 2570 1743 2625 Ful-

148 2688 279 2728 cone
304 2674 561 2729 detentus
600 2678 683 2727 est
715 2670 768 2724 in
810 2682 1055 2730 carcere,
1096 2674 1156 2719 ut
1212 2678 1319 2720 non
1379 2663 1528 2733 prius
1563 2676 1595 2714 a
1645 2675 1743 2713 cu-

152 2764 320 2817 stodia
351 2774 578 2830 corpus,
620 2774 781 2828 quam
811 2756 1037 2826 spiritus
1082 2771 1113 2808 a
1153 2767 1380 2822 corpore
1415 2751 1740 2806 solveretur.

152 2856 244 2911 Cui
298 2855 371 2911 ad
425 2852 702 2909 cumulum
751 2849 972 2904 ultionis
1027 2849 1132 2902 hoc
1176 2845 1341 2933 etiam
1388 2843 1636 2906 accessit,
1686 2849 1745 2895 ut

156 2948 348 3003 amisso
374 2961 541 3001 sensu
567 2944 623 2998 in
658 2940 897 3013 pueriles
920 2938 1154 3009 ineptias
1200 2936 1268 2991 ad
1306 2943 1535 2990 mortem
1576 2945 1746 3002 usque

158 3039 428 3112 deliraret.

219 3133 307 3188 54.
346 3130 623 3186 Berardus
649 3141 863 3199 quoque
908 3126 977 3181 de
1019 3132 1201 3180 castro
1235 3119 1549 3178 Retortorio
1603 3119 1739 3190 (58),

158 3226 206 3279 in
231 3224 421 3280 villam
448 3222 805 3280 Cavariacum
836 3217 950 3289 (59)
983 3231 1102 3286 qua:
1138 3214 1278 3284 juris
1306 3222 1391 3269 est
1427 3210 1744 3267 monasterii

156 3315 565 3380 Cluniacensis,
631 3311 1008 3366 exactionibus
1067 3306 1299 3361 insolitis
1356 3304 1781 3364 debacchatusr

156 3408 385 3464 similem
435 3420 607 3476 poena:
654 3401 913 3458 sustinuit
953 3398 1232 3454 ultionem.
1286 3396 1385 3453 llic
1431 3392 1746 3465 aliquandiu

159 3502 426 3572 patienter
447 3500 731 3563 toleratus,
758 3493 952 3551 deinde
973 3508 1066 3563 per
1097 3490 1367 3561 principes
1397 3498 1452 3544 et
1485 3486 1745 3543 ecclesia-

161 3596 314 3652 sticas
344 3591 665 3649 admonitus
706 3600 987 3656 personas,
1022 3590 1081 3637 ut
1123 3597 1153 3636 a
1184 3580 1479 3653 tyrannicis
1512 3579 1743 3637 desiste-

161 3696 235 3743 ret
256 3686 496 3757 injuriis,
510 3698 636 3737 cum
662 3693 854 3735 omnes
878 3690 1030 3756 atque
1058 3683 1360 3744 sperneret,
1387 3680 1557 3726 totum
1585 3671 1744 3741 hujus

162 3781 231 3835 rei
261 3778 545 3852 negotium
570 3776 629 3830 Β.
657 3772 812 3843 Hugo
835 3767 1028 3826 Joanni
1065 3766 1320 3836 Baptista:
1347 3762 1643 3852 commisit,
1674 3762 1744 3817 ad

158 3884 306 3939 quem
341 3851 465 3924 ille
512 3876 830 3923 conversus,
863 3859 1118 3921 adversus
1160 3852 1443 3925 praefatum
1485 3851 1742 3907 Satanam

161 3960 411 4034 lacrymis
457 3966 513 4015 et
561 3956 765 4028 gemitu
817 3949 1282 4024 promptissimum
1332 3946 1451 4014 ejus
1510 3940 1747 4012 postulat

161 4032 454 4109 auxilium:
496 4048 608 4104 Nec
633 4061 825 4102 mora:
860 4054 1047 4115 preces
1075 4040 1286 4097 abbatis
1332 4035 1613 4093 exauditas
1664 4032 1745 4089 rei

164 4126 387 4202 eventus.
446 4141 706 4199 ostendit.
789 4137 885 4193 ille
945 4134 1246 4198 nimirum,
1314 4145 1477 4186 sensu
1544 4127 1747 4199 pariter

168 4238 353 4293 amisso
378 4244 437 4292 et
465 4234 605 4299 visu,
646 4245 867 4287 suorum
915 4225 1165 4283 manibus
1193 4224 1262 4280 ad
1301 4224 1520 4279 domum
1566 4220 1745 4276 defer-

166 4335 265 4393 tur,
289 4328 514 4385 confusa
551 4326 775 4395 loquens
802 4320 1004 4383 omnia,
1028 4326 1083 4372 et
1104 4314 1424 4373 suscitatam
1452 4312 1743 4367 adversum

167 4420 356 4490 sejusti
384 4419 594 4477 Judicis
626 4412 1047 4485 indignationem
1091 4407 1214 4463 aliis
1262 4419 1475 4477 quoque
1521 4404 1744 4460 demon-

1842 1940 2042 2001 causali
2107 1942 2547 2011 peregrinatione
2600 1943 2758 2015 hujus
2808 1946 3013 2011 mundi,
3068 1947 3197 2001 dum
3250 1950 3445 2003 vivere

1842 2029 2021 2094 desiit,
2050 2032 2233 2085 vivere
2276 2032 2570 2088 inchoavit.
2603 2033 2866 2090 Defuncto
2909 2043 3089 2091 autem
3123 2046 3282 2106 patre
3315 2053 3436 2101 suo,

1841 2135 2001 2190 quem
2059 2121 2166 2177 dux
2219 2122 2542 2193 Burgundize
2596 2140 2763 2193 gener
2814 2129 2931 2195 ejus
2984 2129 3201 2198 propria
3273 2110 3443 2186 manu

1840 2223 2171 2284 peremerat,
2225 2215 2330 2272 hoc
2377 2218 2518 2287 apud
2575 2216 2742 2275 Deum
2788 2218 3098 2275 interventu
3148 2222 3441 2278 subvenire

1842 2306 2049 2363 studuit
2104 2316 2163 2363 nt
2218 2308 2544 2365 delictorum
2584 2309 2701 2379 ejus
2738 2310 3171 2369 satisfactionem
3200 2356 3217 2381 ,
3275 2329 3449 2385 quam

1843 2398 2056 2469 gladius
2090 2400 2304 2455 hostilis
2348 2412 2712 2471 praevenerat,
2744 2404 2799 2458 ia
2827 2404 3064 2474 seipsum
3095 2406 3449 2469 transferret,

1843 2488 2176 2545 continuatis
2202 2489 2508 2546 afficeretur
2526 2490 2773 2561 jejuniis,
2810 2493 3210 2564 frequentiores
3232 2496 3443 2563 hostias

1846 2576 2170 2632 immolaret.
2239 2578 2572 2635 Gestandam
2624 2596 2840 2652 quoque
2890 2583 3133 2653 suscepit
3184 2584 3435 2653 loricam,

1845 2668 2078 2737 propriis
2105 2668 2435 2723 cruciatibus
2457 2678 2943 2741 peccataqucercns
2974 2674 3198 2742 expiare
3239 2674 3437 2730 aliena.

1848 2756 1953 2811 Sed
1982 2765 2036 2809 et
2078 2770 2177 2825 pro
2216 2755 2333 2822 ejus
2391 2756 2761 2831 interfectore,
2820 2775 2888 2815 ne
2942 2761 3009 2815 de
3059 2778 3126 2817 eo
3185 2763 3443 2834 antiquus

1850 2846 2207 2917 triumpharet
2243 2848 2515 2912 inimicus,
2547 2849 2747 2905 oblatis
2793 2851 2902 2906 Deo
2933 2852 3170 2913 victimis
3211 2862 3268 2909 ct
3317 2869 3444 2923 pre-

1848 2940 2001 2995 cibus
2028 2939 2353 2996 intercessit.
2382 2940 2548 3012 Cujus
2576 2941 2737 3012 igitur
2766 2944 3006 3001 charitas
3028 2960 3202 3015 usque
3227 2946 3297 3001 ad
3318 2946 3441 3001 dili-

1846 3032 2050 3103 gendos
2096 3033 2338 3090 excrevit
2394 3033 2667 3103 inimicos,
2708 3051 2815 3090 non
2865 3037 3060 3092 mirum
3109 3037 3227 3103 ejus
3274 3039 3447 3095 etiam

1849 3123 2224 3195 eleemosynas
2253 3125 2394 3182 inter
2418 3142 2612 3184 manus
2639 3128 3002 3200 erogantium,
3033 3130 3175 3200 quod
3199 3130 3446 3185 nonnulli

1849 3225 2137 3281 asserunt,
2193 3219 2522 3287 suscepisset
2576 3222 2992 3276 incrementum.
3043 3220 3281 3292 Contigit
3340 3222 3445 3278 hoc

1848 3307 2145 3374 Ademaro,
2177 3309 2537 3379 dispensatori
2563 3311 2994 3367 benedictionem
3026 3314 3168 3367 servi
3203 3314 3318 3378 Dei,
3348 3314 3444 3384 qui

1847 3401 2192 3469 postmodum
2220 3402 2274 3459 in
2300 3401 2553 3457 abbatem
2583 3410 2637 3458 et
2662 3401 2889 3458 scicntia
2912 3405 3218 3472 promoveri
3242 3405 3444 3462 meruit

1847 3502 1904 3547 et
1932 3492 2065 3548 vita.
2107 3492 2177 3560 ls,
2214 3508 2351 3563 quos
2373 3492 2560 3563 egenis
2604 3508 2672 3548 ex
2703 3492 2917 3549 abbatis
2961 3504 3232 3567 pratcepto
3261 3495 3444 3551 distri-

1851 3585 2059 3654 bueret,
2108 3585 2335 3641 seorsim
2374 3585 2561 3641 decem
2606 3584 2809 3640 solidos
2858 3598 3065 3654 ponens
3095 3625 3112 3651 ,
3164 3600 3287 3641 cum
3344 3600 3445 3657 per

1850 3684 2022 3732 totum
2052 3690 2290 3732 mensem
2313 3675 2493 3746 petius
2519 3689 2613 3729 eos
2634 3672 2908 3730 effundere
2932 3673 3259 3744 pauperibus
3279 3688 3443 3742 quam

1849 3770 1980 3826 dare
2004 3769 2307 3836 videretur,
2330 3767 2671 3837 dispendium
2701 3776 2880 3821 tamen
2912 3766 2966 3821 in
3008 3764 3301 3820 distributo
3333 3778 3441 3825 non

1848 3862 2021 3918 sensit
2072 3867 2317 3931 argento.
2364 3859 2505 3914 Ecce
2557 3856 2845 3927 Sareptani
2884 3855 2988 3912 olei
3046 3855 3443 3910 incrementum

1847 3952 2055 4024 pariter
2080 3959 2137 4006 et
2182 3958 2407 4017 statum,
2454 3948 2683 4020 gratiam
2714 3955 2770 4002 et
2815 3946 3005 4016 gratiae
3034 3944 3443 4019 tinem.Donac

1849 4044 1995 4101 enim
2030 4043 2208 4099 vidua:
2242 4057 2339 4098 vas
2365 4040 2557 4106 adfuit,
2590 4038 2768 4093 oleum
2792 4037 2999 4110 ,tluxit;
3034 4036 3186 4092 stetit
3236 4042 3440 4101 autem,

1847 4144 2137 4206 postquam
2164 4134 2336 4189 defuit
2377 4148 2475 4188 vas
2520 4129 2839 4204 postulanti.
2895 4128 2989 4184 Sic
3041 4135 3098 4183 et
3146 4126 3441 4193 Ademaro,

1848 4230 1991 4300 quod
2019 4229 2174 4284 daret
2196 4225 2547 4298 pauperibus,
2575 4224 2703 4278 dum
2736 4222 2870 4277 ﬁdes
2887 4220 3080 4288 adfuit,
3110 4236 3217 4277 non
3250 4217 3438 4285 defuit;

1848 4320 2017 4377 defuit
2041 4328 2243 4385 autem,
2276 4317 2440 4374 simul
2466 4323 2521 4371 et
2537 4314 2668 4371 dare
2695 4311 2924 4384 gloriam
2951 4310 3064 4367 Deo
3092 4308 3441 4367 etinfirmari

1849 4413 1954 4470 (ide
1975 4411 2158 4482 empit.

168 4520 333 4568 strans
363 4510 600 4569 indiciis.
654 4509 783 4579 Ejus
816 4506 960 4561 enim
991 4504 1186 4567 lectus,
1232 4500 1286 4555 in
1337 4506 1497 4555 nocte
1536 4496 1620 4552 bis
1649 4510 1742 4550 ac—

1921 4504 2012 4559 56.
2052 4502 2198 4558 Idem
2245 4509 2531 4572 praeterea,
2563 4512 2688 4555 cum
2731 4496 2835 4555 sibi
2887 4508 3083 4553 novem
3113 4500 3322 4549 tantum
3352 4504 3441 4547 es-

168 4617 368 4671 census,
395 4602 544 4658 illum
572 4614 707 4672 pene
737 4598 919 4653 debito
958 4592 1293 4664 consumpsit
1340 4588 1613 4655 incendio,
1651 4587 1744 4658 qui

170 4694 460 4751 sanctuarii
495 4691 895 4765 possessionem
937 4684 1309 4742 exactionibus
1337 4682 1589 4739 indebitis
1615 4696 1743 4736 con-

169 4788 403 4843 sumebat
426 4795 481 4843 et
509 4783 733 4855 rapinis.
769 4780 977 4848 Quibus
1018 4778 1104 4833 ille
1148 4775 1371 4847 flagellis
1400 4781 1644 4836 coactus,
1678 4771 1745 4826 ad

166 4879 461 4934 setandem
507 4873 849 4937 revertitur;
902 4869 1118 4939 ahjurat
1161 4866 1495 4931 exactiones,
1548 4864 1744 4919 damna

172 4969 412 5036 restituit,
440 4966 711 5039 pollicitus
759 4964 811 5018 in
854 4960 1220 5018 sanctuarium
1252 4956 1463 5013 Domini
1509 4970 1567 5011 se
1609 4953 1743 5009 nihil

171 5055 411 5132 deinceps
444 5066 920 5132 prmsumpturum.
960 5052 1110 5111 Unde
1142 5050 1344 5107 factum
1396 5055 1479 5104 est
1533 5054 1593 5101 ut
1652 5045 1745 5116 qui

178 5260 674 5318 accesserattitulus
699 5256 1038 5318 Turonensis,
1072 5252 1287 5323 quando
1329 5248 1748 5323 llenricustal-

178 5325 254 5382 ιίίιε
296 5347 385 5388 rex
440 5334 583 5388 hunc
631 5330 967 5390 comitatum,
1018 5321 1315 5379 'l‘lietbaldo
1359 5331 1413 5377 et
1466 5321 1746 5389 Stephano

178 5396 422 5464 ablatum.
449 5418 592 5458 anno
616 5401 750 5457 1037
777 5396 1051 5453 transtulit
1084 5396 1136 5451 in
1170 5395 1372 5448 dictum
1417 5390 1739 5464 Gotfridutn.

243 5471 351 5540 (57)
387 5461 591 5542 Nempe
626 5469 1124 5542 liartholomznum,
1163 5461 1743 5542 Itl:ijori_s-B_lot_tastcrii

182 5533 441 5617 ξὼῑηιέηι,
481 5533 790 5617 ίιίειιηιῳιθ⁸
816 5536 1239 5617 ιιιοηξιξιεξικξυιιι,⁸
1261 5533 1650 5617 antiquissinne
1690 5539 1746 5586 et

183 5601 752 5670 inconcusse-cate.qu
779 5608 1137 5664 immanitatis
1158 5601 1457 5678 privilegiis
1482 5601 1742 5678 gaudens,

184 5691 283 5734 suae
312 5684 518 5741 volebat
550 5682 806 5750 potestati
862 5673 1173 5747 subjiceref
1204 5686 1260 5750 et
1310 5692 1340 5730 a
1361 5673 1474 5750 T_se_
1496 5673 1742 5750 baculum

186 5756 489 5870 pastoralem
531 5741 644 5808 sive
677 5741 1049 5807 investitut‘am
1078 5741 1247 5812 sumi;
1300 5756 1359 5801 ut
1390 5745 1618 5801 habetur
1643 5741 1745 5795 dif-

211 5833 290 5870 ..ιε
317 5824 361 5870 ir.
408 5826 555 5870 Aonie
580 5823 837 5870 mmitum
866 5819 1361 5870 Andeaavensium.
1412 5818 1550 5870 inter
1593 5821 1745 5869 notas

211 5833 290 5876 “se
316 5824 368 5882 it.
403 5826 555 5886 Aetis
580 5823 837 5883 comitum
866 5819 1366 5891 Andegavcnsium,
1412 5818 1550 5874 inter
1593 5821 1760 5869 notas.

1855 4606 1977 4655 sent
2022 4595 2231 4655 denarii
2276 4608 2484 4665 eosque
2523 4592 2764 4650 dedisset
2810 4588 3026 4646 mulieri
3083 4582 3439 4656 pauperculae,

1854 4693 2105 4749 inventos
2157 4689 2300 4760 apud
2340 4702 2399 4744 se
2430 4685 2740 4756 quindecim
2771 4694 2968 4736 aureos
2997 4677 3191 4741 obtulit
3237 4671 3444 4729 abbati.

1853 4784 2000 4852 Quos
2038 4779 2416 4851 magnanimus
2443 4776 2613 4832 abbas
2649 4772 2833 4828 statim
2879 4770 2933 4824 in
2980 4768 3102 4824 sinu
3143 4775 3447 4836 pauperum

1854 4888 2119 4947 reponere
2178 4869 2483 4935 festinavit,
2542 4866 2720 4923 sciens
2772 4862 2979 4919 nullum
3026 4873 3217 4931 agrum
3247 4853 3441 4910 cultori

1854 4984 1953 5025 suo
1982 4967 2218 5023 feracius
2251 4979 2414 5036 quam
2466 4960 2645 5018 sinum
2696 4969 2994 5029 pauperum
3032 4962 3438 5024 responsurum.

1853 5057 2115 5115 Probavit
2166 5056 2272 5113 hoc
2322 5054 2445 5126 ejus
2471 5048 2819 5110 Camerarius
2850 5045 3104 5112 Jarento,
3143 5039 3443 5099 Valentiam

1854 5259 1921 5315 ad
1958 5257 2341 5312 bibliothecam
2368 5269 2397 5308 a
2427 5251 2766 5319 Quercetano
2790 5243 3095 5319 productis.

1931 5309 2337 5401 egressam
2366 5309 3296 5401 ιιεῑοςιοτίιιιμιν.ιίιιεοιιιιηρηπὴρ
3344 5309 3447 5401 ἕξετ’

1853 5383 2166 5461 Ιιοῖιεῖἱιιηι,
2194 5396 2355 5463 vulgo
2383 5393 2610 5459 Riotier,
2642 5389 2711 5446 ad
2748 5387 2963 5443 Ararim
2988 5384 3234 5451 ﬂuvium,
3264 5383 3316 5437 in
3344 5392 3448 5436 ter-

1852 5469 2045 5526 ritorio
2076 5463 2463 5538 Lugdunensi._

1925 5541 2040 5611 (‘59)
2079 5526 2221 5611 idcum
2272 5535 2438 5611 lingu
2492 5532 2871 5611 Citavarichs,
2923 5526 3445 5611 s‘ttspicortmnt‘atto

1854 5592 2054 5666 nunc}
2080 5592 2157 5664 in
2182 5608 2219 5675 ι,
2272 5592 2403 5661 illud
2443 5619 2562 5675 esse
2593 5592 3101 5675 quod__Chnufaifl_es
3146 5602 3364 5675 notatur
3391 5592 3440 5672 in

1855 5661 2265 5751 tnappirs,qua'si
2304 5661 2677 5751 Cavaliacunt,
2717 5661 2978 5728 Cluniaco
3026 5669 3232 5726 distans
3275 5661 3445 5720 leucis

1858 5744 2147 5822 vntfintei‘
2177 5748 2391 5807 Ararim
2422 5757 2475 5805 et
2504 5744 2760 5818 Ligerim.
