3928 6298
548 331 655 392 888

1634 336 1692 392 S.
1726 337 2030 395 HEGOMS
2061 339 2348 397 ABBATIS
2372 340 2696 401 CLUNIAC.
3612 348 3675 403 iii

548 466 673 507 cum
696 451 855 506 beato
880 451 1039 507 Patre
1058 451 1425 522 proficiscens.
1472 451 1591 523 Ipse
1632 452 1884 509 nimirum
1916 456 2122 509 exhau-
2151 463 2196 519 Α
2227 470 2388 527 quam
2422 457 2686 511 virtutum
2710 455 2939 510 materia
2972 455 3090 510 fuit.
3124 443 3359 513 Nonnulli
3387 473 3568 529 namque
3596 464 3678 519 diu.

548 546 648 600 stis
678 546 729 599 in
753 560 882 600 usus
914 559 1201 615 egenorum
1233 536 1539 616 marsupiis,
1572 548 1694 600 c'um
1723 547 1907 602 decem
1926 549 2128 603 solidos

547 638 719 704 (quos
774 635 827 688 in
871 649 1138 705 expensas
1188 634 1417 690 fratrum
1466 638 1871 706 reservaverat)
1921 638 2130 694 abbatis

546 727 717 795 iussu,
750 726 890 780 tristi
920 730 974 780 et
1009 741 1197 780 amaro
1248 737 1499 796 erogaret
1528 728 1709 783 animo
1742 746 1755 783 :
1800 746 1820 780 ι
1859 729 1999 795 Noli,
2047 732 2130 786 in-

544 818 658 884 quit
697 816 886 879 abbas,
918 816 1048 881 noli,
1080 818 1175 882 fili,
1209 828 1473 883 metuere,
1504 835 1611 874 non
1645 821 1967 877 intrabimus
2000 840 2127 894 ροι-⁴

545 918 654 961 tam
680 910 931 975 civitatis,
968 911 1139 965 donec
1190 927 1336 982 ager,
1372 914 1461 982 qui
1502 915 1709 968 semina
1739 916 2125 980 commisimus,

543 999 852 1063 fructificet,
888 1002 1120 1056 reddens
1144 1003 1372 1071 amplius
1409 1019 1569 1073 quam
1599 1007 1886 1076 receperit.
1927 1026 1944 1059 ι
1974 1005 2127 1072 Quod

544 1089 783 1160 profecto
806 1092 1119 1146 vaticinium
1153 1095 1339 1147 statim
1370 1096 1669 1163 promissus
1698 1098 1934 1166 implevit
1961 1113 2128 1151 even-

545 1189 661 1245 tus;
707 1181 856 1249 prius
885 1182 1029 1235 enim
1076 1198 1238 1251 quam
1285 1194 1493 1253 portam
1546 1187 1783 1242 civitatis
1839 1187 2124 1252 intrarent,

544 1272 724 1326 adfuit
754 1273 844 1341 qui
876 1287 972 1341 pro
1003 1274 1187 1341 paucis
1234 1274 1470 1329 denariis
1497 1277 1611 1330 auri
1642 1278 1851 1347 pondus
1880 1292 1983 1332 non
2012 1293 2129 1332 mo~

546 1360 727 1415 dicum
759 1363 808 1417 ei
838 1363 1143 1432 largiretur.
1166 1364 1474 1419 Admiratus
1497 1368 1839 1437 dispensator
1876 1370 1984 1422 Deo
2009 1369 2125 1438 glo-

547 1453 685 1512 riam
716 1455 885 1521 dedit,
935 1465 1080 1510 tanto
1106 1456 1251 1510 circa
1299 1472 1562 1528 pauperes
1622 1458 1795 1515 factus
1847 1458 2130 1531 benignior

545 1556 751 1615 quanto
781 1547 846 1603 de
876 1547 1125 1603 mercede
1146 1549 1407 1604 securior.

1159 1636 1387 1718 CAPUT
1437 1663 1501 1718 γι

546 1746 704 1804 Multi
732 1750 801 1803 ad
824 1750 1087 1804 meliorem
1110 1761 1155 1804 et
1181 1753 1522 1807 monasticam
1548 1754 1701 1807 vitam
1731 1755 1794 1807 ab
1818 1771 1877 1809 eo
1901 1754 2124 1816 inducti,

758 1844 759 1847 η
814 1822 1061 1889 templum
1088 1821 1430 1877 Cluniacense
1454 1825 1853 1893 ampliﬁcatam.

615 1912 705 1965 57.
748 1911 967 1967 Talibus
1008 1914 1278 1984 tantisque
1313 1916 1571 1969 virtutum
1623 1917 1931 1985 prteconiis,
1967 1918 2132 1972 homo

547 2000 655 2056 Dei
706 2004 977 2059 maximus
1025 2005 1167 2059 inter
1212 2020 1437 2077 magnos
1494 2007 1813 2073 habebatur,
1851 2009 2132 2065 ambulans

546 2094 690 2149 viam
720 2095 1148 2163 immaculatam,
1176 2105 1233 2151 et
1262 2098 1384 2151 filiis
1416 2108 1616 2154 sancta:
1671 2098 1990 2155 imitationis
2020 2116 2133 2156 sua:

548 2186 847 2241 monastica
883 2188 1153 2243 suscitans
1198 2196 1255 2243 et
1299 2188 1545 2245 exaltans
1595 2190 1865 2244 instituta.
1906 2190 2133 2247 Extensi

549 2285 676 2330 sunt
713 2277 963 2347 palmites
1008 2278 1169 2347 hujus
1213 2278 1345 2331 vitis
1389 2293 1560 2347 usque
1590 2280 1656 2333 ad
1685 2294 1855 2344 mare,
1880 2289 1935 2334 et
1965 2276 2135 2350 usque

552 2369 619 2423 ad
672 2367 868 2423 ﬂumen
905 2370 1227 2439 propagines
1276 2368 1415 2437 ejus.
1468 2370 1546 2423 Ex
1587 2371 1673 2425 his
1717 2371 1946 2427 abbates
1996 2388 2133 2426 non-

551 2460 707 2527 nulli,
734 2462 981 2531 exemplo
1023 2462 1229 2531 pariter
1272 2470 1327 2516 et
1378 2464 1568 2530 verbo,
1617 2463 1843 2519 collatas
1892 2464 2135 2519 extulere

551 2556 879 2626 dignitates;
910 2556 1000 2610 alii
1042 2570 1173 2611 vero
1201 2558 1401 2611 virtute
1431 2565 1639 2611 tantum
1688 2557 2002 2627 conspicui,
2056 2558 2136 2612 sic

552 2650 607 2707 in
635 2664 799 2705 carne
825 2658 1019 2720 praeter
1045 2665 1265 2706 carnem
1292 2651 1567 2717 vivebant,
1585 2661 1643 2706 ut
1664 2666 1786 2706 cum
1811 2651 2136 2706 necessitate

554 2742 720 2795 rebus
748 2741 1076 2797 interessent
1104 2742 1408 2808 hominum,
1442 2743 1718 2798 voluntate
1762 2742 1924 2798 rebus
1973 2758 2137 2814 ange-

552 2828 1103 2890 laruminteressent.
1151 2834 1261 2889 Hos
1295 2850 1615 2911 enumerare
1642 2836 1918 2904 vitamque
1947 2850 2135 2890 eorum

550 2925 803 2996 praesenti
858 2926 1075 2995 negotio
1121 2926 1419 2996 prosequi,
1484 2934 1639 2981 extra
1683 2935 1883 2981 metam
1944 2941 2138 2981 currus

551 3024 717 3087 agere
734 3025 838 3081 est,
873 3017 977 3070 nisi
1002 3016 1129 3087 quia
1174 3016 1293 3073 laus
1332 3017 1603 3086 discipuli,
1633 3016 1800 3087 gloria
1836 3025 1917 3070 est
1942 3026 1995 3070 et
2025 3032 2141 3070 ma-

552 3108 726 3178 gistri.
770 3108 876 3162 Sed
928 3117 984 3161 et
1037 3106 1271 3162 ﬁliorum
1316 3108 1654 3164 devotionem
1708 3108 2022 3178 praedicare,
2082 3116 2139 3161 ιιι

553 3183 747 3251 ηιείἱιιι
771 3196 949 3251 Patris
971 3197 1221 3261 extollas,
1258 3197 1388 3251 nihil
1421 3198 1565 3252 aliud
1613 3208 1696 3253 est
1725 3212 1886 3267 quam
1917 3199 1960 3252 si
2008 3197 2137 3253 solis

554 3284 899 3355 splendorem
956 3288 1166 3341 facibus
1195 3286 1426 3341 admotis
1476 3286 1731 3353 adjuvare
1764 3288 1999 3343 coneris.
2032 3288 2137 3344 Su-

553 3386 782 3445 persunt
814 3377 958 3431 enim
990 3378 1168 3433 adhuc
1201 3387 1347 3433 tanta
1370 3378 1633 3433 virtutum
1664 3376 1781 3447 ejus
1821 3387 1982 3448 atque
2011 3393 2141 3449 ope-

556 3486 675 3526 rum
713 3472 967 3543 insignia,
1001 3482 1062 3529 ut
1109 3475 1175 3528 ad
1219 3490 1407 3529 eorum
1462 3475 1807 3538 relationem,
1862 3485 2138 3546 assumpta

556 3563 832 3633 paululum
851 3566 1055 3635 requie,
1074 3566 1221 3620 velut
1240 3565 1581 3620 anhelantem
1608 3581 1805 3636 equum
1826 3582 2048 3623 necesse
2072 3567 2143 3621 sit

557 3656 850 3724 respirare.
875 3655 1215 3727 Quapropter
1238 3642 1307 3711 ad
1344 3658 1534 3712 horam
1574 3657 1773 3729 stylum
1798 3657 2140 3728 deponimus,

556 3749 651 3805 Dei
685 3763 865 3814 servo,
898 3750 982 3803 cui
1012 3749 1101 3805 ille
1141 3748 1454 3817 famulatur,
1493 3748 1803 3820 adiuvante,
1841 3738 2143 3807 fiduciaiius

555 3856 677 3912 qua:
711 3840 941 3909 restant,
976 3844 1281 3914 aggressuri
1311 3842 1447 3914 (60).
1682 3866 1685 3869 λ
2138 3848 2139 3851 “

626 3935 717 3989 58.
758 3932 878 3988 Jam
896 3933 1119 3989 lubricae
1144 3933 1447 4002 iuventutis
1470 3933 1794 3991 offendicula
1817 3934 1903 3989 vir
1920 3942 2143 3990 sanctus

555 4025 839 4080 iiioffensis
879 4024 1157 4095 gressibus
1202 4035 1477 4091 evaserat,
1529 4041 1560 4080 a
1606 4026 1890 4081 nativitate
1924 4028 2141 4095 quidem

558 4116 842 4188 sexaginta
876 4119 1135 4188 quinque,
1178 4132 1207 4172 a
1258 4118 1601 4188 susceptione
1630 4127 1811 4173 autem
1843 4118 2143 4188 regiminis,

559 4222 732 4261 annos
768 4219 960 4276 gerens
999 4207 1379 4277 quadraginta.
1417 4208 1785 4263 Calefaciebat
1828 4222 1951 4263 eum
1996 4208 2147 4278 virgo

558 4298 860 4368 sapientize,
887 4314 1049 4367 quam
1071 4299 1263 4354 beatus
1291 4314 1457 4354 senex
1481 4299 1630 4354 velut
1661 4298 1829 4353 David
1871 4288 2149 4369 ampleta-

559 4407 671 4457 tns,
696 4406 819 4445 cum
841 4406 1066 4460 corpore
1090 4392 1367 4455 deliceret,
1386 4391 1697 4445 maturitate
1724 4406 1916 4446 sensus
1940 4399 1995 4445 et
2020 4406 2147 4446 con-

2230 547 2328 602 ciis
2358 546 2520 601 facile
2543 554 2754 609 carent,
2785 546 2853 600 ab
2894 547 3149 616 appositis
3176 556 3347 600 autem
3373 549 3499 616 pauci
3535 566 3679 619 possunt

2229 628 2538 700 abstinere;
2572 638 2714 706 quod
2747 647 2927 691 tamen
2960 637 3041 691 slc
3076 636 3135 689 Β.
3182 636 3327 707 ilugo
3355 643 3617 694 consueverit
3647 656 3682 697 ot

2230 744 2353 784 cum
2395 728 2561 783 multa
2592 744 2861 798 pransuro
2914 736 3257 797 ponerentur,
3304 743 3364 781 ex
3403 729 3475 783 bis
3504 733 3683 787 modicam

2231 821 2532 891 indulgeret
2575 832 2805 886 naturae,
2838 821 2971 874 nihil
3025 820 3176 890 gulaz.
3229 819 3476 889 Quidquid
3512 822 3685 878 ultraue

2229 912 2467 966 cessaria
2513 910 2800 966 refectioni
2862 910 2981 979 eius
3030 910 3277 974 accessit,
3333 911 3478 963 turbae
3521 916 3684 977 servivit,

2231 1018 2335 1057 non
2362 1017 2637 1071 personae;
2681 1003 2891 1068 egenis,
2920 1018 3025 1057 non
3049 1002 3245 1055 abbati.
3272 999 3376 1066 Qua
3404 1003 3448 1055 in
3473 1002 3684 1067 refectione,

2230 1095 2427 1148 mirum
2456 1094 2614 1148 valde
2654 1093 2775 1158 fuit,
2818 1094 3003 1147 vinum
3041 1106 3309 1161 nunquam
3336 1091 3425 1143 sibi
3465 1094 3686 1161 appositam,

2230 1186 2322 1240 sed
2354 1186 2497 1240 sicca
2538 1186 2675 1253 dape
2698 1184 2873 1239 soluta
2907 1184 2986 1239 sic
3028 1182 3251 1253 jejunia,
3291 1182 3423 1235 velut
3458 1184 3494 1235 si
3535 1198 3688 1236 camer-

2230 1286 2344 1330 tum
2398 1275 2664 1341 facturus,
2701 1275 2908 1331 calcem
2960 1284 3167 1328 tantum
3206 1273 3420 1327 misceas
3458 1282 3500 1326 et
3528 1288 3687 1327 arenae.

2231 1370 2321 1425 Sic
2352 1370 2441 1425 ille
2468 1370 2698 1425 debilem
2724 1384 2832 1424 non
2868 1368 3062 1423 debilis
3105 1376 3318 1421 aetatem
3346 1380 3690 1434 percurrensnco

2234 1461 2421 1532 ligioni
2448 1462 2690 1531 quotidie
2720 1460 2925 1531 aliquid
2967 1459 3207 1527 adjecit;
3248 1466 3436 1531 quanto
3476 1458 3689 1511 viciniam

2231 1552 2501 1606 sentiebat
2528 1552 2690 1606 tinem
2725 1551 3033 1606 commissae
3074 1549 3178 1604 sibi
3228 1547 3439 1610 militiae,
3482 1556 3593 1598 tanto
3623 1562 3693 1597 aln-

2232 1644 2374 1713 plius
2424 1654 2606 1699 castra
2655 1643 2867 1698 Domini
2907 1652 2961 1698 et
2989 1641 3169 1697 verbis
3196 1638 3433 1694 erudiens
3457 1646 3501 1691 et
3523 1637 3693 1704 exemplis

2232 1736 2577 1792 antecedens.
2627 1734 2831 1789 Statuit
2874 1733 3039 1789 etiam
3085 1729 3389 1786 monasterii
3433 1727 3523 1797 (6i)
3557 1727 3695 1780 Clunia-

2234 1830 2412 1884 censis
2439 1828 2701 1899 ampliora
2734 1841 2937 1897 ponere
2987 1823 3351 1887 fundamenta,
3391 1820 3612 1890 impatiens
3631 1818 3695 1872 frt-

2236 1930 2346 1975 tres
2372 1920 2618 1993 quotidie
2647 1926 2704 1973 et
2725 1917 2922 1971 merito
2949 1923 3262 1969 crescentes
3283 1922 3336 1967 et
3372 1925 3572 1969 numero,
3592 1925 3695 1978 angl-

2234 2015 2334 2070 stis
2357 2013 2651 2067 admodum
2686 2010 2905 2081 gravari
2944 2008 3197 2063 oﬂicinis.
3239 2006 3426 2061 Sanum
3451 2017 3555 2057 sane
3588 2000 3697 2053 Patris

2234 2105 2614 2176 propositum,
2670 2088 2816 2172 quod
2874 2101 3081 2171 pariter
3132 2108 3190 2153 et
3254 2095 3489 2152 revelatio
3542 2101 3583 2145 et
3619 2091 3696 2144 felix

2235 2188 2461 2253 eventus
2495 2178 2751 2251 Ostendit.
2780 2193 3008 2249 Cuidam
3056 2204 3292 2258 namque
3321 2188 3537 2249 fratrum,
3558 2184 3696 2237 nomine

2236 2290 2481 2347 Gunzoni
2534 2289 2670 2357 (62),
2723 2284 3081 2357 praedicanda
3113 2283 3404 2353 quidemet
3448 2278 3698 2332 illustrame-

2237 2384 2424 2439 moria:
2450 2383 2588 2444 viro,
2636 2380 2728 2436 sed
2772 2394 2839 2434 eo
2870 2386 3113 2446 tempore
3169 2373 3407 2443 corporis
3432 2367 3619 2424 molestia
3642 2366 3697 2418 deo

2236 2477 2510 2534 cumbenti
2547 2475 2740 2530 Petrus
2791 2471 3041 2542 apparuit
3077 2467 3367 2539 apostolus,
3414 2462 3592 2518 infulata
3617 2473 3699 2511 con-

2238 2571 2468 2639 stipatus
2488 2566 2765 2623 consortio
2795 2562 2934 2634 (63),
2964 2570 3020 2615 et
3052 2559 3277 2614 alterius
3319 2553 3552 2625 cujusdam
3584 2546 3700 2602 mndi-

2239 2661 2403 2716 tionis
2431 2658 2731 2730 praeferens
2763 2653 3130 2722 maiestatem.
3165 2649 3268 2716 Qui
3313 2660 3485 2701 nomen
3524 2645 3702 2735 sumina

2238 2752 2502 2807 adventus
2536 2762 2756 2804 causam
2792 2742 2995 2817 jacenti
3048 2740 3330 2796 declarans
3362 2751 3376 2789 :
3414 2753 3430 2785 ι
3461 2732 3619 2793 Frater,
3654 2732 3704 2817 inf

2239 2844 2374 2915 quit,
2430 2843 2497 2895 ad
2548 2815 2807 2893 abbatem
2854 2834 3048 2889 festina
3094 2830 3392 2899 nugonem,
3440 2824 3640 2915 relaturus
3672 2815 3702 2866 ei

2239 2948 2461 3004 gravem
2492 2931 2622 2986 mihi
2650 2943 2773 2984 esse
2800 2939 3042 2981 mearum
3078 2934 3385 2993 pressuram
3429 2914 3587 2974 ovium,
3612 2919 3705 3004 quas

2242 3000 2383 3094 intra
2421 3030 2571 3094 septa
2600 3017 2974 3076 Cluniacensis
3005 3015 3150 3071 illius
3186 3012 3339 3068 ovilis
3367 3007 3583 3094 inclusas,
3612 3000 3705 3092 locus

2243 3090 2698 3182 uritangiistior;
2737 3117 2951 3176 tempus
2972 3118 3092 3159 esse
3123 3116 3235 3171 quo
3264 3100 3348 3153 ille
3371 3090 3631 3153 materialem
3657 3090 3704 3137 δέ

2242 3207 2594 3275 praepararet,
2621 3200 2711 3268 qui
2754 3198 2807 3251 in
2834 3196 2915 3251 eis
2944 3196 3057 3261 jam
3104 3188 3433 3262 spiritualem
3461 3183 3707 3275 litorali-1'

2243 3273 2461 3351 raverat
2515 3292 2875 3348 mansionem.
2928 3287 3066 3341 Huic
3114 3293 3298 3337 autem
3349 3273 3707 3349 legatiouilupl'l

2241 3388 2457 3444 caatcris
2487 3401 2547 3441 es
2572 3385 2802 3447 electus,
2835 3364 2894 3435 ut
2934 3394 3003 3433 ex
3039 3376 3239 3433 collata
3274 3372 3362 3427 tibi
3407 3367 3603 3423 sanitate,
3626 3358 3708 3410 illis

2241 3482 2423 3537 verbis
2457 3479 2700 3534 accedat.
2741 3495 2758 3527 ι
2785 3473 2999 3544 Adjecit
3030 3471 3199 3525 etiam
3242 3463 3495 3522 addendos
3519 3458 3709 3544 eiscpltln

2244 3588 2437 3637 annos,
2488 3571 2535 3625 si
2595 3568 2833 3624 ﬁdeliter
2869 3543 3193 3634 impositam
3226 3559 3324 3615 sibi
3375 3543 3710 3647 ρεηεθτθίίω

2245 3634 2546 3729 dientiam;
2577 3663 2798 3717 beatum
2834 3673 2965 3713 vero
2998 3656 3301 3725 Hugonem,
3344 3650 3384 3703 si
3424 3656 3579 3716 parere
3598 3634 3711 3690 difer-

2246 3765 2351 3821 ret,
2384 3752 2790 3810 incommodum
2827 3749 2971 3820 quod
2997 3749 3204 3802 refator
3236 3748 3467 3800 evaserat
3487 3732 3710 3827 subiturum.

2247 3847 2343 3902 llis
2373 3848 2556 3915 dictis,
2609 3845 2722 3914 ipse
2776 3839 3043 3896 funiculus
3094 3837 3319 3892 tendere
3368 3832 3495 3884 visus
3530 3831 3611 3879 est.
3644 3827 3713 3881 ψει

2247 3924 2601 4009 longitudinis
2648 3946 2811 4005 atque
2855 3930 3155 3987 latitudinis
3213 3925 3383 3983 metiri
3422 3916 3711 4009 quantitatem;

2247 3998 2487 4087 ostendit
2524 4029 2574 4084 ei
2619 3998 2785 4082 etiam
2833 4023 3073 4078 basilica:
3115 4020 3423 4089 qualitatem
3470 3998 3714 4097 fabricauit,

2251 4118 2421 4178 menti
2460 4120 2578 4191 ejus
2607 4127 2664 4173 et
2712 4114 3071 4171 dimensionis
3107 4120 3165 4167 et
3193 4102 3471 4165 schematis
3499 4098 3714 4154 memorum

2253 4216 2499 4272 tenacius
2530 4216 2736 4267 baarere
2760 4207 3100 4278 praecipiens.

2266 4306 2269 4309 ’
2325 4309 2415 4364 59.
2457 4273 2881 4377 Expergefactus
2924 4273 3111 4361 frater,
3150 4293 3332 4350 abbati
3367 4304 3421 4346 se
3448 4295 3595 4377 sospes

2255 4401 2341 4467 lit,
2390 4394 2479 4456 eui
2527 4370 2749 4452 morbus
2781 4392 3057 4447 interitum
3112 4386 3436 4442 minabatur.
3491 4370 3717 4467 delerunt"I

559 4483 667 4549 silii
700 4482 1079 4563 prmrogativa,
1112 4480 1330 4536 sibimet
1352 4473 1739 4536 eniinebat.Ex
1764 4474 2146 4547 incommodis,
2182 4505 2228 4565 ι)
2254 4443 2341 4548 ει,
2369 4489 2586 4551 ordine,
2631 4496 2965 4555 quaecunque
3001 4478 3274 4534 monacho
3311 4473 3443 4565 dicta
3486 4443 3717 4565 [Iter-“1:?

558 4576 757 4657 quibus
788 4568 922 4630 aetas
950 4574 1257 4644 hujusmodl
1289 4574 1742 4637 circumvenitur,
1780 4574 1964 4627 nullus
2009 4575 2148 4644 apud

559 4681 684 4722 eum
735 4664 983 4737 religioni
1038 4663 1282 4719 defectus
1328 4663 1593 4729 accessit;
1637 4664 1827 4719 eadem
1885 4663 1994 4729 ille,
2046 4679 2152 4734 qua

554 4761 712 4831 prius
740 4759 1051 4823 devotione,
1091 4757 1343 4812 monachi
1394 4756 1539 4827 leges
1578 4765 1633 4811 et
1682 4771 1838 4811 sacra
1878 4756 2062 4811 docuit
2089 4772 2154 4813 ac

557 4854 803 4910 servavit
842 4849 1130 4906 industria.
1172 4847 1279 4905 Sed
1320 4855 1376 4902 et
1414 4847 1636 4902 uberior
1682 4856 1999 4918 apparatus,
2048 4863 2154 4917 quo

560 4950 794 5006 filiorum
826 4946 1046 5003 dilectio
1076 4944 1414 5000 fatiscentem
1461 4956 1690 5012 corpore
1720 4951 1931 5012 patrem
1974 4936 2027 4995 in
2067 4942 2155 4996 di-

559 5045 743 5101 vinum
771 5057 1032 5113 reparare
1060 5039 1339 5095 quaerebat
1360 5037 1704 5103 obsequium,
1733 5035 1870 5091 nihil
1892 5025 2058 5091 aliud
2104 5036 2155 5091 ei

630 5188 747 5261 (60)
784 5187 1010 5261 Videtur
1045 5183 1363 5261 bipartitum
1403 5180 1583 5261 fuisse
1599 5192 1756 5261 opus,
1789 5190 1867 5231 s.c
1897 5183 1956 5229 ut
1994 5174 2154 5261 linem

560 5247 651 5321 hic
681 5247 899 5328 caperet
948 5247 1356 5328 liber'primus,
1394 5260 1448 5328 et
1478 5251 1833 5328 inchoaretur
1855 5247 2152 5328 secundus.

632 5318 761 5401 (61)
789 5329 893 5385 Alii
920 5318 1353 5401 rectiusitempli,
1396 5322 1463 5376 de
1496 5319 1751 5401 quosolo
1785 5318 1897 5386 agit
1923 5329 2157 5401 sequens

558 5392 743 5465 visio,
765 5408 820 5455 et
848 5400 1003 5467 cujus
1052 5398 1437 5467 soliusAexstat
1477 5392 1670 5467 notitia
1706 5392 1757 5467 i_u
1792 5392 2158 5467 monumentis

559 5457 1042 5545 Cvluniacensibuos;
1076 5483 1200 5522 nam
1311 5464 1467 5521 Odilo
1518 5479 1536 5545 ς
1574 5459 1891 5545 Qliiniacuin
1928 5457 2156 5545 interius

559 5530 615 5603 et
644 5541 890 5603 exterius
930 5530 1393 5609 praeterparietes
1418 5532 1683 5609 ecclesiae,
1712 5530 1955 5609 studiose
2002 5540 2157 5605 reno-

562 5622 790 5679 vaverat.
820 5632 832 5668 :
868 5602 1266 5679 in'novissi‘mis
1300 5607 1464 5679 etiam
1515 5602 1629 5679 suis
1678 5602 1974 5656 claustrum
2029 5602 2157 5651 cori-

562 5674 857 5747 struxerat,
894 5702 913 5735 ι
948 5689 1007 5736 ιιι
1032 5674 1264 5735 habetur
1287 5691 1354 5730 ex
1394 5674 1511 5749 ejus
1542 5674 1695 5749 _\_lita.
1732 5741 1785 5749 __
1825 5739 1838 5749 .
2004 5739 2015 5749 .
2112 5736 2122 5747 θ

636 5739 763 5828 (δὲ)
791 5739 1363 5828 Δίιιιίιηειιιοιιγιιιιιεςᾲςσ
1384 5739 1471 5828 ,ἅθ’
1504 5743 1705 5828 nihil“:
1726 5739 2156 5828 (QQ'i'iﬁ'ﬁiffi'

567 5810 908 5899 licetmitcx
946 5824 1067 5880 Vita
1100 5810 1349 5899 séqucnti
1384 5813 1635 5893 habetur)
1685 5811 1858 5899 factus
1896 5810 2156 5867 claustra-

2253 4593 2489 4639 ostensa.
2515 4554 2757 4635 Credidit
2786 4574 2979 4637 abbas,
3015 4581 3070 4626 et
3098 4569 3299 4624 divinis
3343 4562 3575 4617 animatus

2261 4679 2352 4743 tis,
2385 4670 2709 4730 habitationi
2752 4668 2935 4738 gloriae
2981 4664 3074 4718 Dei
3112 4669 3317 4716 tantam
3351 4671 3409 4709 ac
3454 4648 3581 4743 talem

2255 4729 2377 4826 eam
2400 4762 2714 4823 construxit
2745 4729 2880 4832 (64),
2906 4768 2964 4812 ιιι
2991 4755 3244 4826 capacior
3266 4767 3331 4805 ne
3357 4750 3422 4803 sit
3440 4729 3718 4835 magnitmluic.

2257 4881 2325 4920 an
2357 4871 2473 4917 arte
2502 4855 2824 4919 mirabilior,
2859 4850 3072 4907 difficile
3104 4848 3386 4902 indicetur.
3431 4837 3533 4891 Hice
3565 4816 3720 4922 ciui-dei

2258 4956 2402 5011 coris
2430 4966 2484 5009 et
2515 4946 2699 5024 gloria:
2725 4928 2830 5011 est,
2852 4960 3039 5015 quam,
3072 4943 3116 4997 si
3158 4941 3314 4995 liceat
3342 4931 3473 4991 credi
3508 4914 3720 5024 ςωῑξδξξξκξ

2260 5044 2452 5102 incolis
2504 5012 2558 5098 in
2592 5037 2900 5109 huiusmodi
2939 5050 3070 5090 usus
3114 5034 3344 5089 humana
3372 5024 3555 5096 placere
3576 5012 3722 5067 ὼωια·

2260 5181 2345 5241 ιιε.
2398 5199 2414 5231 ³
3116 5235 3154 5244 -
3233 5232 3266 5244 ..
3356 5239 3368 5244 -
3430 5208 3631 5244 υ.-..ι....ῖ

2273 5216 2447 5317 τεῇσι)
2492 5245 2817 5301 summum
2869 5239 3080 5295 εςειεεει
3116 5232 3266 5317 nun
3320 5216 3647 5317 esj'fspmm'

2261 5307 2457 5391 ιιιιῖυυὲ
2495 5318 2897 5400 Υί.ιξι.εεείιυεηεν
2933 5322 2983 5364 εί
3016 5325 3082 5362 ει
3120 5307 3718 5400 ¹¹³⁶ἒῐ¹3ἷ¹ζ¹ξὶ¹ί¹ἓῖίηηωω

2488 5366 2817 5465 Addidit-iidem
2842 5366 3165 5465 anonvtnus,
3188 5374 3357 5465 ι
3378 5366 3722 5465 illim

2740 5434 2917 5507 vitulis
2940 5522 2951 5531 .
2966 5434 3163 5504 minus
3194 5453 3333 5531 recrle

2769 5498 3243 5604 certius-anon“
3271 5498 3724 5604 {Ofilliillljlljf'zg

2263 5576 3111 5663 "cru—cisvpalriarclialis
3146 5606 3158 5640 :
3193 5606 3212 5639 ι
3243 5580 3443 5662 qualem
3480 5576 3724 5658 etnosw'!‘

2556 5684 2568 5686 ‘
2623 5665 2758 5686 "'M‘
2812 5665 3089 5686 ’τα-εη--έ-
3135 5658 3170 5686 ε
3226 5654 3361 5686 Dan--
3405 5636 3726 5686 ιιιιςιΙιοεεΙαιεῒτ

2264 5640 3106 5730 ἓξὲξἼὶἓιιῖὀᾝςῖςὲῖἰιξῖιιέᾆίιέέ
3135 5658 3192 5711 s.
3225 5640 3363 5708 Petri
3405 5648 3599 5709 basilica
3619 5640 3725 5692 ιαιειτ

2250 5740 2454 5799 tudine
2486 5744 2746 5814 aequalem
2798 5747 2855 5793 ut
2882 5734 3181 5821 dicebatur.

3684 5198 3721 5252 de
