3928 6298
125 376 234 435 835

1695 416 1698 417 ν
1720 357 1901 419 “TA.

127 491 224 554 lia,
252 489 528 560 quoddam
565 482 1059 542 deambulatorium
1103 482 1256 538 dicas
1297 477 1635 548 angelorum.
1670 474 1724 530 In
1758 478 1808 536 Α
1835 475 2102 532 calamum
2170 487 2486 552 quassatum
2550 488 2890 547 contereret,
2959 480 3102 536 facto
3157 484 3427 538 mouatha

131 583 231 635 hac
285 578 433 634 velut
481 579 708 632 eductos
758 575 825 631 de
874 588 1100 630 carcere
1146 571 1474 634 monachos,
1521 566 1732 624 refovet

131 670 296 723 libera
328 669 574 740 qruedam
598 666 865 738 planities,
893 665 966 720 ita
991 679 1050 721 se
1078 662 1392 720 monasticis
1419 674 1731 716 accommo-

129 765 264 818 dans
301 763 588 824 instillatis,
643 769 704 814 ut
732 759 985 827 angUStia
1035 757 1186 813 chori
1230 768 1453 810 necesse
1501 768 1608 808 non
1661 751 1733 806 sit

130 851 450 922 permisceri
477 849 718 915 ordines,
744 864 848 904 non
877 848 1142 902 stationes
1161 845 1442 910 confundi,
1473 842 1554 900 vel
1582 841 1730 896 foras

129 940 484 1012 quandolibet
535 939 774 1010 evagari.
840 937 1146 1007 Supersunt
1195 935 1430 1006 plurima
1463 973 1479 998 ,
1537 932 1734 1002 quibus

131 1034 376 1090 dicendis
405 1046 816 1101 occuparemus,
845 1029 946 1084 nisi
979 1029 1095 1084 loca
1127 1027 1328 1108 divinis
1372 1026 1607 1095 ascripta
1634 1025 1732 1078 ob-

131 1122 356 1192 sequiis,
393 1122 511 1192 plus
533 1119 711 1175 laudis
740 1135 803 1175 ex
839 1117 1204 1182 habitantium
1234 1115 1432 1171 merito
1459 1129 1622 1185 quam
1661 1128 1728 1168 ex

133 1229 290 1268 manu
320 1213 594 1268 artiiicum
624 1211 969 1267 sortirentur.
1007 1209 1163 1276 Quod
1193 1207 1435 1278 profecto
1464 1205 1616 1270 huic,
1661 1203 1730 1261 de

131 1321 232 1374 qua
267 1303 567 1374 loquimur,
597 1310 888 1357 structurae
917 1299 1147 1356 arcessit
1177 1316 1192 1352 :
1225 1313 1347 1367 quae
1375 1312 1499 1352 cum
1542 1295 1726 1366 splen-

133 1395 415 1449 didissima
441 1394 510 1448 sit
539 1392 757 1463 ingenio
785 1380 1019 1462 opiﬁcis,
1048 1390 1217 1444 multo
1241 1397 1323 1444 est
1348 1403 1414 1442 ex
1445 1403 1546 1442 suo
1577 1387 1732 1442 habi-

136 1496 303 1540 tatore
339 1485 716 1554 splendidior:
752 1483 1036 1552 utriusque
1079 1490 1258 1536 autem
1309 1479 1515 1551 gloriae,
1547 1478 1731 1549 gregis

134 1577 337 1632 scilicet
359 1584 418 1629 et
451 1575 574 1638 loci,
604 1573 664 1628 Β.
698 1573 853 1645 llugo
905 1573 1172 1629 sollicitus
1200 1572 1421 1627 institit
1469 1584 1728 1640 procura-

137 1679 234 1734 tor,
275 1684 466 1724 coram
516 1669 627 1724 Deo
667 1667 872 1736 etejus
920 1666 1126 1746 angelis
1156 1681 1291 1737 pura
1323 1665 1569 1720 dicturus
1599 1677 1730 1718 con-

135 1761 351 1815 scientia
379 1778 394 1813 :
427 1759 662 1824 Domine,
689 1759 852 1813 dilexi
869 1759 1108 1814 decorem
1129 1758 1316 1812 domus
1339 1766 1465 1820 tute,
1481 1765 1527 1808 et
1552 1753 1726 1807 locum

1831 567 2074 623 mollium
2129 570 2568 628 indumentorum
2622 587 2754 627 usus
2806 580 2890 628 est
2947 572 3284 643 permissus,
3331 576 3424 644 qui

1833 660 2065 731 desuper
2091 663 2278 718 habitu
2310 663 2546 732 regulari
2583 665 2887 735 tegebatur.
2917 663 3149 724 .Santrm
3179 667 3426 736 profecto

1831 753 2143 820 consilium,
2195 769 2300 824 quo
2350 758 2674 826 praeviderat
2708 757 2926 827 sapiens
2961 757 3131 812 abbas
3190 759 3425 814 tironem
3506 817 3508 819 _

1832 843 2059 909 Christi,
2119 846 2324 916 pudore
2358 848 2562 903 cultum
2626 848 2930 902 molliorem
2990 849 3428 918 positurum,‘et

1831 951 1975 1008 aegre
2007 936 2242 992 laturum
2267 938 2591 1008 quandoque
2631 938 2802 993 solum
2831 939 2883 992 in
2916 939 3182 1010 Spirituali
3211 939 3424 994 militiai

1834 1029 2042 1084 inertia:
2066 1029 2243 1100 argui,
2268 1030 2372 1098 qui
2394 1029 2446 1083 in
2479 1029 2724 1083 sreculari
2768 1044 2985 1100 semper
3004 1045 3139 1094 cum
3177 1030 3420 1085 meliori-

1832 1119 1934 1174 bus
1961 1127 2205 1174 certasse
2232 1119 2534 1174 dicebatur.
2566 1117 2718 1185 Quod
2755 1120 2830 1174 ita
2859 1120 3178 1191 contigisse,
3210 1121 3428 1177 comitis

1831 1211 2174 1275 conversatio
2210 1210 2490 1275 indicavit,
2526 1220 2752 1282 repente
2785 1226 3020 1281 namque
3045 1221 3301 1278 mutatus,
3328 1213 3432 1268 abs

1829 1301 1978 1374 jecto
2003 1302 2426 1373 dispensationis
2453 1301 2989 1367 indumento,'novas
3033 1303 3185 1357 carni
3229 1301 3433 1360 cruces

1833 1393 2050 1460 indixit,
2081 1401 2406 1462 certansque
2436 1395 2634 1448 bonum
2665 1402 2970 1462 certamen,
3013 1394 3180 1450 beato
3205 1394 3310 1451 ﬁne
3330 1397 3428 1451 do-

1835 1482 2080 1537 nativum
2113 1483 2310 1538 nteruit
2338 1483 2728 1554 sempiternum
2761 1483 2896 1554 (65).

1904 1571 1994 1626 41.
2034 1570 2207 1646 Porro
2253 1586 2538 1641 emergere
2576 1571 2920 1642 cupientibus
2967 1586 3036 1646 ex.
3083 1571 3186 1628 hoc
3230 1588 3430 1648 magno

1833 1662 1969 1717 mari
1999 1669 2053 1717 et
2084 1662 2344 1732 spatioso,
2369 1669 2631 1730 quantum
2659 1671 2801 1717 esset
2830 1663 2930 1718 sub
2964 1662 3026 1717 Β.
3070 1663 3295 1733 llugone
3335 1679 3428 1720 re-

1833 1751 2064 1822 fugium,
2098 1751 2280 1806 divina
2308 1751 2476 1806 etiam
2503 1749 2704 1806 indicia
2734 1749 3430 1822 docuerunt.Quidam(66)

135 1851 474 1904 habitationis
519 1851 703 1920 gloria?
743 1860 850 1904 tua:
887 1847 1074 1928 (Prol.
1120 1865 1248 1915 xxv,
1289 1849 1367 1918 8).
1423 1849 1553 1922 Ejus
1585 1844 1730 1904 enim
1765 1831 1810 1891 Β
1838 1857 2072 1912 namque
2101 1843 2329 1898 Romam
2361 1859 2428 1898 ex
2457 1854 2585 1900 voto
2614 1843 2910 1927 profectus,
2944 1852 3071 1898 ante
3113 1843 3428 1913 sepulcrum

134 1944 481 1998 sanctissimo
506 1944 724 2010 ducatu,
765 1957 985 2016 egressa
1021 1942 1088 1998 de
1133 1943 1373 2015 Egypto
1412 1944 1578 1998 multa
1611 1945 1731 2000 ani-

139 2055 338 2093 marum
367 2038 563 2104 millia,
610 2039 944 2094 sacriﬁcium
983 2039 1338 2095 contribulati
1386 2039 1629 2109 spiritus,
1679 2049 1735 2094 et

140 2133 362 2187 hostiam
395 2132 577 2188 laudis
603 2131 1088 2194 Deocxercituum
1121 2132 1173 2187 in
1218 2133 1323 2187 hoc
1353 2131 1600 2188 obtulere
1641 2131 1735 2187 de-

141 2230 296 2287 serto,
322 2221 454 2276 facti
491 2222 852 2286 sanctiﬁcatio
882 2221 1122 2288 Domini,
1154 2229 1208 2276 et
1236 2221 1510 2277 funiculus
1551 2222 1728 2278 haere-

142 2312 315 2368 ditatis
343 2313 486 2383 ejus.
530 2313 762 2383 Quippe,
805 2315 947 2368 sicut
981 2313 1033 2368 in
1060 2373 1063 2375 _
1087 2321 1315 2386 captura
1345 2313 1616 2384 piscium,
1647 2313 1733 2384 pi-

143 2412 313 2458 scator
346 2403 584 2478 diversis
613 2403 784 2457 utitur
829 2403 1224 2467 instrumentis,
1261 2403 1343 2458 sic
1378 2403 1448 2457 ad
1493 2402 1726 2458 salutem

144 2490 438 2544 animarum
491 2489 634 2546 ﬁlius
669 2489 972 2562 prudentia;
1021 2490 1255 2548 diversis
1305 2491 1564 2547 incedens
1600 2491 1728 2557 viis,

144 2588 380 2644 omnibus
413 2587 600 2642 omnia
657 2587 992 2654 factusest',
1039 2597 1100 2644 ut
1145 2605 1338 2646 omnes
1386 2589 1734 2667 lucrifaceret

145 2677 191 2748 (1
217 2679 331 2733 Cor.
363 2696 446 2744 rx,
477 2679 592 2749 22).
621 2680 684 2735 Ei
732 2694 949 2749 semper
989 2681 1182 2735 hamus
1211 2681 1488 2750 pependit,
1519 2695 1735 2750 semper

145 2771 295 2826 missa
326 2772 378 2826 in
410 2771 554 2828 mari
581 2772 740 2836 retia,
773 2786 991 2843 semper
1013 2772 1081 2827 ad
1107 2772 1258 2828 littus
1287 2771 1485 2844 quietis
1506 2782 1562 2828 et
1587 2773 1730 2840 vitae,

146 2865 280 2934 parvi
303 2866 486 2934 pisces
514 2873 570 2918 et
593 2865 776 2934 magni
822 2865 996 2920 eructi
1028 2873 1174 2920 sunt.
1202 2863 1429 2935 Semper
1457 2865 1603 2920 enim
1631 2865 1733 2920 sub

145 2969 222 3019 eo,
247 2965 297 3010 et
331 2972 429 3026 per
483 2971 630 3024 eum,
669 2955 826 3024 juxta
877 2956 1008 3012 illud
1049 2957 1202 3012 Isaiae
1227 2975 1239 3010 :
1269 2956 1450 3027 Lupus
1477 2957 1731 3011 habitavit

148 3063 252 3100 cum
282 3065 444 3118 agno,
481 3058 529 3102 et
566 3048 766 3117 pardus
793 3063 911 3102 cum
960 3048 1112 3102 hde
1141 3047 1464 3116 conﬁdenter
1492 3046 1732 3122 occubuit

150 3137 291 3207 (fsai.
312 3156 383 3205 x1,
405 3140 642 3210 G).Cum
667 3140 751 3195 his
798 3140 1054 3194 nimirum
1085 3140 1177 3210 qui
1205 3139 1271 3195 de
1311 3139 1508 3210 populo
1543 3154 1731 3195 acceso

149 3240 333 3297 serant,
367 3243 482 3286 tam
520 3233 792 3302 patienter
816 3233 1004 3303 jugum
1055 3231 1266 3286 Domini
1308 3219 1569 3288 sublimes
1598 3248 1723 3302 per-

157 3323 313 3377 tulere
341 3331 646 3393 potestates
666 3332 726 3378 ut
744 3337 840 3378 eos
869 3337 968 3379 nec
1001 3322 1144 3378 fastu
1172 3323 1412 3394 generis,
1439 3339 1542 3380 nec
1585 3324 1729 3378 inso-

153 3413 299 3468 lentia
327 3424 648 3485 premerent
673 3413 1027 3484 ‘potestatis;
1051 3423 1258 3485 quanto
1296 3413 1729 3484 quisquc'major

153 3502 331 3573 fuerat,
360 3513 518 3559 tanto
561 3505 614 3558 in
655 3505 910 3560 omniltus
958 3503 1234 3559 humilior.
1278 3502 1373 3558 llis
1409 3513 1589 3558 autem
1634 3503 1727 3572 qui

155 3595 330 3652 timore
377 3595 630 3650 deiectus
681 3595 1009 3650 monachum
1065 3593 1308 3664 proﬁteri
1365 3595 1727 3658 verebantur,

153 3688 391 3754 providus
444 3685 613 3742 Pater
647 3687 739 3741 ita'
772 3686 1130 3741 monasticam
1181 3686 1518 3756 temperabat
1567 3684 1730 3739 disci-

155 3777 334 3845 plinam
363 3787 422 3832 ttt
468 3779 635 3834 etiam
678 3776 888 3834 deliciis
918 3777 1120 3834 assueti
1153 3791 1274 3832 catn
1331 3776 1448 3832 sine
1505 3775 1728 3847 querela

155 3870 497 3926 sustinerent.

213 3961 295 4016 40.
337 3962 514 4033 llnjns
547 3963 624 4018 rei
665 3961 842 4034 Guigo
890 3977 1076 4020 comes
1135 3963 1289 4018 testis
1335 3970 1389 4016 et
1423 3961 1728 4032 exemplum

154 4052 259 4118 fuit,
301 4057 380 4110 vir
408 4055 626 4111 scilicet
678 4055 1044 4127 indulgentius
1076 4069 1106 4109 a
1140 4071 1307 4126 puero
1352 4057 1636 4121 educatus,
1677 4062 1732 4110 et

155 4141 511 4214 frcqueutatas
571 4160 602 4200 a
662 4145 817 4200 cunis
867 4146 1090 4202 delicias
1146 4145 1394 4200 indocilis
1453 4145 1728 4201 abdicare.

154 4231 305 4298 Quem
326 4253 455 4293 cum
485 4238 648 4293 etiam
674 4246 851 4293 vestes
881 4236 1094 4307 aguina:
1125 4235 1454 4300 ulcerarent,
1486 4233 1728 4303 nihilque

154 4335 331 4392 praeter
353 4329 694 4384 advenarum
743 4327 978 4382 nturium
1023 4325 1324 4397 pelliculas,
1374 4333 1471 4379 aut.
1525 4324 1732 4380 sericos

154 4417 313 4474 cultus
336 4421 399 4474 ad
447 4421 648 4474 nudum
683 4428 983 4491 pateretur,
1025 4419 1093 4475 ad
1146 4417 1489 4474 tolerandum
1547 4425 1726 4472 tamen

1835 1940 2142 2003 prostratus
2173 1932 2564 2003 apostolorum,
2594 1949 2697 2002 qua
2715 1923 2784 1986 ad
2819 1934 2985 1988 Deum
3013 1931 3285 1988 incederet
3313 1932 3429 1999 via,

1833 2021 2093 2093 lacrymis
2122 2022 2467 2078 uberioribus
2483 2023 2669 2078 doceri
2694 2022 3043 2093 precabatur.
3065 2021 3216 2077 lianc
3243 2023 3432 2093 agenti

1833 2126 2024 2171 curam
2076 2115 2202 2172 coeli
2235 2115 2474 2187 claviger
2501 2115 2694 2172 Petrus
2721 2113 2992 2186 apparuit,
3023 2114 3268 2186 suggerit
3299 2113 3427 2170 Clu-

1833 2207 2052 2263 niacum
2101 2191 2417 2277 proﬁcisci;
2456 2195 2698 2263 Cluniaci
2747 2207 3019 2262 lavacrum
3055 2220 3176 2261 esse
3217 2204 3431 2270 anima-

1836 2313 1982 2362 rum,
2037 2296 2147 2352 illic
2191 2297 2423 2353 salutem
2453 2297 2713 2364 inveniri,
2744 2285 2801 2352 'si
2849 2297 3101 2351 abbatem
3141 2296 3243 2351 loci
3278 2282 3436 2349 illius

1833 2388 2127 2461 propitium
2173 2397 2472 2444 mereatur.
2510 2387 2602 2443 Sic
2651 2397 2837 2442 orator
2884 2387 3133 2466 edoctus,
3181 2385 3436 2465 gaudens

1835 2481 2150 2546 revertitur,
2199 2479 2514 2536 Cluniacum
2558 2465 2812 2546 festinat,
2843 2465 3096 2536 abbatem
3147 2465 3328 2556 verbis
3370 2487 3436 2534 et.

1835 2588 1965 2627 voce
2020 2560 2267 2642 requirit,
2307 2572 2528 2628 invento
2583 2587 2801 2629 sacrum
2847 2572 3034 2642 pandit
3069 2570 3440 2638 desiderium”

1832 2664 2028 2719 divina:
2077 2663 2304 2719 visionis
2346 2663 2632 2719 historiam
2674 2663 2880 2733 aperit,
2929 2645 3134 2716 ordine!
3170 2672 3436 2718 retexens.-

1833 2755 2094 2826 quidquid
2139 2755 2241 2812 sibi
2293 2757 2362 2812 ab
2410 2754 2656 2827 apostolo
2692 2755 2871 2830 fuerat
2915 2754 3260 2825 imperatum.
3306 2754 3430 2809 Fle-

1837 2847 2005 2902 ctitur
2036 2847 2222 2910 abbas,
2258 2861 2365 2900 non
2395 2853 2681 2902 cunctatus
2727 2832 3060 2900 satisfacere
3095 2844 3426 2922 postulanti.

1833 2939 1968 2995 llinc
1995 2939 2083 2994 ille
2103 2946 2374 3008 receptus,
2400 2953 2466 2993 eo
2495 2935 3165 3011 studiosiusgascensiones
3188 2935 3240 2990 in
3262 2937 3438 2990 cordo.

1833 3047 1932 3088 Suo
1961 3031 2245 3102 diSposuit,
2274 3044 2382 3099 quo
2424 3027 2608 3084 divina
2655 3026 2988 3083 revelatione
3034 3025 3299 3106 didicerat
3340 3023 3436 3106 ex

1836 3126 1936 3180 hoc
1965 3123 2241 3179 hominum
2279 3120 2576 3187 consortio,
2614 3119 2683 3176 ad
2712 3119 3050 3200 consortium
3075 3117 3304 3202 provehi
3327 3132 3430 3186 aue

1834 3216 2099 3286 gelorum.
3338 3281 3342 3285 η
3381 3283 3385 3286 ⁴

1903 3307 1994 3360 42.
2033 3305 2306 3361 Didicerat
2339 3312 2394 3360 et
2437 3304 2541 3381 hoc
2591 3301 2893 3374 monachus
2923 3301 3011 3358 ille
3040 3301 3428 3374 Goderannus,

1832 3397 1923 3471 qui
1958 3396 2145 3470 relicto
2175 3396 2234 3450 Β.
2270 3394 2503 3466 Remigii
2542 3395 2877 3472 monasterio
2903 3394 3038 3465 (67),
3065 3408 3187 3450 cum
3221 3392 3427 3468 arctio-

1837 3491 1910 3545 ris
1939 3490 2239 3560 disciplinae
2276 3489 2450 3561 gratia
2498 3487 2819 3544 Cluniacum
2849 3486 3230 3556 demigrasset,
3265 3485 3428 3565 meri-

1836 3594 2011 3638 torum
2068 3583 2236 3636 titulis
2281 3591 2336 3637 et
2383 3580 2743 3652 praerogativa
2806 3579 3052 3636 scientia:
3105 3595 3137 3635 a
3199 3577 3428 3652 Dominq

1836 3673 2024 3726 audire
2051 3670 2251 3725 meruit
2281 3687 2295 3724 :
2340 3670 2542 3736 Amice,
2574 3651 2813 3724 inscende
2839 3668 3082 3737 superius
3135 3665 3286 3738 (Luc.
3313 3651 3426 3729 xrv,

1836 3765 1946 3836 10).
1977 3762 2135 3818 Prius
2184 3762 2329 3818 enim
2382 3751 2744 3816 Malliacensis
2797 3759 2908 3832 (68)
2951 3759 3120 3812 abbas
3175 3745 3426 3822 eﬂ‘cctus,

1833 3865 2016 3928 postea
2049 3853 2406 3910 Santonensis
2427 3853 2688 3909 Ecclesiae
2713 3852 2944 3921 adeptus
2969 3857 3053 3904 est
3078 3849 3424 3928 dignitatem.

1835 3947 2050 4002 Accidit
2091 3955 2272 4000 autem
2300 3952 2360 3999 ut
2389 3957 2454 4001 eo
2500 3951 2794 4014 praesente,
2835 3939 3048 4009 lcproso
3077 3938 3291 3993 cuidam
3331 3951 3432 4007 per.

1835 4035 2028 4094 manus
2057 4037 2120 4091 Β.
2157 4036 2399 4106 Hugonis
2435 4033 2779 4089 Eucharistia
2811 4031 3134 4086 traderetur.
3164 4027 3267 4107 Qui
3295 4029 3439 4090 dum,

1836 4137 2090 4200 suscepta
2121 4127 2261 4183 sacri
2293 4125 2450 4196 panis
2473 4124 2724 4195 portione
2751 4123 2828 4177 uti
2853 4137 2961 4177 non
2993 4127 3194 4190 posset,
3221 4120 3434 4190 diuque

1837 4222 2070 4277 luctatus
2121 4220 2173 4275 in
2224 4233 2455 4274 vacuum
2519 4216 2804 4277 niteretur,
2856 4219 3217 4284 sacramento
3239 4251 3266 4282 ,1
3301 4223 3430 4290 cuni

1836 4314 2022 4386 salivis
2058 4322 2113 4368 et
2148 4311 2452 4368 screatibus
2479 4307 2772 4366 horrendis
2801 4307 2940 4368 visu,
2968 4320 3034 4359 ex
3061 4318 3156 4360 ore
3187 4302 3431 4358 lacerato

1836 4405 2129 4470 decidenti,
2152 4404 2508 4476 Goderannus
2535 4412 2821 4476 utramque
2869 4413 3090 4475 manum
3122 4395 3427 4473 supposuit,

157 4512 505 4576 quorumlibet
533 4487 830 4567 amictuum
862 4511 1187 4581 asperitates
1213 4511 1274 4566 Β.
1319 4508 1472 4581 llugo
1499 4509 1730 4565 circum-
1766 4539 1812 4595 υ
1836 4509 1893 4557 et
1933 4491 2232 4572 gloriosius
2255 4496 2324 4553 de
2351 4512 2411 4553 se
2435 4511 2594 4566 quam
2642 4493 2709 4548 de
2738 4491 2980 4595 quolibet
3013 4489 3191 4595 “hoste
3241 4487 3432 4591 trium.-

159 4600 339 4666 spectis
366 4616 492 4656 eum
523 4601 1018 4672 dispensationibus
1045 4599 1381 4657 informavit.
1413 4600 1622 4671 Quippe
1663 4613 1731 4654 ne

222 4778 326 4848 (65)
366 4779 661 4852 Suhjttngit
691 4777 1014 4852 jamﬂdictus
1048 4793 1355 4852 anonymus
1389 4776 1626 4852 primum
1665 4777 1732 4834 de

163 4843 366 4921 llu'goue
388 4843 706 4921 Burgun'do:
739 4849 1036 4918 tIVidimus
1070 4859 1134 4921 et
1179 4843 1488 4921 Hugonem,
1538 4851 1729 4921 ducem

199 4919 298 4974 rius
323 4918 666 4992 Bur’guirdize,
702 4930 759 4975 et
800 4929 922 4988 post
966 4920 1172 4974 militiae
1198 4919 1523 4992 Aspiritualis
1564 4918 1733 4992 signi;

183 4989 344 5062 orum,
367 4989 459 5062 qui
483 4993 690 5046 solebat
716 4994 929 5046 ealceos
960 5006 1162 5058 ungere
1190 4989 1440 5062 fratrum,
1466 5002 1632 5056 seque
1655 4989 1726 5041 ita

164 5057 424 5128 despicere
445 5073 499 5118 et
523 5061 834 5125 humiliore,
862 5072 921 5114 ut
941 5057 1132 5118 omnes
1173 5059 1306 5114 viles
1335 5074 1580 5129 persona:
1610 5069 1728 5112 slu-

166 5139 368 5196 perent,
412 5148 535 5188 cum
585 5135 686 5189 sub
721 5147 781 5188 se
823 5132 1072 5186 viderent
1119 5131 1419 5201 principem
1474 5130 1632 5183 talem
1671 5145 1730 5201 se

166 5203 543 5275 sternere.’llic
567 5204 691 5271 post
718 5212 996 5275 certamen
1025 5200 1166 5270 quod
1185 5201 1380 5275 gessit,
1410 5200 1730 5275 sustinendo

165 5270 312 5323 etiam
350 5270 684 5343 corporalem
715 5274 1036 5336 caecitatem,
1071 5270 1287 5326 tandem
1312 5270 1550 5343 obtinuit
1572 5279 1731 5343 aeter-

170 5353 278 5392 uam
328 5339 484 5408 quam
537 5345 735 5400 meruit
790 5344 989 5408 lucent,
1051 5352 1106 5397 et
1151 5341 1519 5398 suaveolentia
1573 5339 1732 5395 nobis

169 5410 392 5485 exempla
425 5416 664 5485 reliquit.
700 5435 720 5468 ι
778 5415 1010 5485 Postea,
1037 5415 1103 5468 de
1140 5410 1731 5485 pnedicto,___utﬂa_rl_)i,-

170 5485 286 5540 tror,
309 5479 692 5540 Guidorte'hrec
713 5485 862 5540 addit
893 5503 904 5538 :
941 5503 957 5536 ‹
989 5479 1159 5538 Porro
1186 5482 1510 5538 venerabilis
1533 5479 1728 5545 Guido,

170 5560 226 5631 et
269 5554 468 5631 comite
502 5556 916 5631 hiatisconensis
966 5555 1142 5631 factus
1199 5569 1231 5608 a
1286 5554 1476 5631 radice
1527 5567 1732 5631 νξιιψυν

169 5615 375 5692 {litt-isti,
422 5625 615 5680 obtulit
661 5627 771 5681 Deo
810 5636 917 5680 tam
949 5626 1200 5692 perfecte
1229 5615 1605 5679 conversionis
1637 5615 1731 5690 ho-

173 5683 476 5765 locaustum,
505 5707 564 5750 ut
603 5713 830 5751 uxorem
854 5683 976 5750 cum
1005 5696 1124 5749 liliis
1164 5696 1403 5750 traheret
1431 5703 1552 5765 post
1586 5707 1644 5750 se

176 5757 372 5817 odorem
400 5757 698 5822 cmlestium
723 5768 1002 5820 virtutum.
1033 5766 1134 5833 Qui
1185 5780 1308 5820 cum
1349 5757 1610 5821 ten-uisset
1663 5763 1729 5815 ad

177 5835 687 5909 ιειιιιιυετυεοηάωη
716 5836 1024 5898 ςωιιοῡίιιω
1077 5837 1496 5896 Silvauiaccnse.
1542 5851 1607 5894 cx
1636 5850 1730 5890 vo-

1837 4595 2030 4666 phans,
2065 4593 2370 4650 adhibitum
2417 4589 2501 4646 ori
2553 4597 2721 4644 totum
2769 4584 3072 4641 absorbuit.
3128 4582 3246 4660 Quo
3286 4581 3427 4645 viso,

1835 4773 2042 4831 luntate
2085 4769 2258 4827 sancti
2309 4765 2488 4839 Patris
2508 4761 2699 4839 damni
2750 4756 2995 4839 Hugonis
3019 4753 3429 4839 absolutus,ad

1833 4839 2129 4899 Claustrum
2185 4839 2392 4892 rediit:
2449 4835 2631 4908 ibique
2687 4839 2810 4908 post
2849 4835 3151 4908 legitimum
3209 4837 3429 4908 cursum

1834 4913 2144 4982 religiosam
2175 4909 2339 4982 vitam
2373 4905 2604 4982 mutavit
2649 4902 2830 4971 potius
2869 4912 3040 4982 quam.
3079 4902 3428 4982 terminavit;

1834 4972 2039 5054 quiaiu
2065 4981 2170 5035 line
2203 4981 2346 5054 bono
2373 4975 2652 5054 recedens,
2686 4972 2883 5054 summi
2917 4972 3043 5054 boui
3077 4972 3430 5036 participium

1833 5041 2060 5121 adeptus
2082 5061 2184 5118 est,
2212 5049 2355 5121 sicut
2383 5060 2510 5121 vera
2537 5043 2639 5121 fide
2668 5041 2961 5121 credimus.
3003 5057 3021 5088 ι

1905 5110 2017 5196 (iiii)
2061 5110 2285 5196 Videtur
2329 5117 2497 5196 fuisse
2547 5111 2852 5177 Udalricus,
2882 5110 2950 5164 de
2997 5119 3108 5177 quo
3151 5112 3332 5160 actum
3379 5120 3430 5159 tu

1835 5189 2229 5263 commentario
2260 5189 2479 5263 praevio.
2692 5251 2704 5263 ,
2889 5204 2932 5263 ’,
3036 5208 3068 5263 ..
3109 5247 3142 5263 ..
3206 5262 3213 5263 ,
3265 5262 3268 5263 ν

1841 5247 2016 5337 ῖᾴίῖ)
2142 5247 2371 5329 Remigii
2411 5251 2801 5337 monasterium
2827 5290 2843 5317 ,
2866 5336 2870 5337 ν

1834 5317 2044 5399 ηαῖίιηί,
2072 5317 2337 5387 Remens};
2369 5328 2531 5399 credo
2559 5323 2780 5399 intelligi
2810 5330 2935 5399 :_est
2977 5317 3114 5399 alias
3153 5317 3322 5399 etiaﬁm
3377 5317 3430 5367 in

1835 5385 2414 5460 Eeuoirensisubnrbio
2441 5397 2670 5452 alterum
2701 5385 2943 5464 eiusdem
2969 5389 3224 5456 nominis,
3255 5385 3430 5441 famo-

1834 5472 2354 5543 sumetantiquum.
2409 5497 2578 5543 __
2718 5497 2724 5502 ’
2849 5533 2862 5543 _
2939 5540 2948 5543 _
3051 5531 3084 5543 ,_
3161 5531 3174 5543 .
3242 5527 3301 5543 ,μ

1908 5527 2027 5618 (68)
2061 5527 2379 5618 Cmu'obium
2409 5538 2793 5618 Malleacense,
2849 5533 2902 5588 in
2935 5527 3430 5618 tggitoriol’icta:

1834 5601 2016 5673 vie‘nsi'
2045 5616 2209 5668 situm
2257 5621 2358 5678 est,
2398 5620 2587 5680 postea
2627 5624 2656 5662 a
2705 5606 2915 5680 Joanne
2966 5601 3111 5680 XXLI
3167 5605 3426 5680 ornatum

1836 5671 2008 5744 titulo
2039 5671 2356 5754 episcopali:
2400 5671 2547 5754 'lluirc
2606 5676 2897 5754 praefectus
2943 5681 3026 5728 est
3066 5671 3428 5754 Godcrannns

1835 5773 1978 5813 anno
2013 5745 2170 5817 10'70,
2224 5745 2397 5810 iactus
2441 5745 2738 5823 episc'pus'
2773 5745 2932 5820 paulo
2986 5750 3152 5820 post,
3187 5747 3240 5795 et
3287 5750 3429 5792 anno

1841 5829 1972 5888 10τῦ
2003 5837 2270 5886 mortuus.
2764 5842 2769 5848 ·
2869 5845 2874 5848 ν
