3928 6298
548 342 656 399 887

1645 339 2037 415 8.,HUGONIS
2074 341 2364 400 ABBATIS
2394 344 2694 404 CLUNIAC
3641 366 3706 421 ω

550 456 744 510 beatus
773 455 943 511 abbas
986 456 1286 526 obstupuit,
1338 455 1658 512 craticulam
1703 454 1989 511 Laurentii
2038 457 2146 512 hoc
2175 463 2221 521 Α
2250 473 2370 514 esse
2418 461 2704 518 visionem.
2752 462 3036 523 Caeterum,
3080 464 3275 524 idcirco
3329 484 3497 526 nomen
3539 491 3706 546 person

547 546 717 601 animi
752 555 1022 602 tormento
1046 547 1235 602 dicens
1273 562 1394 604 esse
1424 545 1725 606 meliorem.
1778 548 1875 603 llis
1912 549 2148 620 aliisque

546 637 796 708 personis
835 636 985 693 velut
1031 638 1353 708 quibusdam
1391 639 1756 695 luminaribus
1815 640 2146 696 illustratum

547 729 906 786 Cluniacense
939 731 1354 794 monasterium,
1383 732 1651 801 quoddam
1680 733 1898 790 virtutis
1923 749 2148 804 gymna-

547 824 686 879 sium
719 823 840 879 fttit.
866 823 922 878 In
955 840 1143 888 eorum
1175 825 1420 882 moribus
1450 835 1505 880 et
1536 827 1643 880 vita
1693 825 1960 895 plurimus
1985 827 2150 881 Pater

545 923 684 982 erat,
714 925 768 972 et
789 917 944 988 cujus
971 926 1120 973 esset
1163 918 1419 988 pastoris,
1454 918 1568 986 ipsa
1600 918 2016 973 conversatione
2047 934 2147 973 sua

546 1013 695 1062 totus
727 1022 858 1076 grex
891 1007 1233 1076 loquebatur.
1270 1007 1346 1063 De
1376 1009 1574 1077 quibus
1601 1008 1744 1078 loqui
1765 1008 1918 1078 plura
1954 1023 2146 1077 supcr-

546 1097 809 1165 sedimus,
842 1097 911 1152 ad
939 1098 1273 1168 agnitionem
1325 1099 1632 1153 devotionis
1675 1113 1863 1152 eorum
1901 1097 2147 1154 sullicerc

541 1187 873 1258 iudicantes,
917 1188 1062 1257 quod
1091 1197 1216 1242 ante
1253 1202 1350 1244 nos
1393 1189 1459 1244 de
1487 1189 1568 1244 eis
1601 1188 1765 1244 Eaelo
1811 1198 1974 1265 atque
2003 1188 2142 1255 Gilo,

548 1278 841 1335 clarissimi
889 1277 1099 1334 scilicet
1135 1278 1279 1347 viri,
1323 1279 1639 1351 vigilantius
1693 1280 1980 1352 scripsisse
2033 1289 2143 1335 tra-

548 1372 774 1430 duntur.
1532 1379 1535 1381 ’

1153 1486 1381 1544 CAPUT
1423 1486 1534 1542 VII.

622 1574 772 1634 Mors
797 1576 1041 1648 prwscita
1084 1587 1133 1631 et
1161 1581 1245 1649 pje
1293 1578 1456 1649 obita,
1509 1578 1732 1645 receptio
1787 1577 1842 1632 iu
1892 1577 2077 1632 caelum

1217 1648 1466 1702 revelata.

616 1763 709 1818 45.
749 1761 942 1819 Annus
973 1764 1040 1820 ab
1081 1764 1423 1820 ordinatione
1459 1766 1520 1819 Β.
1548 1764 1788 1836 llugonis
1821 1765 1963 1819 unde
1993 1775 2152 1818 scxa'

545 1856 786 1924 gesimus
814 1858 880 1910 ad
911 1857 1119 1912 exitum
1149 1858 1486 1924 trahebatur,
1527 1867 1583 1913 et
1609 1859 1918 1913 Nativitatis
1955 1857 2139 1911 Domi-

545 1948 684 2003 nictc
705 1947 968 2003 solemnia
1017 1948 1320 2004 revolutum
1373 1958 1586 2020 tempus
1633 1950 1978 2004 adduxerat:
2029 1963 2138 2018 quo

543 2036 801 2092 videlicet
822 2038 908 2092 die
938 2047 1226 2095 veteranus
1258 2039 1348 2096 ille
1377 2040 1578 2096 Christi
1611 2040 1765 2098 miles
1792 2056 1822 2097 a
1877 2039 2140 2096 fratribus

545 2124 600 2179 lu
656 2111 954 2196 capitulum
1004 2128 1308 2193 deductus,
1362 2130 1710 2192 sanctissima
1756 2129 2140 2184 exhortatione

544 2230 664 2282 sua,
690 2215 882 2272 ﬂentes
913 2217 968 2271 in
998 2217 1239 2274 divinum
1271 2219 1548 2292 confortat
1573 2221 1919 2290 obsequium,
1945 2221 2143 2276 confir-

545 2315 662 2361 mat
708 2306 959 2362 labantes
989 2308 1193 2375 animo,
1225 2310 1315 2378 qui
1356 2310 1576 2366 labante
1622 2326 1812 2380 gressu
1846 2312 2145 2367 consistere

547 2413 659 2452 non
691 2398 928 2454 valebat.
977 2393 1220 2454 Inculcat
1269 2401 1375 2456 illis
1418 2403 1636 2472 quidem
1665 2417 1786 2458 esse
1814 2403 2149 2458 colluctatio-

547 2503 676 2543 nem
729 2491 990 2545 adversus
1042 2486 1314 2562 principes
1375 2492 1760 2558 tenebrarum,
1815 2494 1909 2548 sed
1957 2493 2142 2548 hostes

548 2578 857 2649 hujusmodi
890 2580 1049 2636 facile
1076 2597 1347 2650 cessuros,
1371 2584 1416 2639 si
1446 2593 1792 2640 constantem
1836 2585 2147 2640 invenerint

551 2682 927 2744 pugnatorem.
978 2673 1325 2745 Propositum
1361 2675 1638 2740 monachi,
1690 2675 1978 2744 quamdam
2023 2689 2147 2730 esse

549 2763 927 2832 munitionem,
954 2781 1053 2844 nec
1081 2767 1210 2822 alibi
1254 2783 1403 2837 spem
1453 2767 1570 2822 fore
1613 2766 1826 2836 refugii,
1872 2765 1916 2822 si
1948 2766 2143 2822 remis-

547 2854 666 2912 sius
713 2856 820 2913 illis
871 2859 1158 2932 agentibus
1211 2859 1500 2913 insidiator
1558 2858 1894 2929 irrutnpendi
1966 2857 2145 2913 locum

548 2946 842 3002 invenerit.
887 2948 1179 3004 Praesentis
1214 2963 1432 3019 quoque
1466 2949 1758 3004 occasione
1806 2949 1932 3014 diei,
1977 2950 2138 3002 aliam

546 3038 644 3094 sed
689 3054 798 3094 non
829 3039 1063 3110 alienam
1110 3055 1400 3111 aggressus
1429 3041 1826 3106 narrationem,
1857 3038 2012 3107 Novi,
2057 3041 2144 3095 in-

547 3127 689 3199 quit,
743 3129 867 3196 novi
920 3129 1230 3198 quemdam,
1285 3130 1372 3184 cui
1408 3129 1810 3193 misericordiae
1860 3129 2032 3185 Mater
2089 3130 2142 3184 in
2172 3169 2218 3231 Ο

549 3219 791 3274 oratorio
813 3217 914 3286 sub
937 3219 1039 3287 hac
1063 3218 1245 3288 specie
1267 3219 1487 3289 dignata
1516 3229 1599 3274 est
1627 3234 1909 3290 apparere.
1934 3219 1991 3274 lu
2021 3220 2143 3289 sinu

549 3306 669 3376 ejus
696 3307 916 3378 elegans
946 3318 1173 3379 puer,et
1191 3307 1426 3363 divinam
1445 3304 1750 3378 praeferens
1772 3319 2140 3378 venustatem;

554 3399 670 3471 ipsa
712 3385 911 3469 blando
956 3399 1094 3454 lenis
1120 3409 1365 3469 aspectu,
1412 3401 1524 3470 ipsa
1573 3401 1722 3456 mitis
1751 3409 1806 3471 et
1853 3403 2147 3460 exorabilis

553 3491 622 3548 ad
652 3477 1050 3560 impetrandum
1082 3507 1182 3562 pro
1210 3493 1591 3562 peccatoribus
1620 3494 2004 3558 interventum.
2048 3495 2145 3551 Cui

551 3583 884 3656 applaudens
910 3583 1108 3640 divinis
1133 3584 1349 3664 infans:
1385 3603 1404 3637 ‹
1440 3585 1583 3640 liora
1618 3587 1740 3656 ista,
1768 3587 1962 3660 inquit,
2003 3603 2135 3655 nox,

551 3678 672 3755 mea
700 3675 990 3732 nativitate
1015 3677 1265 3749 insignis,
1295 3677 1522 3750 gloriam
1549 3669 1780 3750 angelis,
1824 3665 2011 3751 pacem
2047 3664 2145 3736 ho-

554 3765 789 3846 minibus
814 3766 1101 3823 advenisse
1128 3769 1443 3835 denuntiat;
1469 3785 1572 3824 nox
1599 3771 1726 3836 ista,
1758 3786 1891 3826 mea:
1927 3771 2146 3828 conscia

551 3857 766 3927 gratiae,
793 3856 926 3932 legis
957 3859 1320 3926 obscuritates
1369 3861 1602 3932 aperuit,
1631 3861 1947 3931 vaticinium
1985 3863 2149 3918 solvit

550 3947 960 4018 prophetarum.
995 3949 1050 4003 In
1080 3950 1180 4013 bac
1208 3966 1306 4022 ego
1348 3966 1414 4006 ex
1451 3960 1502 4005 te
1533 3940 1716 4016 natus,
1741 3966 1774 4005 ο
1815 3951 1989 4006 Mater
2016 3968 2148 4022 price

553 4038 727 4106 clara,
759 4031 1028 4111 serpentis
1057 4048 1221 4112 caput
1264 4041 1521 4106 contrivi,
1554 4025 1659 4111 qua
1705 4030 2061 4112 grassabatur
2091 4041 2145 4096 in

551 4130 848 4196 humanum
888 4149 1084 4204 genus,
1131 4133 1412 4204 antiquam
1445 4133 1564 4205 ejus
1590 4148 1865 4190 evacuans
1904 4141 2144 4204 potesta-

554 4229 686 4280 tem.
708 4220 809 4277 Ubi
840 4223 1126 4278 virulentis
1152 4211 1294 4280 illius
1316 4221 1510 4294 anguis
1530 4223 1766 4278 astutia?
1791 4222 1890 4280 Ubi
1916 4221 2144 4299 spicula,

553 4308 749 4379 quibus
780 4319 906 4364 ante
942 4304 1284 4367 nativitatem
1323 4329 1501 4367 meam
1553 4315 1766 4368 animas
1810 4315 1863 4368 in
1916 4304 2150 4368 mortem

553 4401 911 4463 vulnerabat?
943 4396 963 4456 ι
1013 4403 1107 4459 His
1130 4401 1310 4471 dictis,
1346 4419 1581 4474 nequam
1628 4421 1687 4462 se
1714 4406 1940 4475 spiritus
1969 4405 2147 4460 immi-

2254 551 2493 620 siluisse,
2518 569 2586 608 ne
2613 555 2794 623 potius
2823 555 3048 626 gloriam
3077 556 3177 612 sibi
3207 573 3446 628 quaerere,
3466 579 3592 634 quam
3613 577 3705 629 teri.

2252 657 2419 704 tatem
2450 650 2656 706 referre
2681 649 2981 708 videretur.

2320 741 2415 795 ωε
2449 741 2711 812 Sequenti
2748 752 2930 800 autem
2962 744 3393 817 Quadragesima,
3431 767 3532 808 cum
3567 758 3710 827 deposi-

2252 831 2419 888 tionis
2441 832 2558 899 ejus
2592 834 2735 887 diem
2783 835 3069 892 imminere
3100 836 3332 894 defectus
3361 841 3524 898 virium
3557 857 3709 908 testare-

2251 930 2354 986 tur,
2391 922 2648 995 fatigatus
2674 925 2836 979 Pater
2859 925 3066 980 addidit
3097 928 3162 982 ad
3185 928 3429 995 laborem,
3457 931 3709 996 Domiunsad

2249 1030 2527 1070 coronam.
2554 1008 2952 1087 'Multiplicatis
2982 1020 3127 1072 enim
3173 1019 3404 1088 jejuniis,
3441 1022 3578 1080 fessos
3613 1041 3709 1086 artus

2249 1121 2404 1164 sacra
2433 1117 2756 1177 prosecutus
2788 1116 2873 1162 est
2913 1108 3140 1179 injuria;
3177 1109 3381 1165 indictae
3411 1116 3536 1168 carui
3563 1131 3705 1182 enices,

2249 1207 2304 1254 et
2321 1200 2653 1255 continuatae
2679 1201 2972 1270 gemitibus
2997 1201 3273 1272 lacrymae,
3299 1203 3536 1260 desiderio
3561 1222 3710 1264 conver-

2249 1293 2476 1348 sationis
2499 1292 2722 1347 alterius
2733 1303 3052 1363 occupatum
3071 1294 3432 1364 loquebantur,
3454 1298 3607 1365 vigilia:
3621 1302 3706 1369 ejus,

2250 1384 2448 1455 vigiliae
2493 1384 2788 1455 longiores,
2828 1393 2884 1439 et
2928 1401 3051 1454 quze
3102 1395 3350 1439 naturam
3400 1386 3551 1441 debito
3586 1404 3710 1459 sopore

2249 1479 2344 1536 def
2345 1480 2663 1544 raudabant,
2687 1479 2951 1549 reliquum
2977 1489 3188 1549 tempus
3222 1481 3390 1536 oratio
3411 1481 3496 1535 sibi
3519 1482 3584 1536 vel
3609 1483 3709 1540 lectio

2249 1573 2564 1628 vindicavit.
2597 1571 2801 1626 Parum
2827 1581 2944 1626 erat
2989 1571 3195 1642 homini
3240 1572 3325 1626 Dei
3355 1571 3563 1640 spiritum
3585 1583 3709 1628 natura

2251 1666 2432 1736 urgeri
2465 1665 2530 1720 ad
2577 1680 2876 1735 egressum,
2930 1664 3034 1719 nisi
3079 1672 3136 1718 et
3184 1664 3491 1719 cruciatibus
3538 1666 3710 1720 adhibitis

2252 1767 2555 1828 urgeretur.
2578 1756 2787 1828 Quippe
2813 1755 3136 1811 desiderans
3166 1755 3336 1809 anima
3358 1754 3627 1817 Creatorem,
3649 1771 3709 1822 pro

2241 1848 2513 1918 exquisito
2543 1848 2774 1902 habebat
2809 1846 3097 1917 supplicio,
3120 1848 3299 1902 carnis
3326 1847 3558 1916 ergastulo
3578 1847 3710 1903 (iiatius

2243 1941 2547 1995 immorari.
2599 1937 2712 1993 Sub
2769 1939 2871 1994 hac
2922 1937 3090 2009 igitur
3121 1938 3493 2007 observatione,
3520 1947 3709 1992 transacta

2242 2047 2413 2104 usque
2459 2034 2526 2088 ad
2569 2030 3060 2102 Ramispalmarum
3111 2025 3504 2102 Quadragesima
3541 2032 3638 2101 (69).,
3669 2032 3710 2086 td

2243 2123 2622 2177 celebrandam
2658 2120 2900 2191 ejusdem
2929 2122 3037 2177 diei
3062 2107 3462 2186 solemnitatem,
3491 2120 3709 2199 Cluuiacum

2245 2224 2354 2270 tam
2389 2215 2570 2286 p0puli
2593 2231 2757 2284 quam
2793 2215 3188 2270 monachorum
3219 2214 3369 2269 turba
3407 2215 3548 2284 major
3581 2229 3708 2283 convc-

2246 2317 2422 2364 nerat.
2450 2295 2591 2362 llinc
2625 2307 2921 2376 assumptis
2949 2307 3000 2361 in
3035 2307 3426 2376 processionem
3446 2293 3632 2361 ecclesia
3649 2321 3710 2358 or-

2248 2400 2545 2464 namentis,
2575 2407 2874 2454 conventus
2906 2398 2960 2452 in
2989 2397 3128 2452 albis
3159 2397 3447 2467 egreditur;
3471 2411 3566 2451 cum
3582 2395 3710 2464 quibus

2245 2491 2374 2545 dum
2407 2489 2603 2545 beatus
2628 2489 2800 2558 abbas
2820 2488 2972 2543 exire
2993 2487 3289 2554 desiderat,
3317 2488 3378 2541 ad
3413 2487 3546 2542 alium
3569 2495 3712 2538 vocatus

2246 2581 2472 2647 exitum,
2498 2580 2642 2651 quod
2670 2579 2859 2645 voluit,
2893 2595 2998 2634 non
3037 2580 3232 2636 valuit.
3271 2579 3483 2649 Optabat
3503 2575 3711 2632 candidati;

2247 2669 2516 2724 interesse
2555 2667 2758 2729 choris,
2792 2677 2848 2722 et
2894 2668 2948 2722 in
2988 2668 3184 2723 laudes
3231 2667 3419 2723 Christi
3462 2666 3613 2718 milites
3641 2662 3712 2729 ejus

2245 2773 2339 2813 sua
2371 2757 2648 2814 exhortari
2680 2759 2967 2829 praesentia
2996 2771 3010 2810 :
3062 2773 3173 2828 qua
3203 2759 3256 2812 in
3299 2772 3352 2812 re
3381 2769 3486 2812 eum
3509 2755 3617 2809 vires
3648 2749 3712 2808 till

2245 2849 2436 2914 deesse
2459 2849 2712 2916 sentiret,
2741 2864 2880 2920 quos
2918 2850 3174 2905 comitari
3203 2864 3420 2920 corpore
3462 2860 3548 2902 non
3583 2844 3710 2915 potuil.

2245 2940 2586 2994 orationibus
2606 2949 2663 2994 et
2689 2939 3068 2995 benedictione
3095 2940 3445 3012 prosequitur.
3486 2938 3622 2991 luerat
3641 2932 3711 3002 jnu

2245 3030 2416 3084 vultui
2445 3031 2566 3101 ejus
2587 3031 2836 3100 quaedam
2867 3029 3062 3084 futurae
3087 3031 3266 3099 portio
3287 3028 3472 3099 gloriae,
3492 3026 3560 3080 cui
3575 3025 3712 3078 diceres

2246 3122 2448 3190 aliquid
2473 3122 2729 3176 collatum
2758 3122 2826 3177 de
2855 3115 3214 3176 similitudine
3241 3121 3536 3191 angelorum.

2318 3212 2408 3267 45.
2451 3196 2645 3267 Ρόηο’
2672 3213 2800 3267 dum
2831 3213 2948 3266 haec
2987 3223 3306 3284 agerentur,
3353 3209 3536 3266 obscuri
3573 3205 3711 3276 quidam

2249 3303 2487 3359 nominis
2526 3303 2639 3375 (Ἱο)
2699 3304 2767 3358 ad
2818 3303 2882 3358 Β.
2927 3302 3220 3374 llugonem'
3264 3302 3474 3359 festinus
3508 3299 3713 3362 irrumet:

2249 3395 2482 3461 nititur,
2541 3395 2790 3451 clamans
2839 3411 2898 3450 se
2947 3412 3203 3467 magnam
3249 3395 3314 3452 ad
3359 3409 3468 3448 eum
3505 3387 3713 3456 suscepisse

2249 3486 2597 3557 legationem.
2631 3487 2768 3543 llinc
2791 3488 3070 3559 ingressus
3107 3507 3122 3542 :
3153 3487 3232 3543 Ne
3257 3496 3536 3544 contemnas
3559 3496 3634 3543 me,
3664 3478 3712 3529 in-

2249 3577 2391 3648 quit,
2429 3577 2595 3632 Pater
2634 3587 2847 3645 sancte,
2895 3593 3056 3648 quem
3126 3579 3288 3635 rebus
3328 3577 3515 3638 exilem,
3555 3574 3712 3642 ignotum

2250 3680 2468 3737 genere,
2500 3667 2616 3723 sola
2658 3668 2923 3724 mittentis
2963 3670 3312 3724 commendat
3354 3656 3613 3721 auctoritas.
3648 3656 3713 3710 Νοο

2251 3759 2515 3820 vellabam
2562 3760 2697 3826 (Ἠ),
2732 3774 2905 3830 nuper
2934 3761 2987 3815 in
3041 3775 3208 3833 agro,
3262 3773 3378 3817 cum
3421 3764 3597 3825 repente
3632 3745 3713 3804 mihi

2251 3838 2495 3918 quaedam
2520 3862 2888 3921 apparuerunt
2907 3867 3174 3921 personae,
3206 3849 3503 3905 venerabilis
3522 3842 3712 3911 culum“

2251 3939 2530 4011 dignitatis
2581 3951 2636 3995 et
2667 3941 2810 3996 ultra
2865 3945 3125 4013 temporis
3166 3943 3324 4012 hujus
3358 3949 3609 4007 nostraque
3633 3947 3714 3986 con-

2250 4031 2471 4089 diti0uis
2506 4033 2754 4089 homines
2787 4034 2991 4090 honore
3039 4043 3094 4092 ct
3123 4035 3295 4106 gloria
3317 4027 3595 4104 dignissimi;
3616 4021 3715 4094 prxi-

2249 4124 2345 4190 bat
2395 4125 2621 4179 Domina
2654 4125 2921 4194 quaedam,
2970 4125 3126 4196 cujus
3159 4126 3356 4180 vultum
3383 4122 3526 4178 veloci
3566 4114 3714 4171 transitu

2251 4216 2450 4273 intueri
2492 4232 2597 4272 non
2647 4219 2820 4287 potui,
2847 4217 2965 4272 visu
2997 4219 3222 4273 dorsqu
3253 4217 3575 4272 tantummodo
3596 4217 3714 4277 ρτοεεο

2250 4319 2434 4375 cutus;
2471 4311 2802 4381 sequebatur
2826 4320 3008 4366 autem
3040 4307 3212 4366 senex
3255 4311 3400 4365 nivea
3429 4305 3589 4362 canitie
3613 4309 3714 4353 rene;

2252 4402 2475 4467 randus,
2498 4402 2589 4472 qui
2616 4401 2851 4457 reductis
2876 4402 2929 4456 in
2963 4417 3048 4456 me
3079 4403 3282 4457 oculis:
3317 4421 3334 4454 ι
3361 4401 3487 4456 lleus
3509 4390 3710 4459 tu,inqui|.

557 4494 722 4550 seuit.
748 4493 918 4562 Quem
949 4510 1075 4551 cum
1113 4510 1250 4566 puer
1282 4497 1531 4568 aSperius
1559 4497 1919 4567 increpasset,
1961 4483 2148 4566 probi-
2176 4512 2226 4573 ο
2251 4509 2284 4549 o
2327 4495 2562 4572 agricola
2587 4496 2602 4574 ε,
2629 4480 2801 4566 cujus
2839 4507 2924 4551 est
2982 4495 3071 4551 hic
3100 4510 3232 4567 ager
3261 4511 3408 4565 quem
3433 4488 3578 4548 colis?
3605 4503 3620 4538 ι
3653 4479 3712 4574 (illi

554 4586 704 4645 bitus
731 4603 801 4644 ne
822 4588 1010 4645 laudes
1039 4597 1096 4644 et
1115 4589 1397 4660 obsequia,
1431 4589 1630 4659 quibus
1662 4589 1902 4645 fidelium
1927 4583 2152 4668 devotio,

553 4695 708 4740 suam
731 4682 1166 4752 persequebatur
1185 4683 1548 4749 nativitatem,
1576 4683 1755 4755 soluta
1801 4684 2148 4755 perturbaret

554 4770 781 4839 invidia,
830 4773 1002 4830 tristis
1053 4781 1108 4830 et
1157 4774 1416 4830 confusus
1445 4775 1729 4830 abscessit.
1777 4775 1896 4844 Quo
1937 4774 2149 4846 longius

551 4865 807 4936 effugata,
840 4865 1114 4922 Christum
1145 4883 1270 4923 cum
1305 4868 1569 4940 genitrice
1593 4883 1691 4924 sua
1729 4869 1928 4924 scitote
1955 4869 2150 4924 vestris

554 4956 820 5018 interesse
857 4957 1172 5029 obsequiis,
1208 4967 1264 5014 et
1307 4975 1375 5014 ex
1413 4959 1720 5014 animorum
1752 4960 2018 5030 qualitate
2067 4944 2157 5014 vel

554 5046 876 5117 supplicium
902 5049 1114 5104 dictare
1130 5049 1213 5104 vel
1239 5050 1543 5120 praemium.
1568 5047 1914 5119 Quapropter
1933 5049 2148 5104 sincera

553 5141 841 5196 devotione
895 5143 1095 5198 mentis
1133 5137 1261 5196 eum
1319 5142 1602 5214 suscipite,
1635 5141 1689 5197 in
1735 5157 1802 5198 eo
1851 5156 2014 5213 quem
2046 5135 2153 5196 sibi

554 5235 694 5290 bene
721 5233 1020 5303 placentem
1046 5235 1337 5303 invenerit,
1363 5249 1662 5305 perennem
1693 5233 1964 5290 facturum
1989 5247 2145 5312 man-

555 5321 788 5380 Sionem.
823 5323 948 5380 llaec
969 5340 1038 5381 eo
1066 5341 1188 5383 cum
1225 5326 1482 5399 lacrymis
1522 5326 1814 5389 referente,
1845 5333 2150 5380 conventus

557 5412 810 5480 attendit,
839 5428 945 5469 non
982 5415 1076 5473 alii
1103 5417 1206 5473 nisi
1230 5417 1349 5490 ipsi,
1376 5431 1538 5491 quam
1557 5415 1836 5482 retulerat,
1868 5423 2155 5508 ostensam

642 5630 743 5705 '69)
781 5629 939 5688 Anno
962 5633 1101 5691 1109
1126 5633 1335 5690 Pascha
1377 5637 1429 5690 in
1463 5635 1536 5692 25
1561 5635 1781 5704 Aprilis,
1811 5641 1976 5705 atque
2009 5633 2144 5690 adeo

557 5694 838 5774 Doutiirica
867 5705 1172 5761 Pa'lmarum
1200 5707 1252 5760 in
1280 5706 1344 5761 l8
1375 5706 1515 5761 diem
1545 5694 1792 5762 cadebat.

575 5790 579 5795 '
622 5776 742 5858 7’70)
782 5776 1037 5860 Bertiut‘ts
1084 5779 1150 5835 de
1189 5775 1438 5836 Varcuis.
1498 5788 1556 5861 ut
1606 5793 1728 5850 eum
1772 5785 1927 5835 vocat
1987 5774 2140 5854 Hugo

2250 4601 2350 4656 ego
2376 4605 2389 4642 :
2427 4606 2446 4639 ι
2484 4571 2656 4653 Beati,
2685 4589 2932 4657 inquam,
2959 4589 3141 4644 Patris
3169 4598 3252 4644 est
3289 4598 3341 4642 et
3361 4583 3534 4641 domini
3557 4571 3712 4647 llagvnii

2253 4669 2488 4734 abbatis.
2528 4699 2546 4732 ι
2584 4678 2736 4734 Tunc
2757 4679 2890 4736 ille:
2925 4698 2944 4732 α
2982 4680 3132 4736 Meus
3155 4689 3257 4745 est,
3290 4679 3466 4749 inquit,
3487 4689 3600 4742 ager,
3620 4677 3714 4722 nitus

2251 4778 2334 4823 est
2359 4776 2412 4822 et
2443 4759 2742 4838 possessor.
2770 4769 2883 4840 Ego
2925 4770 3069 4824 enim
3125 4769 3317 4826 Petrus
3367 4784 3473 4824 sum
3511 4757 3712 4832 apostolus.

2252 4874 2372 4930 quae
2401 4868 2583 4915 autem
2623 4862 2902 4932 praecedit,
2938 4862 3095 4915 beata
3125 4860 3220 4916 Dei
3261 4858 3475 4932 genitrix
3508 4846 3712 4909 estllaria,

2253 4962 2568 5007 sanctarum
2601 4953 2876 5008 consortio
2903 4954 3206 5024 constipata
3222 4954 3517 5010 animarum.
3537 4945 3595 4998 Tu
3615 4939 3713 5009 igilut

2255 5045 2322 5098 ad
2379 5043 2630 5099 abbatem
2683 5044 2909 5101 festines
2950 5028 3253 5116 Hugonem,
3297 5045 3510 5100 dicturus
3534 5027 3702 5092 eiztDi

2254 5151 2421 5214 spone
2443 5136 2628 5194 domui
2653 5146 2778 5205 tute,
2810 5139 2948 5194 viam
2991 5140 3254 5195 universae
3283 5138 3446 5194 carnis
3470 5131 3526 5186 ad
3559 5132 3713 5198 prim“

2255 5227 2621 5301 ingressurus.
2653 5249 2672 5282 ι
2696 5227 2914 5285 lubenti
2956 5231 3084 5284 talia
3115 5245 3306 5301 parere
3329 5225 3508 5289 distuli,
3549 5224 3712 5275 mellttlli

2255 5309 2333 5372 ne‘
2347 5318 2670 5390 vaniloquus
2710 5329 2768 5376 et
2796 5321 3069 5393 interpres
3106 5321 3352 5377 falsitatis
3386 5314 3710 5387 appellarent?

2259 5419 2433 5466 terum
2463 5411 2644 5468 denuo
2671 5415 3058 5483 commonitus,
3090 5424 3145 5471 et
3173 5415 3298 5490 quia
3333 5411 3536 5484 pta-elata:
3570 5398 3712 5457 visionis

2258 5635 2557 5694 monachus
2586 5636 2639 5693 in
2665 5637 2812 5694 Vita.
3689 5684 3695 5693 .

2329 5706 2442 5778 (7i)
2483 5706 2928 5781 S.__Augustinus
2958 5709 3081 5767 adv.
3112 5710 3382 5770 Faustum.
3433 5723 3459 5781 ί
3493 5701 3616 5757 homo
3640 5702 3697 5760 ‘l'Jl

2261 5777 2382 5836 dam
2413 5777 2707 5838 itovellavii
2734 5782 2945 5861 vineam
2969 5783 3234 5842 etlocarit
3262 5777 3502 5855 agricolis.
3538 5789 3552 5824 ι
