3928 6298
117 326 222 384 {89

1676 323 1858 381 VlTA.

3282 329 3396 408 .890

107 447 434 526 relationem
453 442 1134 513 distulerim,gravroribus
1164 443 1346 500 verbis
1372 443 1702 512 lncre;‘-a'us,
1735 447 1778 504 Α
1812 441 1958 496 tione
1989 442 2258 497 venerari.
2286 442 2387 509 Qui
2422 452 2481 497 ιιι
2509 450 2564 497 et
2604 456 2845 499 moriens
2884 445 3198 499 ostenderet
3228 460 3392 515 quam

105 551 435 607 suspensam
471 535 672 600 dudum
699 533 1020 605 legationem
1041 537 1263 606 exsequi
1304 534 1576 591 festinari.
1607 531 1705 587 llis

106 632 300 695 dictis,
331 629 421 683 alii
451 629 668 698 quidem
707 627 962 682 falsitatis
986 643 1114 684 eum,
1158 629 1483 699 arguebant,
1515 625 1706 680 beatus

68 731 79 739 ‘
107 733 302 778 autem
321 721 488 776 abbas
511 731 719 776 certum
749 735 863 774 suae
887 720 1243 790 depositionis
1266 719 1546 775 asserebat
1570 716 1708 772 iudi-

105 816 284 870 ciunt.
341 815 418 868 Ex
467 823 592 868 tunc
624 813 676 867 in
723 813 976 884 lacryntis
1024 814 1348 884 promissam
1376 828 1558 881 etSpet
1576 811 1709 866 tavit

105 905 477 968 vocationem,
529 919 651 958 cum
685 905 941 974 Apostolo
982 906 1206 960 dicens:
1257 904 1420 974 Cupio
1468 903 1706 970 dissofvi,

103 1008 162 1052 rt
187 1013 298 1050 me
326 1013 442 1049 cum
465 995 672 1050 Christo
700 996 867 1064 (Phil.
896 1013 933 1061 ι,
957 998 1072 1068 9.3).

181 1089 278 1144 4‘5.
320 1088 521 1143 Aderat
545 1089 927 1144 sacratisimre
953 1088 1136 1144 Cinna:
1177 1089 1311 1154 dies,
1353 1097 1406 1144 et
1452 1103 1580 1144 ecce
1613 1086 1705 1143 Dei

102 1195 327 1242 servus,
361 1195 464 1233 non
497 1187 604 1235 tam
633 1179 748 1249 lege
781 1179 1035 1249 temporis
1061 1195 1222 1251 quam
1253 1179 1538 1241 cftttritatis
1573 1178 1706 1234 affe-

106 1282 227 1335 ctu,
275 1269 568 1340 capitulum
615 1271 948 1340 ingreditur;
1002 1270 1090 1324 ubi
1142 1287 1264 1326 cum
1315 1286 1413 1338 pro
1460 1271 1545 1325 his
1572 1285 1708 1339 quos

106 1361 476 1416 Cliniacense
540 1349 846 1418 cienobitnn
924 1379 1078 1419 sacra
1161 1364 1264 1419 sibi
1343 1363 1708 1420 familiaritate

107 1454 472 1516 astrinxerat,
504 1452 809 1508 allluentem
851 1454 1105 1522 iussisset
1135 1457 1249 1510 fieri
1287 1456 1706 1528 eleemosynam,

111 1552 343 1612 rogatus
373 1543 654 1600 absolvere
683 1554 1028 1612 conventum,
1064 1546 1210 1603 flevit
1241 1548 1532 1604 uberrime.
1567 1549 1608 1602 Τ
1612 1566 1709 1604 an-

107 1631 245 1691 tlen
313 1633 552 1704 singultu
622 1635 904 1706 fatigatum
984 1653 1238 1707 promens
1321 1653 1702 1709 responsum:

113 1739 136 1779 ς
187 1723 393 1794 Egone,
426 1725 624 1795 inquit,
659 1741 754 1782 vos
793 1727 1094 1794 absolvam,
1139 1744 1297 1797 quem
1329 1732 1546 1800 propria
1575 1730 1709 1797 ligat

1807 530 2013 612 vigilet
2033 547 2073 587 ς
2097 531 2114 588 l
2139 533 2297 588 icitus
2325 533 2492 586 fuerit
2522 531 2666 588 circa
2689 532 3102 587 connnissarum
3129 533 3231 588 sibi
3255 536 3393 606 vigi-

1807 622 1908 678 lias
1936 619 2138 687 ovium,
2169 624 2364 695 quibus
2389 625 2564 695 potuit
2593 623 2934 678 sermonibus
2964 624 3392 679 anniversarium

1808 715 2197 786 archiepiscopi
2251 717 2495 772 Gaufridi
2553 717 2710 787 (73),
2767 725 2821 770 et
2864 715 3127 772 Guidonis
3181 715 3395 773 abbatis

1808 808 2000 862 adesse
2023 805 2313 870 nuntiavit,
2353 807 2667 877 signiﬁcans
2703 816 2957 876 oportere
2980 806 3247 862 defunctis
3285 806 3396 860 fra-

1811 896 1988 951 tribus
2022 897 2200 950 debita
2226 896 2359 952 solvi
2393 897 2674 952 benclieia.
2710 897 2874 950 Beata
2922 897 3165 968 profecto
3192 898 3391 960 anima,

1809 1001 1928 1056 qua:
1959 1001 2059 1041 nec
2093 1002 2158 1041 eo
2198 997 2438 1067 tempore
2493 990 2665 1054 potuit
2706 1001 2926 1039 suorum
2981 987 3208 1059 salutem
3253 987 3396 1040 obli-

1797 1066 1964 1139 visci,
2006 1093 2111 1147 quo
2139 1066 2410 1132 nonnullis
2436 1076 2503 1130 de
2541 1091 2636 1130 sua
2665 1075 2829 1129 etiam
2863 1076 3058 1131 ‘salute
3104 1079 3396 1133 succedere

1809 1169 1946 1224 solet
1967 1169 2188 1224 oblivio.

1796 1325 1797 1328 η
1840 1250 1969 1318 .48.
2007 1261 2178 1316 Porro
2204 1261 2451 1316 ex'ttrus
2491 1273 2557 1336 ex
2600 1259 2701 1314 hac
2730 1257 2967 1330 Egypto
3000 1258 3092 1312 Dei
3141 1259 3409 1328 famulus,_

1797 1357 1873 1435 ¹Β.
1914 1353 2060 1409 Marc
2096 1352 2149 1407 lli
2175 1352 2288 1422 (74)
2320 1366 2540 1420 capsam
2573 1351 2846 1420 sibijuvet
2881 1349 3218 1419 prmscntari,
3253 1350 3400 1415 pium

1812 1446 2064 1517 lacrymis
2093 1442 2440 1516 interpellans
2470 1443 2814 1507 advocatum,
2850 1449 2906 1494 ut
2949 1441 3066 1510 ejus
3105 1439 3397 1501 conducto,

1811 1547 1931 1608 post
1981 1536 2250 1598 exsilium,
2294 1533 2483 1603 patria:
2527 1533 2860 1588 redderetur.
2920 1531 3075 1586 Fient
3123 1530 3214 1584 lilii
3261 1545 3291 1583 a
3324 1528 3408 1585 si-

1798 1617 2023 1693 dentes,
2056 1642 2154 1680 nec
2185 1625 2324 1678 alius
2352 1624 2516 1678 alium
2541 1621 2872 1686 consolatur,
2911 1621 2998 1675 ubi
3026 1637 3126 1690 par
3148 1621 3401 1674 omnibus

1811 1727 1864 1772 et
1894 1716 2305 1772 inconsolabilis
2331 1723 2451 1782 erat
2481 1710 2638 1768 cauSa
2664 1710 2718 1768 la
2742 1711 3019 1766 uentandi.
3066 1710 3274 1777 Quibus
3315 1709 3403 1765 ille

106 1817 493 1870 couscieutia?
539 1817 652 1888 Ego
695 1830 930 1874 vestram
964 1792 1478 1885 levabo-sarcinaria,
1531 1792 1712 1876 ηιυῘιζ-
1745 1792 1784 1848 Β
1813 1824 1968 1862 suum
1997 1806 2304 1876 significans
2331 1819 2641 1867 excessum,
2687 1819 2832 1866 cum,
2865 1801 3180 1864 Benedicile,
3217 1810 3402 1869 protu-

105 1905 166 1977 pl
190 1905 245 1960 ci
275 1916 576 1976 prostratus
602 1916 654 1963 et
692 1909 883 1979 jacens
914 1911 1183 1965 excessu?
1216 1910 1496 1978 Quomodo
1520 1912 1710 1982 jngum

105 1999 291 2057 solvet
333 2008 702 2066 peccatorum,
739 1998 1020 2070 subjugata
1069 2000 1308 2068 peccatis
1355 2001 1573 2054 oratio?
1601 2000 1711 2056 Nos

111 2097 324 2152 tamen,
355 2088 479 2143 licet
505 2089 730 2160 indigni,
759 2089 999 2146 debitum
1031 2105 1422 2160 prosequemur
1442 2091 1706 2146 oﬂicium:

111 2179 380 2248 Dominus
408 2189 610 2245 autem,
645 2181 732 2250 qui
765 2181 928 2236 solvit
953 2181 1287 2250 compeditos
1316 2191 1370 2234 et
1407 2181 1569 2236 elisos
1599 2183 1710 2236 eri-

110 2271 194 2338 git
231 2269 402 2339 (I’sal.
428 2287 584 2338 cur,
616 2273 692 2342 7),
721 2271 866 2342 quod
909 2287 1019 2326 suae
1055 2272 1275 2342 pietatis
1317 2281 1422 2336 est,
1466 2273 1518 2326 in
1558 2273 1712 2327 vobis

112 2359 348 2412 inte.ius
376 2359 627 2430 dignetur
673 2361 909 2430 operari.
949 2381 970 2414 ι
1033 2359 1240 2416 Dehinc
1267 2361 1492 2416 elevatis
1521 2360 1572 2414 in
1599 2375 1714 2416 cm—

95 2451 231 2521 ~lum
258 2450 452 2515 oculis,
491 2451 741 2518 perfusus
798 2467 894 2507 ora
940 2453 1172 2517 fletibus,
1219 2453 1565 2507 commissum
1609 2453 1713 2508 sibi

111 2556 338 2615 gregem
378 2541 627 2595 absolvit.
665 2542 884 2596 Addidit
923 2555 978 2596 et
1017 2542 1268 2597 solatium
1299 2542 1714 2612 benedictionis,

113 2633 396 2702 Christum
439 2643 659 2688 scentus
707 2635 1068 2704 magistrum,
1120 2634 1213 2703 qui
1262 2635 1591 2689 transiturus
1647 2636 1715 2690 ad

115 2723 366 2796 Patrem,
397 2724 689 2799 discipulos
717 2725 767 2779 in
797 2740 1048 2794 pressura
1075 2726 1259 2778 mundi
1296 2724 1514 2779 relictos
1546 2726 1715 2781 bene-

117 2815 284 2878 dixit,
317 2831 530 2885 semper
552 2816 631 2870 eis
658 2815 940 2871 adfuturus
967 2818 1158 2887 gratia,
1199 2832 1335 2886 quos
1361 2831 1586 2886 corpoz'e
1619 2817 1716 2872 tie-

93 2908 358 2974 _t_;erebat.
416 2907 619 2962 Dehinc
672 2907 886 2976 expleto
942 2923 1239 2978 pauperum
1294 2910 1595 2979 obsequio,
1647 2908 1716 2963 ad

116 3001 443 3056 imitandum
489 3001 782 3069 Dotninicm
811 3003 1134 3058 humilitaLis
1164 2993 1490 3072 exemplum,
1527 3005 1717 3060 beatus

113 3107 290 3172 senex
323 3094 454 3148 hora
483 3094 724 3146 mandati
753 3094 803 3147 in
828 3094 1122 3163 capitulum
1146 3093 1467 3156 redit,lavat
1487 3094 1716 3160 frazrum

111 3185 374 3256 vestigia,
406 3188 470 3239 de
501 3185 810 3258 evangelica
844 3186 1075 3240 lectione
1113 3201 1421 3241 sermonem
1465 3196 1716 3241 sanctum

117 3277 475 3340 subnectens,
517 3277 691 3330 rivum
747 3287 1130 3346 provocantem
1183 3277 1570 3347 lacrymarnm.
1617 3277 1720 3332 Se-

117 3371 314 3439 qur-nti
345 3385 559 3440 quoque
590 3369 832 3437 Sabbato
881 3369 1054 3424 sacris
1100 3368 1348 3424 interfuit
1388 3369 1581 3431 ollieio,
1630 3385 1721 3425 co-

119 3460 232 3524 lum
261 3477 368 3512 tam
392 3458 502 3530 (7‘2)
531 3475 682 3513 novae
709 3459 847 3512 lucis
877 3459 1147 3521 salutans,
1173 3469 1228 3514 et
1258 3459 1466 3529 crebris
1491 3473 1723 3514 exorans

119 3566 255 3620 susp
287 3549 402 3614 riis,
433 3558 491 3602 ut
520 3549 586 3602 ad
628 3557 824 3603 terram
854 3548 1252 3617 promissionis,
1295 3564 1457 3618 quam
1499 3549 1648 3603 velut
1691 3565 1722 3603 e

119 3639 366 3716 conﬁnio
392 3640 502 3709 jam
535 3637 869 3704 intuebatur,
904 3636 1167 3693 inoffenso
1212 3653 1402 3707 gressu
1439 3637 1724 3708 pervenire

120 3742 455 3787 lliCl‘Cl‘CiUi‘.

197 3821 300 3876 47.
331 3820 663 3891 Snpercrant
689 3819 866 3876 adhuc
897 3819 1116 3874 tantula:
1142 3819 1288 3876 vires
1313 3819 1366 3873 in
1391 3817 1568 3890 fragili
1597 3835 1722 3874 cor-

121 3929 288 3984 pore,
319 3923 377 3967 ut
411 3913 464 3967 ln
518 3911 748 3967 ecclesia
782 3911 1094 3981 paschalem
1127 3913 1425 3967 celebraret
1469 3911 1725 3966 solemni-

125 3993 325 4067 tatem,
357 4003 566 4057 festitis
611 4002 902 4074 insignitus
946 4003 1303 4066 ornamentis,
1352 4017 1471 4071 quae
1522 4002 1725 4070 pariter

123 4107 178 4151 et
221 4095 335 4151 diei
371 4094 597 4166 gloriam
646 4101 702 4148 et
741 4103 944 4149 sancta:
996 4093 1136 4148 illius
1189 4095 1384 4147 animte
1431 4093 1722 4163 puritatem

125 4185 535 4258 quodammodo
585 4186 926 4241 nuntiabant.
984 4185 1240 4240 Refectus
1290 4185 1398 4238 illic
1452 4179 1725 4246 aliquotis

124 4264 527 4352 stit'itttalibtts,
567 4279 634 4333 ad
678 4280 918 4343 dOmutn,
965 4279 1016 4332 in
1061 4293 1165 4347 qua
1198 4277 1395 4331 morari
1428 4291 1724 4332 consueve-

129 4383 236 4437 rat,
273 4372 509 4426 tlivertit.
534 4371 768 4440 Vespere
792 4381 974 4424 autem
1000 4368 1161 4432 facto,
1185 4368 1386 4423 decidit
1417 4369 1470 4421 in
1506 4367 1723 4429 lectum,

127 4463 274 4546 pibil
299 4463 446 4518 aliud
475 4480 634 4534 quam
666 4461 910 4518 laborum
938 4476 1157 4516 suorum
1184 4459 1343 4514 finem
1364 4469 1420 4515 et
1446 4459 1723 4529 praet-nium

97 4543 480 4628 exspectans.
529 4555 706 4611 Tertia
756 4569 884 4610 vero
918 4555 1073 4628 feria,
1106 4545 1228 4607 cum
1283 4552 1392 4622 jam
1433 4553 1728 4622 caligantes

131 4646 302 4716 oculi,
354 4644 534 4715 lingua
560 4643 851 4710 deficiens,
908 4650 963 4697 et
1009 4652 1203 4696 caatera
1259 4657 1512 4696 sensuum
1557 4640 1727 4696 ofﬁcia

135 4743 459 4813 prttsentem
491 4735 776 4789 transitum
824 4733 1210 4800 acclamarenl,
1263 4733 1628 4804 interrogatus
1682 4733 1726 4787 si
1796 4752 1804 4758 ·

140 4829 554 4888 vivificatricem
603 4825 818 4882 Domini
862 4843 1079 4881 carnem
1131 4835 1522 4897 cognosceret:
1569 4843 1586 4875 ι
1625 4824 1730 4879 C0-

136 4937 366 4994 gnosco,
395 4921 588 4994 inquit,
621 4929 674 4976 et
723 4920 911 4981 adoro.
951 4937 970 4969 ι
1023 4917 1271 4972 Oblatqu
1299 4931 1514 4986 quoque.
1542 4915 1730 4978 saluti-

137 4991 268 5074 ferae
298 4991 481 5076 crucis
527 5013 760 5085 signum,
789 5009 1256 5067 Christianissitna
1303 5009 1514 5063 studuit
1567 5009 1732 5063 devo-

210 5151 332 5219 (72)
367 5149 596 5206 Cereum
645 5146 956 5219 pascltalem
1001 5143 1292 5219 ‘intellige,
1359 5155 1517 5219 quem
1565 5140 1727 5194 etiam

139 5211 382 5279 Ecclesia
407 5221 461 5273 iu
491 5220 610 5285 ejus
635 5211 1064 5271 benedictionem
1093 5211 1678 5285 appellatcolumnam.

211 5291 331 5360 (73)
373 5291 448 5345 Ex
477 5281 719 5359 pluribus
746 5281 1152 5360 Gaul'redis_seu
1171 5281 1387 5360 'ﬁodifrt
1405 5281 1438 5336 d
1461 5297 1488 5336 s
1514 5281 1728 5360 archie:

141 5350 402 5434 piscopis,
424 5350 830 5434 quos_rec_enset
850 5357 1010 5434 Iudex
1039 5353 1606 5434 Sau-_.\larth_anorum,
1629 5350 1728 5405 soli

144 5422 254 5488 duo
283 5422 458 5502 atque
477 5430 634 5502 ambo
663 5426 1087 5502 Burdegalenses
1122 5423 1314 5477 adduci
1333 5422 1450 5502 _bue
1472 5431 1744 5502 possunttg-

142 5489 376 5571 primus:
399 5500 706 5571 nominatus
737 5489 1038 5571 anll?l_98‘2;
1067 5503 1122 5571 et
1147 5495 1434 5571 secundos,
1466 5489 1557 5560 qui
1589 5489 1730 5571 sedit

145 5561 290 5631 inter
318 5561 492 5627 annos
537 5569 673 5623 1027
704 5577 760 5623 et
801 5567 961 5632 1047,
1009 5567 1104 5620 sed
1153 5563 1292 5619 infra
1331 5561 1730 5632 demonstrabi-

147 5660 270 5699 mus
318 5646 460 5698 iuter
511 5639 907 5710 Lugdunenses
958 5636 1235 5710 antistites
1282 5633 1447 5703 hujus
1493 5631 1729 5709 nominis

145 5729 314 5768 unum
343 5714 448 5770 hoe
478 5699 1112 5781 temporereeipiendum
1141 5720 1292 5781 esse,
1316 5699 1477 5781 quem
1507 5699 1727 5781 amitino

149 5789 545 5850 putatttus‘esse
585 5772 954 5851 éumdetufde
992 5793 1100 5850 quo
1139 5776 1228 5833 hic
1272 5777 1496 5847 agitur;
1533 5772 1732 5844 obicrlt

1815 1897 2009 1963 lisset,
2069 1894 2324 1964 loquendi
2389 1893 2704 1948 facultatem
2755 1890 2956 1945 amisit.
3025 1889 3227 1944 Deinde
3275 1906 3399 1944 eum

1818 1987 2075 2051 inclinata
2109 1993 2251 2040 esset
2289 1983 2355 2037 ad
2389 1996 2668 2052 vesperam
2703 1981 2840 2042 dies,
2890 1979 3098 2034 delatus
3141 1972 3193 2033 in
3225 1979 3403 2033 eccle-

1815 2080 1949 2133 siam
1984 2077 2238 2132 beatissin
2261 2090 2307 2130 te
2349 2073 2438 2126 Dei
2471 2071 2750 2142 genitricis
2779 2069 2986 2133 Mariae,
3034 2069 3203 2124 fessos
3251 2078 3403 2122 artus

1799 2166 1870 2225 et
1900 2179 2147 2223 naturam
2197 2163 2535 2235 profitentes,
2569 2159 2746 2214 cilicio
2801 2167 2857 2214 et
2907 2159 3076 2213 cineri
3132 2173 3408 2212 commen-

1797 2247 1981 2314 Idavit.
2035 2256 2161 2311 Sole
2213 2253 2408 2310 dehinc
2463 2251 2844 2312 occumbente,
2897 2248 2977 2303 sol
3021 2248 3292 2309 occubuit,
3350 2256 3408 2302 et

1793 2335 2141 2406 exoneratus
2187 2346 2400 2401 sarcina
2444 2343 2627 2399 carnis
2673 2342 2916 2413 spiritus,
2970 2339 3259 2394 incolatmn
3313 2353 3408 2406 pa-

1818 2446 1955 2507 trire,
2005 2440 2321 2512 temporalia
2372 2436 2719 2505 sempiternis
2772 2434 3002 2488 feliciter
3032 2429 3406 2486 comnmtavit.

1816 2537 2071 2592 Exoritur
2096 2531 2444 2604 ptreseutium
2473 2531 2678 2584 clamor
2725 2527 2985 2589 filiorum,
3021 2524 3113 2594 qui
3153 2533 3408 2592 percussa

1817 2629 1979 2684 exciti
2023 2624 2228 2690 tabula,
2278 2632 2438 2694 prout
2468 2637 2584 2675 mos
2633 2627 2737 2685 est,
2779 2619 2845 2672 ad
2875 2615 3408 2671 commendationem

1817 2720 1989 2774 lenta:
2018 2717 2162 2770 illius
2213 2715 2409 2768 animae
2439 2717 2827 2766 convenerant.
2880 2707 3128 2762 llabebat
3179 2706 3414 2777 quisque

1818 2809 1966 2862 velut
1997 2804 2310 2876 specialem,
2340 2818 2444 2874 qua
2477 2800 2703 2864 doleret,
2735 2815 2953 2854 causam
2975 2838 2991 2864 ,
3025 2806 3080 2852 et
3119 2806 3249 2867 quot
3286 2796 3409 2851 fue-

1819 2908 1944 2954 rant
1968 2912 2086 2962 ora,
2119 2903 2196 2950 tot
2240 2895 2500 2949 virtutum
2543 2891 2659 2959 ejus
2709 2889 2942 2960 insignia
2998 2885 3407 2958 promebantur.

1820 2991 1920 3045 Alii
1955 3002 2189 3060 namque
2221 2987 2471 3057 pertinax
2498 2983 2710 3037 abbatis
2736 2997 2770 3037 o
2793 2982 2920 3035 lium
2957 2980 3008 3034 in
3042 2976 3410 3034 vitia'refere-

1821 3083 1972 3148 bant,
2017 3080 2107 3135 alii
2131 3079 2277 3134 circa
2306 3077 2633 3148 pcenitentes
2663 3082 2948 3144 paternum
2995 3068 3111 3138 ejus
3164 3082 3413 3123 recense-

1823 3176 1954 3229 bant
1985 3171 2269 3230 .alfectum.
2318 3167 2782 3224 Lamentabantur
2826 3161 3093 3226 nonnulli,
3148 3173 3414 3230 pauperes

1823 3264 2072 3319 amisisse
2102 3270 2332 3332 patrem,
2365 3259 2556 3311 viduas
2588 3256 2931 3317 advocatum,
2968 3252 3197 3323 pupillos
3225 3245 3415 3306 defen~

1798 3353 2024 3412 'sorem.
2062 3351 2436 3409 lllctuorabaut
2461 3349 2622 3419 aliqui
2653 3347 2905 3402 collatam
2935 3345 3081 3400 Patri
3118 3344 3413 3414 prophetia)

1796 3439 2090 3524 gratiam,
2110 3448 2290 3519 plures
2321 3447 2609 3516 spirituum
2642 3441 2974 3496 discretione
3018 3439 3252 3507 desuper
3283 3437 3413 3491 insia

1825 3545 2056 3615 guitmn.
2091 3541 2330 3595 Fuerunt
2378 3537 2540 3592 etiam
2592 3535 2684 3605 qui
2737 3533 3082 3604 deplorarem
3133 3529 3410 3593 llugonem

1828 3635 2072 3690 timuisse
2099 3632 2376 3686 Christum
2407 3627 2588 3694 irasci,
2613 3627 2655 3680 si
2687 3626 2856 3679 iratus
2885 3622 3052 3679 solem
3078 3622 3283 3676 videret
3312 3635 3408 3674 oc-

1827 3729 2119 3784 cidentem.
2183 3721 2530 3778 Exuberabat
2583 3718 2874 3787 unicuique
2926 3715 3068 3783 quod
3119 3713 3171 3766 in
3227 3712 3414 3766 laudes

1824 3818 1941 3888 ejus
1967 3816 2314 3880 declamaret,
2362 3819 2416 3865 et
2463 3810 2656 3879 linguae
2689 3805 2982 3862 relerendis
3031 3803 3252 3856 deerant
3293 3815 3411 3854 me-

1826 3911 1968 3974 ritis,
2015 3925 2119 3963 non
2155 3907 2352 3978 linguis
2394 3911 2585 3956 l'IlCl'llll
2623 3916 2742 3969 qua:
2795 3895 3077 3952 referrent.
3117 3893 3263 3947 Inter
3315 3893 3413 3946 hos

1801 3983 1804 3988 I
1829 4001 2237 4058 lamentantium
2266 4009 2466 4052 cuneos
2496 4000 2551 4047 et
2578 3988 2935 4060 frequentiam
2974 3982 3412 4041 dccutubetttium

1801 4075 1989 4161 super
2032 4101 2181 4145 artus
2226 4087 2541 4148 exanimes,
2595 4085 2684 4136 vix
2732 4079 2947 4133 vacavit
2994 4090 3190 4144 corpus
3243 4071 3413 4139 ablui,

1828 4187 1914 4240 \ix
1960 4179 2169 4239 obvolvi
2222 4175 2650 4234 sacerdotalibus
2689 4169 3039 4226 indumentis.
3080 4165 3178 4221 Cui
3225 4165 3351 4219 dum
3381 4180 3412 4219 a

1828 4273 2090 4328 fratribus
2137 4267 2358 4340 praefata
2407 4264 2712 4319 solveretur
2758 4258 3091 4320 humanitas,
3142 4255 3412 4312 modii-um

1830 4363 2053 4421 ha'Suni
2105 4360 2288 4432 (quod
2342 4356 2563 4411 minime
2613 4352 2898 4407 videbatur
2941 4348 3190 4422 ungendo
3247 4346 3411 4415 capiti

1829 4454 2094 4526 sullicere)
2145 4460 2351 4508 tantum
2400 4448 2595 4502 dicitur
2637 4441 2940 4514 suscepisse
2996 4441 3410 4502 incrementum,

1832 4561 1890 4605 ut
1948 4550 2014 4604 ad
2065 4545 2328 4602 linieudas
2383 4539 2649 4612 quanam
2701 4535 2892 4608 reliqui
2945 4534 3128 4605 partes
3171 4531 3415 4601 corporis

1829 4643 2154 4698 abundaret.

1899 4735 1987 4788 49.
2033 4733 2128 4788 His
2167 4733 2269 4786 rite
2298 4725 2552 4800 periretis,
2576 4721 2806 4795 populus
2832 4719 3048 4773 irruens
3078 4714 3412 4778 admittitur,

1830 4833 2090 4893 quantum
2120 4821 2221 4876 sub
2247 4834 2344 4872 suo
2372 4814 2659 4887 profecerit
2686 4807 3006 4880 patrocinio,
3041 4804 3296 4874 lacrymis
3333 4803 3415 4856 ir.-

1830 4892 2018 4967 dieans
2035 4921 2090 4966 et
2118 4907 2394 4980 expensis.
2421 4903 2549 4974 Ejus
2581 4902 2818 4956 clamore
2853 4897 3014 4952 vicini
3045 4894 3210 4950 colles
3239 4892 3410 4948 resul-

1831 5014 1968 5072 tant,
1998 5002 2326 5073 snmptuosis
2355 4997 2708 5055 luminaribus
2741 4991 3013 5062 exsequiae
3045 4987 3411 5043 celebrantur.

1830 5155 1960 5212 ergo
1995 5138 2066 5193 28
2093 5136 2294 5212 Aprilis
2327 5133 2482 5188 1072.
2532 5131 2835 5188 Guidonem
2857 5126 3193 5212 'abltatem,__
3216 5137 3414 5212 possit:

1832 5196 1952 5266 mus
2004 5196 2265 5277 suspicari
2296 5219 2417 5260 eum
2448 5215 2812 5277 quemsupra
2857 5196 3196 5277 laudavimtts
3238 5196 3417 5277 ,αλιιιί-

1832 5261 1948 5336 i'e'iii
1973 5261 2442 5341 Matisconensem,
2465 5261 2732 5328 'Cluniaci
2761 5269 2937 5341 posita
2967 5263 3187 5321 abbatia
3220 5261 3418 5318 defun-

1829 5363 1998 5408 ctum.

1903 5423 2016 5494 (74)
2049 5421 2282 5494 Videtur
2305 5414 2630 5494 indicari}.
2659 5410 2951 5494 Marcellus.
2986 5420 3154 5494 papa
3180 5413 3417 5494 martyr,

1829 5480 2208 5562 cuj‘us'aliqua:
2252 5489 2490 5562 reliquae
2534 5482 2776 5562 Qluniaci
2815 5480 3048 5562 iuerint;
3093 5480 3417 5562 nauium-er

1829 5545 2044 5629 alin-ia,
2104 5545 2174 5616 in
2212 5545 2404 5628 majoi'i
2461 5555 2692 5612 ecclesia
2742 5553 2996 5629 dedicata
3044 5562 3188 5629 anno
3238 5545 3415 5629 ttat,

1832 5650 1994 5688 uumn
2030 5619 2114 5685 est
2159 5619 2317 5702 hujus
2348 5629 2545 5697 sancti.
2588 5633 2648 5682 ut
2687 5632 2908 5684 notatur
2943 5621 3000 5678 in
3049 5619 3410 5692 bibliotheca,

1831 5704 1927 5762 col.
1960 5703 2117 5775 1,639.,
