3928 6298
624 312 722 415 8911

1759 350 1799 403 s
1846 347 2146 404 llUGONlS
2182 318 2473 401 satiaris
2502 346 2821 432 CLUNIAC.
3034 340 3041 343 ·
3674 364 3745 419 .9,

627 434 892 527 ῃειιρηέει
920 467 1167 538 quisque,
1190 480 1352 536 quam
1384 479 1508 519 vera
1538 461 1701 515 fuerit
1729 463 1827 514 sub
1854 479 1920 514 eo
1952 460 2195 520 libertas,
2228 458 2276 515 Δ
2303 473 2447 511 utam
2480 460 2571 512 Dei
2612 458 2929 527 genitricem
2977 458 3228 525 Mariam;
3266 461 3489 518 astabant
3509 468 3664 527 eminus
3695 494 3749 531 εδ.

626 571 864 634 quantus
907 573 1085 612 rerum
1118 562 1429 625 provectus.
1476 567 1598 621 qua:
1634 566 1843 605 morum
1892 549 2065 621 gloria
2106 546 2207 603 sub

624 652 795 706 sacris
818 648 935 717 ejus
965 645 1285 715 disciplinis.
1315 642 1564 697 Curritur
1595 642 1738 695 inter
1766 641 1881 695 ha‘c
1903 640 1970 693 ad
2004 637 2206 708 ample-

621 741 814 797 CIenda
867 738 1043 792 Patris
1084 735 1331 804 vestigia,
1361 733 1487 787 fletu
1541 742 1721 787 vestes
1771 731 2093 800 irrigantur;
2152 736 2208 783 et

621 830 793 886 credit
820 829 1048 898 quisque
1088 840 1277 895 parum
1310 824 1412 878 sibi
1444 824 1743 893 provisum,
1773 821 1875 875 nisi
1910 821 2074 889 pedes
2092 817 2207 884 ejus

620 919 701 974 vel
732 918 917 973 osculo
940 918 1024 972 vel
1055 915 1329 970 oblatione
1358 922 1664 967 veneretur.
1715 911 1806 965 Stc
1849 919 2123 964 transacto
2153 910 2205 962 in

620 1012 878 1082 lacrymis
916 1010 1095 1064 triduo
1123 1051 1138 1074 ,
1190 1019 1481 1078 procurata
1514 1046 1529 1070 ,
1574 1020 1681 1074 quo
1742 1003 1927 1057 debuit
1975 1003 2201 1065 htrnore,

619 1102 896 1169 sepultura
944 1098 1184 1153 Sabbato
1235 1096 1350 1164 (75)
1404 1094 1528 1148 felix
1584 1092 1884 1162 depositum
1940 1088 2202 1159 suscepit.

619 1193 895 1247 Trattsivit
923 1199 1107 1244 autem
1140 1188 1201 1241 Β.
1234 1187 1401 1243 abbas
1430 1186 1589 1240 tertio
1618 1183 1884 1237 Kalendas
1917 1181 2060 1247 Maii,
2092 1180 2207 1248 ple-

619 1302 721 1339 nus
761 1282 1101 1338 auctoritatis
1128 1289 1182 1334 et
1211 1280 1415 1348 gratim,
1464 1278 1772 1346 relinquens
1802 1274 1925 1329 filiis
1949 1274 2202 1344 gaudium

620 1377 688 1431 de
713 1389 931 1436 corona,
963 1370 1267 1438 exemplum
1294 1369 1358 1423 de
1402 1368 1531 1429 vita,
1573 1367 1798 1435 gloriam
1841 1367 1909 1421 de
1953 1379 2201 1433 corpore,

619 1482 772 1538 spem
803 1466 868 1520 de
898 1462 1303 1518 intercessione.
1355 1458 1454 1525 Qui
1507 1457 1751 1527 profecto
1802 1464 2017 1526 quantm
2063 1455 2204 1509 foret

619 1558 762 1627 apud
814 1557 978 1609 Deum
1026 1553 1233 1623 gratiae,
1272 1560 1391 1621 post
1431 1551 1718 1605 transitum
1755 1565 1968 1621 quoque
2011 1547 2200 1618 ipsius,

619 1647 800 1702 multis
832 1645 1063 1698 innotuit
1084 1642 1445 1721 argumentis.

686 1740 775 1793 50.
817 1739 946 1793 Erat
994 1736 1236 1791 Cluniaci
1284 1735 1594 1791 Bernardus
1640 1735 1788 1807 (76),
1846 1738 2066 1808 quidam
2120 1742 2203 1794 vir

609 1826 809 1896 justus,
840 1837 1065 1881 sanctus
1088 1835 1143 1881 et
1168 1828 1471 1892 timoratus,
1500 1827 1584 1880 eui
1616 1826 1804 1896 religio
1836 1831 2198 1885 reverentiam

615 1909 1025 1988 comparaverat
1053 1928 1108 1974 et
1146 1933 1363 1972 nomen.
1395 1918 1443 1972 ls
1483 1917 1608 1972 dum
1651 1918 1712 1972 Β.
1747 1919 1900 1989 llugo
1942 1922 2202 1993 migraret

614 2009 681 2062 ad
712 2023 958 2078 superos,
990 2015 1246 2077 gravatus
1272 2021 1486 2075 sopore,
1516 2022 1615 2061 nec
1641 2008 1867 2076 strepitu
1892 2009 2200 2065 discurren-

620 2088 773 2163 tium,
827 2114 924 2152 nec
958 2097 1328 2159 immoderatis
1358 2096 1689 2152 clamoribus
1732 2100 1907 2168 potuit
1944 2101 2196 2157 excitari.

614 2186 724 2244 Nec
756 2189 922 2243 multo
962 2197 1085 2258 post
1128 2188 1182 2242 in
1219 2188 1415 2241 lectum
1465 2188 1682 2253 decidit,
1718 2189 1969 2245 humana:
2016 2193 2199 2262 reipu-

613 2280 768 2335 blicae
798 2295 1055 2349 supremo
1080 2292 1334 2334 cessurus
1359 2278 1719 2334 incommodo.
1750 2280 1867 2349 Quo
1894 2282 2020 2335 dum
2048 2300 2201 2354 urge-

615 2384 765 2428 retur
798 2374 865 2427 ad
904 2364 1129 2435 exitum,
1162 2372 1474 2427 convocatis
1520 2371 1843 2441 quibusdam
1875 2375 2193 2431 monachis:

618 2488 637 2520 ‹
688 2469 872 2535 Vobis,
907 2469 1099 2538 inquit,
1129 2469 1346 2531 fratres,
1381 2468 1533 2522 vobis
1578 2468 1788 2537 aperire
1824 2471 2195 2525 necessarium

614 2562 941 2634 dttxi,quam
966 2562 1094 2615 mihi
1126 2559 1385 2614 Dominus
1408 2559 1708 2614 ostenderit
1748 2558 2031 2614 visionem.
2066 2561 2193 2629 Vos,

616 2655 935 2712 referentem
962 2654 1127 2712 nolite
1150 2650 1400 2707 falsitatis
1424 2665 1671 2721 arguere,
1696 2651 1853 2720 quisi
1882 2667 1985 2705 non
2009 2666 2197 2708 amore

612 2748 846 2809 virtutis,
906 2747 1099 2802 saltem
1156 2757 1303 2801 metu
1352 2744 1562 2813 judicii,
1612 2760 1721 2817 quo
1756 2744 1951 2799 dubius
2007 2760 2193 2810 vocor,

609 2840 823 2895 mentiri
852 2822 1219 2904 formidarent.
1258 2836 1441 2891 Nostis
1466 2837 1681 2905 quidem
1731 2851 1817 2892 me
1848 2852 2023 2908 nuper
2062 2837 2195 2892 obe-

609 2930 870 2988 dientiam
905 2928 1132 3000 Nogenti
1174 2928 1287 2998 (77)
1331 2937 1689 2998 spontaneum
1736 2926 2047 2989 dimisisse;
2098 2927 2195 2983 sed

608 3036 713 3090 qua
756 3034 889 3091 eam,
906 3019 1113 3072 ratione
1138 3018 1458 3078 dimiserim,
1488 3016 1714 3071 forsitan
1743 3017 2024 3085 ignoratis.
2054 3017 2193 3071 Dor-

611 3110 796 3164 .nienti
845 3108 975 3162 mihi
1017 3107 1261 3177 quattlam
1292 3106 1617 3163 venerabilis
1663 3121 1893 3177 persona
1921 3108 2190 3176 apparuit,

610 3198 926 3268 Dionysium
974 3197 1356 3267 AreOpagitatn
1400 3198 1512 3267 (78)
1565 3213 1625 3251 se
1680 3192 1997 3261 nominans:
2038 3208 2091 3251 et
2137 3206 2197 3252 ut

610 3288 926 3343 Cluniacum
970 3298 1292 3353 reverterer,
1321 3288 1407 3343 his
1438 3303 1636 3359 urgens
1677 3288 1864 3342 verbis
1899 3306 1912 3342 :
1946 3288 2193 3358 Oportet,

610 3378 801 3443 frater,
825 3388 1040 3448 oportet
1072 3390 1123 3435 te
1167 3380 1483 3436 Cluniacum
1530 3380 1854 3451 quantocius
1896 3370 2093 3448 redire,
2140 3391 2198 3437 et.

610 3469 860 3524 abbatem
891 3470 1126 3526 salutare
1158 3469 1461 3541 llugonem,
1507 3472 1811 3526 communis
1843 3473 1949 3527 iter
1987 3474 2196 3543 ingres-

609 3575 798 3615 surum
850 3562 1321 3633 peregrinationis.
1358 3561 1580 3617 Videbis
1619 3562 1781 3618 etiam
1814 3562 1929 3632 ejus
1973 3580 2193 3620 succes-

610 3667 814 3715 sorem,
839 3652 923 3707 cui
964 3652 1029 3706 de
1062 3651 1322 3711 Romanis
1354 3651 1550 3707 finibus
1581 3652 1761 3707 divina
1797 3654 1962 3709 misso
1992 3658 2189 3727 gratia,

608 3743 877 3813 principes
913 3743 1277 3812 apostolorum
1312 3742 1615 3812 pastorales
1664 3744 1920 3800 excubias
1961 3746 2190 3801 commi-

608 3842 815 3888 serunt.
865 3833 975 3889 llac
1023 3849 1121 3903 ego
1180 3835 1524 3905 suggestione
1578 3822 1892 3905 compulsus
1948 3839 2185 3908 regredi,

607 3912 1481 4003 Cluniacuntfestinavi.V:elmihi
1510 3925 1745 3981 misero!
1782 3925 1941 3982 Pater
1972 3930 2189 3997 quidem

609 4020 868 4082 recessit;
895 4019 989 4074 sed
1024 4036 1127 4075 non
1155 4019 1324 4075 merui
1348 4021 1585 4076 salutare
1628 4023 1990 4080 recedentem.
2016 4025 2192 4080 Accu-

606 4124 792 4164 semne
837 4096 1088 4179 soporem
1131 4112 1221 4181 qtti
1272 4126 1359 4165 me
1398 4113 1593 4179 tenuit,
1644 4129 1712 4168 an
1771 4116 1975 4184 gratias
2008 4132 2187 4186 agam,

610 4199 848 4253 incertus
896 4188 1035 4254 sum.
1092 4201 1287 4255 Invidit
1330 4210 1385 4258 et
1450 4204 1704 4273 providit.
1759 4205 1956 4263 Tenuit
2008 4210 2189 4263 carnis

606 4286 811 4352 oculos,
842 4304 907 4343 ne
930 4290 1167 4347 viderem
1190 4306 1313 4345 cum
1344 4295 1651 4360 recederet;
1685 4296 1778 4350 sed
1810 4312 1917 4369 quo
1951 4313 2190 4354 ret-esse-

610 4377 702 4441 rit,
746 4378 1096 4434 interioribus
1136 4380 1307 4461 oculis
1333 4383 1571 4437 ostendit
1598 4384 1733 4454 (79).
1767 4384 1910 4452 Vidi,
1947 4394 2002 4441 et
2052 4395 2187 4442 teste

2311 545 2515 614 gittarii
2564 546 2809 615 quidam,
2846 546 2963 615 qui,
2992 548 3350 603 sacratissima
3390 554 3561 622 virgine
3594 567 3746 633 cognita,

2311 636 2456 690 velut
2505 637 2777 706 perterriti
2804 638 3185 692 abscesserunt
3209 647 3261 693 et
3306 640 3492 695 confusi
3534 648 3635 715 (80).
3671 653 3747 710 \‘lsa

2307 733 2392 781 est
2424 725 2531 781 illic
2561 740 2859 797 martyrum
2888 727 3054 780 simul
3087 736 3141 781 et
3177 727 3516 786 confessorem
3542 740 3746 807 mnllilntlo,

2308 830 2537 883 quorum
2563 816 2825 884 quosdam
2877 817 3108 886 desuper
3136 819 3266 872 mihi
3316 835 3593 890 cognoscere
3631 830 3746 887 datum

2308 904 2498 969 est,et
2544 906 2687 959 inter
2728 920 2917 959 eorum
2955 906 3263 961 discernere
3298 911 3566 977 qualitates.
3604 915 3747 975 Beatum

2308 994 2381 1048 ibi
2429 994 2725 1050 Martialem
2765 997 3011 1067 cognovi,
3062 1006 3115 1051 et
3166 998 3462 1065 Martinum,
3505 1013 3549 1057 et
3585 1008 3746 1066 abbatum

2308 1083 2535 1153 gloriam
2583 1083 2959 1140 Benedictum.
2984 1085 3096 1141 Visi
3133 1098 3257 1141 sunt
3300 1089 3349 1142 hi
3396 1092 3489 1145 duo
3520 1096 3745 1162 spiritntnlt

2307 1172 2548 1245 llngonis
2591 1175 2643 1228 in
2673 1174 3064 1231 fertilissitnam
3092 1178 3352 1236 deducere
3378 1183 3573 1247 vineam,
3603 1203 3745 1259 conque

2306 1265 2693 1333 il.icollocare,
2741 1279 2998 1339 tanquam
3050 1281 3393 1341 pausaturum
3435 1286 3535 1345 post
3579 1277 3745 1338 laborem.

2306 1357 2424 1424 Quo
2475 1359 2527 1412 in
2557 1359 2676 1414 loco
2722 1361 2847 1415 dum
2882 1363 3084 1431 pariter
3112 1372 3163 1418 et
3194 1364 3409 1434 gloriam
3455 1379 3747 1436 sanctomta,d

2304 1466 2424 1519 qua:
2457 1451 2757 1522 agebantur
2783 1455 3105 1517 admirarer,
3139 1456 3246 1524 ille,
3284 1459 3497 1513 reductis
3533 1459 3745 1518 blandiusin

2307 1558 2391 1596 me
2412 1544 2582 1598 oculis
2612 1563 2626 1599 :
2661 1548 2777 1608 Sta,
2809 1547 3002 1614 inquit,
3039 1547 3225 1608 frater,
3253 1558 3305 1603 et
3332 1552 3529 1606 comede
3563 1555 3746 1609 nobiscum

2305 1631 2372 1686 de
2417 1634 2663 1689 candidis
2692 1636 2783 1704 qui
2829 1636 2986 1689 nobis
3012 1638 3292 1692 abundant
3340 1641 3563 1706 racemis;
3600 1658 3667 1713 ego
3697 1644 3747 1699 hic

2305 1724 2578 1778 modicum
2645 1726 2985 1796 requiescam
3044 1727 3185 1797 (81),
3242 1730 3403 1784 donec
3449 1732 3603 1801 pedum
3641 1744 3747 1789 tumo:

2304 1816 2569 1883 subsidat,
2594 1826 2647 1872 et
2678 1819 2854 1887 pulvis
2882 1822 3216 1887 excutiatur,
3245 1838 3396 1891 quem
3439 1824 3655 1895 ntultiplici
3682 1829 3745 1880 tia-

2306 1922 2423 1961 rum
2451 1908 2679 1962 circuitu
2724 1912 3005 1978 contraxi;
3064 1913 3265 1968 dehinc
3311 1915 3375 1968 ad
3421 1915 3554 1969 aliam
3599 1919 3745 1971 transibo

2305 2000 2645 2055 mansiooem
2677 2042 2693 2065 ,
2748 2017 2913 2071 quam
2968 2005 3104 2059 mihi
3157 2006 3407 2062 Dominus
3450 2012 3687 2077 prmparatit
3716 2012 3743 2064 in

2302 2098 2562 2143 attentum
2606 2090 2741 2161 (82).
2772 2093 2928 2147 Dices
2957 2102 3135 2148 autem
3184 2095 3370 2151 Pontio
3396 2100 3633 2152 successori
3663 2115 3742 2161 mro.

2302 2188 2361 2233 ut
2391 2180 2459 2234 ab
2481 2182 2784 2239 humilitate
2808 2184 3122 2242 nullatenus
3162 2188 3425 2243 declinare
3448 2191 3648 2244 sustineat
3666 2190 3742 2259 (85},

2300 2271 2559 2339 operibus
2606 2272 2771 2327 instet
2820 2275 3251 2343 misericordire,
3314 2294 3508 2333 suarum
3546 2279 3743 2341 immemor,

2303 2362 2515 2430 injuriis
2562 2375 2846 2421 moveatur
2875 2368 3087 2425 alienis.
3127 2369 3305 2440 Super
3358 2372 3517 2425 omnia
3558 2371 3639 2425 zelo
3667 2371 3743 2441 legi,

2300 2456 2531 2524 ferveat,
2563 2459 2713 2514 circa
2739 2460 3115 2525 delinquentes
3161 2479 3267 2519 nec
3313 2465 3540 2518 remissus
3574 2465 3624 2518 sit
3642 2466 3742 2517 indol-

2301 2549 2503 2618 gentia,
2529 2563 2629 2605 nec
2648 2550 3039 2608 immoderatus
3057 2554 3362 2624 disciplina.
3385 2555 3543 2610 Adhuc
3561 2554 3742 2623 illeluquro

2300 2641 2480 2706 batur,
2527 2658 2650 2696 eum
2702 2643 3044 2699 demulcente
3098 2647 3340 2699 animum
3394 2646 3564 2701 visione
3609 2660 3744 2699 somnus

2300 2731 2585 2785 abscessit.
2640 2729 2743 2787 Vos
2773 2742 2953 2787 autem
3003 2735 3204 2791 scitote
3250 2750 3333 2789 me
3360 2751 3470 2789 vera
3515 2733 3744 2797 lttcututn,si

2298 2833 2516 2874 cursum
2547 2823 2670 2875 vita:
2702 2838 2942 2891 praesens
2969 2825 3227 2879 terminet
3252 2825 3538 2891 infirmitas,
3563 2825 3604 2889 si
3624 2824 3741 2883 minus.

2301 2911 2352 2965 in
2381 2922 2541 2981 caput
2569 2928 2745 2968 meum
2783 2916 3071 2984 provocavi
3114 2915 3378 2978 Iudicem,
3426 2919 3530 2987 quia
3572 2928 3744 2970 commot-

2301 3011 2447 3059 tattts
2501 2990 2813 3059 falsitatem.
2852 3024 2871 3057 ι
2909 3006 3037 3062 Πωε
3074 3009 3248 3063 relata
3280 3017 3532 3063 moverunt
3554 3006 3741 3068 auditore,

2301 3094 2470 3163 ipsius
2491 3097 2711 3150 edoctos
2740 3096 2911 3162 obitu,
2945 3098 3177 3155 fratrem
3218 3102 3520 3155 Bernardum
3551 3098 3647 3152 nihil
3672 3112 3743 3166 pro-

2302 3185 2490 3241 tulisse
2520 3186 2808 3241 tnettdacii.
2840 3187 2936 3243 Die
2977 3190 3245 3259 siquidem
3271 3191 3416 3244 tertia
3442 3188 3741 3259 (84),ltomtnem

2296 3295 2570 3349 egressus,
2620 3287 2677 3334 et
2728 3281 3096 3335 testimonium
3145 3280 3333 3351 gloria:
3360 3282 3560 3346 abbatis,
3582 3291 3622 3335 et
3654 3291 3741 3346 θρίω

2296 3373 2529 3441 propria:
2550 3371 2739 3427 salutis
2771 3371 3027 3428 fratribus
3054 3376 3301 3445 reliquit.

2367 3469 2456 3524 51.
2498 3470 2611 3539 lpsa
2640 3472 2806 3525 etiam
2836 3481 3017 3535 nocte,
3064 3485 3173 3551 qua
3226 3471 3286 3525 Β.
3335 3468 3474 3540 Hugo
3514 3456 3743 3536 migraritad

2295 3575 2540 3631 superos,
2578 3559 2931 3615 Noriomensi
2962 3560 3146 3616 abbati
3204 3576 3308 3616 non
3340 3558 3603 3615 dissimilem
3636 3552 3744 3608 ferunt

2296 3651 2612 3723 apparuisse
2639 3651 2927 3706 visionem.
2964 3652 3157 3707 Visum
3201 3652 3250 3707 ei
3277 3659 3356 3706 est
3396 3648 3581 3704 lectulos
3598 3645 3687 3698 duos
3706 3641 3741 3692 ah

2294 3745 2501 3817 angelis
2541 3746 2595 3799 in
2636 3745 2832 3800 ccelutn
2863 3745 3085 3808 deferri,
3114 3746 3210 3815 qui
3244 3743 3459 3799 molliori
3497 3740 3623 3801 cultu,
3657 3731 3742 3790 50m-

2292 3839 2551 3894 citndinis
2586 3838 2911 3893 oblivionem
2969 3845 3025 3892 et
3059 3852 3310 3892 somnum
3348 3839 3652 3906 provocarent.
3677 3826 3741 3877 Λη-

2292 3928 2394 3999 geli
2418 3938 2617 3991 autem,
2642 3928 2731 3997 qui
2757 3927 2981 3983 lectulos
2996 3926 3333 3987 deferebant,
3356 3921 3606 3999 hnjusmodi
3621 3917 3741 3973 clama-

2290 4022 2418 4075 bant
2445 4021 2659 4077 verbis:
2690 4022 2835 4088 Duos
2865 4019 3099 4075 illustres
3122 4023 3270 4075 viros
3317 4021 3365 4075 in
3391 4019 3465 4074 his
3485 4012 3741 4073 oollocabimns

2291 4113 2465 4180 lectis,
2495 4113 2807 4171 Anselmum
2857 4112 3065 4168 scilicet
3117 4112 3535 4168 Cantuariensem
3570 4099 3741 4168 arcbifl’l'

2290 4219 2535 4274 scopum,
2576 4215 2742 4273 atque
2786 4200 3067 4274 "ligonem
3092 4198 3741 4283 Cluniacensisabla'tleaim‘

2290 4297 2549 4361 nasterii;
2596 4298 2689 4367 qui
2739 4307 2858 4367 post
2906 4306 3079 4352 terras
3123 4298 3343 4361 cmlum,
3380 4304 3485 4365 post
3520 4290 3740 4346 labores»

2290 4389 2494 4457 quiem,
2524 4389 2777 4458 gaudium
2802 4397 2924 4459 post
2946 4388 3221 4460 lacrymas
3257 4394 3552 4443 meruerunt.
3576 4381 3661 4435 Post
3678 4378 3739 4427 hac

606 4468 718 4526 Deo
742 4470 845 4525 vidi
873 4470 1163 4540 permistos
1198 4460 1520 4530 mortalibus
1560 4491 1809 4547 superos,
1839 4488 1896 4533 et
1938 4480 2189 4536 beatissi-
2213 4493 2266 4554 ι)
2292 4480 2459 4536 abbas
2493 4480 2776 4553 evigilans,
2821 4480 3095 4537 nonnullis
3126 4496 3249 4556 qua:
3290 4468 3499 4545 vide'rat,
3539 4470 3682 4532 rctulll.
3703 4460 3739 4516 =4

674 4690 789 4775 (75)
830 4691 1033 4748 Triduo
1059 4732 1075 4759 ,
1119 4707 1243 4748 cum
1297 4693 1506 4751 scilicet
1559 4694 1785 4752 obiisset
1826 4695 1961 4753 feria
2008 4714 2061 4753 tv
2100 4713 2191 4757 ve-

599 4778 767 4836 spe”?
827 4834 852 4836 _
1275 4808 1335 4836 μ

601 4834 645 4918 ς
826 4834 1135 4917 Bernartius
1161 4835 1546 4903 Narbonensis,
1588 4835 1667 4892 uti
1696 4852 1821 4893 eum
1855 4847 2009 4894 vocat
2032 4839 2183 4911 [Iugo

601 4921 655 4959 tn
744 4923 752 4957 l
784 4921 838 4959 a.

601 4921 655 4960 ιη
699 4918 838 4961 Vlla.

624 5008 627 5009 ν
673 4977 785 5046 (77)
831 4995 852 5030 ‹
888 4976 1264 5049 Nongentum,
1317 4978 1496 5049 inquit
1528 4979 1900 5047 Quercetanus
1934 4982 1987 5036 in
2019 4982 2186 5049 notis,

600 5046 813 5120 Pertiri
846 5051 959 5119 agri
1007 5046 1261 5119 oppidum
1318 5046 1713 5120 et_prioratus,
1759 5052 1812 5105 in
1862 5052 2069 5109 honore
2121 5046 2184 5108 ες

600 5116 838 5188 Dionysii
864 5116 1225 5175 constructus.
1273 5139 1291 5173 ι

675 5191 785 5255 (18)
824 5189 1117 5262 Praedictus
1174 5190 1329 5260 llngo
1379 5190 1590 5245 titulum
1641 5191 1969 5262 Areopagin
2026 5194 2188 5249 omit-

601 5256 687 5319 tit,
711 5272 868 5331 quem
899 5260 1238 5331 Hildebertus
1266 5256 1375 5323 hic,
1404 5278 1470 5315 ex
1511 5263 1731 5331 propria
1776 5256 2009 5317 'et'tunc
2036 5280 2186 5319 com-

599 5330 879 5403 tntntivnde
909 5330 1240 5387 Parisiorum
1290 5330 1534 5403 apostolo
1567 5330 1842 5403 opinione,
1876 5337 2184 5391 censendus

597 5406 683 5453 est
712 5397 994 5466 adiecisse.
1038 5423 1044 5429 ο
1323 5397 1355 5441 ’λ

568 5472 569 5475 “
670 5467 785 5540 (79)
823 5468 965 5523 Idem
1003 5472 1151 5527 addit
1191 5490 1204 5527 :
1252 5490 1273 5523 ‹
1326 5473 1487 5529 Adfui
1534 5474 1586 5528 in
1622 5472 1867 5528 oratorio
1895 5472 1956 5526 Β.
1992 5472 2174 5529 Maria:

595 5539 824 5611 virginis
854 5541 1042 5597 matris
1076 5543 1305 5607 Domini,
1348 5546 1438 5599 ubi
1488 5546 1629 5601 idem
1690 5543 1854 5599 Pater
1903 5543 2112 5600 delatus
2148 5561 2180 5600 a

595 5611 858 5668 fratribus
882 5624 942 5663 ea
969 5611 1097 5665 hora
1128 5615 1440 5682 exspiravit.
1481 5634 1499 5668 ι
1733 5668 1741 5672 ,
1992 5638 1995 5639 ν

665 5683 777 5754 (80)
825 5702 843 5737 t
888 5683 989 5749 Qui
1038 5682 1164 5737 dum
1209 5686 1547 5754 susciperent
1604 5686 1839 5742 animam
1899 5685 2180 5743 morientis

595 5752 791 5826 Patris,
824 5756 1095 5813 irt'ttet'unt
1148 5752 1369 5813 eminus
1395 5758 1611 5826 quidam
1652 5756 1955 5831 Sagittarii;
1989 5768 2176 5816 contra

2290 4713 2428 4768 quos
2476 4697 2865 4754 misericordiae
2919 4707 3095 4754 mater
3138 4714 3355 4754 manntn
3406 4709 3537 4751 suam
3577 4688 3737 4768 deﬂui;

2291 4765 2360 4840 et
2400 4770 2764 4840 egredientem
2818 4770 3053 4840 protexit
3092 4784 3107 4822 :
3157 4785 3263 4840 qua
3304 4765 3737 4840 comitataque?!

2292 4832 2460 4894 illico.
2480 4838 2757 4910 fugerunt,
2813 4832 2988 4895 territi
3017 4848 3073 4895 et
3103 4832 3335 4895 confusi.
3376 4832 3405 4890 ι’
3444 4836 3508 4891 lta
3539 4832 3647 4899 [Iugo
3669 4834 3736 4877 ωεο

2291 4918 2558 4965 moratus.

2360 4980 2473 5056 eo
2512 4979 2676 5056 idem.
2714 4998 2733 5031 ε
2768 4979 2873 5056 rer
2902 4981 3138 5056 triduum
3164 4982 3254 5056 ιιίς
3281 4979 3586 5056 requiescam:

2289 5137 2321 5177 e
2347 5116 2466 5175 vita
2486 5116 2740 5192 efferunt,
2771 5122 2931 5192 quod,
2956 5122 2999 5175 si
3038 5138 3143 5176 non
3193 5137 3399 5192 ptmmttl
3431 5116 3656 5192 titercalljl’.
3675 5116 3736 5192 ffj

2291 5172 2469 5264 tamen
2493 5172 2741 5246 iaililieﬁr'a
2772 5172 2873 5245 Dei
2890 5172 3169 5248 (frit—itione
3193 5172 3294 5246 ’éi
3319 5189 3485 5264 gloria:
3512 5172 3736 5264 pleyﬂll'ﬂf

2291 5261 2561 5316 tantillum
2610 5271 2935 5326 remoretur,
2967 5263 3021 5317 in
3068 5277 3257 5332 magna
3287 5250 3454 5332 quiete
3497 5250 3735 5308 nihilole

2287 5348 2352 5388 ac
2381 5345 2513 5405 pace
2546 5334 2982 5405 praestolantes.”
3012 5403 3021 5405 _
3075 5404 3081 5405 ί
3327 5401 3338 5405 _
3606 5376 3719 5405 “2M.

2358 5393 2472 5474 (83)
2517 5393 2561 5452 α’
2586 5400 2657 5456 Ut
2683 5413 2874 5474 servet
2896 5448 2901 5452 .
2922 5403 3023 5457 sibi
3071 5401 3460 5474 innocentiam,_
3482 5393 3580 5474 aliis
3602 5393 3734 5474 Wlf‘ﬂ'

2286 5458 2567 5555 cordiam;
2617 5491 2635 5522 ι
2680 5472 2754 5554 ita
2808 5472 2960 5555 llugo
3006 5475 3336 5555 mortaehus:

2288 5526 2504 5597 tandem
2546 5526 2839 5598 recessisse
2864 5526 3084 5601 videtur
3102 5526 3347 5610 Pontius,
3369 5539 3611 5595 indiscreta
3635 5526 3733 5578 ὤεα·

2284 5612 2896 5685 plintesclo_ahreptus.
3508 5675 3517 5685 _

2355 5683 2468 5753 (84)
2513 5701 2533 5735 ι
2579 5681 2999 5743 Festo—scilicet
3046 5694 3352 5745 sanctorum
3394 5681 3657 5738 onmium.’

2283 5755 2431 5815 addit
2456 5753 2609 5829 lingu
2628 5753 2742 5827 jam
2768 5755 2970 5829 dictus.

3698 5660 3731 5708 σι
