3928 6298
75 350 182 407 893

1641 348 1797 404 VITA

77 468 357 535 utriusque
413 465 701 519 transitum
756 478 999 533 personae
1061 463 1340 533 praefatam
1414 462 1665 516 derivans
1694 494 1740 549 Α
1769 466 1823 519 in
1854 470 2080 536 somnis,
2107 479 2163 526 et
2191 471 2466 528 monuisse
2501 487 2609 528 non
2638 464 3088 530 illuminationem
3112 476 3355 545 corporis

76 557 357 611 visionem.
415 554 525 609 Nec
568 554 682 621 e,'u3
714 553 1004 608 frusuatus
1032 564 1115 607 est
1167 552 1491 617 intellectus,
1538 568 1661 606 cum

78 650 236 704 ambo
281 647 380 701 sub
409 646 598 702 eodem
629 646 744 703 fere
772 656 1030 715 tempore.
1082 647 1330 716 corporis
1378 644 1536 713 hujus
1565 660 1665 698 an-

76 737 282 807 gustias
311 734 551 790 evasisse
591 745 977 789 memorentur.
1024 734 1142 793 Alit
1190 750 1403 803 queque
1438 734 1661 788 merito-

78 843 193 880 rutn
217 827 357 879 beati
392 827 491 879 viri
512 828 825 881 claruerunt
862 826 1112 896 insignia,
1145 842 1264 895 quae
1295 827 1442 882 circa
1472 826 1664 880 deten-

78 932 157 974 tos
188 920 352 973 variis
387 918 734 989 languoribus
776 927 898 988 post
945 929 1174 973 mortem
1214 932 1428 986 quoque
1476 932 1664 988 pet-pe-

76 1022 215 1066 trata
248 1012 517 1081 leguntur,
564 1010 857 1065 llincmaro
899 1012 1113 1069 cuidam
1179 1026 1663 1080 superexcresccns

76 1104 271 1175 albugo
298 1103 524 1173 pupillas
549 1102 828 1157 oculorum
860 1103 1166 1168 obtexerat,
1211 1118 1444 1173 eumque
1475 1103 1528 1157 in
1559 1104 1661 1157 mi-

74 1196 361 1250 serabilem
393 1196 745 1251 damnaverat
773 1192 1111 1260 caecitatem;
1156 1195 1240 1249 cui
1269 1210 1395 1249 cum
1432 1210 1661 1265 τεθηρε-

74 1284 254 1338 raeda:
275 1284 466 1339 salutis
490 1300 614 1354 spes
645 1301 710 1339 ex
737 1286 947 1340 meritis
978 1294 1031 1341 et
1061 1287 1368 1342 interventu
1399 1288 1661 1356 penderet

75 1375 308 1441 abbatis,
332 1386 664 1435 memoratur
692 1377 894 1433 Christi
939 1377 1202 1432 famulum
1245 1379 1295 1433 ei
1344 1378 1663 1449 apparuisse

1765 570 2030 625 quatere,
2059 560 2152 613 sed
2193 557 2425 616 mentis:
2476 562 2689 616 tandem
2742 571 2917 618 tamen
2958 572 3137 633 super
3162 565 3357 634 depre-

1766 648 1941 702 cantis
1968 648 2172 703 lumina
2199 650 2354 720 signo
2381 655 2561 707 crucis
2603 654 2887 721 impresso,
2919 656 3210 709 recessisse
3260 656 3353 709 Dei

1765 734 2052 801 famulum,
2082 746 2140 792 et
2184 737 2485 794 ab‘stersam
2527 742 2699 796 oculis
2747 743 3069 798 caecitatem.
3123 744 3353 810 Quidam

1763 844 1979 899 quoque
2005 830 2260 893 fratrum,
2293 831 2508 886 nomine
2532 832 2725 898 Guitio,
2757 850 2880 889 cum
2906 835 3352 905 tranquillitatem

1765 922 1966 977 mentis
1994 921 2155 977 simul
2185 932 2239 978 et
2288 925 2534 992 corporis
2576 940 2710 980 nova
2742 927 2790 981 ei
2818 928 3145 983 excussisset
3171 944 3357 983 amen-

1771 1011 1864 1076 tia,
1917 1011 2182 1068 deductus
2233 1014 2303 1069 ad
2367 1015 2677 1083 sepulcrum
2739 1016 2883 1072 beati
2942 1018 3079 1083 viri,
3128 1019 3354 1089 depulso
3438 1062 3441 1064 -

1767 1102 1974 1172 quievit
1998 1104 2365 1170 incommodo,
2400 1105 2501 1160 sibi
2532 1106 2735 1176 pariter
2761 1117 2815 1163 et
2858 1111 3143 1165 convcntui
3181 1114 3354 1165 sach

1766 1193 1885 1262 ejus
1928 1196 2141 1251 meritis
2195 1197 2502 1262 restitutus,
2552 1208 2848 1268 prazstaute
2895 1201 3121 1255 Domino
3170 1212 3356 1257 nostro

1765 1284 1892 1342 ιιι-ευ
1918 1289 2160 1354 Christo,
2189 1289 2281 1357 qui
2310 1304 2434 1344 cum
2483 1288 2644 1344 Patre
2680 1300 2736 1345 et
2771 1292 2976 1362 Spiritu
3006 1300 3194 1349 Sancto
3223 1292 3356 1347 vivit

1766 1388 1820 1432 et
1851 1389 2041 1448 regnat
2062 1395 2160 1449 per
2189 1380 2396 1433 infinita
2424 1380 2638 1436 secula.
2664 1384 2858 1436 Amen.

99 1545 3350 1578 Μ

94 1692 167 1760 θ
848 1854 911 1901 μ
1089 1858 1187 1912 μ
1301 1689 1672 1819 ALIA

1777 1694 2173 1825 VITA

390 1928 718 1985 AUCTORE
742 1854 1335 2017 εΑἷΝΑιοὸίιΑΒΒ.
1369 1928 1888 1994 γΕΖΕωΑοΕΝδι.
1923 1928 2177 1985 DElNDE
2209 1930 2528 1987 ARCHIEP.
2573 1931 3075 1990 LUGDUNENSI.»
3282 1872 3359 1971 lx?
3418 1932 3443 2005 3.
3486 1914 3509 1957 :f
3546 1932 3581 1945 κε
3648 1938 3653 1945 -

762 2034 783 2062 ι

2570 2022 2885 2034 ἠμί-,ι-νκν-λ..

591 2088 695 2159 (Ex
724 2108 820 2144 ms.
858 2091 1100 2145 sereniss.
1141 2090 1419 2146 Cltristina:
1444 2092 1634 2160 regium
1662 2089 1884 2154 Suscita,
1924 2102 1970 2147 et
2012 2092 2119 2146 alio
2149 2091 2356 2163 collegii
2383 2094 2550 2147 nostri
2570 2093 2855 2165 Duaceni’.)

675 2422 1063 2480 PROLOGUS.

152 2510 432 2569 Universis
462 2510 715 2568 Ecclesiae
742 2514 1113 2571 Cluuiaceusis
1143 2514 1268 2569 [iliis
1309 2513 1481 2569 frater
1516 2514 1663 2570 Rn-

84 2619 311 2668 ιιλιυυε.
366 2604 764 2659 Vezeliaccusis
810 2606 1093 2669 Ecclesiae,
1154 2622 1260 2661 non
1323 2617 1431 2661 tam
1499 2607 1667 2662 abbas

86 2712 232 2765 quant
265 2712 480 2763 servus,
539 2696 590 2750 in
641 2696 866 2751 Domino
898 2697 1143 2753 salutem.
1186 2698 1319 2753 Cum
1373 2697 1665 2752 multorum

89 2786 297 2839 fratrum
336 2787 558 2841 monitis
611 2803 829 2858 urgear,
880 2798 938 2841 ttt
973 2788 1149 2843 Vitam
1204 2789 1432 2859 piissimi
1488 2789 1666 2845 Patris

90 2878 273 2949 domini
301 2877 548 2948 llugonis
573 2878 945 2937 Cluniacensis
991 2881 1205 2936 abbatis
1252 2882 1530 2937 succincte
1574 2883 1668 2936 de-

89 2970 324 3034 scribam,
350 2960 767 3043 devotioni,nou
796 2973 1200 3041 przesumptioni
1237 2972 1497 3027 inservire
1535 2971 1666 3026 Inibi

90 3059 359 3129 consilium
393 3070 493 3113 est.
534 3060 685 3127 Quod
723 3063 766 3115 si
793 3047 931 3137 i‘urte
958 3063 1185 3133 alicujus
1208 3064 1416 3117 altioris
1464 3063 1667 3135 ingenii

90 3148 180 3203 Vili
226 3151 466 3206 studium
523 3152 575 3205 in
638 3153 738 3207 hoc
798 3168 960 3223 opere
1026 3166 1149 3209 ante
1212 3171 1311 3209 nos
1365 3155 1665 3220 desudarit,

93 3256 206 3321 nou,
238 3255 293 3296 ut
343 3244 495 3297 illum
545 3243 833 3309 offuscare,
877 3262 963 3301 me
1018 3259 1198 3303 autem
1236 3248 1441 3302 clarum
1488 3248 1671 3303 facere

93 3332 255 3395 velim,
288 3335 395 3388 hoc
437 3350 613 3405 agam,
669 3337 762 3389 sed
818 3337 961 3391 illius
1004 3354 1140 3408 opus
1194 3339 1459 3411 majorum
1509 3349 1671 3408 atque

97 3419 405 3505 sapientium
430 3429 669 3505 virorum
699 3424 1045 3484 excellentige'
1072 3416 1518 3501 relinquendum;
1577 3426 1671 3484 no-

96 3504 405 3591 strumvero
447 3504 714 3575 minorum
747 3533 910 3592 atque
958 3523 1135 3576 minus
1179 3522 1463 3592 capacium
1492 3523 1672 3577 studio

98 3614 482 3669 attribuendum
508 3618 658 3686 puto,
694 3633 794 3671 nec
825 3617 1066 3671 sordehit
1096 3615 1377 3672 humilitas
1402 3617 1672 3671 sermonis

98 3703 289 3774 inculti,
321 3692 456 3763 dum
484 3710 596 3780 ipse
621 3710 793 3780 stylus
822 3724 953 3779 pure
981 3710 1241 3785 inservlet
1273 3711 1512 3785 veritati.

723 3840 950 3903 CAPUT
992 3842 1033 3901 l.

100 3956 449 4029 Adolescentia
503 3960 585 4029 pie
633 3969 937 4025 transacta;
990 3963 1289 4017 tirocinium
1325 3964 1443 4018 vitm
1490 3980 1675 4018 mona-

160 4028 337 4092 sticm,
398 4028 628 4099 dignitas
672 4033 953 4086 abbatiulis
981 4074 995 4095 ,
1046 4034 1336 4087 liberalitas
1382 4035 1437 4087 in
1481 4051 1674 4102 paupe-

163 4115 257 4162 res,
313 4102 658 4170 [audtiaritas
708 4119 827 4157 cum
876 4102 1104 4168 Christo,
1167 4115 1394 4174 potestas
1452 4107 1506 4158 in
1561 4105 1673 4158 da:-

165 4184 353 4225 mones.

165 4261 213 4317 i.
248 4260 413 4332 Igitur
432 4264 516 4317 vir
537 4263 748 4326 beatus,
771 4280 835 4318 ex
861 4264 1209 4320 nobilissimis
1231 4264 1674 4335 Burgundionum

106 4356 349 4424 prosapia:
381 4354 581 4409 lineam
610 4355 853 4415 trahens.
894 4364 1047 4424 patre
1090 4340 1356 4410 Dalmatio
1387 4356 1503 4410 viro
1547 4370 1677 4409 cun-

106 4447 275 4513 sulari,
314 4456 493 4503 matre
521 4464 649 4504 vero
688 4448 1046 4519 Aremburge,
1093 4448 1341 4519 religiosa
1385 4449 1677 4503 admodum

106 4540 307 4612 femina,
332 4560 510 4616 neque
536 4545 652 4603 viro
682 4543 949 4613 natalibus
977 4545 1166 4613 impari
1226 4551 1541 4615 procreatus
1572 4551 1671 4596 est.

108 4634 221 4699 Quze
243 4636 571 4705 venerabilis
597 4645 868 4703 matrona,
912 4635 1013 4701 hac
1038 4636 1105 4690 de
1140 4650 1246 4705 qua
1295 4637 1506 4705 agimus
1536 4634 1677 4690 felici

108 4726 275 4781 sobole
314 4729 565 4798 gravida,
592 4742 716 4793 cum
749 4738 936 4796 partus
980 4720 1230 4795 instaret,
1268 4728 1558 4797 quemdam
1588 4743 1679 4783 ve-

109 4818 387 4879 nerabilem
433 4820 794 4881 sacerdotem,
828 4828 885 4887 ut
915 4834 1012 4889 pro
1047 4820 1128 4873 sui
1174 4828 1361 4888 partus
1413 4818 1682 4887 angustiis

110 4906 410 4965 alleviandis
442 4911 552 4971 Deo
582 4909 908 4978 sacrificium
941 4909 1184 4976 afferret,
1212 4910 1424 4966 censuit
1448 4923 1682 4963 exoran-

110 4996 246 5053 dum.
282 5000 450 5071 Cujus
475 5003 686 5058 devotis
709 5005 964 5075 precibus
991 5002 1072 5055 vir
1110 5000 1204 5056 Dei
1234 4999 1359 5054 dum
1399 4998 1682 5068 obtempeo

1703 2414 1745 2469 Β
1773 2425 2013 2479 futurum
2059 2432 2389 2493 protestatus
2406 2414 2519 2478 est.
2550 2422 2705 2490 Quod
2733 2423 2801 2477 ab
2824 2422 2956 2493 ipsis
2982 2420 3226 2493 pueritia:
3247 2436 3359 2477 suae

1770 2517 2095 2570 rudimentis
2117 2516 2251 2569 satis
2273 2512 2378 2568 iam
2412 2514 2807 2579 innotescebat,
2838 2514 2962 2567 dum
2992 2522 3084 2566 aut
3111 2511 3360 2566 ecclesiae

1766 2618 1861 2663 aut
1889 2609 2090 2662 scholis
2117 2607 2454 2677 frequentius
2477 2607 2810 2671 adhaereret,
2842 2606 2992 2660 horis
3022 2614 3198 2658 tamen
3248 2604 3363 2657 fur-

1770 2697 1916 2761 tivis,
1955 2696 2082 2766 quia
2126 2706 2335 2766 patrem
2385 2711 2541 2750 suum
2594 2696 2839 2757 timebat,
2891 2694 2981 2762 qui
3033 2692 3362 2748 militaribus

1769 2790 1966 2843 studiis
2018 2790 2169 2843 illmn
2222 2788 2496 2858 applicare
2546 2785 2782 2840 volebat.
2834 2784 2902 2838 Et
2946 2799 3070 2838 cum
3100 2782 3151 2837 ei
3197 2783 3361 2838 vestis

1770 2882 2061 2954 pretiosior
2096 2897 2159 2935 ac
2184 2882 2429 2937 colorum
2460 2880 2722 2934 varietate
2745 2878 3027 2932 decentior
3054 2884 3354 2944 aptaretur,

1771 2976 1890 3046 ipso
1938 2992 2060 3029 eam
2111 2990 2209 3045 pro
2258 2972 2538 3040 abjecﬁori
2577 2980 2633 3027 et
2681 2956 2996 3040 simpliciori
3031 2970 3358 3039 respuebat;

1770 3083 1871 3122 nec
1921 3066 2177 3130 lascivim,
2208 3074 2268 3119 ttt
2316 3064 2403 3118 illa
2432 3074 2565 3118 aetas
2612 3061 2834 3126 assolet,
2891 3061 2985 3115 sed
3040 3060 3363 3113 innocentiae

1770 3170 1826 3215 et
1856 3158 2191 3229 simplicitati
2231 3172 2451 3227 operam
2502 3155 2695 3220 dabat;
2735 3154 3051 3223 frequenter
3099 3153 3261 3206 etiam
3309 3159 3365 3205 et

1771 3251 2010 3312 lectioni,
2043 3249 2243 3303 invitus
2271 3247 2603 3319 parentibus,
2637 3246 3003 3302 incumbebat.
3038 3243 3143 3299 Pro
3169 3243 3365 3312 quibus

1771 3345 2023 3400 omnibus
2052 3353 2106 3397 ct
2135 3342 2217 3395 his
2246 3340 2535 3403 similibus,
2573 3340 2699 3393 dum
2728 3354 2755 3392 a
2805 3348 2961 3406 patre
3005 3345 3059 3392 et
3091 3351 3123 3390 a
3167 3334 3363 3389 coawis

1773 3436 1935 3491 etiam
1966 3441 2307 3505 argueretur,
2321 3430 2525 3486 scilicet
2553 3432 2695 3500 quod
2713 3430 2829 3484 lucc
2851 3428 3125 3483 contraria
3158 3425 3363 3479 militia:

1774 3526 1973 3590 forent,
2005 3525 2329 3581 deliberavit
2382 3524 2522 3595 apud
2566 3539 2625 3578 se
2664 3521 2826 3575 aliam
2865 3521 2966 3574 sibi
3015 3518 3363 3589 quzcrendam

1775 3618 2023 3673 militiam
2079 3618 2167 3671 cui
2224 3632 2330 3670 non
2362 3622 2548 3670 essent
2579 3613 2704 3677 ista,
2740 3611 2856 3667 sine
2885 3609 3082 3680 quibus
3130 3606 3367 3660 militare

1776 3711 1963 3777 nollet,
1993 3708 2289 3764 contraria.

1846 3803 1903 3857 2.
1943 3801 2129 3870 Itaque
2160 3799 2364 3855 relictis
2388 3797 2659 3862 omnibus,
2694 3811 2721 3849 a
2750 3793 2949 3851 saeculo
2974 3792 3148 3847 nudus
3166 3788 3366 3857 evasit,

1777 3904 1832 3964 et
1875 3893 1935 3949 Β.
1975 3892 2220 3949 0dilonis
2258 3891 2570 3962 magisterio
2616 3904 2675 3949 se
2730 3888 3077 3949 submittens,
3113 3881 3363 3939 Cluniaci

1777 3988 2080 4052 monachus
2110 3986 2367 4057 efficitur;
2402 3984 2454 4038 itt
2482 3982 2638 4053 cujus
2678 3981 3022 4053 susceptione
3049 3977 3267 4053 quidam
3300 3976 3368 4031 dc

1778 4082 2105 4145 senioribus,
2154 4088 2212 4132 ut
2264 4077 2453 4139 fertur,
2514 4076 2568 4129 in
2606 4076 2721 4129 lucc
2749 4073 2911 4126 verba
2951 4083 3312 4143 prorumpens
3349 4084 3362 4120 :

1784 4192 1803 4225 ι
1841 4171 1884 4228 0
1916 4170 2416 4242 qttantnm,inquit,
2447 4168 2606 4222 hodie
2631 4167 2720 4220 the
2752 4180 2966 4226 aurum,
2997 4160 3369 4223 Cluniacensis

1777 4259 2368 4335 Ecclesia,suscepistil
2398 4276 2418 4310 ι
2445 4257 2544 4325 Qui
2568 4252 3004 4326 postea,quaut:e
3027 4249 3367 4315 immititatis,

1779 4364 1996 4424 quantae
2024 4353 2277 4423 puritatis
2313 4342 2368 4406 et
2412 4350 2731 4413 honestatis,
2770 4362 3042 4421 quamque
3071 4345 3285 4403 fervens
3316 4344 3370 4399 in

1780 4462 1964 4502 amore
1987 4444 2079 4502 Dei
2109 4445 2401 4509 exstiterit,
2444 4458 2551 4498 non
2578 4457 2760 4497 sermo
2793 4451 2996 4506 uoster,
3028 4440 3121 4494 sed
3154 4438 3212 4492 Β.
3242 4437 3373 4493 Odi-

1781 4545 1920 4600 Ionis
1958 4544 2202 4611 solertia,
2234 4542 2326 4613 qui
2380 4558 2503 4597 eum
2565 4539 2707 4595 infra
2754 4554 2926 4593 annos
2971 4534 3369 4594 adolescentia},

1781 4639 2192 4694 Cluniacensem
2240 4636 2516 4690 ordinavit
2576 4632 2948 4704 prapositum,
2999 4627 3260 4682 declarat.
3314 4624 3370 4677 ltt

1780 4731 1937 4801 cujus
1969 4729 2249 4800 regiminis
2271 4728 2470 4793 cilicio,
2527 4742 2629 4797 qua
2665 4720 3038 4779 misericordia
3086 4728 3143 4775 et
3194 4715 3373 4771 chariv

1784 4832 1917 4887 tate,
1949 4837 2055 4891 qua
2088 4820 2411 4876 strenuitate
2442 4827 2496 4873 et
2526 4816 2805 4888 vigilantia
2861 4810 3139 4876 institerit,
3195 4806 3373 4869 senio-

1786 4933 1903 4972 rum
1968 4916 2408 4971 Cluniacensium
2474 4912 2690 4967 devotio
2742 4909 3083 4971 manifestat;
3152 4904 3243 4981 qui
3308 4903 3373 4961 ad

1784 5009 2019 5081 primum
2072 5009 2138 5063 de
2185 5006 2399 5061 abbatis
2453 5002 2718 5058 electione
2764 5000 3011 5063 verbum,
3068 5010 3193 5051 cum
3249 5008 3374 5047 eum

113 5099 290 5157 rasset,
319 5092 537 5150 videbat
593 5105 648 5153 et
692 5098 805 5168 ipse
847 5098 899 5151 in
949 5097 1065 5165 ipso
1102 5102 1451 5150 sacrosancto
1483 5091 1672 5156 calice,

1788 5103 2117 5157 umninasset
2160 5100 2253 5168 qui
2282 5097 2533 5153 electioni
2570 5102 2821 5165 praeerat,
2848 5100 2903 5147 et
2932 5090 2983 5167 in
3027 5086 3243 5169 czeteris
3270 5101 3375 5150 nq-

114 5184 253 5247 «ιυειεὶ
290 5185 569 5255 cujusdam
603 5186 858 5243 infantttli
904 5189 1079 5258 imago
1107 5185 1423 5256 apparebat,
1473 5184 1525 5237 in
1574 5197 1681 5254 qua

115 5274 405 5340 exprimere
438 5288 656 5348 poterat
699 5280 889 5359 quanti
927 5279 1067 5350 apud
1114 5280 1283 5332 Deum
1344 5279 1477 5330 foret
1505 5277 1684 5331 meriti

117 5378 238 5431 Puer
284 5370 372 5426 ille
420 5372 512 5443 qui
569 5373 914 5429 nascebatur.
961 5372 1106 5438 Mox,
1144 5381 1362 5443 peracto
1394 5370 1683 5425 missarum

118 5457 300 5525 Oﬁicio,
325 5462 543 5535 festinat
566 5467 820 5522 sacerdos
872 5475 931 5521 ut
966 5465 1043 5519 tei
1085 5466 1275 5534 probet
1308 5471 1589 5528 eventum,
1633 5470 1689 5517 ct

121 5548 363 5610 infantem
412 5568 594 5615 natum
645 5561 867 5630 reperit,
915 5557 1069 5628 cujus
1121 5559 1439 5628 praasagium
1479 5558 1689 5614 viderat

122 5652 170 5694 et
190 5659 474 5713 agnoverat
508 5652 560 5706 in
609 5652 744 5706 tanti
782 5650 1001 5721 speculo
1027 5652 1378 5715 sacramenti.
1426 5650 1580 5718 Tunc
1619 5650 1686 5705 de

126 5730 207 5788 illo
252 5738 411 5794 multa
448 5743 764 5815 praedicens,
814 5757 1065 5819 magnum
1127 5742 1272 5811 illum
1319 5742 1362 5813 si
1413 5741 1686 5815 adsiverct

1786 5190 2057 5246 minaudis
2086 5166 2383 5259 procedere
2415 5187 2691 5248 voluisset,
2723 5182 2905 5239 statim
2950 5166 3019 5236 de
3071 5166 3201 5235 sede
3250 5192 3375 5237 eum

1789 5290 2107 5350 rapuerunt,
2133 5290 2335 5335 etcum
2384 5279 2477 5335 Dei
2511 5278 2760 5334 laudibus
2794 5276 2845 5330 in
2874 5274 3126 5330 abbatem
3165 5272 3380 5327 levave~

1789 5382 1937 5428 runt.
1968 5371 2119 5427 Tunc
2145 5370 2381 5441 denique
2406 5387 2543 5442 quas
2578 5385 2741 5424 cruce
2767 5368 2866 5425 sibi
2900 5366 3177 5430 indixerit,
3212 5363 3379 5420 lorica
3464 5420 3467 5423 _

1790 5463 1904 5528 illa,
1926 5480 2032 5534 qua
2063 5464 2284 5518 indutus
2306 5466 2372 5517 ad
2402 5462 2976 5530 caruemjuventutem
3006 5473 3159 5513 suam
3184 5457 3379 5526 perdu-

1795 5557 1954 5620 muit,
1979 5550 2084 5610 una
2110 5570 2221 5625 prae
2251 5553 2467 5609 caeteris
2497 5555 2562 5606 ad
2590 5552 2823 5607 medium
2858 5548 3088 5603 deducta
3119 5544 3379 5609 subiciat,

1795 5647 1897 5703 sub
1927 5661 2055 5714 qua,
2083 5654 2139 5715 et
2184 5658 2360 5717 suam,
2394 5643 2517 5699 licet
2539 5642 2818 5710 innocens,
2849 5649 2906 5696 et
2952 5638 3127 5711 patris
3176 5635 3259 5691 sui
3289 5634 3379 5691 aui

1796 5741 1860 5797 de
1905 5740 2108 5801 mundo
2132 5738 2244 5813 jam
2290 5747 2601 5796 excesserat
2645 5734 3021 5811 penitentiam
3061 5731 3271 5804 agebat.
3307 5732 3384 5787 De

3248 350 3355 420 89s
3436 412 3437 415 χ
