3928 6298
498 358 605 414 895

1631 354 1689 408 S.
1718 353 2019 411 llUCONlS
2058 354 2349 412 ABBATlS
2379 357 2697 414 CLUNIAC.

3679 349 3781 404 896

499 468 736 523 lectione
762 479 891 522 vero
912 472 967 520 et
992 463 1265 528 oratione,
1294 463 1491 532 quibus
1520 478 1658 533 pene
1685 463 1830 533 jugis
1871 466 2088 520 lnsiste-
2117 474 2165 530 Α
2193 483 2298 537 qua
2344 469 2581 537 puritate
2633 476 2690 524 et
2735 469 2997 538 aequitate
3042 469 3233 539 culpas
3284 465 3652 527 discutiebat,
3694 482 3781 533 qui

502 559 614 623 bat,
667 556 741 609 ita
790 554 975 622 paucis
1023 566 1220 607 censeo
1270 552 1669 617 deliniendam,
1719 553 1849 622 quia
1903 553 1984 608 sic
2037 554 2092 609 in

502 656 734 713 utroque
758 659 818 699 se
846 641 1203 698 insatiabilem
1231 641 1553 697 ostendebat
1595 657 1659 698 ac
1685 643 1754 709 si,
1783 659 1906 698 cum
1949 643 2093 711 lege-

506 748 611 802 ret,
642 738 781 791 Deus
809 736 859 791 ei
888 733 1115 791 visibilis
1147 733 1493 804 loqueretur;
1546 749 1671 788 cum
1717 749 1847 790 vero
1887 744 2091 799 oraret,

502 829 642 888 (acie
664 830 730 882 ad
761 828 954 882 faciem
985 843 1107 881 cum
1138 826 1247 881 Deo
1269 827 1752 882 sermocinaretur.

571 924 628 977 '5.
672 921 1166 976 Misericortliarum
1198 928 1381 974 autem
1430 919 1548 988 ejus
1582 920 1856 991 explicare
1905 935 2096 976 nume-

506 1030 625 1069 rum
660 1029 767 1069 non
799 1012 1028 1079 sullicio,
1076 1012 1285 1067 scilicet
1312 1027 1474 1081 quam
1505 1012 1627 1081 pius
1655 1028 1785 1083 erga
1826 1013 2093 1076 subditos,

506 1122 667 1175 quam
693 1106 874 1176 largus
908 1106 1053 1159 circa
1083 1120 1350 1174 pauperes
1375 1105 1558 1169 fuerit,
1590 1121 1753 1174 quam
1800 1106 2096 1161 benevolus

508 1210 621 1254 tam
659 1200 805 1255 circa
854 1197 1061 1252 alienos
1090 1212 1250 1266 quant
1283 1197 1427 1251 circa
1455 1197 1780 1251 domesticos
1804 1197 2093 1252 exstiterit.

510 1291 801 1345 Enimvero
845 1299 1009 1343 tanta:
1040 1288 1325 1342 charitatis
1352 1298 1409 1343 et
1445 1289 1725 1342 modestiae
1772 1290 1916 1343 circa
1961 1289 2098 1344 ﬁlios

511 1380 818 1435 habebatur
867 1389 924 1431 ut
949 1378 1003 1430 in
1033 1377 1151 1431 dies
1181 1393 1439 1432 numerus
1482 1394 1669 1433 eotum
1700 1388 2007 1448 attgerrtttr,
2044 1387 2100 1433 et

512 1470 724 1523 felicem
756 1483 814 1522 se
846 1469 1075 1537 quisque
1102 1467 1463 1521 arbitraretur
1493 1470 1584 1535 qui
1615 1467 1714 1521 sub
1747 1448 1916 1522 Iano
1939 1468 2099 1521 Patre

510 1564 578 1615 ad
606 1561 975 1614 conversionis
1005 1560 1235 1628 gratiam
1290 1560 1619 1629 perveniret.
1670 1558 1803 1614 Nam
1852 1560 1918 1615 de
1966 1559 2101 1615 elec-

512 1653 755 1723 tuosynis
791 1651 931 1719 ejus,
953 1651 1074 1719 quis
1105 1652 1265 1721 digne
1299 1650 1536 1705 referat?
1581 1652 1778 1721 quibus
1831 1653 1904 1706 ita
1955 1653 2101 1707 insu-

512 1744 673 1797 dabat
708 1751 765 1795 ut
810 1752 1004 1812 praeter
1026 1741 1398 1811 quotidianum
1424 1741 1625 1795 victum
1680 1740 1844 1794 etiam
1896 1751 2097 1805 vestes,

2192 557 2437 615 Iudicem
2468 560 2790 617 surculorum
2824 576 3161 617 assessorem
3192 561 3398 614 habere
3452 557 3781 612 merebatur.

2195 650 2351 705 llunc
2383 653 2585 721 itaque,
2614 663 2673 707 ut
2698 654 2890 718 fertur,
2916 654 3001 708 vir
3033 654 3135 708 iste
3166 662 3331 707 tanta:
3362 650 3712 706 auctoritatis
3736 662 3788 704 et

2194 742 2380 811 gratiae
2424 743 2494 797 ob
2548 743 2845 813 disciplina:
2895 744 3245 798 severitatem
3300 752 3358 797 et
3413 741 3787 809 temperante:

2195 833 2664 887 mansuetudinem
2710 832 2970 887 blandum
3009 834 3239 887 vocabat
3283 832 3569 893 Iudicem,
3626 832 3697 885 ob
3740 831 3789 883 id

2197 925 2452 988 maxime,
2508 926 2636 994 quia
2682 934 2741 979 ut
2771 938 2950 981 mater
2998 926 3123 980 filiis
3172 925 3587 988 blandiebatur,
3628 932 3681 976 et
3736 936 3787 977 ut

2196 1026 2349 1087 pa‘er
2376 1016 2569 1071 delicta
2596 1019 2922 1088 corrigebat.

2267 1106 2321 1161 5.
2364 1107 2471 1162 Sed
2501 1108 2650 1173 dum,
2684 1108 2812 1177 quid
2862 1111 3010 1163 circa
3060 1108 3400 1178 Stephanum
3456 1121 3658 1176 papam
3705 1121 3792 1174 per

2197 1213 2321 1253 eum
2353 1209 2559 1266 gestum
2592 1200 2682 1260 sit.
2721 1199 3033 1264 considero,
3086 1215 3191 1253 non
3222 1200 3293 1252 ab
3325 1215 3410 1262 re,
3470 1196 3605 1251 huic
3650 1196 3793 1263 operi

2200 1288 2544 1344 inserendum
2571 1291 2849 1344 existimo.
2896 1290 2994 1345 llic
3028 1292 3226 1346 ctenim
3276 1290 3422 1358 apud
3467 1287 3791 1341 Florentia»

2198 1377 2364 1434 halitu
2413 1381 2602 1434 urbem
2661 1380 2978 1435 infirmitate
3023 1379 3363 1441 decubabat,
3419 1387 3480 1432 et
3540 1392 3652 1431 non
3688 1376 3791 1429 sine

2202 1470 2292 1525 Dei
2333 1469 2505 1539 gratia
2530 1486 2560 1523 a
2588 1479 2777 1525 sancto
2801 1471 2918 1524 viro
2946 1470 3219 1532 visitatus,
3264 1477 3389 1538 post
3420 1468 3658 1522 multum
3683 1482 3792 1519 cunt

2200 1574 2265 1613 co
2292 1560 2529 1613 habilmn
2559 1560 2913 1629 colloquium,
2962 1569 3023 1613 ut
3055 1560 3197 1614 inter
3246 1574 3447 1613 manus
3496 1558 3622 1626 ejus
3667 1558 3791 1610 meri

2202 1658 2505 1705 mereretur
2556 1649 2842 1704 Dominum
2896 1651 3188 1714 exorabat,
3232 1666 3355 1703 cum
3411 1664 3551 1703 ecce
3587 1648 3794 1703 humani

2203 1743 2417 1812 generis
2444 1741 2720 1808 inimicus,
2750 1742 2900 1798 boris
2926 1743 3122 1811 quibus
3148 1743 3233 1796 vir
3265 1742 3357 1796 Dei
3392 1742 3613 1801 aberat,
3646 1740 3797 1793 obta-

516 1844 624 1889 tam
655 1835 707 1889 in
739 1833 916 1889 hieme
945 1849 1106 1903 quam
1141 1832 1196 1887 in
1240 1841 1429 1887 testate
1457 1833 1787 1902 pauperibus
1835 1848 2101 1900 congruas
2135 1812 2178 1871 Β
2209 1835 2349 1890 tibus
2378 1836 2660 1891 morientis
2682 1835 2954 1904 pontificis
2982 1850 3042 1889 se
3078 1835 3330 1903 ingerere
3357 1842 3417 1887 et
3447 1831 3681 1886 horrore
3721 1832 3795 1884 sui

510 1932 873 1992 compararet,
919 1933 973 1975 et
1029 1936 1167 1991 pene
1216 1920 1477 1989 Quidquid
1508 1920 1710 1975 habere
1762 1930 1992 1989 poterat,
2048 1922 2099 1974 in

510 2027 699 2066 eorum
748 2011 1166 2067 necessitatibus
1218 2010 1534 2064 insumeret.
1569 2009 1613 2065 Ο
1657 2010 1867 2064 lidelrm
1900 2009 2102 2066 Christi

511 2108 936 2175 dispensatorem
960 2104 973 2156 ι
1001 2103 1088 2159 cui
1120 2118 1308 2172 parmn
1331 2112 1451 2157 erat
1480 2118 1620 2171 pane
1645 2117 1913 2173 pauperes
1933 2102 2101 2166 alere,

512 2198 615 2253 uisi
642 2212 735 2252 eos
756 2197 1013 2251 carnibus
1035 2195 1347 2263 saginaret;
1395 2208 1610 2263 parmn,
1653 2194 1754 2247 nisi
1786 2194 1981 2248 crehro
2010 2207 2104 2246 eos

512 2291 641 2344 vino
671 2288 999 2351 Imtilicaret;
1024 2300 1234 2354 parum,
1259 2284 1361 2338 nisi
1393 2298 1768 2351 saepenumero
1805 2276 2101 2349 argenteis,

517 2380 787 2434 interdum
820 2394 951 2432 vero
1002 2385 1058 2430 et
1107 2375 1288 2429 aureis
1319 2389 1413 2429 eos
1456 2384 1830 2427 remuneratos
1856 2372 2100 2427 haberet.

517 2469 585 2523 Et
612 2467 738 2538 quid
764 2466 812 2521 ei
846 2467 959 2520 haec
987 2465 1192 2531 omnia,
1232 2464 1335 2519 nisi
1384 2464 1554 2518 vestis
1602 2465 1767 2517 etiam
1820 2460 2104 2533 multiplex

520 2556 874 2628 sequeretur?
908 2555 987 2610 Ad
1018 2555 1254 2625 uigorem
1302 2552 1677 2623 depellendum
1717 2553 1882 2607 lanea:
1928 2562 2107 2606 vestes

515 2650 879 2723 parabantur;
915 2646 979 2701 ad
1010 2656 1200 2701 aestum
1232 2645 1635 2715 reprimendum
1690 2644 1844 2699 lineae
1893 2659 2107 2699 coeme-

516 2744 747 2805 bantur;
780 2749 834 2795 et
859 2754 925 2793 ne
950 2738 1153 2808 aliquid
1184 2737 1399 2791 deesset
1424 2738 1675 2808 perfecta:
1704 2736 2108 2806 charitati,ipse

524 2850 618 2889 eas
662 2847 783 2887 cum
828 2831 1112 2896 fratribus,
1144 2828 1234 2898 qui
1291 2827 1365 2882 illi
1415 2829 1761 2893 assistebant,
1795 2826 2108 2896 plerumque

516 2923 841 2989 consuebat;
879 2929 992 2976 tum
1024 2936 1151 2976 vero
1180 2919 1571 2983 calceamenta,
1620 2935 1725 2974 non
1773 2919 1893 2973 sine
1927 2934 2103 2972 axun-

517 3018 602 3090 gia
674 3033 781 3087 qua
840 3024 1170 3086 ungerentur
1231 3012 1615 3068 distribuebat.
1694 3010 1882 3081 Neque
1954 3011 2105 3066 illum

517 3108 733 3173 Joanni,
765 3108 856 3177 qui
899 3107 969 3161 ob
1001 3105 1425 3160 immensitatcm
1464 3104 1933 3175 eleemosynarum
1964 3103 2109 3158 solus

519 3200 574 3253 iu
642 3199 883 3253 Ecclesia
946 3196 1363 3267 cognominatur
1429 3194 1725 3260 Eleemon,
1791 3194 2107 3250 dissimilem

520 3290 691 3345 fuisse
719 3290 1001 3351 crederes,
1053 3289 1179 3344 dum
1236 3288 1526 3341 thesauros
1572 3285 2024 3356 incomparabiles
2056 3285 2108 3339 in

524 3398 712 3445 eorum
744 3382 1056 3454 proﬂigaret
1085 3382 1369 3449 expensis;
1397 3388 1451 3435 et
1480 3381 1621 3450 quod
1650 3361 1819 3435 alicui.
1843 3380 2112 3450 potentis-

522 3476 661 3530 simo
693 3475 801 3544 regi
836 3474 1083 3529 sullicere
1124 3474 1190 3528 ad
1223 3474 1443 3528 divitias
1474 3473 1815 3537 crederetur,
1849 3474 1951 3527 hoc
1999 3473 2114 3542 ipse

524 3569 801 3629 tnultotics
846 3569 900 3625 in
947 3583 1249 3639 pauperum
1301 3567 1536 3623 miseriis
1584 3567 1929 3638 dispergeret
1977 3566 2115 3622 rele-

519 3663 732 3718 Vandis.

590 3754 645 3808 4.
688 3753 828 3821 Quid
854 3753 921 3809 de
952 3752 1057 3807 fide
1088 3751 1203 3823 ejus
1231 3751 1567 3807 memorabili
1600 3751 1799 3816 dicam,
1831 3765 1937 3821 qua
1973 3749 2115 3820 apud

519 3845 689 3903 Deum
715 3846 851 3900 tanti
886 3844 1063 3899 meriti
1089 3844 1286 3899 claruit
1317 3852 1374 3897 ut
1409 3851 1465 3899 et
1505 3852 1629 3897 vota
1663 3841 1781 3912 ejus
1810 3841 2113 3907 exaudiret,

521 3948 576 3995 ct
607 3938 945 4008 frequenter,
983 3937 1067 3992 vel
1098 3953 1163 3993 eo
1210 3937 1493 4008 ignorante
1515 3935 1599 3989 vel
1637 3950 1701 3991 eo
1742 3934 1990 3997 absente,
2023 3946 2118 4002 per

522 4032 697 4101 ipsum
731 4030 958 4085 virtutes
1005 4027 1364 4100 operaretur?
1416 4026 1574 4091 Nam,
1633 4036 1693 4081 ut
1746 4024 1814 4080 ad
1862 4025 1965 4079 alia
2019 4038 2118 4078 sco

520 4123 643 4189 loco
673 4124 1006 4193 perveniam,
1046 4124 1279 4193 primum
1310 4121 1554 4176 omnium
1588 4120 1763 4191 ipsum
1809 4118 1875 4173 de
1925 4116 2118 4171 Salva-

523 4225 641 4275 tore
696 4214 1017 4268 miraculum
1082 4213 1150 4267 ad
1207 4214 1446 4267 medium
1498 4212 1878 4270 deducamus,
1928 4206 2108 4279 quod,

524 4306 774 4378 quamvis
802 4306 915 4375 ipse
946 4321 1050 4359 non
1082 4306 1295 4371 viderit,
1337 4306 1490 4360 testis
1539 4313 1718 4359 tamen
1766 4301 1952 4367 fidelisf
1981 4308 2114 4371 papa

523 4396 819 4467 Gregorius
845 4396 1130 4465 septimus,
1181 4396 1271 4466 qui
1312 4393 1706 4450 llildebrandus
1752 4402 1911 4448 antea
1957 4406 2119 4446 voca-

2206 1934 2438 1980 tnentcm
2466 1926 2583 1993 ejus
2615 1934 2831 1981 terrere
2857 1934 3022 1993 atque
3062 1927 3307 1987 turbare,
3348 1925 3449 1979 sed
3477 1924 3549 1977 ad
3581 1922 3683 1977 viri
3715 1922 3799 1976 Dei

2207 2015 2509 2084 ingressum
2541 2014 2747 2086 fugere,
2773 2026 2830 2069 et
2852 2016 3091 2085 quandiu
3122 2030 3245 2070 cum
3275 2029 3341 2068 eo
3374 2022 3500 2069 erat
3528 2028 3634 2066 non
3664 2012 3795 2065 ultra

2205 2123 2485 2177 apparere.
2536 2108 2690 2175 Quod
2737 2108 2826 2163 ubi
2859 2116 3198 2179 compertum
3241 2116 3348 2171 est,
3382 2105 3453 2160 ab
3503 2106 3623 2174 ipso
3673 2120 3798 2173 pon-

2209 2203 2351 2256 tiﬁce
2388 2204 2616 2258 summis
2648 2203 2901 2272 precibus
2947 2212 3134 2272 postea
3184 2201 3463 2263 detentus,
3521 2214 3695 2267 usque
3741 2198 3801 2249 ad

2207 2294 2413 2348 exitum
2441 2292 2559 2360 ejus
2588 2310 2711 2347 cum
2751 2307 2817 2348 (ο
2843 2293 3163 2363 permansit,
3196 2301 3252 2345 et
3282 2306 3489 2360 corpus
3514 2289 3655 2356 ejus,
3696 2288 3805 2343 scis

2207 2383 2458 2439 ntanibus
2503 2385 2668 2438 lotmn
2714 2393 2769 2439 et
2815 2384 3054 2439 funereis
3106 2383 3348 2439 vestibus
3399 2381 3723 2445 int’olutum,
3756 2381 3804 2433 in

2207 2475 2457 2545 sepulcro
2487 2476 2706 2531 locavit.

2284 2565 2337 2620 6.
2379 2566 2489 2621 Nec
2532 2566 2729 2620 mirum
2778 2566 2825 2620 si
2868 2564 2936 2621 ad
2984 2564 3121 2619 tanti
3149 2564 3250 2618 viri
3296 2562 3649 2635 praesentiam
3698 2560 3809 2615 dia-

2207 2655 2364 2713 bolus
2386 2655 2694 2727 fngabatur,
2722 2657 2879 2725 cujus
2903 2657 3130 2726 spiritus
3159 2657 3211 2710 in
3238 2666 3451 2710 tantum
3484 2655 3595 2708 Deo
3633 2655 3806 2707 adhae-

2210 2749 2363 2804 rebat
2386 2757 2442 2801 ut
2469 2748 2634 2802 etiam
2666 2748 2782 2818 ipse
2815 2748 2867 2802 itt
2926 2764 3153 2817 persona
3203 2763 3302 2802 sua
3363 2745 3629 2801 Dominus
3656 2743 3806 2799 JeSus

2209 2840 2461 2896 Christus
2514 2841 2583 2894 ad
2647 2855 2770 2894 cum
2830 2838 3161 2896 visitandum
3212 2839 3405 2894 venire
3469 2839 3804 2909 dignaretur.

2211 2932 2363 2999 Quod
2388 2940 2516 2985 tunc
2555 2945 2768 2999 quoque
2801 2928 2930 2985 licet
2960 2928 3206 2984 dissimili
3243 2929 3437 2999 priori,
3484 2944 3594 2982 non
3632 2936 3806 2980 tamen

2212 3022 2404 3091 impari
2443 3020 2769 3076 revelatione
2809 3018 3026 3086 claruit,
3056 3019 3276 3089 quando
3324 3018 3549 3087 quidam
3608 3016 3806 3079 senior,

2212 3114 2351 3169 sicut
2371 3112 2511 3169 idem
2537 3122 2594 3167 ut
2617 3112 2913 3176 credimus,
2938 3112 3007 3167 de
3027 3126 3084 3166 se
3107 3111 3264 3181 quasi
3293 3110 3361 3165 de
3391 3110 3501 3164 alio
3520 3107 3807 3173 refer-clm,

2215 3210 2389 3279 ipsum
2440 3208 2862 3279 Redemptorem
2917 3224 3041 3264 cum
3083 3208 3320 3273 cithara,
3367 3207 3421 3263 in
3465 3207 3808 3263 Cfuniacensi

2213 3304 2383 3358 choro
2433 3300 2752 3371 psallentem
2805 3316 2990 3356 coram
3039 3300 3267 3371 singulis
3312 3298 3601 3362 fratribus,
3648 3298 3806 3361 vidit;

2215 3404 2410 3451 cautus
2440 3404 2644 3461 autem,
2690 3395 2780 3466 qui
2813 3395 3161 3461 audiebatur,
3194 3393 3283 3448 illa
3326 3391 3653 3463 evangelica
3684 3392 3811 3445 anti-

2216 3484 2393 3556 phona
2434 3496 2592 3547 crat:
2628 3486 2824 3541 Sedere
2853 3497 3029 3544 autem
3069 3502 3303 3551 mecum,
3355 3502 3458 3538 non
3515 3494 3594 3538 est
3649 3501 3811 3535 mestis

2216 3580 2342 3633 dare
2381 3578 2555 3644 vobis;
2596 3578 2686 3631 sed
2732 3578 2920 3648 quibus
2966 3588 3214 3647 paratum
3264 3586 3341 3630 est
3390 3594 3423 3629 α
3480 3572 3651 3627 Patre
3710 3591 3810 3627 meo

2218 3669 2433 3739 (.llatth.
2482 3685 2574 3734 xx,
2604 3668 2722 3735 εδ),
2762 3677 2889 3724 tunc
2915 3668 3081 3723 etiam
3114 3677 3296 3722 tantus
3345 3665 3480 3720 odor
3508 3664 3812 3719 mlestum

2218 3771 2521 3815 aromatum
2553 3759 2910 3815 eli'ervescere
2937 3759 3241 3822 videbatur,
3267 3768 3328 3812 ut
3352 3766 3691 3813 cunctorum
3727 3754 3814 3808 ﬂa-

2218 3852 2485 3923 grantiam
2513 3850 2879 3907 balsamorum
2908 3861 3169 3917 superare
3188 3848 3526 3903 crederetur.

2850 3942 3089 3999 CAPUT
3130 3942 3196 3998 ﬂ.

2219 4037 2512 4107 Defunctus
2542 4054 2574 4090 ιι
2594 4037 2780 4105 ptruis,
2804 4036 2931 4104 (cqri
2957 4054 2987 4087 a
3014 4036 3209 4089 morbis
3246 4033 3478 4107 liberati.
3508 4031 3732 4103 Templa
3756 4038 3811 4084 its

2527 4104 2759 4163 crcuobia
2784 4116 3055 4160 exstructa
3084 4117 3176 4159 aut
3203 4104 3514 4173 reformata.

2292 4200 2347 4255 7.
2382 4198 2494 4255 Nec
2535 4199 2667 4254 illud
2713 4197 2929 4253 silentio
2975 4196 3341 4267 obtegendum
3394 4208 3609 4251 censeo
3682 4192 3811 4264 quod

2210 4292 2441 4363 quidam
2473 4290 2665 4356 frater,
2716 4290 2937 4345 nomine
2963 4288 3211 4351 Pontius,
3247 4284 3447 4342 divinae
3474 4286 3811 4340 animadrerb

2206 4384 2391 4439 'sinnis
2423 4382 2699 4459 judicium
2720 4380 2771 4434 in
2801 4396 2859 4434 se
2888 4394 3025 4449 pene
3046 4379 3350 4444 sensisset,
3376 4377 3482 4430 nisi
3508 4376 3560 4431 ei
3586 4372 3811 4431 crit-testis

525 4466 707 4554 batur,
742 4488 901 4559 hujus
933 4487 1011 4541 rei
1040 4485 1205 4543 fuisse
1230 4487 1598 4555 cognoscitur.
1633 4486 1727 4541 Sic
1754 4486 1954 4540 etenim
1989 4486 2115 4540 dum
2151 4502 2194 4559 ι)
2222 4478 2415 4549 piclaS,
2449 4492 2544 4546 per
2575 4474 2719 4529 hunc
2758 4472 2848 4527 Dei
2890 4487 3111 4526 servum
3137 4469 3505 4531 subvenisset.
3535 4466 3671 4521 Nam
3700 4481 3807 4520 cum

521 4579 757 4649 quadam
786 4580 873 4633 die
917 4579 968 4632 in
999 4576 1343 4633 Cluniacensi
1383 4574 1621 4645 capitulo
1668 4576 1879 4644 (utpote
1924 4590 2117 4628 mona-

524 4673 663 4727 chus
690 4680 743 4725 et
763 4671 941 4725 adhuc
968 4670 1226 4725 Romamn
1252 4667 1508 4723 Ecclesia:
1530 4664 1922 4734 subdiaconus)
1960 4665 2119 4719 beato

535 4762 642 4817 tiro
671 4760 959 4826 assideret,
991 4773 1286 4813 conversus
1312 4757 1599 4813 Dominum
1643 4755 1828 4810 Jesum
1872 4755 1946 4808 illi
1990 4742 2121 4808 con-

525 4855 714 4910 sedere
755 4853 927 4921 vidit,‘
964 4860 1021 4907 et
1068 4852 1222 4921 quasi
1277 4851 1328 4905 in
1364 4850 1592 4921 singulis
1631 4848 1853 4920 judiciis
1900 4847 2016 4917 ejus
2046 4846 2119 4901 illi

524 4945 755 5013 faveret,
788 4946 936 5000 vultu
980 4956 1036 5000 et
1083 4942 1266 4999 habitu
1298 4943 1489 4998 hilaris
1525 4942 1849 5014 apparebat.
1885 4939 2005 4995 Mox
2032 4940 2123 4995 ille

523 5040 735 5093 cunctis
755 5037 1122 5108 stupentibus,
1155 5048 1269 5089 rem
1315 5034 1585 5104 siquidem
1614 5033 1828 5104 penitus
1870 5033 2124 5103 ignoran-

526 5127 689 5194 tibus,
722 5135 874 5182 tanto
916 5124 1091 5183 Judici
1120 5140 1434 5196 assurgens,
1464 5125 1699 5179 medimn
1737 5123 1951 5178 volebat
1994 5136 2123 5175 con-

527 5218 755 5273 stituere
806 5220 1109 5274 dominum.
1166 5217 1407 5271 'l‘andent
1461 5232 1491 5271 a
1528 5216 1691 5273 Patre
1747 5214 2118 5279 sanctissimo,

529 5322 628 5361 cur
656 5308 722 5361 de
747 5310 874 5364 sede
896 5309 1245 5371 surrexisset,
1297 5307 1615 5376 requisitas,
1648 5307 1911 5361 visionem
1937 5307 2120 5375 (quant

530 5399 729 5469 quibus
758 5401 931 5456 oculis
956 5402 1202 5465 vidisset,
1230 5400 1442 5455 nescire
1463 5414 1524 5454 se
1553 5398 1844 5469 fatebatur)
1870 5409 1929 5452 ut
1949 5398 2126 5467 praeli-

532 5489 803 5558 bavimus,
832 5494 1117 5564 exposuit:
1166 5492 1219 5549 in
1264 5507 1374 5564 quo
1416 5490 1754 5562 perpendere
1805 5505 2127 5561 possumus,

2226 4568 2365 4639 apud
2400 4565 2690 4637 quemdam
2743 4561 2956 4628 cellam,
3014 4561 3100 4617 cui
3156 4560 3311 4615 Mons
3355 4559 3473 4629 (85)
3507 4555 3810 4612 vocabulum

2227 4673 2329 4727 est,
2363 4662 2409 4716 is
2436 4660 2502 4714 de
2528 4674 2635 4729 quo
2662 4657 2841 4727 agitur
2880 4654 3051 4708 frater
3080 4660 3411 4714 moraretur,
3450 4650 3690 4717 illucque
3728 4660 3810 4697 ve-

2206 4755 2401 4809 nisset
2447 4750 2610 4805 Pater
2638 4747 2992 4811 reverendus,
3021 4745 3130 4809 ille,
3162 4744 3291 4814 quia
3319 4758 3474 4808 eum,
3517 4751 3699 4811 utpote
3724 4736 3809 4789 ad-

2231 4861 2422 4902 versus
2460 4843 2678 4897 Patrem
2723 4839 2887 4895 stulte
2934 4850 3306 4900 murmurans,
3345 4834 3540 4889 videre
3588 4832 3809 4888 nolebat.

2202 4936 2486 4990 'simulato
2518 4932 2775 5000 languore
2804 4929 2871 4983 ad
2892 4928 3091 4983 lectum
3116 4926 3369 4981 secessit.
3400 4922 3515 4978 Sed
3536 4930 3733 4991 quanto
3760 4931 3809 4969 se

2227 5025 2549 5084 subtrahere
2580 5021 2695 5075 viro
2738 5018 2830 5074 Dei
2865 5016 3188 5081 conabatur,
3241 5022 3397 5068 tanto
3440 5013 3557 5066 vita
3604 5011 3668 5063 de
3709 5021 3811 5060 cet-

2228 5131 2361 5188 pme
2386 5117 2513 5187 (non
2533 5112 2644 5184 jam
2673 5126 2738 5165 ex
2771 5107 3013 5173 fictione,
3040 5106 3134 5161 sed
3161 5114 3314 5160 certa
3336 5097 3811 5167 vnleludine)exire

2229 5210 2541 5273 festinabat,
2570 5207 2642 5261 ita
2673 5214 2731 5259 ut
2751 5202 2865 5273 jam
2888 5217 3019 5258 voce
3041 5199 3288 5255 faucibus
3320 5198 3594 5258 btcrente,
3624 5188 3808 5261 loquela

2230 5305 2507 5360 deﬁceret.
2538 5297 2791 5355 Curritur
2819 5295 2887 5349 ad
2915 5294 3064 5364 pium
3096 5300 3394 5364 pastorem,
3424 5299 3487 5343 ut
3513 5301 3668 5342 ovem
3696 5292 3811 5351 pem

2202 5416 2203 5419 η
2234 5393 2562 5466 migrantem
2598 5401 2814 5444 summo
2860 5383 3069 5438 Pastori
3116 5380 3559 5438 commendaret.
3591 5378 3705 5431 llox
3740 5370 3810 5423 ilic

2237 5464 2572 5550 accelerans,
2608 5479 3009 5537 absolutionem
3035 5472 3530 5534 commendationis
3555 5464 3810 5543 prmisit.

634 5668 724 5742 85)
764 5669 919 5727 Inlcl‘
963 5668 1397 5742 Ciarompntgng'e
1440 5666 1691 5727 dimcesis
1719 5667 2038 5734 decanatus,
2069 5678 2208 5724 unus
2242 5667 2302 5724 r’e
2328 5662 2596 5721 Montibus
2621 5660 2839 5731 dicitur,
2872 5655 3224 5716 Cluniacensi
3261 5650 3604 5711 monasterio
3632 5648 3807 5703 ωηε-

531 5739 665 5803 Vide
691 5739 1077 5805 bibliothecam
1107 5740 1209 5796 col.
1248 5739 1402 5796 1753.
