  <div class='ocr_page' id='page_1' title='image "/cluster/home/n/w/nwhite01/storage/ocr_20150623/159/hvd.32044024236648/456.png"; bbox 0 0 3928 6298; ppageno 0'>
   <div class='ocr_carea' id='block_1_1' title="bbox 86 363 191 419">
    <p class='ocr_par' dir='ltr' id='par_1_1' title="bbox 86 363 191 419">
     <span class='ocr_line' id='line_1_1' title="bbox 86 363 191 419; baseline 0 -1"><span class='ocrx_word' id='word_1_1' title='bbox 86 363 191 419; x_wconf 79' lang='lat'><strong>897</strong></span> 
     </span>
    </p>
   </div>
   <div class='ocr_carea' id='block_1_2' title="bbox 1652 342 1831 405">
    <p class='ocr_par' dir='ltr' id='par_1_2' title="bbox 1652 342 1831 405">
     <span class='ocr_line' id='line_1_2' title="bbox 1652 342 1831 405; baseline 0.006 -1"><span class='ocrx_word' id='word_1_2' title='bbox 1652 342 1831 405; x_wconf 72' lang='grc' dir='ltr'><strong>ΥΙΤΑ.</strong></span> 
     </span>
    </p>
   </div>
   <div class='ocr_carea' id='block_1_3' title="bbox 3254 356 3359 412">
    <p class='ocr_par' dir='ltr' id='par_1_3' title="bbox 3254 356 3359 412">
     <span class='ocr_line' id='line_1_3' title="bbox 3254 356 3359 412; baseline -0.029 0"><span class='ocrx_word' id='word_1_3' title='bbox 3254 356 3359 412; x_wconf 72' lang='lat'><strong>898</strong></span> 
     </span>
    </p>
   </div>
   <div class='ocr_carea' id='block_1_4' title="bbox 87 461 3371 551">
    <p class='ocr_par' dir='ltr' id='par_1_4' title="bbox 87 461 3371 551">
     <span class='ocr_line' id='line_1_4' title="bbox 87 461 3371 551; baseline -0.005 -15"><span class='ocrx_word' id='word_1_4' title='bbox 87 491 141 536; x_wconf 81' lang='lat' dir='ltr'><strong>et</strong></span> <span class='ocrx_word' id='word_1_5' title='bbox 170 481 256 537; x_wconf 89' lang='lat' dir='ltr'><strong>sic</strong></span> <span class='ocrx_word' id='word_1_6' title='bbox 290 493 451 551; x_wconf 63' lang='lat' dir='ltr'><strong>aeger,</strong></span> <span class='ocrx_word' id='word_1_7' title='bbox 471 475 677 533; x_wconf 87' lang='lat' dir='ltr'><strong>viribus</strong></span> <span class='ocrx_word' id='word_1_8' title='bbox 710 479 765 528; x_wconf 90' lang='lat' dir='ltr'><strong>et</strong></span> <span class='ocrx_word' id='word_1_9' title='bbox 789 485 921 527; x_wconf 85' lang='lat' dir='ltr'><strong>voce</strong></span> <span class='ocrx_word' id='word_1_10' title='bbox 945 469 1224 543; x_wconf 86' lang='lat' dir='ltr'><strong>paulisper</strong></span> <span class='ocrx_word' id='word_1_11' title='bbox 1247 465 1531 530; x_wconf 84' lang='lat' dir='ltr'><strong>restitutis,</strong></span> <span class='ocrx_word' id='word_1_12' title='bbox 1564 463 1681 518; x_wconf 90' lang='lat' dir='ltr'><strong>cul-</strong></span> <span class='ocrx_word' id='word_1_13' title='bbox 1708 462 1753 521; x_wconf 77' lang='grc' dir='ltr'>Α</span> <span class='ocrx_word' id='word_1_14' title='bbox 1783 461 2186 533; x_wconf 76' lang='lat' dir='ltr'><strong>frequentiora;</strong></span> <span class='ocrx_word' id='word_1_15' title='bbox 2217 465 2412 536; x_wconf 82' lang='lat' dir='ltr'><strong>quibus</strong></span> <span class='ocrx_word' id='word_1_16' title='bbox 2449 476 2628 524; x_wconf 87' lang='lat' dir='ltr'><strong>tamen</strong></span> <span class='ocrx_word' id='word_1_17' title='bbox 2661 478 2768 526; x_wconf 84' lang='lat' dir='ltr'><strong>tam</strong></span> <span class='ocrx_word' id='word_1_18' title='bbox 2804 480 3020 526; x_wconf 84' lang='lat' dir='ltr'><strong>cautum</strong></span> <span class='ocrx_word' id='word_1_19' title='bbox 3053 484 3113 527; x_wconf 84' lang='lat' dir='ltr'><strong>se</strong></span> <span class='ocrx_word' id='word_1_20' title='bbox 3135 470 3371 526; x_wconf 78' lang='lat' dir='ltr'><strong>exhibe-.</strong></span> 
     </span>
    </p>
   </div>
   <div class='ocr_carea' id='block_1_5' title="bbox 85 554 1682 640">
    <p class='ocr_par' dir='ltr' id='par_1_5' title="bbox 85 554 1682 640">
     <span class='ocr_line' id='line_1_5' title="bbox 85 554 1682 640; baseline -0.012 -15"><span class='ocrx_word' id='word_1_21' title='bbox 85 586 212 640; x_wconf 87' lang='lat' dir='ltr'><strong>pam</strong></span> <span class='ocrx_word' id='word_1_22' title='bbox 273 569 583 631; x_wconf 86' lang='lat' dir='ltr'><strong>confitetur,</strong></span> <span class='ocrx_word' id='word_1_23' title='bbox 634 563 993 620; x_wconf 83' lang='lat' dir='ltr'><strong>temeritatem</strong></span> <span class='ocrx_word' id='word_1_24' title='bbox 1042 567 1278 622; x_wconf 85' lang='lat' dir='ltr'><strong>accusat,</strong></span> <span class='ocrx_word' id='word_1_25' title='bbox 1331 557 1543 611; x_wconf 90' lang='lat' dir='ltr'><strong>veniam</strong></span> <span class='ocrx_word' id='word_1_26' title='bbox 1581 554 1682 608; x_wconf 84' lang='lat' dir='ltr'><strong>im-</strong></span> 
     </span>
    </p>
   </div>
   <div class='ocr_carea' id='block_1_6' title="bbox 87 645 1681 733">
    <p class='ocr_par' dir='ltr' id='par_1_6' title="bbox 87 645 1681 733">
     <span class='ocr_line' id='line_1_6' title="bbox 87 645 1681 733; baseline -0.009 -18"><span class='ocrx_word' id='word_1_27' title='bbox 87 664 272 733; x_wconf 87' lang='lat' dir='ltr'><strong>plorat</strong></span> <span class='ocrx_word' id='word_1_28' title='bbox 305 672 357 717; x_wconf 91' lang='lat' dir='ltr'><strong>et</strong></span> <span class='ocrx_word' id='word_1_29' title='bbox 383 660 612 724; x_wconf 84' lang='lat' dir='ltr'><strong>obtinet,</strong></span> <span class='ocrx_word' id='word_1_30' title='bbox 643 664 697 713; x_wconf 83' lang='lat' dir='ltr'><strong>et</strong></span> <span class='ocrx_word' id='word_1_31' title='bbox 737 656 813 711; x_wconf 87' lang='lat' dir='ltr'><strong>sic</strong></span> <span class='ocrx_word' id='word_1_32' title='bbox 842 653 1057 709; x_wconf 88' lang='lat' dir='ltr'><strong>demum</strong></span> <span class='ocrx_word' id='word_1_33' title='bbox 1100 650 1169 706; x_wconf 92' lang='lat' dir='ltr'><strong>ab</strong></span> <span class='ocrx_word' id='word_1_34' title='bbox 1208 646 1551 705; x_wconf 87' lang='lat' dir='ltr'><strong>incommodo</strong></span> <span class='ocrx_word' id='word_1_35' title='bbox 1589 645 1681 700; x_wconf 90' lang='lat' dir='ltr'><strong>illo</strong></span> 
     </span>
    </p>
   </div>
   <div class='ocr_carea' id='block_1_7' title="bbox 86 752 451 809">
    <p class='ocr_par' dir='ltr' id='par_1_7' title="bbox 86 752 451 809">
     <span class='ocr_line' id='line_1_7' title="bbox 86 752 451 809; baseline -0.005 0"><span class='ocrx_word' id='word_1_36' title='bbox 86 752 451 809; x_wconf 78' lang='lat' dir='ltr'><strong>convalescit.</strong></span> 
     </span>
    </p>
   </div>
   <div class='ocr_carea' id='block_1_8' title="bbox 154 834 1681 903">
    <p class='ocr_par' dir='ltr' id='par_1_8' title="bbox 154 834 1681 903">
     <span class='ocr_line' id='line_1_8' title="bbox 154 834 1681 903; baseline -0.012 -2"><span class='ocrx_word' id='word_1_37' title='bbox 154 849 212 902; x_wconf 92' lang='lat'><strong>8.</strong></span> <span class='ocrx_word' id='word_1_38' title='bbox 256 847 409 899; x_wconf 79' lang='lat' dir='ltr'><strong>Alter</strong></span> <span class='ocrx_word' id='word_1_39' title='bbox 440 858 566 898; x_wconf 83' lang='lat' dir='ltr'><strong>vero</strong></span> <span class='ocrx_word' id='word_1_40' title='bbox 592 858 713 898; x_wconf 91' lang='lat' dir='ltr'><strong>cum</strong></span> <span class='ocrx_word' id='word_1_41' title='bbox 745 839 811 895; x_wconf 90' lang='lat' dir='ltr'><strong>ab</strong></span> <span class='ocrx_word' id='word_1_42' title='bbox 859 839 962 893; x_wconf 90' lang='lat' dir='ltr'><strong>hoc</strong></span> <span class='ocrx_word' id='word_1_43' title='bbox 1014 835 1211 892; x_wconf 74' lang='lat' dir='ltr'><strong>szcculo</strong></span> <span class='ocrx_word' id='word_1_44' title='bbox 1265 834 1574 903; x_wconf 78' lang='lat' dir='ltr'><strong>migrasset,</strong></span> <span class='ocrx_word' id='word_1_45' title='bbox 1627 836 1681 903; x_wconf 72' lang='lat' dir='ltr'><strong>et</strong></span> 
     </span>
    </p>
   </div>
   <div class='ocr_carea' id='block_1_9' title="bbox 83 918 1679 1006">
    <p class='ocr_par' dir='ltr' id='par_1_9' title="bbox 83 918 1679 1006">
     <span class='ocr_line' id='line_1_9' title="bbox 83 918 1679 1006; baseline -0.011 -13"><span class='ocrx_word' id='word_1_46' title='bbox 83 938 202 1006; x_wconf 85' lang='lat' dir='ltr'><strong>ejus</strong></span> <span class='ocrx_word' id='word_1_47' title='bbox 241 952 444 1006; x_wconf 88' lang='lat' dir='ltr'><strong>corpus</strong></span> <span class='ocrx_word' id='word_1_48' title='bbox 490 936 541 989; x_wconf 90' lang='lat' dir='ltr'><strong>in</strong></span> <span class='ocrx_word' id='word_1_49' title='bbox 564 918 814 987; x_wconf 77' lang='lat' dir='ltr'><strong>oratorio</strong></span> <span class='ocrx_word' id='word_1_50' title='bbox 846 928 1185 985; x_wconf 71' lang='lat' dir='ltr'><strong>Cluniacensi</strong></span> <span class='ocrx_word' id='word_1_51' title='bbox 1242 927 1576 981; x_wconf 74' lang='lat' dir='ltr'><strong>inhumatum</strong></span> <span class='ocrx_word' id='word_1_52' title='bbox 1612 936 1679 975; x_wconf 81' lang='lat' dir='ltr'><strong>ex</strong></span> 
     </span>
    </p>
   </div>
   <div class='ocr_carea' id='block_1_10' title="bbox 86 1013 1681 1089">
    <p class='ocr_par' dir='ltr' id='par_1_10' title="bbox 86 1013 1681 1089">
     <span class='ocr_line' id='line_1_10' title="bbox 86 1013 1681 1089; baseline -0.011 -7"><span class='ocrx_word' id='word_1_53' title='bbox 86 1044 239 1083; x_wconf 88' lang='lat' dir='ltr'><strong>more</strong></span> <span class='ocrx_word' id='word_1_54' title='bbox 263 1034 600 1089; x_wconf 80' lang='lat' dir='ltr'><strong>servaretur,</strong></span> <span class='ocrx_word' id='word_1_55' title='bbox 636 1023 844 1077; x_wconf 90' lang='lat' dir='ltr'><strong>duobus</strong></span> <span class='ocrx_word' id='word_1_56' title='bbox 894 1020 1157 1074; x_wconf 81' lang='lat' dir='ltr'><strong>fratribus</strong></span> <span class='ocrx_word' id='word_1_57' title='bbox 1196 1019 1307 1086; x_wconf 90' lang='lat' dir='ltr'><strong>ipsa</strong></span> <span class='ocrx_word' id='word_1_58' title='bbox 1341 1013 1681 1070; x_wconf 85' lang='lat' dir='ltr'><strong>dormitionis</strong></span> 
     </span>
    </p>
   </div>
   <div class='ocr_carea' id='block_1_11' title="bbox 86 1104 1685 1187">
    <p class='ocr_par' dir='ltr' id='par_1_11' title="bbox 86 1104 1685 1187">
     <span class='ocr_line' id='line_1_11' title="bbox 86 1104 1685 1187; baseline -0.011 -14"><span class='ocrx_word' id='word_1_59' title='bbox 86 1136 197 1173; x_wconf 67' lang='lat' dir='ltr'><strong>sum</strong></span> <span class='ocrx_word' id='word_1_60' title='bbox 244 1127 407 1173; x_wconf 87' lang='lat' dir='ltr'><strong>nocte</strong></span> <span class='ocrx_word' id='word_1_61' title='bbox 437 1116 717 1187; x_wconf 83' lang='lat' dir='ltr'><strong>apparuit;</strong></span> <span class='ocrx_word' id='word_1_62' title='bbox 774 1112 974 1181; x_wconf 83' lang='lat' dir='ltr'><strong>quibus</strong></span> <span class='ocrx_word' id='word_1_63' title='bbox 1018 1110 1223 1163; x_wconf 90' lang='lat' dir='ltr'><strong>crimen</strong></span> <span class='ocrx_word' id='word_1_64' title='bbox 1274 1106 1503 1160; x_wconf 87' lang='lat' dir='ltr'><strong>duorum</strong></span> <span class='ocrx_word' id='word_1_65' title='bbox 1556 1104 1685 1157; x_wconf 86' lang='lat' dir='ltr'><strong>soli-</strong></span> 
     </span>
    </p>
   </div>
   <div class='ocr_carea' id='block_1_12' title="bbox 87 1194 1681 1278">
    <p class='ocr_par' dir='ltr' id='par_1_12' title="bbox 87 1194 1681 1278">
     <span class='ocr_line' id='line_1_12' title="bbox 87 1194 1681 1278; baseline -0.012 -14"><span class='ocrx_word' id='word_1_66' title='bbox 87 1212 306 1272; x_wconf 90' lang='lat' dir='ltr'><strong>dorum,</strong></span> <span class='ocrx_word' id='word_1_67' title='bbox 353 1222 490 1278; x_wconf 89' lang='lat' dir='ltr'><strong>quos</strong></span> <span class='ocrx_word' id='word_1_68' title='bbox 520 1206 636 1261; x_wconf 82' lang='lat' dir='ltr'><strong>sine</strong></span> <span class='ocrx_word' id='word_1_69' title='bbox 687 1203 904 1258; x_wconf 78' lang='lat' dir='ltr'><strong>licentia</strong></span> <span class='ocrx_word' id='word_1_70' title='bbox 933 1200 1147 1256; x_wconf 81' lang='lat' dir='ltr'><strong>cuidam</strong></span> <span class='ocrx_word' id='word_1_71' title='bbox 1184 1196 1387 1253; x_wconf 92' lang='lat' dir='ltr'><strong>homini</strong></span> <span class='ocrx_word' id='word_1_72' title='bbox 1419 1194 1681 1256; x_wconf 73' lang='lat' dir='ltr'><strong>dedisset,</strong></span> 
     </span>
    </p>
   </div>
   <div class='ocr_carea' id='block_1_13' title="bbox 88 1287 1682 1368">
    <p class='ocr_par' dir='ltr' id='par_1_13' title="bbox 88 1287 1682 1368">
     <span class='ocr_line' id='line_1_13' title="bbox 88 1287 1682 1368; baseline -0.011 -11"><span class='ocrx_word' id='word_1_73' title='bbox 88 1302 478 1366; x_wconf 87' lang='lat' dir='ltr'><strong>confitebatur,</strong></span> <span class='ocrx_word' id='word_1_74' title='bbox 510 1308 565 1354; x_wconf 91' lang='lat' dir='ltr'><strong>et</strong></span> <span class='ocrx_word' id='word_1_75' title='bbox 593 1297 717 1368; x_wconf 86' lang='lat' dir='ltr'><strong>quia</strong></span> <span class='ocrx_word' id='word_1_76' title='bbox 748 1297 867 1351; x_wconf 90' lang='lat' dir='ltr'><strong>sine</strong></span> <span class='ocrx_word' id='word_1_77' title='bbox 898 1293 1237 1349; x_wconf 84' lang='lat' dir='ltr'><strong>confessione</strong></span> <span class='ocrx_word' id='word_1_78' title='bbox 1286 1287 1445 1356; x_wconf 80' lang='lat' dir='ltr'><strong>hujus</strong></span> <span class='ocrx_word' id='word_1_79' title='bbox 1498 1294 1682 1340; x_wconf 86' lang='lat' dir='ltr'><strong>reatus</strong></span> 
     </span>
    </p>
   </div>
   <div class='ocr_carea' id='block_1_14' title="bbox 86 1377 1678 1457">
    <p class='ocr_par' dir='ltr' id='par_1_14' title="bbox 86 1377 1678 1457">
     <span class='ocr_line' id='line_1_14' title="bbox 86 1377 1678 1457; baseline -0.013 -10"><span class='ocrx_word' id='word_1_80' title='bbox 86 1393 337 1457; x_wconf 75' lang='lat' dir='ltr'><strong>obiisset,</strong></span> <span class='ocrx_word' id='word_1_81' title='bbox 367 1406 396 1444; x_wconf 90' lang='lat' dir='ltr'><strong>a</strong></span> <span class='ocrx_word' id='word_1_82' title='bbox 429 1398 617 1444; x_wconf 88' lang='lat' dir='ltr'><strong>sancto</strong></span> <span class='ocrx_word' id='word_1_83' title='bbox 642 1386 801 1441; x_wconf 89' lang='lat' dir='ltr'><strong>Patre</strong></span> <span class='ocrx_word' id='word_1_84' title='bbox 839 1382 1236 1440; x_wconf 88' lang='lat' dir='ltr'><strong>absolutionem</strong></span> <span class='ocrx_word' id='word_1_85' title='bbox 1269 1377 1550 1449; x_wconf 83' lang='lat' dir='ltr'><strong>poscebat,</strong></span> <span class='ocrx_word' id='word_1_86' title='bbox 1579 1390 1678 1427; x_wconf 42' lang='lat' dir='ltr'><strong>an-</strong></span> 
     </span>
    </p>
   </div>
   <div class='ocr_carea' id='block_1_15' title="bbox 89 1465 1676 1553">
    <p class='ocr_par' dir='ltr' id='par_1_15' title="bbox 89 1465 1676 1553">
     <span class='ocr_line' id='line_1_15' title="bbox 89 1465 1676 1553; baseline -0.013 -15"><span class='ocrx_word' id='word_1_87' title='bbox 89 1495 310 1553; x_wconf 87' lang='lat' dir='ltr'><strong>tequam</strong></span> <span class='ocrx_word' id='word_1_88' title='bbox 363 1480 652 1551; x_wconf 68' lang='lat' dir='ltr'><strong>sepultura:</strong></span> <span class='ocrx_word' id='word_1_89' title='bbox 704 1478 1030 1532; x_wconf 82' lang='lat' dir='ltr'><strong>traderetur.</strong></span> <span class='ocrx_word' id='word_1_90' title='bbox 1074 1474 1228 1527; x_wconf 83' lang='lat' dir='ltr'><strong>Mane</strong></span> <span class='ocrx_word' id='word_1_91' title='bbox 1276 1480 1454 1524; x_wconf 90' lang='lat' dir='ltr'><strong>autem</strong></span> <span class='ocrx_word' id='word_1_92' title='bbox 1511 1465 1676 1530; x_wconf 88' lang='lat' dir='ltr'><strong>facto,</strong></span> 
     </span>
    </p>
   </div>
   <div class='ocr_carea' id='block_1_16' title="bbox 85 1565 1677 1643">
    <p class='ocr_par' dir='ltr' id='par_1_16' title="bbox 85 1565 1677 1643">
     <span class='ocr_line' id='line_1_16' title="bbox 85 1565 1677 1643; baseline -0.011 -13"><span class='ocrx_word' id='word_1_93' title='bbox 85 1578 356 1630; x_wconf 82' lang='lat' dir='ltr'><strong>visionem</strong></span> <span class='ocrx_word' id='word_1_94' title='bbox 383 1573 533 1643; x_wconf 88' lang='lat' dir='ltr'><strong>quasi</strong></span> <span class='ocrx_word' id='word_1_95' title='bbox 569 1586 677 1625; x_wconf 90' lang='lat' dir='ltr'><strong>uno</strong></span> <span class='ocrx_word' id='word_1_96' title='bbox 706 1585 801 1623; x_wconf 88' lang='lat' dir='ltr'><strong>ore</strong></span> <span class='ocrx_word' id='word_1_97' title='bbox 829 1567 989 1622; x_wconf 88' lang='lat' dir='ltr'><strong>ambo</strong></span> <span class='ocrx_word' id='word_1_98' title='bbox 1018 1580 1201 1621; x_wconf 88' lang='lat' dir='ltr'><strong>coram</strong></span> <span class='ocrx_word' id='word_1_99' title='bbox 1233 1565 1378 1616; x_wconf 92' lang='lat' dir='ltr'><strong>omni</strong></span> <span class='ocrx_word' id='word_1_100' title='bbox 1410 1571 1677 1617; x_wconf 74' lang='lat' dir='ltr'><strong>conventu</strong></span> 
     </span>
    </p>
   </div>
   <div class='ocr_carea' id='block_1_17' title="bbox 87 1653 1679 1734">
    <p class='ocr_par' dir='ltr' id='par_1_17' title="bbox 87 1653 1679 1734">
     <span class='ocr_line' id='line_1_17' title="bbox 87 1653 1679 1734; baseline -0.009 -15"><span class='ocrx_word' id='word_1_101' title='bbox 87 1667 244 1721; x_wconf 90' lang='lat' dir='ltr'><strong>beato</strong></span> <span class='ocrx_word' id='word_1_102' title='bbox 278 1667 400 1720; x_wconf 85' lang='lat' dir='ltr'><strong>viro</strong></span> <span class='ocrx_word' id='word_1_103' title='bbox 436 1668 823 1734; x_wconf 80' lang='lat' dir='ltr'><strong>exposuerunt.</strong></span> <span class='ocrx_word' id='word_1_104' title='bbox 876 1657 1028 1711; x_wconf 92' lang='lat' dir='ltr'><strong>Tunc</strong></span> <span class='ocrx_word' id='word_1_105' title='bbox 1069 1654 1353 1723; x_wconf 84' lang='lat' dir='ltr'><strong>requisita,</strong></span> <span class='ocrx_word' id='word_1_106' title='bbox 1388 1669 1549 1723; x_wconf 89' lang='lat' dir='ltr'><strong>quam</strong></span> <span class='ocrx_word' id='word_1_107' title='bbox 1581 1653 1679 1705; x_wconf 83' lang='lat' dir='ltr'><strong>de-</strong></span> 
     </span>
    </p>
   </div>
   <div class='ocr_carea' id='block_1_18' title="bbox 86 1744 1679 1820">
    <p class='ocr_par' dir='ltr' id='par_1_18' title="bbox 86 1744 1679 1820">
     <span class='ocr_line' id='line_1_18' title="bbox 86 1744 1679 1820; baseline -0.011 -10"><span class='ocrx_word' id='word_1_108' title='bbox 86 1756 301 1810; x_wconf 84' lang='lat' dir='ltr'><strong>functus</strong></span> <span class='ocrx_word' id='word_1_109' title='bbox 335 1755 708 1808; x_wconf 87' lang='lat' dir='ltr'><strong>nominaverat</strong></span> <span class='ocrx_word' id='word_1_110' title='bbox 758 1762 1009 1820; x_wconf 84' lang='lat' dir='ltr'><strong>persona,</strong></span> <span class='ocrx_word' id='word_1_111' title='bbox 1060 1744 1357 1799; x_wconf 89' lang='lat' dir='ltr'><strong>secundum</strong></span> <span class='ocrx_word' id='word_1_112' title='bbox 1410 1756 1679 1812; x_wconf 70' lang='lat' dir='ltr'><strong>prmmon-</strong></span> 
     </span>
    </p>
   </div>
   <div class='ocr_carea' id='block_1_19' title="bbox 1780 554 3361 631">
    <p class='ocr_par' dir='ltr' id='par_1_19' title="bbox 1780 554 3361 631">
     <span class='ocr_line' id='line_1_19' title="bbox 1780 554 3361 631; baseline 0.003 -22"><span class='ocrx_word' id='word_1_113' title='bbox 1780 554 1873 609; x_wconf 84' lang='lat' dir='ltr'><strong>bat</strong></span> <span class='ocrx_word' id='word_1_114' title='bbox 1896 561 1953 608; x_wconf 91' lang='lat' dir='ltr'><strong>ut</strong></span> <span class='ocrx_word' id='word_1_115' title='bbox 1974 569 2195 625; x_wconf 87' lang='lat' dir='ltr'><strong>semper</strong></span> <span class='ocrx_word' id='word_1_116' title='bbox 2211 558 2716 629; x_wconf 85' lang='lat' dir='ltr'><strong>sanetisimputare</strong></span> <span class='ocrx_word' id='word_1_117' title='bbox 2745 561 3005 631; x_wconf 86' lang='lat' dir='ltr'><strong>quidquid</strong></span> <span class='ocrx_word' id='word_1_118' title='bbox 3033 574 3098 615; x_wconf 88' lang='lat' dir='ltr'><strong>eo</strong></span> <span class='ocrx_word' id='word_1_119' title='bbox 3131 560 3361 615; x_wconf 88' lang='lat' dir='ltr'><strong>admini-</strong></span> 
     </span>
    </p>
   </div>
   <div class='ocr_carea' id='block_1_20' title="bbox 1780 647 3359 723">
    <p class='ocr_par' dir='ltr' id='par_1_20' title="bbox 1780 647 3359 723">
     <span class='ocr_line' id='line_1_20' title="bbox 1780 647 3359 723; baseline 0.004 -23"><span class='ocrx_word' id='word_1_120' title='bbox 1780 653 1991 700; x_wconf 86' lang='lat' dir='ltr'><strong>strante</strong></span> <span class='ocrx_word' id='word_1_121' title='bbox 2021 647 2301 717; x_wconf 90' lang='lat' dir='ltr'><strong>sospitatis</strong></span> <span class='ocrx_word' id='word_1_122' title='bbox 2330 664 2359 702; x_wconf 90' lang='lat' dir='ltr'><strong>a</strong></span> <span class='ocrx_word' id='word_1_123' title='bbox 2394 649 2501 706; x_wconf 90' lang='lat' dir='ltr'><strong>Deo</strong></span> <span class='ocrx_word' id='word_1_124' title='bbox 2529 650 2689 705; x_wconf 90' lang='lat' dir='ltr'><strong>alicui</strong></span> <span class='ocrx_word' id='word_1_125' title='bbox 2713 652 3141 723; x_wconf 81' lang='lat' dir='ltr'><strong>impenderetur.</strong></span> <span class='ocrx_word' id='word_1_126' title='bbox 3356 706 3359 707; x_wconf 30' lang='grc' dir='ltr'><em>ν</em></span> 
     </span>
    </p>
   </div>
   <div class='ocr_carea' id='block_1_21' title="bbox 1853 734 3425 808">
    <p class='ocr_par' dir='ltr' id='par_1_21' title="bbox 1853 734 3425 808">
     <span class='ocr_line' id='line_1_21' title="bbox 1853 734 3425 808; baseline 0.005 -19"><span class='ocrx_word' id='word_1_127' title='bbox 1853 734 1941 789; x_wconf 81' lang='grc' dir='ltr'><strong>Η.</strong></span> <span class='ocrx_word' id='word_1_128' title='bbox 1985 735 2116 790; x_wconf 86' lang='lat' dir='ltr'><strong>Item</strong></span> <span class='ocrx_word' id='word_1_129' title='bbox 2169 738 2460 807; x_wconf 70' lang='lat' dir='ltr'><strong>aliquando</strong></span> <span class='ocrx_word' id='word_1_130' title='bbox 2487 742 2785 797; x_wconf 85' lang='lat' dir='ltr'><strong>Valentiam</strong></span> <span class='ocrx_word' id='word_1_131' title='bbox 2815 742 3000 798; x_wconf 75' lang='lat' dir='ltr'><strong>Gallia:</strong></span> <span class='ocrx_word' id='word_1_132' title='bbox 3035 742 3358 808; x_wconf 81' lang='lat' dir='ltr'><strong>intraturus,</strong></span> <span class='ocrx_word' id='word_1_133' title='bbox 3421 765 3425 769; x_wconf 52' lang='grc' dir='ltr'>λ</span> 
     </span>
    </p>
   </div>
   <div class='ocr_carea' id='block_1_22' title="bbox 1778 825 3363 903">
    <p class='ocr_par' dir='ltr' id='par_1_22' title="bbox 1778 825 3363 903">
     <span class='ocr_line' id='line_1_22' title="bbox 1778 825 3363 903; baseline 0.006 -24"><span class='ocrx_word' id='word_1_134' title='bbox 1778 825 1992 879; x_wconf 88' lang='lat' dir='ltr'><strong>obviam</strong></span> <span class='ocrx_word' id='word_1_135' title='bbox 2047 825 2213 880; x_wconf 85' lang='lat' dir='ltr'><strong>habet</strong></span> <span class='ocrx_word' id='word_1_136' title='bbox 2255 844 2551 898; x_wconf 87' lang='lat' dir='ltr'><strong>pauperum</strong></span> <span class='ocrx_word' id='word_1_137' title='bbox 2607 832 3029 899; x_wconf 85' lang='lat' dir='ltr'><strong>multitmlinem,</strong></span> <span class='ocrx_word' id='word_1_138' title='bbox 3063 848 3184 903; x_wconf 72' lang='lat' dir='ltr'><strong>qua:</strong></span> <span class='ocrx_word' id='word_1_139' title='bbox 3219 832 3363 888; x_wconf 83' lang='lat' dir='ltr'><strong>elec-</strong></span> 
     </span>
    </p>
   </div>
   <div class='ocr_carea' id='block_1_23' title="bbox 1780 919 3359 993">
    <p class='ocr_par' dir='ltr' id='par_1_23' title="bbox 1780 919 3359 993">
     <span class='ocr_line' id='line_1_23' title="bbox 1780 919 3359 993; baseline 0.004 -22"><span class='ocrx_word' id='word_1_140' title='bbox 1780 930 2059 989; x_wconf 77' lang='lat' dir='ltr'><strong>mosynam</strong></span> <span class='ocrx_word' id='word_1_141' title='bbox 2088 934 2116 972; x_wconf 89' lang='lat' dir='ltr'><strong>a</strong></span> <span class='ocrx_word' id='word_1_142' title='bbox 2145 928 2252 972; x_wconf 92' lang='lat' dir='ltr'><strong>tam</strong></span> <span class='ocrx_word' id='word_1_143' title='bbox 2291 919 2500 975; x_wconf 83' lang='lat' dir='ltr'><strong>famoso</strong></span> <span class='ocrx_word' id='word_1_144' title='bbox 2532 936 2627 991; x_wconf 90' lang='lat' dir='ltr'><strong>per</strong></span> <span class='ocrx_word' id='word_1_145' title='bbox 2646 924 2832 977; x_wconf 88' lang='lat' dir='ltr'><strong>orbem</strong></span> <span class='ocrx_word' id='word_1_146' title='bbox 2863 923 3232 993; x_wconf 73' lang='lat' dir='ltr'><strong>dispensatore</strong></span> <span class='ocrx_word' id='word_1_147' title='bbox 3259 938 3359 977; x_wconf 82' lang='lat' dir='ltr'><strong>ex-</strong></span> 
     </span>
    </p>
   </div>
   <div class='ocr_carea' id='block_1_24' title="bbox 1780 1006 3361 1082">
    <p class='ocr_par' dir='ltr' id='par_1_24' title="bbox 1780 1006 3361 1082">
     <span class='ocr_line' id='line_1_24' title="bbox 1780 1006 3361 1082; baseline 0.001 -20"><span class='ocrx_word' id='word_1_148' title='bbox 1780 1008 2016 1077; x_wconf 80' lang='lat' dir='ltr'><strong>petebat.</strong></span> <span class='ocrx_word' id='word_1_149' title='bbox 2065 1006 2226 1063; x_wconf 81' lang='lat' dir='ltr'><strong>Juhet</strong></span> <span class='ocrx_word' id='word_1_150' title='bbox 2278 1024 2565 1064; x_wconf 71' lang='lat' dir='ltr'><strong>meouomo</strong></span> <span class='ocrx_word' id='word_1_151' title='bbox 2614 1026 2711 1065; x_wconf 91' lang='lat' dir='ltr'><strong>suo</strong></span> <span class='ocrx_word' id='word_1_152' title='bbox 2735 1010 3040 1079; x_wconf 80' lang='lat' dir='ltr'><strong>Jareutoni,</strong></span> <span class='ocrx_word' id='word_1_153' title='bbox 3080 1011 3232 1066; x_wconf 80' lang='lat' dir='ltr'><strong>fratri</strong></span> <span class='ocrx_word' id='word_1_154' title='bbox 3266 1027 3361 1082; x_wconf 85' lang='lat' dir='ltr'><strong>per</strong></span> 
     </span>
    </p>
   </div>
   <div class='ocr_carea' id='block_1_25' title="bbox 1778 1100 3363 1171">
    <p class='ocr_par' dir='ltr' id='par_1_25' title="bbox 1778 1100 3363 1171">
     <span class='ocr_line' id='line_1_25' title="bbox 1778 1100 3363 1171; baseline 0.003 -19"><span class='ocrx_word' id='word_1_155' title='bbox 1778 1100 1961 1153; x_wconf 80' lang='lat' dir='ltr'><strong>ontnia</strong></span> <span class='ocrx_word' id='word_1_156' title='bbox 1986 1100 2384 1163; x_wconf 84' lang='lat' dir='ltr'><strong>strenuissimo,</strong></span> <span class='ocrx_word' id='word_1_157' title='bbox 2414 1101 2679 1171; x_wconf 90' lang='lat' dir='ltr'><strong>impertiri</strong></span> <span class='ocrx_word' id='word_1_158' title='bbox 2725 1117 2875 1155; x_wconf 91' lang='lat' dir='ltr'><strong>more</strong></span> <span class='ocrx_word' id='word_1_159' title='bbox 2921 1103 3083 1157; x_wconf 89' lang='lat' dir='ltr'><strong>solito</strong></span> <span class='ocrx_word' id='word_1_160' title='bbox 3112 1118 3209 1171; x_wconf 89' lang='lat' dir='ltr'><strong>per</strong></span> <span class='ocrx_word' id='word_1_161' title='bbox 3245 1117 3363 1157; x_wconf 90' lang='lat' dir='ltr'><strong>om-</strong></span> 
     </span>
    </p>
   </div>
   <div class='ocr_carea' id='block_1_26' title="bbox 1779 1194 3361 1264">
    <p class='ocr_par' dir='ltr' id='par_1_26' title="bbox 1779 1194 3361 1264">
     <span class='ocr_line' id='line_1_26' title="bbox 1779 1194 3361 1264; baseline 0.002 -18"><span class='ocrx_word' id='word_1_162' title='bbox 1779 1207 1902 1246; x_wconf 90' lang='lat' dir='ltr'><strong>nem</strong></span> <span class='ocrx_word' id='word_1_163' title='bbox 1937 1194 2150 1247; x_wconf 87' lang='lat' dir='ltr'><strong>turbam</strong></span> <span class='ocrx_word' id='word_1_164' title='bbox 2180 1203 2497 1263; x_wconf 90' lang='lat' dir='ltr'><strong>argenteos;</strong></span> <span class='ocrx_word' id='word_1_165' title='bbox 2546 1205 2602 1249; x_wconf 90' lang='lat' dir='ltr'><strong>at</strong></span> <span class='ocrx_word' id='word_1_166' title='bbox 2644 1195 2734 1249; x_wconf 87' lang='lat' dir='ltr'><strong>ille</strong></span> <span class='ocrx_word' id='word_1_167' title='bbox 2767 1204 2910 1264; x_wconf 87' lang='lat' dir='ltr'><strong>post,</strong></span> <span class='ocrx_word' id='word_1_168' title='bbox 2961 1195 3131 1249; x_wconf 88' lang='lat' dir='ltr'><strong>ferme</strong></span> <span class='ocrx_word' id='word_1_169' title='bbox 3174 1195 3361 1249; x_wconf 81' lang='lat' dir='ltr'><strong>decem</strong></span> 
     </span>
    </p>
   </div>
   <div class='ocr_carea' id='block_1_27' title="bbox 1778 1286 3365 1357">
    <p class='ocr_par' dir='ltr' id='par_1_27' title="bbox 1778 1286 3365 1357">
     <span class='ocr_line' id='line_1_27' title="bbox 1778 1286 3365 1357; baseline 0 -17"><span class='ocrx_word' id='word_1_170' title='bbox 1778 1286 1981 1341; x_wconf 85' lang='lat' dir='ltr'><strong>solidos</strong></span> <span class='ocrx_word' id='word_1_171' title='bbox 2012 1286 2249 1349; x_wconf 87' lang='lat' dir='ltr'><strong>nonsibi</strong></span> <span class='ocrx_word' id='word_1_172' title='bbox 2281 1288 2628 1351; x_wconf 88' lang='lat' dir='ltr'><strong>remansisse,</strong></span> <span class='ocrx_word' id='word_1_173' title='bbox 2677 1287 2902 1357; x_wconf 89' lang='lat' dir='ltr'><strong>reliquis</strong></span> <span class='ocrx_word' id='word_1_174' title='bbox 2944 1286 2995 1339; x_wconf 89' lang='lat' dir='ltr'><strong>iu</strong></span> <span class='ocrx_word' id='word_1_175' title='bbox 3027 1302 3159 1355; x_wconf 88' lang='lat' dir='ltr'><strong>opus</strong></span> <span class='ocrx_word' id='word_1_176' title='bbox 3191 1287 3365 1340; x_wconf 83' lang='lat' dir='ltr'><strong>simile</strong></span> 
     </span>
    </p>
   </div>
   <div class='ocr_carea' id='block_1_28' title="bbox 1780 1378 3369 1448">
    <p class='ocr_par' dir='ltr' id='par_1_28' title="bbox 1780 1378 3369 1448">
     <span class='ocr_line' id='line_1_28' title="bbox 1780 1378 3369 1448; baseline -0.001 -15"><span class='ocrx_word' id='word_1_177' title='bbox 1780 1378 2136 1448; x_wconf 87' lang='lat' dir='ltr'><strong>consumptis,</strong></span> <span class='ocrx_word' id='word_1_178' title='bbox 2152 1388 2207 1433; x_wconf 90' lang='lat' dir='ltr'><strong>et</strong></span> <span class='ocrx_word' id='word_1_179' title='bbox 2231 1379 2328 1434; x_wconf 88' lang='lat' dir='ltr'><strong>hos</strong></span> <span class='ocrx_word' id='word_1_180' title='bbox 2351 1378 2466 1435; x_wconf 88' lang='lat' dir='ltr'><strong>fore</strong></span> <span class='ocrx_word' id='word_1_181' title='bbox 2484 1380 2535 1433; x_wconf 91' lang='lat' dir='ltr'><strong>in</strong></span> <span class='ocrx_word' id='word_1_182' title='bbox 2558 1378 2754 1447; x_wconf 88' lang='lat' dir='ltr'><strong>majori</strong></span> <span class='ocrx_word' id='word_1_183' title='bbox 2787 1379 3011 1432; x_wconf 87' lang='lat' dir='ltr'><strong>forsitan</strong></span> <span class='ocrx_word' id='word_1_184' title='bbox 3044 1378 3369 1432; x_wconf 75' lang='lat' dir='ltr'><strong>necessitate</strong></span> 
     </span>
    </p>
   </div>
   <div class='ocr_carea' id='block_1_29' title="bbox 1781 1450 3411 1541">
    <p class='ocr_par' dir='ltr' id='par_1_29' title="bbox 1781 1450 3411 1541">
     <span class='ocr_line' id='line_1_29' title="bbox 1781 1450 3411 1541; baseline -0.003 -16"><span class='ocrx_word' id='word_1_185' title='bbox 1781 1473 2079 1527; x_wconf 87' lang='lat' dir='ltr'><strong>servandos</strong></span> <span class='ocrx_word' id='word_1_186' title='bbox 2102 1471 2353 1527; x_wconf 72' lang='lat' dir='ltr'><strong>afﬁrmat.</strong></span> <span class='ocrx_word' id='word_1_187' title='bbox 2387 1491 2406 1524; x_wconf 72' lang='grc' dir='ltr'><strong>ι</strong></span> <span class='ocrx_word' id='word_1_188' title='bbox 2445 1471 2584 1534; x_wconf 79' lang='lat' dir='ltr'><strong>Noli,</strong></span> <span class='ocrx_word' id='word_1_189' title='bbox 2620 1472 2817 1541; x_wconf 86' lang='lat' dir='ltr'><strong>inquit,</strong></span> <span class='ocrx_word' id='word_1_190' title='bbox 2866 1471 3140 1541; x_wconf 88' lang='lat' dir='ltr'><strong>trepidare</strong></span> <span class='ocrx_word' id='word_1_191' title='bbox 3173 1469 3363 1532; x_wconf 85' lang='lat' dir='ltr'><strong>frater,</strong></span> <span class='ocrx_word' id='word_1_192' title='bbox 3410 1450 3411 1453; x_wconf 8' lang='grc' dir='ltr'><strong>η</strong></span> 
     </span>
    </p>
   </div>
   <div class='ocr_carea' id='block_1_30' title="bbox 1783 1562 3363 1630">
    <p class='ocr_par' dir='ltr' id='par_1_30' title="bbox 1783 1562 3363 1630">
     <span class='ocr_line' id='line_1_30' title="bbox 1783 1562 3363 1630; baseline -0.001 -13"><span class='ocrx_word' id='word_1_193' title='bbox 1783 1565 1957 1619; x_wconf 84' lang='lat' dir='ltr'><strong>fidelis</strong></span> <span class='ocrx_word' id='word_1_194' title='bbox 2003 1575 2085 1619; x_wconf 86' lang='lat' dir='ltr'><strong>est</strong></span> <span class='ocrx_word' id='word_1_195' title='bbox 2129 1566 2287 1628; x_wconf 88' lang='lat' dir='ltr'><strong>Deus,</strong></span> <span class='ocrx_word' id='word_1_196' title='bbox 2327 1574 2381 1619; x_wconf 87' lang='lat' dir='ltr'><strong>et</strong></span> <span class='ocrx_word' id='word_1_197' title='bbox 2429 1564 2638 1619; x_wconf 75' lang='lat' dir='ltr'><strong>confide</strong></span> <span class='ocrx_word' id='word_1_198' title='bbox 2673 1564 2819 1630; x_wconf 88' lang='lat' dir='ltr'><strong>quia,</strong></span> <span class='ocrx_word' id='word_1_199' title='bbox 2871 1564 2992 1617; x_wconf 91' lang='lat' dir='ltr'><strong>istis</strong></span> <span class='ocrx_word' id='word_1_200' title='bbox 3035 1562 3363 1626; x_wconf 84' lang='lat' dir='ltr'><strong>distributis,</strong></span> 
     </span>
    </p>
   </div>
   <div class='ocr_carea' id='block_1_31' title="bbox 1781 1654 3369 1711">
    <p class='ocr_par' dir='ltr' id='par_1_31' title="bbox 1781 1654 3369 1711">
     <span class='ocr_line' id='line_1_31' title="bbox 1781 1654 3369 1711; baseline -0.003 -1"><span class='ocrx_word' id='word_1_201' title='bbox 1781 1655 1959 1711; x_wconf 91' lang='lat' dir='ltr'><strong>bonus</strong></span> <span class='ocrx_word' id='word_1_202' title='bbox 1986 1668 2365 1711; x_wconf 85' lang='lat' dir='ltr'><strong>remuneratur</strong></span> <span class='ocrx_word' id='word_1_203' title='bbox 2411 1666 2596 1711; x_wconf 87' lang='lat' dir='ltr'><strong>noster</strong></span> <span class='ocrx_word' id='word_1_204' title='bbox 2623 1654 2778 1710; x_wconf 85' lang='lat' dir='ltr'><strong>Jesus</strong></span> <span class='ocrx_word' id='word_1_205' title='bbox 2814 1656 2949 1710; x_wconf 87' lang='lat' dir='ltr'><strong>satis</strong></span> <span class='ocrx_word' id='word_1_206' title='bbox 3006 1654 3237 1707; x_wconf 81' lang='lat' dir='ltr'><strong>fideliter</strong></span> <span class='ocrx_word' id='word_1_207' title='bbox 3285 1667 3369 1706; x_wconf 88' lang='lat' dir='ltr'><strong>rc-</strong></span> 
     </span>
    </p>
   </div>
   <div class='ocr_carea' id='block_1_32' title="bbox 1784 1742 3367 1817">
    <p class='ocr_par' dir='ltr' id='par_1_32' title="bbox 1784 1742 3367 1817">
     <span class='ocr_line' id='line_1_32' title="bbox 1784 1742 3367 1817; baseline -0.006 -13"><span class='ocrx_word' id='word_1_208' title='bbox 1784 1746 2155 1817; x_wconf 86' lang='lat' dir='ltr'><strong>cmnpensabit</strong></span> <span class='ocrx_word' id='word_1_209' title='bbox 2186 1747 2237 1801; x_wconf 91' lang='lat' dir='ltr'><strong>in</strong></span> <span class='ocrx_word' id='word_1_210' title='bbox 2276 1747 2525 1816; x_wconf 56' lang='lat' dir='ltr'><strong>prarsenti</strong></span> <span class='ocrx_word' id='word_1_211' title='bbox 2547 1787 2562 1811; x_wconf 94' lang='lat'><strong>,</strong></span> <span class='ocrx_word' id='word_1_212' title='bbox 2595 1747 2639 1800; x_wconf 92' lang='lat' dir='ltr'><strong>si</strong></span> <span class='ocrx_word' id='word_1_213' title='bbox 2672 1747 2909 1801; x_wconf 81' lang='lat' dir='ltr'><strong>datores</strong></span> <span class='ocrx_word' id='word_1_214' title='bbox 2954 1745 3154 1799; x_wconf 83' lang='lat' dir='ltr'><strong>hilares</strong></span> <span class='ocrx_word' id='word_1_215' title='bbox 3195 1742 3367 1797; x_wconf 88' lang='lat' dir='ltr'><strong>fueri-</strong></span> 
     </span>
    </p>
   </div>
   <div class='ocr_carea' id='block_1_33' title="bbox 90 1816 3369 1910">
    <p class='ocr_par' dir='ltr' id='par_1_33' title="bbox 90 1816 3369 1910">
     <span class='ocr_line' id='line_1_33' title="bbox 90 1816 3369 1910; baseline -0.004 -12"><span class='ocrx_word' id='word_1_216' title='bbox 90 1828 313 1898; x_wconf 74' lang='lat' dir='ltr'><strong>stratam</strong></span> <span class='ocrx_word' id='word_1_217' title='bbox 349 1843 611 1897; x_wconf 82' lang='lat' dir='ltr'><strong>visionem</strong></span> <span class='ocrx_word' id='word_1_218' title='bbox 642 1848 855 1910; x_wconf 86' lang='lat' dir='ltr'><strong>reperta</strong></span> <span class='ocrx_word' id='word_1_219' title='bbox 884 1852 972 1891; x_wconf 90' lang='lat' dir='ltr'><strong>res</strong></span> <span class='ocrx_word' id='word_1_220' title='bbox 1002 1844 1106 1890; x_wconf 90' lang='lat' dir='ltr'><strong>est.</strong></span> <span class='ocrx_word' id='word_1_221' title='bbox 1138 1833 1260 1888; x_wconf 76' lang='lat' dir='ltr'><strong>Mox</strong></span> <span class='ocrx_word' id='word_1_222' title='bbox 1297 1833 1498 1887; x_wconf 87' lang='lat' dir='ltr'><strong>indicta</strong></span> <span class='ocrx_word' id='word_1_223' title='bbox 1543 1847 1685 1885; x_wconf 82' lang='lat' dir='ltr'><strong>cun-</strong></span> <span class='ocrx_word' id='word_1_224' title='bbox 1708 1816 1753 1872; x_wconf 78' lang='grc' dir='ltr'>Β</span> <span class='ocrx_word' id='word_1_225' title='bbox 1782 1816 1921 1893; x_wconf 52' lang='lat' dir='ltr'><strong>mus,</strong></span> <span class='ocrx_word' id='word_1_226' title='bbox 1952 1858 1971 1891; x_wconf 67' lang='grc' dir='ltr'><strong>ι</strong></span> <span class='ocrx_word' id='word_1_227' title='bbox 2033 1837 2388 1905; x_wconf 77' lang='lat' dir='ltr'><strong>Complentur</strong></span> <span class='ocrx_word' id='word_1_228' title='bbox 2432 1837 2581 1906; x_wconf 90' lang='lat' dir='ltr'><strong>jnssa</strong></span> <span class='ocrx_word' id='word_1_229' title='bbox 2626 1836 2825 1901; x_wconf 89' lang='lat' dir='ltr'><strong>Patris,</strong></span> <span class='ocrx_word' id='word_1_230' title='bbox 2859 1845 2913 1891; x_wconf 91' lang='lat' dir='ltr'><strong>et</strong></span> <span class='ocrx_word' id='word_1_231' title='bbox 2960 1844 3249 1903; x_wconf 86' lang='lat' dir='ltr'><strong>antequam</strong></span> <span class='ocrx_word' id='word_1_232' title='bbox 3296 1832 3369 1886; x_wconf 82' lang='lat' dir='ltr'><strong>ad</strong></span> 
     </span>
    </p>
   </div>
   <div class='ocr_carea' id='block_1_34' title="bbox 90 1924 1675 2005">
    <p class='ocr_par' dir='ltr' id='par_1_34' title="bbox 90 1924 1675 2005">
     <span class='ocr_line' id='line_1_34' title="bbox 90 1924 1675 2005; baseline -0.009 -15"><span class='ocrx_word' id='word_1_233' title='bbox 90 1936 187 1990; x_wconf 89' lang='lat' dir='ltr'><strong>ctis</strong></span> <span class='ocrx_word' id='word_1_234' title='bbox 238 1951 342 2005; x_wconf 92' lang='lat' dir='ltr'><strong>pro</strong></span> <span class='ocrx_word' id='word_1_235' title='bbox 405 1934 575 1988; x_wconf 89' lang='lat' dir='ltr'><strong>fratre</strong></span> <span class='ocrx_word' id='word_1_236' title='bbox 628 1929 966 2003; x_wconf 83' lang='lat' dir='ltr'><strong>poenitentia,</strong></span> <span class='ocrx_word' id='word_1_237' title='bbox 1022 1928 1382 1988; x_wconf 85' lang='lat' dir='ltr'><strong>orationibus,</strong></span> <span class='ocrx_word' id='word_1_238' title='bbox 1432 1924 1675 1994; x_wconf 85' lang='lat' dir='ltr'><strong>psalmis,</strong></span> 
     </span>
    </p>
   </div>
   <div class='ocr_carea' id='block_1_35' title="bbox 92 2016 1677 2096">
    <p class='ocr_par' dir='ltr' id='par_1_35' title="bbox 92 2016 1677 2096">
     <span class='ocr_line' id='line_1_35' title="bbox 92 2016 1677 2096; baseline -0.009 -15"><span class='ocrx_word' id='word_1_239' title='bbox 92 2025 451 2096; x_wconf 83' lang='lat' dir='ltr'><strong>eleemosynis</strong></span> <span class='ocrx_word' id='word_1_240' title='bbox 477 2032 639 2092; x_wconf 88' lang='lat' dir='ltr'><strong>atque</strong></span> <span class='ocrx_word' id='word_1_241' title='bbox 666 2021 845 2075; x_wconf 89' lang='lat' dir='ltr'><strong>missis</strong></span> <span class='ocrx_word' id='word_1_242' title='bbox 878 2019 1165 2086; x_wconf 88' lang='lat' dir='ltr'><strong>adjunctis,</strong></span> <span class='ocrx_word' id='word_1_243' title='bbox 1194 2016 1463 2071; x_wconf 88' lang='lat' dir='ltr'><strong>absolutio</strong></span> <span class='ocrx_word' id='word_1_244' title='bbox 1492 2021 1677 2069; x_wconf 82' lang='lat' dir='ltr'><strong>secuta</strong></span> 
     </span>
    </p>
   </div>
   <div class='ocr_carea' id='block_1_36' title="bbox 91 2108 1676 2175">
    <p class='ocr_par' dir='ltr' id='par_1_36' title="bbox 91 2108 1676 2175">
     <span class='ocr_line' id='line_1_36' title="bbox 91 2108 1676 2175; baseline -0.007 -4"><span class='ocrx_word' id='word_1_245' title='bbox 91 2128 188 2173; x_wconf 85' lang='lat' dir='ltr'><strong>cst.</strong></span> <span class='ocrx_word' id='word_1_246' title='bbox 217 2116 311 2172; x_wconf 89' lang='lat' dir='ltr'><strong>Sic</strong></span> <span class='ocrx_word' id='word_1_247' title='bbox 333 2115 608 2175; x_wconf 89' lang='lat' dir='ltr'><strong>nimirum,</strong></span> <span class='ocrx_word' id='word_1_248' title='bbox 638 2114 716 2169; x_wconf 86' lang='lat' dir='ltr'><strong>sic</strong></span> <span class='ocrx_word' id='word_1_249' title='bbox 755 2129 857 2167; x_wconf 92' lang='lat' dir='ltr'><strong>non</strong></span> <span class='ocrx_word' id='word_1_250' title='bbox 883 2111 1054 2167; x_wconf 89' lang='lat' dir='ltr'><strong>solum</strong></span> <span class='ocrx_word' id='word_1_251' title='bbox 1098 2112 1150 2166; x_wconf 92' lang='lat' dir='ltr'><strong>in</strong></span> <span class='ocrx_word' id='word_1_252' title='bbox 1182 2112 1362 2173; x_wconf 61' lang='lat' dir='ltr'><strong>terris,</strong></span> <span class='ocrx_word' id='word_1_253' title='bbox 1395 2109 1488 2163; x_wconf 85' lang='lat' dir='ltr'><strong>sed</strong></span> <span class='ocrx_word' id='word_1_254' title='bbox 1511 2108 1676 2162; x_wconf 85' lang='lat' dir='ltr'><strong>etiam</strong></span> 
     </span>
    </p>
   </div>
   <div class='ocr_carea' id='block_1_37' title="bbox 94 2204 1680 2277">
    <p class='ocr_par' dir='ltr' id='par_1_37' title="bbox 94 2204 1680 2277">
     <span class='ocr_line' id='line_1_37' title="bbox 94 2204 1680 2277; baseline -0.008 -14"><span class='ocrx_word' id='word_1_255' title='bbox 94 2205 143 2263; x_wconf 78' lang='grc' dir='ltr'>ῗιι</span> <span class='ocrx_word' id='word_1_256' title='bbox 190 2208 342 2263; x_wconf 74' lang='lat' dir='ltr'><strong>cadis</strong></span> <span class='ocrx_word' id='word_1_257' title='bbox 381 2206 514 2261; x_wconf 89' lang='lat' dir='ltr'><strong>fides</strong></span> <span class='ocrx_word' id='word_1_258' title='bbox 544 2206 661 2277; x_wconf 86' lang='lat' dir='ltr'><strong>ejus</strong></span> <span class='ocrx_word' id='word_1_259' title='bbox 690 2205 970 2267; x_wconf 85' lang='lat' dir='ltr'><strong>virtutem,</strong></span> <span class='ocrx_word' id='word_1_260' title='bbox 1003 2204 1177 2256; x_wconf 80' lang='lat' dir='ltr'><strong>virtus</strong></span> <span class='ocrx_word' id='word_1_261' title='bbox 1206 2209 1548 2271; x_wconf 88' lang='lat' dir='ltr'><strong>potestatem.</strong></span> <span class='ocrx_word' id='word_1_262' title='bbox 1582 2211 1680 2265; x_wconf 88' lang='lat' dir='ltr'><strong>po-</strong></span> 
     </span>
    </p>
   </div>
   <div class='ocr_carea' id='block_1_38' title="bbox 92 2293 1677 2371">
    <p class='ocr_par' dir='ltr' id='par_1_38' title="bbox 92 2293 1677 2371">
     <span class='ocr_line' id='line_1_38' title="bbox 92 2293 1677 2371; baseline -0.007 -18"><span class='ocrx_word' id='word_1_263' title='bbox 92 2309 254 2353; x_wconf 79' lang='lat' dir='ltr'><strong>testas</strong></span> <span class='ocrx_word' id='word_1_264' title='bbox 285 2297 723 2371; x_wconf 80' lang='lat' dir='ltr'><strong>gloriam,g|oria</strong></span> <span class='ocrx_word' id='word_1_265' title='bbox 758 2296 846 2351; x_wconf 88' lang='lat' dir='ltr'><strong>hic</strong></span> <span class='ocrx_word' id='word_1_266' title='bbox 873 2294 1258 2360; x_wconf 87' lang='lat' dir='ltr'><strong>humilitatem,</strong></span> <span class='ocrx_word' id='word_1_267' title='bbox 1287 2293 1396 2348; x_wconf 89' lang='lat' dir='ltr'><strong>illic</strong></span> <span class='ocrx_word' id='word_1_268' title='bbox 1417 2303 1677 2348; x_wconf 86' lang='lat' dir='ltr'><strong>coronam</strong></span> 
     </span>
    </p>
   </div>
   <div class='ocr_carea' id='block_1_39' title="bbox 96 2391 582 2461">
    <p class='ocr_par' dir='ltr' id='par_1_39' title="bbox 96 2391 582 2461">
     <span class='ocr_line' id='line_1_39' title="bbox 96 2391 582 2461; baseline 0.006 -15"><span class='ocrx_word' id='word_1_269' title='bbox 96 2391 143 2446; x_wconf 86' lang='lat' dir='ltr'><strong>ir.</strong></span> <span class='ocrx_word' id='word_1_270' title='bbox 170 2391 281 2445; x_wconf 89' lang='lat' dir='ltr'><strong>dies</strong></span> <span class='ocrx_word' id='word_1_271' title='bbox 308 2392 582 2461; x_wconf 65' lang='lat' dir='ltr'><strong>pariebat.</strong></span> 
     </span>
    </p>
   </div>
   <div class='ocr_carea' id='block_1_40' title="bbox 155 2476 1677 2553">
    <p class='ocr_par' dir='ltr' id='par_1_40' title="bbox 155 2476 1677 2553">
     <span class='ocr_line' id='line_1_40' title="bbox 155 2476 1677 2553; baseline -0.007 -14"><span class='ocrx_word' id='word_1_272' title='bbox 155 2485 204 2539; x_wconf 86' lang='lat'><strong>9.</strong></span> <span class='ocrx_word' id='word_1_273' title='bbox 245 2484 492 2551; x_wconf 89' lang='lat' dir='ltr'><strong>Quodam</strong></span> <span class='ocrx_word' id='word_1_274' title='bbox 517 2484 679 2539; x_wconf 90' lang='lat' dir='ltr'><strong>etiam</strong></span> <span class='ocrx_word' id='word_1_275' title='bbox 710 2490 974 2553; x_wconf 87' lang='lat' dir='ltr'><strong>tempore,</strong></span> <span class='ocrx_word' id='word_1_276' title='bbox 1000 2481 1126 2536; x_wconf 91' lang='lat' dir='ltr'><strong>dum</strong></span> <span class='ocrx_word' id='word_1_277' title='bbox 1158 2482 1263 2535; x_wconf 87' lang='lat' dir='ltr'><strong>iter</strong></span> <span class='ocrx_word' id='word_1_278' title='bbox 1306 2494 1406 2549; x_wconf 87' lang='lat' dir='ltr'><strong>per</strong></span> <span class='ocrx_word' id='word_1_279' title='bbox 1440 2476 1677 2531; x_wconf 78' lang='lat' dir='ltr'><strong>Wasco—</strong></span> 
     </span>
    </p>
   </div>
   <div class='ocr_carea' id='block_1_41' title="bbox 96 2566 1675 2646">
    <p class='ocr_par' dir='ltr' id='par_1_41' title="bbox 96 2566 1675 2646">
     <span class='ocr_line' id='line_1_41' title="bbox 96 2566 1675 2646; baseline -0.005 -17"><span class='ocrx_word' id='word_1_280' title='bbox 96 2576 188 2631; x_wconf 72' lang='lat' dir='ltr'><strong>nire</strong></span> <span class='ocrx_word' id='word_1_281' title='bbox 223 2585 411 2645; x_wconf 90' lang='lat' dir='ltr'><strong>partes</strong></span> <span class='ocrx_word' id='word_1_282' title='bbox 460 2586 665 2646; x_wconf 82' lang='lat' dir='ltr'><strong>ageret,</strong></span> <span class='ocrx_word' id='word_1_283' title='bbox 707 2575 1005 2631; x_wconf 87' lang='lat' dir='ltr'><strong>comitante</strong></span> <span class='ocrx_word' id='word_1_284' title='bbox 1033 2588 1217 2628; x_wconf 90' lang='lat' dir='ltr'><strong>secum</strong></span> <span class='ocrx_word' id='word_1_285' title='bbox 1262 2570 1509 2625; x_wconf 88' lang='lat' dir='ltr'><strong>flunaldo</strong></span> <span class='ocrx_word' id='word_1_286' title='bbox 1539 2566 1675 2637; x_wconf 80' lang='lat'><strong>(86),</strong></span> 
     </span>
    </p>
   </div>
   <div class='ocr_carea' id='block_1_42' title="bbox 99 2656 1680 2739">
    <p class='ocr_par' dir='ltr' id='par_1_42' title="bbox 99 2656 1680 2739">
     <span class='ocr_line' id='line_1_42' title="bbox 99 2656 1680 2739; baseline -0.006 -18"><span class='ocrx_word' id='word_1_287' title='bbox 99 2668 512 2739; x_wconf 78' lang='lat' dir='ltr'><strong>prudentissimo</strong></span> <span class='ocrx_word' id='word_1_288' title='bbox 544 2670 663 2724; x_wconf 88' lang='lat' dir='ltr'><strong>viro</strong></span> <span class='ocrx_word' id='word_1_289' title='bbox 693 2678 858 2737; x_wconf 88' lang='lat' dir='ltr'><strong>atque</strong></span> <span class='ocrx_word' id='word_1_290' title='bbox 889 2681 988 2722; x_wconf 92' lang='lat' dir='ltr'><strong>suo</strong></span> <span class='ocrx_word' id='word_1_291' title='bbox 1017 2664 1310 2731; x_wconf 86' lang='lat' dir='ltr'><strong>monacho,</strong></span> <span class='ocrx_word' id='word_1_292' title='bbox 1338 2679 1443 2718; x_wconf 90' lang='lat' dir='ltr'><strong>non</strong></span> <span class='ocrx_word' id='word_1_293' title='bbox 1492 2656 1680 2730; x_wconf 86' lang='lat' dir='ltr'><strong>procul</strong></span> 
     </span>
    </p>
   </div>
   <div class='ocr_carea' id='block_1_43' title="bbox 96 2752 1675 2831">
    <p class='ocr_par' dir='ltr' id='par_1_43' title="bbox 96 2752 1675 2831">
     <span class='ocr_line' id='line_1_43' title="bbox 96 2752 1675 2831; baseline -0.008 -18"><span class='ocrx_word' id='word_1_294' title='bbox 96 2776 123 2813; x_wconf 86' lang='lat' dir='ltr'><strong>a</strong></span> <span class='ocrx_word' id='word_1_295' title='bbox 145 2762 220 2813; x_wconf 83' lang='lat' dir='ltr'><strong>via</strong></span> <span class='ocrx_word' id='word_1_296' title='bbox 244 2761 525 2831; x_wconf 77' lang='lat' dir='ltr'><strong>prospexit</strong></span> <span class='ocrx_word' id='word_1_297' title='bbox 556 2759 844 2830; x_wconf 88' lang='lat' dir='ltr'><strong>quamdam</strong></span> <span class='ocrx_word' id='word_1_298' title='bbox 872 2754 1063 2813; x_wconf 92' lang='lat' dir='ltr'><strong>cellam</strong></span> <span class='ocrx_word' id='word_1_299' title='bbox 1098 2756 1149 2809; x_wconf 91' lang='lat' dir='ltr'><strong>in</strong></span> <span class='ocrx_word' id='word_1_300' title='bbox 1183 2769 1286 2824; x_wconf 92' lang='lat' dir='ltr'><strong>qua</strong></span> <span class='ocrx_word' id='word_1_301' title='bbox 1322 2753 1403 2807; x_wconf 87' lang='lat' dir='ltr'><strong>vir</strong></span> <span class='ocrx_word' id='word_1_302' title='bbox 1430 2752 1675 2822; x_wconf 81' lang='lat' dir='ltr'><strong>quidam,</strong></span> 
     </span>
    </p>
   </div>
   <div class='ocr_carea' id='block_1_44' title="bbox 103 2842 1678 2923">
    <p class='ocr_par' dir='ltr' id='par_1_44' title="bbox 103 2842 1678 2923">
     <span class='ocr_line' id='line_1_44' title="bbox 103 2842 1678 2923; baseline -0.008 -19"><span class='ocrx_word' id='word_1_303' title='bbox 103 2852 283 2906; x_wconf 84' lang='lat' dir='ltr'><strong>nobilis</strong></span> <span class='ocrx_word' id='word_1_304' title='bbox 313 2852 534 2923; x_wconf 87' lang='lat' dir='ltr'><strong>quidem</strong></span> <span class='ocrx_word' id='word_1_305' title='bbox 567 2865 789 2922; x_wconf 82' lang='lat' dir='ltr'><strong>genere,</strong></span> <span class='ocrx_word' id='word_1_306' title='bbox 842 2847 935 2903; x_wconf 87' lang='lat' dir='ltr'><strong>sed</strong></span> <span class='ocrx_word' id='word_1_307' title='bbox 978 2846 1127 2916; x_wconf 84' lang='lat' dir='ltr'><strong>lepra</strong></span> <span class='ocrx_word' id='word_1_308' title='bbox 1177 2856 1487 2915; x_wconf 87' lang='lat' dir='ltr'><strong>percussus,</strong></span> <span class='ocrx_word' id='word_1_309' title='bbox 1518 2842 1678 2911; x_wconf 80' lang='lat' dir='ltr'><strong>dege-</strong></span> 
     </span>
    </p>
   </div>
   <div class='ocr_carea' id='block_1_45' title="bbox 97 2932 1678 3016">
    <p class='ocr_par' dir='ltr' id='par_1_45' title="bbox 97 2932 1678 3016">
     <span class='ocr_line' id='line_1_45' title="bbox 97 2932 1678 3016; baseline -0.013 -13"><span class='ocrx_word' id='word_1_310' title='bbox 97 2944 206 3012; x_wconf 79' lang='lat' dir='ltr'><strong>bat;</strong></span> <span class='ocrx_word' id='word_1_311' title='bbox 236 2946 394 3016; x_wconf 78' lang='lat' dir='ltr'><strong>Cujus</strong></span> <span class='ocrx_word' id='word_1_312' title='bbox 426 2962 603 3001; x_wconf 88' lang='lat' dir='ltr'><strong>mores</strong></span> <span class='ocrx_word' id='word_1_313' title='bbox 627 2962 749 3001; x_wconf 89' lang='lat' dir='ltr'><strong>cum</strong></span> <span class='ocrx_word' id='word_1_314' title='bbox 782 2943 1101 3012; x_wconf 89' lang='lat' dir='ltr'><strong>inquisisset</strong></span> <span class='ocrx_word' id='word_1_315' title='bbox 1143 2948 1196 2994; x_wconf 90' lang='lat' dir='ltr'><strong>et</strong></span> <span class='ocrx_word' id='word_1_316' title='bbox 1222 2935 1536 3007; x_wconf 82' lang='lat' dir='ltr'><strong>patientiam</strong></span> <span class='ocrx_word' id='word_1_317' title='bbox 1561 2932 1678 3002; x_wconf 83' lang='lat' dir='ltr'><strong>ejus</strong></span> 
     </span>
    </p>
   </div>
   <div class='ocr_carea' id='block_1_46' title="bbox 99 3025 1671 3108">
    <p class='ocr_par' dir='ltr' id='par_1_46' title="bbox 99 3025 1671 3108">
     <span class='ocr_line' id='line_1_46' title="bbox 99 3025 1671 3108; baseline -0.009 -20"><span class='ocrx_word' id='word_1_318' title='bbox 99 3038 369 3104; x_wconf 68' lang='lat' dir='ltr'><strong>probatam</strong></span> <span class='ocrx_word' id='word_1_319' title='bbox 436 3035 769 3108; x_wconf 78' lang='lat' dir='ltr'><strong>agnovisset,</strong></span> <span class='ocrx_word' id='word_1_320' title='bbox 824 3033 908 3087; x_wconf 85' lang='lat' dir='ltr'><strong>vir</strong></span> <span class='ocrx_word' id='word_1_321' title='bbox 944 3029 1138 3100; x_wconf 82' lang='lat' dir='ltr'><strong>insigni</strong></span> <span class='ocrx_word' id='word_1_322' title='bbox 1188 3028 1387 3098; x_wconf 83' lang='lat' dir='ltr'><strong>pietate</strong></span> <span class='ocrx_word' id='word_1_323' title='bbox 1428 3025 1493 3079; x_wconf 91' lang='lat' dir='ltr'><strong>ad</strong></span> <span class='ocrx_word' id='word_1_324' title='bbox 1548 3034 1671 3077; x_wconf 88' lang='lat' dir='ltr'><strong>eum</strong></span> 
     </span>
    </p>
   </div>
   <div class='ocr_carea' id='block_1_47' title="bbox 99 3116 1672 3196">
    <p class='ocr_par' dir='ltr' id='par_1_47' title="bbox 99 3116 1672 3196">
     <span class='ocr_line' id='line_1_47' title="bbox 99 3116 1672 3196; baseline -0.009 -15"><span class='ocrx_word' id='word_1_325' title='bbox 99 3128 412 3184; x_wconf 86' lang='lat' dir='ltr'><strong>visitandum</strong></span> <span class='ocrx_word' id='word_1_326' title='bbox 456 3128 693 3194; x_wconf 86' lang='lat' dir='ltr'><strong>divertit,</strong></span> <span class='ocrx_word' id='word_1_327' title='bbox 738 3136 794 3181; x_wconf 87' lang='lat' dir='ltr'><strong>et</strong></span> <span class='ocrx_word' id='word_1_328' title='bbox 846 3140 943 3196; x_wconf 89' lang='lat' dir='ltr'><strong>per</strong></span> <span class='ocrx_word' id='word_1_329' title='bbox 999 3118 1389 3178; x_wconf 83' lang='lat' dir='ltr'><strong>consolationis</strong></span> <span class='ocrx_word' id='word_1_330' title='bbox 1445 3116 1672 3169; x_wconf 84' lang='lat' dir='ltr'><strong>verbum</strong></span> 
     </span>
    </p>
   </div>
   <div class='ocr_carea' id='block_1_48' title="bbox 102 3208 1669 3288">
    <p class='ocr_par' dir='ltr' id='par_1_48' title="bbox 102 3208 1669 3288">
     <span class='ocr_line' id='line_1_48' title="bbox 102 3208 1669 3288; baseline -0.01 -13"><span class='ocrx_word' id='word_1_331' title='bbox 102 3220 373 3276; x_wconf 76' lang='lat' dir='ltr'><strong>charitatis</strong></span> <span class='ocrx_word' id='word_1_332' title='bbox 431 3219 662 3274; x_wconf 81' lang='lat' dir='ltr'><strong>otiiciutn</strong></span> <span class='ocrx_word' id='word_1_333' title='bbox 723 3218 1024 3288; x_wconf 86' lang='lat' dir='ltr'><strong>adimplens</strong></span> <span class='ocrx_word' id='word_1_334' title='bbox 1060 3256 1075 3282; x_wconf 80' lang='lat'><strong>,</strong></span> <span class='ocrx_word' id='word_1_335' title='bbox 1128 3222 1335 3267; x_wconf 86' lang='lat' dir='ltr'><strong>vestem</strong></span> <span class='ocrx_word' id='word_1_336' title='bbox 1391 3208 1669 3279; x_wconf 85' lang='lat' dir='ltr'><strong>pellieeam</strong></span> 
     </span>
    </p>
   </div>
   <div class='ocr_carea' id='block_1_49' title="bbox 100 3300 1671 3382">
    <p class='ocr_par' dir='ltr' id='par_1_49' title="bbox 100 3300 1671 3382">
     <span class='ocr_line' id='line_1_49' title="bbox 100 3300 1671 3382; baseline -0.007 -18"><span class='ocrx_word' id='word_1_337' title='bbox 100 3316 245 3375; x_wconf 79' lang='lat' dir='ltr'><strong>exuit,</strong></span> <span class='ocrx_word' id='word_1_338' title='bbox 273 3322 325 3368; x_wconf 90' lang='lat' dir='ltr'><strong>et</strong></span> <span class='ocrx_word' id='word_1_339' title='bbox 359 3328 487 3369; x_wconf 90' lang='lat' dir='ltr'><strong>cum</strong></span> <span class='ocrx_word' id='word_1_340' title='bbox 512 3313 712 3382; x_wconf 87' lang='lat' dir='ltr'><strong>aliquot</strong></span> <span class='ocrx_word' id='word_1_341' title='bbox 741 3310 1013 3381; x_wconf 81' lang='lat' dir='ltr'><strong>argenteis</strong></span> <span class='ocrx_word' id='word_1_342' title='bbox 1041 3307 1256 3362; x_wconf 87' lang='lat' dir='ltr'><strong>infirmo</strong></span> <span class='ocrx_word' id='word_1_343' title='bbox 1286 3303 1525 3359; x_wconf 75' lang='lat' dir='ltr'><strong>donavit.</strong></span> <span class='ocrx_word' id='word_1_344' title='bbox 1554 3300 1671 3367; x_wconf 63' lang='lat' dir='ltr'><strong>Quo</strong></span> 
     </span>
    </p>
   </div>
   <div class='ocr_carea' id='block_1_50' title="bbox 104 3396 1670 3474">
    <p class='ocr_par' dir='ltr' id='par_1_50' title="bbox 104 3396 1670 3474">
     <span class='ocr_line' id='line_1_50' title="bbox 104 3396 1670 3474; baseline -0.008 -15"><span class='ocrx_word' id='word_1_345' title='bbox 104 3402 319 3470; x_wconf 78' lang='lat' dir='ltr'><strong>digresso</strong></span> <span class='ocrx_word' id='word_1_346' title='bbox 343 3421 513 3474; x_wconf 72' lang='lat' dir='ltr'><strong>mger,</strong></span> <span class='ocrx_word' id='word_1_347' title='bbox 558 3404 647 3458; x_wconf 90' lang='lat' dir='ltr'><strong>ubi</strong></span> <span class='ocrx_word' id='word_1_348' title='bbox 683 3412 885 3459; x_wconf 85' lang='lat' dir='ltr'><strong>vestem</strong></span> <span class='ocrx_word' id='word_1_349' title='bbox 920 3400 1113 3466; x_wconf 88' lang='lat' dir='ltr'><strong>induit,</strong></span> <span class='ocrx_word' id='word_1_350' title='bbox 1150 3414 1177 3452; x_wconf 90' lang='lat' dir='ltr'><strong>a</strong></span> <span class='ocrx_word' id='word_1_351' title='bbox 1224 3397 1377 3468; x_wconf 82' lang='lat' dir='ltr'><strong>plaga</strong></span> <span class='ocrx_word' id='word_1_352' title='bbox 1407 3396 1571 3465; x_wconf 74' lang='lat' dir='ltr'><strong>lepra:</strong></span> <span class='ocrx_word' id='word_1_353' title='bbox 1611 3406 1670 3447; x_wconf 86' lang='lat' dir='ltr'><strong>se</strong></span> 
     </span>
    </p>
   </div>
   <div class='ocr_carea' id='block_1_51' title="bbox 100 3494 876 3567">
    <p class='ocr_par' dir='ltr' id='par_1_51' title="bbox 100 3494 876 3567">
     <span class='ocr_line' id='line_1_51' title="bbox 100 3494 876 3567; baseline -0.003 -18"><span class='ocrx_word' id='word_1_354' title='bbox 100 3506 319 3551; x_wconf 78' lang='lat' dir='ltr'><strong>Curatum</strong></span> <span class='ocrx_word' id='word_1_355' title='bbox 359 3496 606 3565; x_wconf 90' lang='lat' dir='ltr'><strong>protinus</strong></span> <span class='ocrx_word' id='word_1_356' title='bbox 630 3494 876 3567; x_wconf 63' lang='lat' dir='ltr'><strong>agnovit.</strong></span> 
     </span>
    </p>
   </div>
   <div class='ocr_carea' id='block_1_52' title="bbox 163 3579 1667 3643">
    <p class='ocr_par' dir='ltr' id='par_1_52' title="bbox 163 3579 1667 3643">
     <span class='ocr_line' id='line_1_52' title="bbox 163 3579 1667 3643; baseline -0.005 -3"><span class='ocrx_word' id='word_1_357' title='bbox 163 3588 238 3641; x_wconf 72' lang='lat'><strong>10.</strong></span> <span class='ocrx_word' id='word_1_358' title='bbox 278 3588 494 3642; x_wconf 71' lang='lat' dir='ltr'><strong>IturSus</strong></span> <span class='ocrx_word' id='word_1_359' title='bbox 525 3586 664 3641; x_wconf 89' lang='lat' dir='ltr'><strong>idem</strong></span> <span class='ocrx_word' id='word_1_360' title='bbox 701 3587 781 3639; x_wconf 91' lang='lat' dir='ltr'><strong>vir</strong></span> <span class='ocrx_word' id='word_1_361' title='bbox 807 3582 1206 3643; x_wconf 83' lang='lat' dir='ltr'><strong>sanctissimus,</strong></span> <span class='ocrx_word' id='word_1_362' title='bbox 1255 3579 1492 3635; x_wconf 83' lang='lat' dir='ltr'><strong>Parisios</strong></span> <span class='ocrx_word' id='word_1_363' title='bbox 1529 3579 1667 3633; x_wconf 89' lang='lat' dir='ltr'><strong>forte</strong></span> 
     </span>
    </p>
   </div>
   <div class='ocr_carea' id='block_1_53' title="bbox 100 3674 1664 3744">
    <p class='ocr_par' dir='ltr' id='par_1_53' title="bbox 100 3674 1664 3744">
     <span class='ocr_line' id='line_1_53' title="bbox 100 3674 1664 3744; baseline -0.005 -13"><span class='ocrx_word' id='word_1_364' title='bbox 100 3679 397 3741; x_wconf 7' lang='lat' dir='ltr'><strong>aclveuerat,</strong></span> <span class='ocrx_word' id='word_1_365' title='bbox 437 3688 491 3733; x_wconf 91' lang='lat' dir='ltr'><strong>ct</strong></span> <span class='ocrx_word' id='word_1_366' title='bbox 528 3678 589 3732; x_wconf 83' lang='grc' dir='ltr'><strong>Β.</strong></span> <span class='ocrx_word' id='word_1_367' title='bbox 644 3676 935 3732; x_wconf 73' lang='lat' dir='ltr'><strong>Gcnovefa:</strong></span> <span class='ocrx_word' id='word_1_368' title='bbox 980 3674 1290 3739; x_wconf 84' lang='lat' dir='ltr'><strong>ecclesiam,</strong></span> <span class='ocrx_word' id='word_1_369' title='bbox 1340 3688 1459 3744; x_wconf 85' lang='lat' dir='ltr'><strong>quae</strong></span> <span class='ocrx_word' id='word_1_370' title='bbox 1511 3682 1664 3726; x_wconf 79' lang='lat' dir='ltr'><strong>extra</strong></span> 
     </span>
    </p>
   </div>
   <div class='ocr_carea' id='block_1_54' title="bbox 103 3762 1663 3838">
    <p class='ocr_par' dir='ltr' id='par_1_54' title="bbox 103 3762 1663 3838">
     <span class='ocr_line' id='line_1_54' title="bbox 103 3762 1663 3838; baseline -0.003 -17"><span class='ocrx_word' id='word_1_371' title='bbox 103 3783 261 3823; x_wconf 88' lang='lat' dir='ltr'><strong>muros</strong></span> <span class='ocrx_word' id='word_1_372' title='bbox 286 3770 444 3825; x_wconf 91' lang='lat' dir='ltr'><strong>urbis</strong></span> <span class='ocrx_word' id='word_1_373' title='bbox 476 3770 579 3825; x_wconf 88' lang='lat' dir='ltr'><strong>sita</strong></span> <span class='ocrx_word' id='word_1_374' title='bbox 603 3778 707 3833; x_wconf 86' lang='lat' dir='ltr'><strong>est,</strong></span> <span class='ocrx_word' id='word_1_375' title='bbox 736 3779 847 3824; x_wconf 90' lang='lat' dir='ltr'><strong>tum</strong></span> <span class='ocrx_word' id='word_1_376' title='bbox 875 3785 971 3838; x_wconf 88' lang='lat' dir='ltr'><strong>pro</strong></span> <span class='ocrx_word' id='word_1_377' title='bbox 996 3768 1282 3823; x_wconf 88' lang='lat' dir='ltr'><strong>devotione</strong></span> <span class='ocrx_word' id='word_1_378' title='bbox 1313 3762 1663 3821; x_wconf 82' lang='lat' dir='ltr'><strong>sacratissimi</strong></span> 
     </span>
    </p>
   </div>
   <div class='ocr_carea' id='block_1_55' title="bbox 101 3855 1662 3931">
    <p class='ocr_par' dir='ltr' id='par_1_55' title="bbox 101 3855 1662 3931">
     <span class='ocr_line' id='line_1_55' title="bbox 101 3855 1662 3931; baseline -0.003 -20"><span class='ocrx_word' id='word_1_379' title='bbox 101 3863 318 3928; x_wconf 85' lang='lat' dir='ltr'><strong>corporis</strong></span> <span class='ocrx_word' id='word_1_380' title='bbox 373 3860 530 3931; x_wconf 68' lang='lat' dir='ltr'><strong>ejus,</strong></span> <span class='ocrx_word' id='word_1_381' title='bbox 590 3871 701 3915; x_wconf 92' lang='lat' dir='ltr'><strong>tum</strong></span> <span class='ocrx_word' id='word_1_382' title='bbox 752 3877 852 3930; x_wconf 92' lang='lat' dir='ltr'><strong>pro</strong></span> <span class='ocrx_word' id='word_1_383' title='bbox 899 3859 1246 3914; x_wconf 78' lang='lat' dir='ltr'><strong>veneratione</strong></span> <span class='ocrx_word' id='word_1_384' title='bbox 1296 3855 1662 3926; x_wconf 84' lang='lat' dir='ltr'><strong>apostolorum</strong></span> 
     </span>
    </p>
   </div>
   <div class='ocr_carea' id='block_1_56' title="bbox 102 3947 1665 4022">
    <p class='ocr_par' dir='ltr' id='par_1_56' title="bbox 102 3947 1665 4022">
     <span class='ocr_line' id='line_1_56' title="bbox 102 3947 1665 4022; baseline 0.001 -23"><span class='ocrx_word' id='word_1_385' title='bbox 102 3949 363 4020; x_wconf 68' lang='lat' dir='ltr'><strong>principis,</strong></span> <span class='ocrx_word' id='word_1_386' title='bbox 393 3950 549 4020; x_wconf 89' lang='lat' dir='ltr'><strong>cujus</strong></span> <span class='ocrx_word' id='word_1_387' title='bbox 573 3951 642 4005; x_wconf 91' lang='lat' dir='ltr'><strong>ibi</strong></span> <span class='ocrx_word' id='word_1_388' title='bbox 669 3951 882 4022; x_wconf 88' lang='lat' dir='ltr'><strong>planeta</strong></span> <span class='ocrx_word' id='word_1_389' title='bbox 910 3966 1030 4006; x_wconf 88' lang='lat' dir='ltr'><strong>esse</strong></span> <span class='ocrx_word' id='word_1_390' title='bbox 1054 3951 1314 4015; x_wconf 72' lang='lat' dir='ltr'><strong>creditur,</strong></span> <span class='ocrx_word' id='word_1_391' title='bbox 1341 3950 1429 4019; x_wconf 92' lang='lat' dir='ltr'><strong>pio</strong></span> <span class='ocrx_word' id='word_1_392' title='bbox 1451 3947 1665 4017; x_wconf 88' lang='lat' dir='ltr'><strong>religio-</strong></span> 
     </span>
    </p>
   </div>
   <div class='ocr_carea' id='block_1_57' title="bbox 102 4040 1663 4112">
    <p class='ocr_par' dir='ltr' id='par_1_57' title="bbox 102 4040 1663 4112">
     <span class='ocr_line' id='line_1_57' title="bbox 102 4040 1663 4112; baseline 0.001 -21"><span class='ocrx_word' id='word_1_393' title='bbox 102 4041 171 4093; x_wconf 87' lang='lat' dir='ltr'><strong>nis</strong></span> <span class='ocrx_word' id='word_1_394' title='bbox 190 4043 323 4098; x_wconf 91' lang='lat' dir='ltr'><strong>cultu</strong></span> <span class='ocrx_word' id='word_1_395' title='bbox 358 4043 714 4109; x_wconf 76' lang='lat' dir='ltr'><strong>visitaverat;</strong></span> <span class='ocrx_word' id='word_1_396' title='bbox 757 4058 864 4112; x_wconf 88' lang='lat' dir='ltr'><strong>quo</strong></span> <span class='ocrx_word' id='word_1_397' title='bbox 917 4052 1044 4096; x_wconf 89' lang='lat' dir='ltr'><strong>tunc</strong></span> <span class='ocrx_word' id='word_1_398' title='bbox 1084 4043 1304 4112; x_wconf 89' lang='lat' dir='ltr'><strong>quidam</strong></span> <span class='ocrx_word' id='word_1_399' title='bbox 1335 4040 1512 4107; x_wconf 88' lang='lat' dir='ltr'><strong>miles,</strong></span> <span class='ocrx_word' id='word_1_400' title='bbox 1562 4057 1663 4094; x_wconf 88' lang='lat' dir='ltr'><strong>no-</strong></span> 
     </span>
    </p>
   </div>
   <div class='ocr_carea' id='block_1_58' title="bbox 102 4132 1660 4205">
    <p class='ocr_par' dir='ltr' id='par_1_58' title="bbox 102 4132 1660 4205">
     <span class='ocr_line' id='line_1_58' title="bbox 102 4132 1660 4205; baseline 0 -20"><span class='ocrx_word' id='word_1_401' title='bbox 102 4132 227 4187; x_wconf 81' lang='lat' dir='ltr'><strong>mine</strong></span> <span class='ocrx_word' id='word_1_402' title='bbox 249 4134 560 4200; x_wconf 76' lang='lat' dir='ltr'><strong>Rutbertus,</strong></span> <span class='ocrx_word' id='word_1_403' title='bbox 586 4136 676 4205; x_wconf 90' lang='lat' dir='ltr'><strong>qui</strong></span> <span class='ocrx_word' id='word_1_404' title='bbox 710 4148 775 4190; x_wconf 81' lang='lat' dir='ltr'><strong>ex</strong></span> <span class='ocrx_word' id='word_1_405' title='bbox 809 4134 962 4204; x_wconf 82' lang='lat' dir='ltr'><strong>plaga</strong></span> <span class='ocrx_word' id='word_1_406' title='bbox 996 4135 1132 4189; x_wconf 91' lang='lat' dir='ltr'><strong>ictus</strong></span> <span class='ocrx_word' id='word_1_407' title='bbox 1168 4133 1344 4188; x_wconf 78' lang='lat' dir='ltr'><strong>bellici</strong></span> <span class='ocrx_word' id='word_1_408' title='bbox 1369 4133 1660 4204; x_wconf 83' lang='lat' dir='ltr'><strong>paralysim</strong></span> 
     </span>
    </p>
   </div>
   <div class='ocr_carea' id='block_1_59' title="bbox 105 4220 1661 4295">
    <p class='ocr_par' dir='ltr' id='par_1_59' title="bbox 105 4220 1661 4295">
     <span class='ocr_line' id='line_1_59' title="bbox 105 4220 1661 4295; baseline 0.003 -22"><span class='ocrx_word' id='word_1_409' title='bbox 105 4220 399 4295; x_wconf 83' lang='lat' dir='ltr'><strong>incurrerat,</strong></span> <span class='ocrx_word' id='word_1_410' title='bbox 427 4226 686 4281; x_wconf 89' lang='lat' dir='ltr'><strong>clientum</strong></span> <span class='ocrx_word' id='word_1_411' title='bbox 719 4226 972 4280; x_wconf 89' lang='lat' dir='ltr'><strong>manibus</strong></span> <span class='ocrx_word' id='word_1_412' title='bbox 1004 4226 1280 4291; x_wconf 81' lang='lat' dir='ltr'><strong>advectus,</strong></span> <span class='ocrx_word' id='word_1_413' title='bbox 1321 4225 1569 4292; x_wconf 82' lang='lat' dir='ltr'><strong>rogabat,</strong></span> <span class='ocrx_word' id='word_1_414' title='bbox 1601 4233 1661 4278; x_wconf 90' lang='lat' dir='ltr'><strong>ut</strong></span> 
     </span>
    </p>
   </div>
   <div class='ocr_carea' id='block_1_60' title="bbox 102 4315 1656 4386">
    <p class='ocr_par' dir='ltr' id='par_1_60' title="bbox 102 4315 1656 4386">
     <span class='ocr_line' id='line_1_60' title="bbox 102 4315 1656 4386; baseline 0.003 -21"><span class='ocrx_word' id='word_1_415' title='bbox 102 4326 182 4379; x_wconf 87' lang='lat' dir='ltr'><strong>pro</strong></span> <span class='ocrx_word' id='word_1_416' title='bbox 206 4315 365 4385; x_wconf 85' lang='lat' dir='ltr'><strong>ipsius</strong></span> <span class='ocrx_word' id='word_1_417' title='bbox 391 4318 567 4372; x_wconf 88' lang='lat' dir='ltr'><strong>salute</strong></span> <span class='ocrx_word' id='word_1_418' title='bbox 592 4317 820 4372; x_wconf 87' lang='lat' dir='ltr'><strong>Domino</strong></span> <span class='ocrx_word' id='word_1_419' title='bbox 849 4316 1201 4386; x_wconf 88' lang='lat' dir='ltr'><strong>supplicaret.</strong></span> <span class='ocrx_word' id='word_1_420' title='bbox 1236 4315 1352 4380; x_wconf 85' lang='lat' dir='ltr'><strong>Ille,</strong></span> <span class='ocrx_word' id='word_1_421' title='bbox 1380 4324 1656 4385; x_wconf 87' lang='lat' dir='ltr'><strong>assumpta</strong></span> 
     </span>
    </p>
   </div>
   <div class='ocr_carea' id='block_1_61' title="bbox 102 4406 1657 4480">
    <p class='ocr_par' dir='ltr' id='par_1_61' title="bbox 102 4406 1657 4480">
     <span class='ocr_line' id='line_1_61' title="bbox 102 4406 1657 4480; baseline 0.004 -25"><span class='ocrx_word' id='word_1_422' title='bbox 102 4408 367 4472; x_wconf 75' lang='lat' dir='ltr'><strong>apostolica</strong></span> <span class='ocrx_word' id='word_1_423' title='bbox 399 4408 586 4475; x_wconf 89' lang='lat' dir='ltr'><strong>infula,</strong></span> <span class='ocrx_word' id='word_1_424' title='bbox 620 4410 1003 4480; x_wconf 81' lang='lat' dir='ltr'><strong>languentibus</strong></span> <span class='ocrx_word' id='word_1_425' title='bbox 1031 4406 1287 4463; x_wconf 89' lang='lat' dir='ltr'><strong>membris</strong></span> <span class='ocrx_word' id='word_1_426' title='bbox 1316 4406 1574 4466; x_wconf 86' lang='lat' dir='ltr'><strong>admovit.</strong></span> <span class='ocrx_word' id='word_1_427' title='bbox 1604 4413 1657 4461; x_wconf 80' lang='lat' dir='ltr'><strong>et</strong></span> 
     </span>
    </p>
   </div>
   <div class='ocr_carea' id='block_1_62' title="bbox 1781 1925 3368 1998">
    <p class='ocr_par' dir='ltr' id='par_1_62' title="bbox 1781 1925 3368 1998">
     <span class='ocr_line' id='line_1_62' title="bbox 1781 1925 3368 1998; baseline -0.006 -12"><span class='ocrx_word' id='word_1_428' title='bbox 1781 1933 2058 1986; x_wconf 86' lang='lat' dir='ltr'><strong>civitatem</strong></span> <span class='ocrx_word' id='word_1_429' title='bbox 2095 1931 2397 1994; x_wconf 85' lang='lat' dir='ltr'><strong>veniretur,</strong></span> <span class='ocrx_word' id='word_1_430' title='bbox 2430 1944 2558 1984; x_wconf 83' lang='lat' dir='ltr'><strong>ecce</strong></span> <span class='ocrx_word' id='word_1_431' title='bbox 2596 1930 2817 1998; x_wconf 87' lang='lat' dir='ltr'><strong>quidam</strong></span> <span class='ocrx_word' id='word_1_432' title='bbox 2850 1928 2915 1983; x_wconf 93' lang='lat' dir='ltr'><strong>de</strong></span> <span class='ocrx_word' id='word_1_433' title='bbox 2944 1927 3165 1982; x_wconf 87' lang='lat' dir='ltr'><strong>civitate</strong></span> <span class='ocrx_word' id='word_1_434' title='bbox 3208 1925 3368 1980; x_wconf 89' lang='lat' dir='ltr'><strong>obtu-</strong></span> 
     </span>
    </p>
   </div>
   <div class='ocr_carea' id='block_1_63' title="bbox 1785 2019 3367 2093">
    <p class='ocr_par' dir='ltr' id='par_1_63' title="bbox 1785 2019 3367 2093">
     <span class='ocr_line' id='line_1_63' title="bbox 1785 2019 3367 2093; baseline -0.003 -16"><span class='ocrx_word' id='word_1_435' title='bbox 1785 2023 1847 2078; x_wconf 88' lang='lat' dir='ltr'><strong>lit</strong></span> <span class='ocrx_word' id='word_1_436' title='bbox 1877 2024 1927 2077; x_wconf 91' lang='lat' dir='ltr'><strong>ei</strong></span> <span class='ocrx_word' id='word_1_437' title='bbox 1957 2039 2172 2086; x_wconf 88' lang='lat' dir='ltr'><strong>aurum,</strong></span> <span class='ocrx_word' id='word_1_438' title='bbox 2197 2022 2341 2093; x_wconf 90' lang='lat' dir='ltr'><strong>quod</strong></span> <span class='ocrx_word' id='word_1_439' title='bbox 2386 2021 2679 2075; x_wconf 91' lang='lat' dir='ltr'><strong>solidorum</strong></span> <span class='ocrx_word' id='word_1_440' title='bbox 2713 2021 2946 2090; x_wconf 88' lang='lat' dir='ltr'><strong>pretium</strong></span> <span class='ocrx_word' id='word_1_441' title='bbox 2978 2019 3160 2074; x_wconf 83' lang='lat' dir='ltr'><strong>decies</strong></span> <span class='ocrx_word' id='word_1_442' title='bbox 3205 2032 3367 2072; x_wconf 79' lang='lat' dir='ltr'><strong>exce-</strong></span> 
     </span>
    </p>
   </div>
   <div class='ocr_carea' id='block_1_64' title="bbox 1781 2110 3360 2184">
    <p class='ocr_par' dir='ltr' id='par_1_64' title="bbox 1781 2110 3360 2184">
     <span class='ocr_line' id='line_1_64' title="bbox 1781 2110 3360 2184; baseline -0.006 -12"><span class='ocrx_word' id='word_1_443' title='bbox 1781 2118 1962 2172; x_wconf 87' lang='lat' dir='ltr'><strong>debat.</strong></span> <span class='ocrx_word' id='word_1_444' title='bbox 2022 2116 2177 2170; x_wconf 86' lang='lat' dir='ltr'><strong>Tuuc</strong></span> <span class='ocrx_word' id='word_1_445' title='bbox 2220 2130 2517 2172; x_wconf 84' lang='lat' dir='ltr'><strong>conversus</strong></span> <span class='ocrx_word' id='word_1_446' title='bbox 2568 2114 2636 2168; x_wconf 91' lang='lat' dir='ltr'><strong>ad</strong></span> <span class='ocrx_word' id='word_1_447' title='bbox 2689 2114 3001 2184; x_wconf 65' lang='lat' dir='ltr'><strong>praedictum</strong></span> <span class='ocrx_word' id='word_1_448' title='bbox 3082 2110 3360 2165; x_wconf 85' lang='lat' dir='ltr'><strong>fratrem:</strong></span> 
     </span>
    </p>
   </div>
   <div class='ocr_carea' id='block_1_65' title="bbox 1786 2206 3366 2284">
    <p class='ocr_par' dir='ltr' id='par_1_65' title="bbox 1786 2206 3366 2284">
     <span class='ocr_line' id='line_1_65' title="bbox 1786 2206 3366 2284; baseline -0.005 -17"><span class='ocrx_word' id='word_1_449' title='bbox 1786 2233 1805 2267; x_wconf 76' lang='grc' dir='ltr'><strong>ι</strong></span> <span class='ocrx_word' id='word_1_450' title='bbox 1850 2213 2069 2284; x_wconf 88' lang='lat' dir='ltr'><strong>Accipe,</strong></span> <span class='ocrx_word' id='word_1_451' title='bbox 2120 2213 2313 2282; x_wconf 85' lang='lat' dir='ltr'><strong>inquit,</strong></span> <span class='ocrx_word' id='word_1_452' title='bbox 2355 2220 2513 2265; x_wconf 87' lang='lat' dir='ltr'><strong>etne</strong></span> <span class='ocrx_word' id='word_1_453' title='bbox 2562 2210 2702 2264; x_wconf 88' lang='lat' dir='ltr'><strong>ultra</strong></span> <span class='ocrx_word' id='word_1_454' title='bbox 2754 2209 2820 2264; x_wconf 88' lang='lat' dir='ltr'><strong>de</strong></span> <span class='ocrx_word' id='word_1_455' title='bbox 2868 2210 3009 2263; x_wconf 93' lang='lat' dir='ltr'><strong>bono</strong></span> <span class='ocrx_word' id='word_1_456' title='bbox 3059 2206 3366 2260; x_wconf 82' lang='lat' dir='ltr'><strong>feneratore</strong></span> 
     </span>
    </p>
   </div>
   <div class='ocr_carea' id='block_1_66' title="bbox 1780 2299 3421 2375">
    <p class='ocr_par' dir='ltr' id='par_1_66' title="bbox 1780 2299 3421 2375">
     <span class='ocr_line' id='line_1_66' title="bbox 1780 2299 3421 2375; baseline -0.008 -14"><span class='ocrx_word' id='word_1_457' title='bbox 1780 2304 2010 2361; x_wconf 79' lang='lat' dir='ltr'><strong>diffidas.</strong></span> <span class='ocrx_word' id='word_1_458' title='bbox 2060 2325 2078 2357; x_wconf 77' lang='grc' dir='ltr'><strong>ι</strong></span> <span class='ocrx_word' id='word_1_459' title='bbox 2124 2304 2429 2375; x_wconf 88' lang='lat' dir='ltr'><strong>Singularis</strong></span> <span class='ocrx_word' id='word_1_460' title='bbox 2456 2304 2508 2356; x_wconf 89' lang='lat' dir='ltr'><strong>in</strong></span> <span class='ocrx_word' id='word_1_461' title='bbox 2540 2302 2709 2355; x_wconf 80' lang='lat' dir='ltr'><strong>Deum</strong></span> <span class='ocrx_word' id='word_1_462' title='bbox 2742 2301 2949 2354; x_wconf 72' lang='lat' dir='ltr'><strong>fiduciae</strong></span> <span class='ocrx_word' id='word_1_463' title='bbox 2972 2299 3055 2353; x_wconf 88' lang='lat' dir='ltr'><strong>vir</strong></span> <span class='ocrx_word' id='word_1_464' title='bbox 3084 2300 3207 2365; x_wconf 88' lang='lat' dir='ltr'><strong>iste,</strong></span> <span class='ocrx_word' id='word_1_465' title='bbox 3232 2310 3368 2366; x_wconf 84' lang='lat' dir='ltr'><strong>quo—</strong></span> <span class='ocrx_word' id='word_1_466' title='bbox 3418 2330 3421 2333; x_wconf 54' lang='grc' dir='ltr'><strong><em>ν</em></strong></span> 
     </span>
    </p>
   </div>
   <div class='ocr_carea' id='block_1_67' title="bbox 1782 2392 3364 2469">
    <p class='ocr_par' dir='ltr' id='par_1_67' title="bbox 1782 2392 3364 2469">
     <span class='ocr_line' id='line_1_67' title="bbox 1782 2392 3364 2469; baseline -0.009 -14"><span class='ocrx_word' id='word_1_467' title='bbox 1782 2398 1884 2455; x_wconf 86' lang='lat' dir='ltr'><strong>ties</strong></span> <span class='ocrx_word' id='word_1_468' title='bbox 1916 2415 1979 2454; x_wconf 83' lang='lat' dir='ltr'><strong>ex</strong></span> <span class='ocrx_word' id='word_1_469' title='bbox 2027 2414 2221 2469; x_wconf 86' lang='lat' dir='ltr'><strong>magna</strong></span> <span class='ocrx_word' id='word_1_470' title='bbox 2260 2405 2316 2451; x_wconf 92' lang='lat' dir='ltr'><strong>et</strong></span> <span class='ocrx_word' id='word_1_471' title='bbox 2343 2394 2665 2450; x_wconf 77' lang='lat' dir='ltr'><strong>intolerabili</strong></span> <span class='ocrx_word' id='word_1_472' title='bbox 2700 2393 2925 2462; x_wconf 85' lang='lat' dir='ltr'><strong>penuria</strong></span> <span class='ocrx_word' id='word_1_473' title='bbox 2965 2406 3022 2445; x_wconf 89' lang='lat' dir='ltr'><strong>se</strong></span> <span class='ocrx_word' id='word_1_474' title='bbox 3045 2400 3099 2445; x_wconf 92' lang='lat' dir='ltr'><strong>et</strong></span> <span class='ocrx_word' id='word_1_475' title='bbox 3121 2392 3364 2451; x_wconf 84' lang='lat' dir='ltr'><strong>domum,</strong></span> 
     </span>
    </p>
   </div>
   <div class='ocr_carea' id='block_1_68' title="bbox 1780 2476 3363 2560">
    <p class='ocr_par' dir='ltr' id='par_1_68' title="bbox 1780 2476 3363 2560">
     <span class='ocr_line' id='line_1_68' title="bbox 1780 2476 3363 2560; baseline -0.009 -14"><span class='ocrx_word' id='word_1_476' title='bbox 1780 2492 1865 2548; x_wconf 91' lang='lat' dir='ltr'><strong>cui</strong></span> <span class='ocrx_word' id='word_1_477' title='bbox 1900 2499 2151 2560; x_wconf 80' lang='lat' dir='ltr'><strong>praeerat,</strong></span> <span class='ocrx_word' id='word_1_478' title='bbox 2185 2489 2313 2553; x_wconf 85' lang='lat' dir='ltr'><strong>fide,</strong></span> <span class='ocrx_word' id='word_1_479' title='bbox 2360 2501 2466 2557; x_wconf 88' lang='lat' dir='ltr'><strong>qua</strong></span> <span class='ocrx_word' id='word_1_480' title='bbox 2500 2494 2643 2540; x_wconf 91' lang='lat' dir='ltr'><strong>totus</strong></span> <span class='ocrx_word' id='word_1_481' title='bbox 2677 2485 2729 2539; x_wconf 92' lang='lat' dir='ltr'><strong>in</strong></span> <span class='ocrx_word' id='word_1_482' title='bbox 2776 2483 2887 2538; x_wconf 89' lang='lat' dir='ltr'><strong>Deo</strong></span> <span class='ocrx_word' id='word_1_483' title='bbox 2914 2476 3363 2549; x_wconf 81' lang='lat' dir='ltr'><strong>erat,|ibcravit,</strong></span> 
     </span>
    </p>
   </div>
   <div class='ocr_carea' id='block_1_69' title="bbox 1778 2581 2566 2651">
    <p class='ocr_par' dir='ltr' id='par_1_69' title="bbox 1778 2581 2566 2651">
     <span class='ocr_line' id='line_1_69' title="bbox 1778 2581 2566 2651; baseline -0.01 -12"><span class='ocrx_word' id='word_1_484' title='bbox 1778 2597 2098 2639; x_wconf 78' lang='lat' dir='ltr'><strong>enumerare</strong></span> <span class='ocrx_word' id='word_1_485' title='bbox 2121 2581 2437 2651; x_wconf 88' lang='lat' dir='ltr'><strong>perlongum</strong></span> <span class='ocrx_word' id='word_1_486' title='bbox 2462 2588 2566 2633; x_wconf 88' lang='lat' dir='ltr'><strong>est.</strong></span> 
     </span>
    </p>
   </div>
   <div class='ocr_carea' id='block_1_70' title="bbox 1851 2664 3367 2743">
    <p class='ocr_par' dir='ltr' id='par_1_70' title="bbox 1851 2664 3367 2743">
     <span class='ocr_line' id='line_1_70' title="bbox 1851 2664 3367 2743; baseline -0.007 -14"><span class='ocrx_word' id='word_1_487' title='bbox 1851 2676 1940 2730; x_wconf 71' lang='lat'><strong>42.</strong></span> <span class='ocrx_word' id='word_1_488' title='bbox 1980 2674 2085 2729; x_wconf 88' lang='lat' dir='ltr'><strong>Sed</strong></span> <span class='ocrx_word' id='word_1_489' title='bbox 2133 2672 2273 2743; x_wconf 86' lang='lat' dir='ltr'><strong>quod</strong></span> <span class='ocrx_word' id='word_1_490' title='bbox 2328 2672 2505 2726; x_wconf 85' lang='lat' dir='ltr'><strong>beatis</strong></span> <span class='ocrx_word' id='word_1_491' title='bbox 2555 2667 2812 2739; x_wconf 88' lang='lat' dir='ltr'><strong>apostolis</strong></span> <span class='ocrx_word' id='word_1_492' title='bbox 2863 2668 3027 2722; x_wconf 87' lang='lat' dir='ltr'><strong>Petro</strong></span> <span class='ocrx_word' id='word_1_493' title='bbox 3084 2675 3140 2721; x_wconf 88' lang='lat' dir='ltr'><strong>et</strong></span> <span class='ocrx_word' id='word_1_494' title='bbox 3193 2664 3367 2720; x_wconf 84' lang='lat' dir='ltr'><strong>Paulo</strong></span> 
     </span>
    </p>
   </div>
   <div class='ocr_carea' id='block_1_71' title="bbox 1778 2758 3361 2836">
    <p class='ocr_par' dir='ltr' id='par_1_71' title="bbox 1778 2758 3361 2836">
     <span class='ocr_line' id='line_1_71' title="bbox 1778 2758 3361 2836; baseline -0.007 -15"><span class='ocrx_word' id='word_1_495' title='bbox 1778 2766 2019 2836; x_wconf 90' lang='lat' dir='ltr'><strong>scripsit,</strong></span> <span class='ocrx_word' id='word_1_496' title='bbox 2048 2780 2213 2818; x_wconf 89' lang='lat' dir='ltr'><strong>unum</strong></span> <span class='ocrx_word' id='word_1_497' title='bbox 2238 2765 2305 2817; x_wconf 90' lang='lat' dir='ltr'><strong>de</strong></span> <span class='ocrx_word' id='word_1_498' title='bbox 2341 2763 2527 2818; x_wconf 91' lang='lat' dir='ltr'><strong>multis</strong></span> <span class='ocrx_word' id='word_1_499' title='bbox 2552 2760 2778 2815; x_wconf 74' lang='lat' dir='ltr'><strong>sufficiat</strong></span> <span class='ocrx_word' id='word_1_500' title='bbox 2809 2758 3051 2812; x_wconf 87' lang='lat' dir='ltr'><strong>breviter</strong></span> <span class='ocrx_word' id='word_1_501' title='bbox 3095 2765 3361 2810; x_wconf 78' lang='lat' dir='ltr'><strong>retexere.</strong></span> 
     </span>
    </p>
   </div>
   <div class='ocr_carea' id='block_1_72' title="bbox 1779 2844 3364 2924">
    <p class='ocr_par' dir='ltr' id='par_1_72' title="bbox 1779 2844 3364 2924">
     <span class='ocr_line' id='line_1_72' title="bbox 1779 2844 3364 2924; baseline -0.006 -16"><span class='ocrx_word' id='word_1_502' title='bbox 1779 2856 2024 2924; x_wconf 84' lang='lat' dir='ltr'><strong>Quadam</strong></span> <span class='ocrx_word' id='word_1_503' title='bbox 2047 2855 2189 2919; x_wconf 88' lang='lat' dir='ltr'><strong>vice,</strong></span> <span class='ocrx_word' id='word_1_504' title='bbox 2213 2862 2440 2923; x_wconf 85' lang='lat' dir='ltr'><strong>urgente</strong></span> <span class='ocrx_word' id='word_1_505' title='bbox 2468 2851 2674 2921; x_wconf 84' lang='lat' dir='ltr'><strong>inopia,</strong></span> <span class='ocrx_word' id='word_1_506' title='bbox 2707 2850 2868 2901; x_wconf 89' lang='lat' dir='ltr'><strong>missa</strong></span> <span class='ocrx_word' id='word_1_507' title='bbox 2916 2863 2945 2901; x_wconf 84' lang='lat' dir='ltr'><strong>a</strong></span> <span class='ocrx_word' id='word_1_508' title='bbox 2989 2847 3246 2900; x_wconf 75' lang='lat' dir='ltr'><strong>fratribus</strong></span> <span class='ocrx_word' id='word_1_509' title='bbox 3294 2844 3364 2899; x_wconf 79' lang='lat' dir='ltr'><strong>ad</strong></span> 
     </span>
    </p>
   </div>
   <div class='ocr_carea' id='block_1_73' title="bbox 1779 2938 3367 3016">
    <p class='ocr_par' dir='ltr' id='par_1_73' title="bbox 1779 2938 3367 3016">
     <span class='ocr_line' id='line_1_73' title="bbox 1779 2938 3367 3016; baseline -0.009 -15"><span class='ocrx_word' id='word_1_510' title='bbox 1779 2964 1900 3003; x_wconf 91' lang='lat' dir='ltr'><strong>eum</strong></span> <span class='ocrx_word' id='word_1_511' title='bbox 1926 2947 2120 3015; x_wconf 77' lang='lat' dir='ltr'><strong>legatio</strong></span> <span class='ocrx_word' id='word_1_512' title='bbox 2143 2956 2225 2999; x_wconf 81' lang='lat' dir='ltr'><strong>est</strong></span> <span class='ocrx_word' id='word_1_513' title='bbox 2248 2946 2385 3016; x_wconf 87' lang='lat' dir='ltr'><strong>(erat</strong></span> <span class='ocrx_word' id='word_1_514' title='bbox 2412 2944 2555 2999; x_wconf 90' lang='lat' dir='ltr'><strong>enim</strong></span> <span class='ocrx_word' id='word_1_515' title='bbox 2589 2954 2714 2996; x_wconf 81' lang='lat' dir='ltr'><strong>tunc</strong></span> <span class='ocrx_word' id='word_1_516' title='bbox 2740 2939 3054 2993; x_wconf 85' lang='lat' dir='ltr'><strong>Marciniaci</strong></span> <span class='ocrx_word' id='word_1_517' title='bbox 3074 2938 3367 3007; x_wconf 78' lang='lat' dir='ltr'><strong>(87)oran-</strong></span> 
     </span>
    </p>
   </div>
   <div class='ocr_carea' id='block_1_74' title="bbox 1779 3028 3361 3102">
    <p class='ocr_par' dir='ltr' id='par_1_74' title="bbox 1779 3028 3361 3102">
     <span class='ocr_line' id='line_1_74' title="bbox 1779 3028 3361 3102; baseline -0.008 -10"><span class='ocrx_word' id='word_1_518' title='bbox 1779 3040 1942 3102; x_wconf 90' lang='lat' dir='ltr'><strong>tibus,</strong></span> <span class='ocrx_word' id='word_1_519' title='bbox 1966 3044 2022 3091; x_wconf 93' lang='lat' dir='ltr'><strong>ut</strong></span> <span class='ocrx_word' id='word_1_520' title='bbox 2047 3037 2097 3090; x_wconf 93' lang='lat' dir='ltr'><strong>in</strong></span> <span class='ocrx_word' id='word_1_521' title='bbox 2132 3045 2277 3089; x_wconf 87' lang='lat' dir='ltr'><strong>tanta</strong></span> <span class='ocrx_word' id='word_1_522' title='bbox 2308 3034 2628 3089; x_wconf 82' lang='lat' dir='ltr'><strong>necessitate</strong></span> <span class='ocrx_word' id='word_1_523' title='bbox 2653 3033 2733 3088; x_wconf 92' lang='lat' dir='ltr'><strong>eis</strong></span> <span class='ocrx_word' id='word_1_524' title='bbox 2757 3030 3087 3087; x_wconf 88' lang='lat' dir='ltr'><strong>consuleret.</strong></span> <span class='ocrx_word' id='word_1_525' title='bbox 3117 3028 3361 3083; x_wconf 87' lang='lat' dir='ltr'><strong>Conver-</strong></span> 
     </span>
    </p>
   </div>
   <div class='ocr_carea' id='block_1_75' title="bbox 1780 3118 3367 3197">
    <p class='ocr_par' dir='ltr' id='par_1_75' title="bbox 1780 3118 3367 3197">
     <span class='ocr_line' id='line_1_75' title="bbox 1780 3118 3367 3197; baseline -0.006 -15"><span class='ocrx_word' id='word_1_526' title='bbox 1780 3129 1908 3182; x_wconf 85' lang='lat' dir='ltr'><strong>titur</strong></span> <span class='ocrx_word' id='word_1_527' title='bbox 1938 3142 2067 3197; x_wconf 80' lang='lat' dir='ltr'><strong>ergo</strong></span> <span class='ocrx_word' id='word_1_528' title='bbox 2102 3125 2166 3179; x_wconf 89' lang='lat' dir='ltr'><strong>ad</strong></span> <span class='ocrx_word' id='word_1_529' title='bbox 2196 3124 2467 3196; x_wconf 84' lang='lat' dir='ltr'><strong>singulare</strong></span> <span class='ocrx_word' id='word_1_530' title='bbox 2518 3125 2859 3192; x_wconf 56' lang='lat' dir='ltr'><strong>prgrsidium;</strong></span> <span class='ocrx_word' id='word_1_531' title='bbox 2910 3121 3076 3175; x_wconf 89' lang='lat' dir='ltr'><strong>mittit</strong></span> <span class='ocrx_word' id='word_1_532' title='bbox 3105 3118 3367 3189; x_wconf 71' lang='lat' dir='ltr'><strong>apostolis</strong></span> 
     </span>
    </p>
   </div>
   <div class='ocr_carea' id='block_1_76' title="bbox 1774 3208 3363 3293">
    <p class='ocr_par' dir='ltr' id='par_1_76' title="bbox 1774 3208 3363 3293">
     <span class='ocr_line' id='line_1_76' title="bbox 1774 3208 3363 3293; baseline -0.005 -17"><span class='ocrx_word' id='word_1_533' title='bbox 1774 3223 2077 3293; x_wconf 68' lang='lat' dir='ltr'><strong>epis&#39;olam,</strong></span> <span class='ocrx_word' id='word_1_534' title='bbox 2110 3234 2304 3291; x_wconf 88' lang='lat' dir='ltr'><strong>rogans</strong></span> <span class='ocrx_word' id='word_1_535' title='bbox 2335 3230 2388 3274; x_wconf 91' lang='lat' dir='ltr'><strong>et</strong></span> <span class='ocrx_word' id='word_1_536' title='bbox 2409 3208 2701 3274; x_wconf 80' lang='lat' dir='ltr'><strong>obsecrans</strong></span> <span class='ocrx_word' id='word_1_537' title='bbox 2729 3226 2789 3273; x_wconf 90' lang='lat' dir='ltr'><strong>ut</strong></span> <span class='ocrx_word' id='word_1_538' title='bbox 2836 3230 3114 3271; x_wconf 74' lang='lat' dir='ltr'><strong>servorum</strong></span> <span class='ocrx_word' id='word_1_539' title='bbox 3143 3229 3363 3270; x_wconf 65' lang='lat' dir='ltr'><strong>soon-um</strong></span> 
     </span>
    </p>
   </div>
   <div class='ocr_carea' id='block_1_77' title="bbox 1771 3306 3360 3381">
    <p class='ocr_par' dir='ltr' id='par_1_77' title="bbox 1771 3306 3360 3381">
     <span class='ocr_line' id='line_1_77' title="bbox 1771 3306 3360 3381; baseline -0.007 -12"><span class='ocrx_word' id='word_1_540' title='bbox 1771 3318 2198 3378; x_wconf 83' lang='lat' dir='ltr'><strong>misererentur;</strong></span> <span class='ocrx_word' id='word_1_541' title='bbox 2223 3320 2277 3367; x_wconf 91' lang='lat' dir='ltr'><strong>et</strong></span> <span class='ocrx_word' id='word_1_542' title='bbox 2306 3312 2395 3381; x_wconf 91' lang='lat' dir='ltr'><strong>qui</strong></span> <span class='ocrx_word' id='word_1_543' title='bbox 2424 3319 2650 3366; x_wconf 82' lang='lat' dir='ltr'><strong>eatenus</strong></span> <span class='ocrx_word' id='word_1_544' title='bbox 2673 3309 2850 3364; x_wconf 74' lang='lat' dir='ltr'><strong>locum</strong></span> <span class='ocrx_word' id='word_1_545' title='bbox 2894 3307 3043 3361; x_wconf 90' lang='lat' dir='ltr'><strong>illum</strong></span> <span class='ocrx_word' id='word_1_546' title='bbox 3076 3306 3360 3368; x_wconf 78' lang='lat' dir='ltr'><strong>rexissent,’</strong></span> 
     </span>
    </p>
   </div>
   <div class='ocr_carea' id='block_1_78' title="bbox 1770 3403 3364 3475">
    <p class='ocr_par' dir='ltr' id='par_1_78' title="bbox 1770 3403 3364 3475">
     <span class='ocr_line' id='line_1_78' title="bbox 1770 3403 3364 3475; baseline -0.006 -13"><span class='ocrx_word' id='word_1_547' title='bbox 1770 3418 1825 3463; x_wconf 89' lang='lat' dir='ltr'><strong>et</strong></span> <span class='ocrx_word' id='word_1_548' title='bbox 1859 3408 1926 3462; x_wconf 89' lang='lat' dir='ltr'><strong>de</strong></span> <span class='ocrx_word' id='word_1_549' title='bbox 1964 3421 2129 3475; x_wconf 82' lang='lat' dir='ltr'><strong>parvo</strong></span> <span class='ocrx_word' id='word_1_550' title='bbox 2155 3406 2209 3461; x_wconf 91' lang='lat' dir='ltr'><strong>in</strong></span> <span class='ocrx_word' id='word_1_551' title='bbox 2238 3419 2488 3475; x_wconf 86' lang='lat' dir='ltr'><strong>magnum</strong></span> <span class='ocrx_word' id='word_1_552' title='bbox 2525 3403 2915 3473; x_wconf 64' lang='lat' dir='ltr'><strong>provexissenl,</strong></span> <span class='ocrx_word' id='word_1_553' title='bbox 2951 3415 3097 3454; x_wconf 90' lang='lat' dir='ltr'><strong>nunc</strong></span> <span class='ocrx_word' id='word_1_554' title='bbox 3151 3413 3364 3468; x_wconf 80' lang='lat' dir='ltr'><strong>quoque</strong></span> 
     </span>
    </p>
   </div>
   <div class='ocr_carea' id='block_1_79' title="bbox 1771 3491 3362 3568">
    <p class='ocr_par' dir='ltr' id='par_1_79' title="bbox 1771 3491 3362 3568">
     <span class='ocr_line' id='line_1_79' title="bbox 1771 3491 3362 3568; baseline -0.004 -16"><span class='ocrx_word' id='word_1_555' title='bbox 1771 3499 1838 3552; x_wconf 89' lang='lat' dir='ltr'><strong>ab</strong></span> <span class='ocrx_word' id='word_1_556' title='bbox 1890 3500 1975 3553; x_wconf 90' lang='lat' dir='ltr'><strong>bis</strong></span> <span class='ocrx_word' id='word_1_557' title='bbox 2019 3497 2283 3568; x_wconf 87' lang='lat' dir='ltr'><strong>angustiis</strong></span> <span class='ocrx_word' id='word_1_558' title='bbox 2331 3512 2455 3550; x_wconf 90' lang='lat' dir='ltr'><strong>eum</strong></span> <span class='ocrx_word' id='word_1_559' title='bbox 2519 3495 2811 3564; x_wconf 83' lang='lat' dir='ltr'><strong>eriperent,</strong></span> <span class='ocrx_word' id='word_1_560' title='bbox 2876 3492 2975 3547; x_wconf 79' lang='lat' dir='ltr'><strong>nec</strong></span> <span class='ocrx_word' id='word_1_561' title='bbox 3018 3491 3088 3544; x_wconf 90' lang='lat' dir='ltr'><strong>ad</strong></span> <span class='ocrx_word' id='word_1_562' title='bbox 3141 3499 3362 3560; x_wconf 82' lang='lat' dir='ltr'><strong>peccata</strong></span> 
     </span>
    </p>
   </div>
   <div class='ocr_carea' id='block_1_80' title="bbox 1768 3584 3361 3654">
    <p class='ocr_par' dir='ltr' id='par_1_80' title="bbox 1768 3584 3361 3654">
     <span class='ocr_line' id='line_1_80' title="bbox 1768 3584 3361 3654; baseline -0.004 -11"><span class='ocrx_word' id='word_1_563' title='bbox 1768 3589 1903 3654; x_wconf 83' lang='lat' dir='ltr'><strong>ejus,</strong></span> <span class='ocrx_word' id='word_1_564' title='bbox 1949 3591 2042 3644; x_wconf 89' lang='lat' dir='ltr'><strong>sed</strong></span> <span class='ocrx_word' id='word_1_565' title='bbox 2072 3589 2138 3642; x_wconf 92' lang='lat' dir='ltr'><strong>ad</strong></span> <span class='ocrx_word' id='word_1_566' title='bbox 2172 3589 2551 3644; x_wconf 88' lang='lat' dir='ltr'><strong>miserationes</strong></span> <span class='ocrx_word' id='word_1_567' title='bbox 2579 3602 2711 3642; x_wconf 85' lang='lat' dir='ltr'><strong>suas</strong></span> <span class='ocrx_word' id='word_1_568' title='bbox 2757 3586 2973 3649; x_wconf 86' lang='lat' dir='ltr'><strong>multas,</strong></span> <span class='ocrx_word' id='word_1_569' title='bbox 3006 3584 3361 3652; x_wconf 76' lang='lat' dir='ltr'><strong>respicerent.</strong></span> 
     </span>
    </p>
   </div>
   <div class='ocr_carea' id='block_1_81' title="bbox 1769 3674 3358 3748">
    <p class='ocr_par' dir='ltr' id='par_1_81' title="bbox 1769 3674 3358 3748">
     <span class='ocr_line' id='line_1_81' title="bbox 1769 3674 3358 3748; baseline -0.003 -16"><span class='ocrx_word' id='word_1_570' title='bbox 1769 3678 2021 3734; x_wconf 81' lang='lat' dir='ltr'><strong>Defertur</strong></span> <span class='ocrx_word' id='word_1_571' title='bbox 2062 3681 2243 3747; x_wconf 89' lang='lat' dir='ltr'><strong>itaque</strong></span> <span class='ocrx_word' id='word_1_572' title='bbox 2277 3688 2404 3733; x_wconf 90' lang='lat' dir='ltr'><strong>ante</strong></span> <span class='ocrx_word' id='word_1_573' title='bbox 2451 3681 2687 3748; x_wconf 91' lang='lat' dir='ltr'><strong>ipsorum</strong></span> <span class='ocrx_word' id='word_1_574' title='bbox 2742 3677 2915 3731; x_wconf 83' lang='lat' dir='ltr'><strong>altare</strong></span> <span class='ocrx_word' id='word_1_575' title='bbox 2966 3674 3358 3745; x_wconf 61' lang='lat' dir='ltr'><strong>legatiofideit</strong></span> 
     </span>
    </p>
   </div>
   <div class='ocr_carea' id='block_1_82' title="bbox 1767 3765 3358 3836">
    <p class='ocr_par' dir='ltr' id='par_1_82' title="bbox 1767 3765 3358 3836">
     <span class='ocr_line' id='line_1_82' title="bbox 1767 3765 3358 3836; baseline -0.003 -15"><span class='ocrx_word' id='word_1_576' title='bbox 1767 3768 1905 3836; x_wconf 32' lang='lat' dir='ltr'><strong>Quill</strong></span> <span class='ocrx_word' id='word_1_577' title='bbox 1961 3769 2173 3823; x_wconf 76' lang='lat' dir='ltr'><strong>multa?</strong></span> <span class='ocrx_word' id='word_1_578' title='bbox 2235 3769 2408 3821; x_wconf 85' lang='lat' dir='ltr'><strong>Tanta</strong></span> <span class='ocrx_word' id='word_1_579' title='bbox 2456 3784 2564 3823; x_wconf 90' lang='lat' dir='ltr'><strong>non</strong></span> <span class='ocrx_word' id='word_1_580' title='bbox 2614 3767 2799 3822; x_wconf 88' lang='lat' dir='ltr'><strong>multis</strong></span> <span class='ocrx_word' id='word_1_581' title='bbox 2855 3765 3088 3821; x_wconf 85' lang='lat' dir='ltr'><strong>evolutis</strong></span> <span class='ocrx_word' id='word_1_582' title='bbox 3146 3765 3358 3827; x_wconf 87' lang='lat' dir='ltr'><strong>diebus,</strong></span> 
     </span>
    </p>
   </div>
   <div class='ocr_carea' id='block_1_83' title="bbox 1766 3856 3361 3931">
    <p class='ocr_par' dir='ltr' id='par_1_83' title="bbox 1766 3856 3361 3931">
     <span class='ocr_line' id='line_1_83' title="bbox 1766 3856 3361 3931; baseline -0.004 -15"><span class='ocrx_word' id='word_1_583' title='bbox 1766 3876 1946 3917; x_wconf 88' lang='lat' dir='ltr'><strong>rerum</strong></span> <span class='ocrx_word' id='word_1_584' title='bbox 1985 3860 2140 3931; x_wconf 89' lang='lat' dir='ltr'><strong>copia</strong></span> <span class='ocrx_word' id='word_1_585' title='bbox 2182 3861 2515 3929; x_wconf 89' lang='lat' dir='ltr'><strong>supervenit,</strong></span> <span class='ocrx_word' id='word_1_586' title='bbox 2556 3868 2612 3914; x_wconf 89' lang='lat' dir='ltr'><strong>ut</strong></span> <span class='ocrx_word' id='word_1_587' title='bbox 2657 3876 2760 3914; x_wconf 91' lang='lat' dir='ltr'><strong>non</strong></span> <span class='ocrx_word' id='word_1_588' title='bbox 2810 3858 2984 3914; x_wconf 74' lang='lat' dir='ltr'><strong>solum</strong></span> <span class='ocrx_word' id='word_1_589' title='bbox 3027 3856 3173 3911; x_wconf 85' lang='lat' dir='ltr'><strong>illius</strong></span> <span class='ocrx_word' id='word_1_590' title='bbox 3222 3865 3361 3910; x_wconf 81' lang='lat' dir='ltr'><strong>tem-</strong></span> 
     </span>
    </p>
   </div>
   <div class='ocr_carea' id='block_1_84' title="bbox 1764 3946 3357 4024">
    <p class='ocr_par' dir='ltr' id='par_1_84' title="bbox 1764 3946 3357 4024">
     <span class='ocr_line' id='line_1_84' title="bbox 1764 3946 3357 4024; baseline -0.005 -17"><span class='ocrx_word' id='word_1_591' title='bbox 1764 3952 1932 4024; x_wconf 87' lang='lat' dir='ltr'><strong>poris,</strong></span> <span class='ocrx_word' id='word_1_592' title='bbox 1966 3953 2058 4008; x_wconf 87' lang='lat' dir='ltr'><strong>sed</strong></span> <span class='ocrx_word' id='word_1_593' title='bbox 2091 3960 2145 4008; x_wconf 88' lang='lat' dir='ltr'><strong>et</strong></span> <span class='ocrx_word' id='word_1_594' title='bbox 2182 3952 2345 4006; x_wconf 90' lang='lat' dir='ltr'><strong>totius</strong></span> <span class='ocrx_word' id='word_1_595' title='bbox 2376 3951 2501 4005; x_wconf 88' lang='lat' dir='ltr'><strong>anui</strong></span> <span class='ocrx_word' id='word_1_596' title='bbox 2548 3950 2752 4004; x_wconf 82' lang='lat' dir='ltr'><strong>levaret</strong></span> <span class='ocrx_word' id='word_1_597' title='bbox 2800 3949 3057 4016; x_wconf 89' lang='lat' dir='ltr'><strong>inopiam.</strong></span> <span class='ocrx_word' id='word_1_598' title='bbox 3115 3946 3179 4001; x_wconf 82' lang='lat' dir='ltr'><strong>Et</strong></span> <span class='ocrx_word' id='word_1_599' title='bbox 3231 3946 3357 4019; x_wconf 82' lang='lat' dir='ltr'><strong>quia</strong></span> 
     </span>
    </p>
   </div>
   <div class='ocr_carea' id='block_1_85' title="bbox 1763 4037 3359 4115">
    <p class='ocr_par' dir='ltr' id='par_1_85' title="bbox 1763 4037 3359 4115">
     <span class='ocr_line' id='line_1_85' title="bbox 1763 4037 3359 4115; baseline -0.006 -14"><span class='ocrx_word' id='word_1_600' title='bbox 1763 4047 2051 4101; x_wconf 79' lang='lat' dir='ltr'><strong>occasione</strong></span> <span class='ocrx_word' id='word_1_601' title='bbox 2078 4060 2138 4100; x_wconf 88' lang='lat' dir='ltr'><strong>se</strong></span> <span class='ocrx_word' id='word_1_602' title='bbox 2169 4046 2443 4115; x_wconf 76' lang='lat' dir='ltr'><strong>praebente</strong></span> <span class='ocrx_word' id='word_1_603' title='bbox 2489 4044 2556 4098; x_wconf 85' lang='lat' dir='ltr'><strong>de</strong></span> <span class='ocrx_word' id='word_1_604' title='bbox 2607 4042 2781 4096; x_wconf 88' lang='lat' dir='ltr'><strong>beatis</strong></span> <span class='ocrx_word' id='word_1_605' title='bbox 2812 4040 3087 4111; x_wconf 16' lang='lat' dir='ltr'><strong>i-apos&#39;tolis</strong></span> <span class='ocrx_word' id='word_1_606' title='bbox 3130 4037 3359 4093; x_wconf 77' lang='lat' dir='ltr'><strong>fecimus</strong></span> 
     </span>
    </p>
   </div>
   <div class='ocr_carea' id='block_1_86' title="bbox 1764 4131 3359 4204">
    <p class='ocr_par' dir='ltr' id='par_1_86' title="bbox 1764 4131 3359 4204">
     <span class='ocr_line' id='line_1_86' title="bbox 1764 4131 3359 4204; baseline -0.005 -13"><span class='ocrx_word' id='word_1_607' title='bbox 1764 4135 2124 4199; x_wconf 90' lang='lat' dir='ltr'><strong>meutiouern,</strong></span> <span class='ocrx_word' id='word_1_608' title='bbox 2173 4135 2392 4204; x_wconf 87' lang='lat' dir='ltr'><strong>dignum</strong></span> <span class='ocrx_word' id='word_1_609' title='bbox 2440 4142 2523 4189; x_wconf 88' lang='lat' dir='ltr'><strong>est</strong></span> <span class='ocrx_word' id='word_1_610' title='bbox 2580 4132 2783 4187; x_wconf 87' lang='lat' dir='ltr'><strong>referre</strong></span> <span class='ocrx_word' id='word_1_611' title='bbox 2832 4131 3065 4200; x_wconf 86' lang='lat' dir='ltr'><strong>qualiter</strong></span> <span class='ocrx_word' id='word_1_612' title='bbox 3117 4145 3213 4200; x_wconf 89' lang='lat' dir='ltr'><strong>per</strong></span> <span class='ocrx_word' id='word_1_613' title='bbox 3262 4144 3359 4183; x_wconf 88' lang='lat' dir='ltr'><strong>eos</strong></span> 
     </span>
    </p>
   </div>
   <div class='ocr_carea' id='block_1_87' title="bbox 1763 4223 3360 4283">
    <p class='ocr_par' dir='ltr' id='par_1_87' title="bbox 1763 4223 3360 4283">
     <span class='ocr_line' id='line_1_87' title="bbox 1763 4223 3360 4283; baseline -0.004 -2"><span class='ocrx_word' id='word_1_614' title='bbox 1763 4227 1831 4283; x_wconf 89' lang='lat' dir='ltr'><strong>de</strong></span> <span class='ocrx_word' id='word_1_615' title='bbox 1860 4242 2013 4282; x_wconf 67' lang='lat' dir='ltr'><strong>novae</strong></span> <span class='ocrx_word' id='word_1_616' title='bbox 2060 4227 2298 4283; x_wconf 73' lang='lat' dir='ltr'><strong>basilica:</strong></span> <span class='ocrx_word' id='word_1_617' title='bbox 2340 4224 2655 4280; x_wconf 87' lang='lat' dir='ltr'><strong>fundatione</strong></span> <span class='ocrx_word' id='word_1_618' title='bbox 2700 4225 2785 4278; x_wconf 89' lang='lat' dir='ltr'><strong>vir</strong></span> <span class='ocrx_word' id='word_1_619' title='bbox 2823 4225 3017 4279; x_wconf 89' lang='lat' dir='ltr'><strong>beatus</strong></span> <span class='ocrx_word' id='word_1_620' title='bbox 3058 4223 3360 4278; x_wconf 78' lang='lat' dir='ltr'><strong>cominoui-</strong></span> 
     </span>
    </p>
   </div>
   <div class='ocr_carea' id='block_1_88' title="bbox 1762 4321 1956 4375">
    <p class='ocr_par' dir='ltr' id='par_1_88' title="bbox 1762 4321 1956 4375">
     <span class='ocr_line' id='line_1_88' title="bbox 1762 4321 1956 4375; baseline -0.005 0"><span class='ocrx_word' id='word_1_621' title='bbox 1762 4328 1847 4375; x_wconf 89' lang='lat' dir='ltr'><strong>tus</strong></span> <span class='ocrx_word' id='word_1_622' title='bbox 1866 4321 1956 4374; x_wconf 89' lang='lat' dir='ltr'><strong>sit.</strong></span> 
     </span>
    </p>
   </div>
   <div class='ocr_carea' id='block_1_89' title="bbox 1832 4408 3353 4480">
    <p class='ocr_par' dir='ltr' id='par_1_89' title="bbox 1832 4408 3353 4480">
     <span class='ocr_line' id='line_1_89' title="bbox 1832 4408 3353 4480; baseline -0.005 -12"><span class='ocrx_word' id='word_1_623' title='bbox 1832 4414 1918 4469; x_wconf 75' lang='grc'><strong>15.</strong></span> <span class='ocrx_word' id='word_1_624' title='bbox 1958 4411 2188 4479; x_wconf 87' lang='lat' dir='ltr'><strong>Quidam</strong></span> <span class='ocrx_word' id='word_1_625' title='bbox 2217 4412 2383 4467; x_wconf 90' lang='lat' dir='ltr'><strong>abbas</strong></span> <span class='ocrx_word' id='word_1_626' title='bbox 2409 4410 2748 4475; x_wconf 90' lang='lat' dir='ltr'><strong>monasterii,</strong></span> <span class='ocrx_word' id='word_1_627' title='bbox 2781 4409 2867 4464; x_wconf 90' lang='lat' dir='ltr'><strong>cui</strong></span> <span class='ocrx_word' id='word_1_628' title='bbox 2899 4408 3086 4463; x_wconf 85' lang='lat' dir='ltr'><strong>Balma</strong></span> <span class='ocrx_word' id='word_1_629' title='bbox 3117 4408 3230 4480; x_wconf 88' lang='lat'>(88)</span> <span class='ocrx_word' id='word_1_630' title='bbox 3262 4422 3353 4461; x_wconf 60' lang='lat' dir='ltr'><strong>vo.</strong></span> 
     </span>
    </p>
   </div>
   <div class='ocr_carea' id='block_1_90' title="bbox 104 4494 3357 4585">
    <p class='ocr_par' dir='ltr' id='par_1_90' title="bbox 104 4494 3357 4585">
     <span class='ocr_line' id='line_1_90' title="bbox 104 4494 3357 4585; baseline -0.003 -21"><span class='ocrx_word' id='word_1_631' title='bbox 104 4494 321 4585; x_wconf 71' lang='grc' dir='ltr'><strong>ίηψοεῐιει</strong></span> <span class='ocrx_word' id='word_1_632' title='bbox 374 4501 463 4557; x_wconf 78' lang='lat' dir='ltr'><strong>illa</strong></span> <span class='ocrx_word' id='word_1_633' title='bbox 513 4501 841 4571; x_wconf 84' lang='lat' dir='ltr'><strong>antiphona,</strong></span> <span class='ocrx_word' id='word_1_634' title='bbox 874 4514 994 4570; x_wconf 73' lang='lat' dir='ltr'><strong>qua:</strong></span> <span class='ocrx_word' id='word_1_635' title='bbox 1042 4500 1109 4555; x_wconf 91' lang='lat' dir='ltr'><strong>de</strong></span> <span class='ocrx_word' id='word_1_636' title='bbox 1147 4499 1429 4571; x_wconf 84' lang='lat' dir='ltr'><strong>paralytici</strong></span> <span class='ocrx_word' id='word_1_637' title='bbox 1471 4497 1656 4553; x_wconf 63' lang='lat' dir='ltr'><strong>Encas</strong></span> <span class='ocrx_word' id='word_1_638' title='bbox 1685 4524 1733 4585; x_wconf 74' lang='grc' dir='ltr'>ι)</span> <span class='ocrx_word' id='word_1_639' title='bbox 1760 4503 2011 4560; x_wconf 90' lang='lat' dir='ltr'><strong>cobulum</strong></span> <span class='ocrx_word' id='word_1_640' title='bbox 2038 4513 2140 4569; x_wconf 91' lang='lat' dir='ltr'><strong>est,</strong></span> <span class='ocrx_word' id='word_1_641' title='bbox 2168 4504 2358 4561; x_wconf 84' lang='lat' dir='ltr'><strong>Gunzo</strong></span> <span class='ocrx_word' id='word_1_642' title='bbox 2389 4506 2625 4568; x_wconf 88' lang='lat' dir='ltr'><strong>nomine,</strong></span> <span class='ocrx_word' id='word_1_643' title='bbox 2658 4504 2744 4559; x_wconf 89' lang='lat' dir='ltr'><strong>vir</strong></span> <span class='ocrx_word' id='word_1_644' title='bbox 2792 4519 3003 4573; x_wconf 68' lang='lat' dir='ltr'><strong>magum</strong></span> <span class='ocrx_word' id='word_1_645' title='bbox 3053 4502 3357 4558; x_wconf 86' lang='lat' dir='ltr'><strong>honestatis</strong></span> 
     </span>
    </p>
   </div>
   <div class='ocr_carea' id='block_1_91' title="bbox 102 4584 1655 4654">
    <p class='ocr_par' dir='ltr' id='par_1_91' title="bbox 102 4584 1655 4654">
     <span class='ocr_line' id='line_1_91' title="bbox 102 4584 1655 4654; baseline 0.005 -17"><span class='ocrx_word' id='word_1_646' title='bbox 102 4584 367 4646; x_wconf 82' lang='lat' dir='ltr'><strong>salvatione</strong></span> <span class='ocrx_word' id='word_1_647' title='bbox 425 4591 479 4646; x_wconf 92' lang='lat' dir='ltr'><strong>in</strong></span> <span class='ocrx_word' id='word_1_648' title='bbox 529 4591 773 4647; x_wconf 86' lang='lat' dir='ltr'><strong>Ecclesia</strong></span> <span class='ocrx_word' id='word_1_649' title='bbox 815 4601 1084 4654; x_wconf 85' lang='lat' dir='ltr'><strong>cantatur,</strong></span> <span class='ocrx_word' id='word_1_650' title='bbox 1140 4599 1355 4644; x_wconf 88' lang='lat' dir='ltr'><strong>mutato</strong></span> <span class='ocrx_word' id='word_1_651' title='bbox 1414 4590 1655 4654; x_wconf 89' lang='lat' dir='ltr'><strong>nomine,</strong></span> 
     </span>
    </p>
   </div>
   <div class='ocr_carea' id='block_1_92' title="bbox 101 4674 1657 4749">
    <p class='ocr_par' dir='ltr' id='par_1_92' title="bbox 101 4674 1657 4749">
     <span class='ocr_line' id='line_1_92' title="bbox 101 4674 1657 4749; baseline 0.004 -18"><span class='ocrx_word' id='word_1_652' title='bbox 101 4674 580 4749; x_wconf 67' lang='lat' dir='ltr'><strong>dixitzltotberte,</strong></span> <span class='ocrx_word' id='word_1_653' title='bbox 632 4694 779 4739; x_wconf 70' lang='lat' dir='ltr'><strong>sane:</strong></span> <span class='ocrx_word' id='word_1_654' title='bbox 818 4696 867 4740; x_wconf 81' lang='lat' dir='ltr'><strong>te</strong></span> <span class='ocrx_word' id='word_1_655' title='bbox 918 4684 1172 4739; x_wconf 82' lang='lat' dir='ltr'><strong>Dominus</strong></span> <span class='ocrx_word' id='word_1_656' title='bbox 1215 4683 1368 4738; x_wconf 72' lang='lat' dir='ltr'><strong>Jesus</strong></span> <span class='ocrx_word' id='word_1_657' title='bbox 1420 4681 1657 4737; x_wconf 72' lang='lat' dir='ltr'><strong>Christus</strong></span> 
     </span>
    </p>
   </div>
   <div class='ocr_carea' id='block_1_93' title="bbox 102 4763 1658 4845">
    <p class='ocr_par' dir='ltr' id='par_1_93' title="bbox 102 4763 1658 4845">
     <span class='ocr_line' id='line_1_93' title="bbox 102 4763 1658 4845; baseline 0.006 -25"><span class='ocrx_word' id='word_1_658' title='bbox 102 4763 219 4835; x_wconf 72' lang='lat' dir='ltr'><strong>(Act.</strong></span> <span class='ocrx_word' id='word_1_659' title='bbox 250 4777 365 4845; x_wconf 87' lang='lat' dir='ltr'><strong>vn).</strong></span> <span class='ocrx_word' id='word_1_660' title='bbox 411 4776 608 4831; x_wconf 88' lang='lat' dir='ltr'><strong>Statim</strong></span> <span class='ocrx_word' id='word_1_661' title='bbox 639 4777 853 4831; x_wconf 89' lang='lat' dir='ltr'><strong>cunctis</strong></span> <span class='ocrx_word' id='word_1_662' title='bbox 897 4777 1205 4831; x_wconf 87' lang='lat' dir='ltr'><strong>videntibus</strong></span> <span class='ocrx_word' id='word_1_663' title='bbox 1231 4786 1287 4831; x_wconf 88' lang='lat' dir='ltr'><strong>et</strong></span> <span class='ocrx_word' id='word_1_664' title='bbox 1333 4775 1658 4830; x_wconf 86' lang='lat' dir='ltr'><strong>mirantibus</strong></span> 
     </span>
    </p>
   </div>
   <div class='ocr_carea' id='block_1_94' title="bbox 101 4867 1653 4939">
    <p class='ocr_par' dir='ltr' id='par_1_94' title="bbox 101 4867 1653 4939">
     <span class='ocr_line' id='line_1_94' title="bbox 101 4867 1653 4939; baseline -0.003 -15"><span class='ocrx_word' id='word_1_665' title='bbox 101 4870 194 4924; x_wconf 69' lang='lat' dir='ltr'><strong>Prae</strong></span> <span class='ocrx_word' id='word_1_666' title='bbox 212 4869 418 4934; x_wconf 86' lang='lat' dir='ltr'><strong>gaudio,</strong></span> <span class='ocrx_word' id='word_1_667' title='bbox 441 4884 605 4925; x_wconf 85' lang='lat' dir='ltr'><strong>sanus</strong></span> <span class='ocrx_word' id='word_1_668' title='bbox 626 4878 680 4922; x_wconf 90' lang='lat' dir='ltr'><strong>et</strong></span> <span class='ocrx_word' id='word_1_669' title='bbox 708 4869 995 4924; x_wconf 89' lang='lat' dir='ltr'><strong>incolumis</strong></span> <span class='ocrx_word' id='word_1_670' title='bbox 1034 4869 1101 4923; x_wconf 87' lang='lat' dir='ltr'><strong>ad</strong></span> <span class='ocrx_word' id='word_1_671' title='bbox 1128 4869 1343 4939; x_wconf 89' lang='lat' dir='ltr'><strong>propria</strong></span> <span class='ocrx_word' id='word_1_672' title='bbox 1370 4867 1653 4923; x_wconf 83' lang='lat' dir='ltr'><strong>remeavit.</strong></span> 
     </span>
    </p>
   </div>
   <div class='ocr_carea' id='block_1_95' title="bbox 103 4946 1654 5032">
    <p class='ocr_par' dir='ltr' id='par_1_95' title="bbox 103 4946 1654 5032">
     <span class='ocr_line' id='line_1_95' title="bbox 103 4946 1654 5032; baseline 0.001 -17"><span class='ocrx_word' id='word_1_673' title='bbox 103 4946 191 5004; x_wconf 62' lang='lat' dir='ltr'><strong>se&quot;</strong></span> <span class='ocrx_word' id='word_1_674' title='bbox 234 4972 347 5025; x_wconf 74' lang='lat' dir='ltr'><strong>qlia:</strong></span> <span class='ocrx_word' id='word_1_675' title='bbox 406 4961 634 5015; x_wconf 90' lang='lat' dir='ltr'><strong>obtentu</strong></span> <span class='ocrx_word' id='word_1_676' title='bbox 689 4972 1001 5017; x_wconf 87' lang='lat' dir='ltr'><strong>sanctormn</strong></span> <span class='ocrx_word' id='word_1_677' title='bbox 1067 4963 1351 5032; x_wconf 88' lang='lat' dir='ltr'><strong>pignorum</strong></span> <span class='ocrx_word' id='word_1_678' title='bbox 1395 4960 1654 5016; x_wconf 88' lang='lat' dir='ltr'><strong>miracula</strong></span> 
     </span>
    </p>
   </div>
   <div class='ocr_carea' id='block_1_96' title="bbox 104 5048 1654 5122">
    <p class='ocr_par' dir='ltr' id='par_1_96' title="bbox 104 5048 1654 5122">
     <span class='ocr_line' id='line_1_96' title="bbox 104 5048 1654 5122; baseline 0.006 -26"><span class='ocrx_word' id='word_1_679' title='bbox 104 5048 325 5117; x_wconf 77' lang='lat' dir='ltr'><strong>gesserit,</strong></span> <span class='ocrx_word' id='word_1_680' title='bbox 360 5058 510 5105; x_wconf 88' lang='lat' dir='ltr'><strong>tanto</strong></span> <span class='ocrx_word' id='word_1_681' title='bbox 562 5052 724 5107; x_wconf 89' lang='lat' dir='ltr'><strong>nobis</strong></span> <span class='ocrx_word' id='word_1_682' title='bbox 776 5052 1191 5107; x_wconf 89' lang='lat' dir='ltr'><strong>innumerabilia</strong></span> <span class='ocrx_word' id='word_1_683' title='bbox 1246 5060 1395 5119; x_wconf 90' lang='lat' dir='ltr'><strong>sunt,</strong></span> <span class='ocrx_word' id='word_1_684' title='bbox 1450 5060 1654 5122; x_wconf 90' lang='lat' dir='ltr'><strong>quanto</strong></span> 
     </span>
    </p>
   </div>
   <div class='ocr_carea' id='block_1_97' title="bbox 161 5195 1652 5278">
    <p class='ocr_par' dir='ltr' id='par_1_97' title="bbox 161 5195 1652 5278">
     <span class='ocr_line' id='line_1_97' title="bbox 161 5195 1652 5278; baseline 0.01 -27"><span class='ocrx_word' id='word_1_685' title='bbox 161 5195 276 5278; x_wconf 84' lang='lat'><strong>(86)_</strong></span> <span class='ocrx_word' id='word_1_686' title='bbox 296 5201 443 5278; x_wconf 82' lang='lat' dir='ltr'><strong>Hugo</strong></span> <span class='ocrx_word' id='word_1_687' title='bbox 463 5205 759 5278; x_wconf 88' lang='lat' dir='ltr'><strong>monachus</strong></span> <span class='ocrx_word' id='word_1_688' title='bbox 797 5206 851 5261; x_wconf 91' lang='lat' dir='ltr'><strong>in</strong></span> <span class='ocrx_word' id='word_1_689' title='bbox 886 5206 1036 5278; x_wconf 77' lang='lat' dir='ltr'><strong>Vita:</strong></span> <span class='ocrx_word' id='word_1_690' title='bbox 1072 5224 1091 5257; x_wconf 73' lang='grc' dir='ltr'><strong>ι</strong></span> <span class='ocrx_word' id='word_1_691' title='bbox 1122 5206 1539 5278; x_wconf 80' lang='lat' dir='ltr'><strong>Assumptisque</strong></span> <span class='ocrx_word' id='word_1_692' title='bbox 1562 5226 1652 5265; x_wconf 84' lang='lat' dir='ltr'><strong>se-</strong></span> 
     </span>
    </p>
   </div>
   <div class='ocr_carea' id='block_1_98' title="bbox 102 5271 1650 5350">
    <p class='ocr_par' dir='ltr' id='par_1_98' title="bbox 102 5271 1650 5350">
     <span class='ocr_line' id='line_1_98' title="bbox 102 5271 1650 5350; baseline 0.009 -29"><span class='ocrx_word' id='word_1_693' title='bbox 102 5271 447 5350; x_wconf 38' lang='lat' dir='ltr'><strong>fltthluobus</strong></span> <span class='ocrx_word' id='word_1_694' title='bbox 492 5277 774 5350; x_wconf 87' lang='lat' dir='ltr'><strong>monachis</strong></span> <span class='ocrx_word' id='word_1_695' title='bbox 804 5278 934 5339; x_wconf 91' lang='lat' dir='ltr'><strong>suis,</strong></span> <span class='ocrx_word' id='word_1_696' title='bbox 966 5276 1245 5350; x_wconf 87' lang='lat' dir='ltr'><strong>__Duranno</strong></span> <span class='ocrx_word' id='word_1_697' title='bbox 1295 5271 1503 5334; x_wconf 77' lang='lat' dir='ltr'><strong>scilicet</strong></span> <span class='ocrx_word' id='word_1_698' title='bbox 1558 5282 1650 5350; x_wconf 89' lang='lat' dir='ltr'><strong>qui</strong></span> 
     </span>
    </p>
   </div>
   <div class='ocr_carea' id='block_1_99' title="bbox 102 5327 1651 5420">
    <p class='ocr_par' dir='ltr' id='par_1_99' title="bbox 102 5327 1651 5420">
     <span class='ocr_line' id='line_1_99' title="bbox 102 5327 1651 5420; baseline 0.008 -27"><span class='ocrx_word' id='word_1_699' title='bbox 102 5327 187 5420; x_wconf 53' lang='lat' dir='ltr'><strong>ﬁlil</strong></span> <span class='ocrx_word' id='word_1_700' title='bbox 207 5327 934 5420; x_wconf 30' lang='lat' dir='ltr'><strong>Tolosattus&#39;episcopus?et</strong></span> 
     </span>
    </p>
   </div>
   <div class='ocr_carea' id='block_1_100' title="bbox 128 5417 1650 5487">
    <p class='ocr_par' dir='ltr' id='par_1_100' title="bbox 128 5417 1650 5487">
     <span class='ocr_line' id='line_1_100' title="bbox 128 5417 1650 5487; baseline 0.005 -22"><span class='ocrx_word' id='word_1_701' title='bbox 128 5417 472 5487; x_wconf 48' lang='lat' dir='ltr'><strong>M’ﬂaceasis.</strong></span> <span class='ocrx_word' id='word_1_702' title='bbox 509 5419 590 5471; x_wconf 87' lang='lat' dir='ltr'><strong>vir</strong></span> <span class='ocrx_word' id='word_1_703' title='bbox 618 5418 1115 5487; x_wconf 79' lang='lat' dir='ltr'><strong>eloquentissimus,</strong></span> <span class='ocrx_word' id='word_1_704' title='bbox 1156 5437 1174 5469; x_wconf 79' lang='grc' dir='ltr'><strong>ι</strong></span> <span class='ocrx_word' id='word_1_705' title='bbox 1219 5419 1449 5473; x_wconf 81' lang='lat' dir='ltr'><strong>Centulli</strong></span> <span class='ocrx_word' id='word_1_706' title='bbox 1479 5422 1650 5474; x_wconf 89' lang='lat' dir='ltr'><strong>comi-</strong></span> 
     </span>
    </p>
   </div>
   <div class='ocr_carea' id='block_1_101' title="bbox 106 5476 1649 5561">
    <p class='ocr_par' dir='ltr' id='par_1_101' title="bbox 106 5476 1649 5561">
     <span class='ocr_line' id='line_1_101' title="bbox 106 5476 1649 5561; baseline 0.001 -22"><span class='ocrx_word' id='word_1_707' title='bbox 106 5476 511 5561; x_wconf 61' lang='lat' dir='ltr'><strong>Bcarneusis</strong></span> <span class='ocrx_word' id='word_1_708' title='bbox 545 5476 734 5553; x_wconf 61' lang='lat' dir='ltr'><strong>frater,</strong></span> <span class='ocrx_word' id='word_1_709' title='bbox 763 5490 852 5557; x_wconf 90' lang='lat' dir='ltr'><strong>qui</strong></span> <span class='ocrx_word' id='word_1_710' title='bbox 900 5476 1145 5561; x_wconf 66' lang='lat' dir='ltr'><strong>tiluniaei</strong></span> <span class='ocrx_word' id='word_1_711' title='bbox 1173 5490 1274 5543; x_wconf 88' lang='lat' dir='ltr'><strong>sub</strong></span> <span class='ocrx_word' id='word_1_712' title='bbox 1313 5490 1370 5544; x_wconf 89' lang='lat' dir='ltr'><strong>S.</strong></span> <span class='ocrx_word' id='word_1_713' title='bbox 1427 5491 1649 5561; x_wconf 81' lang='lat' dir='ltr'><strong>Hugonc</strong></span> 
     </span>
    </p>
   </div>
   <div class='ocr_carea' id='block_1_102' title="bbox 104 5551 1646 5629">
    <p class='ocr_par' dir='ltr' id='par_1_102' title="bbox 104 5551 1646 5629">
     <span class='ocr_line' id='line_1_102' title="bbox 104 5551 1646 5629; baseline 0.003 -18"><span class='ocrx_word' id='word_1_714' title='bbox 104 5551 228 5629; x_wconf 62' lang='grc' dir='ltr'>ξιξπιᾳ</span> <span class='ocrx_word' id='word_1_715' title='bbox 280 5554 410 5629; x_wconf 63' lang='lat'><strong>1069.</strong></span> <span class='ocrx_word' id='word_1_716' title='bbox 466 5551 816 5612; x_wconf 78' lang='lat' dir='ltr'><strong>ntonastieatit</strong></span> <span class='ocrx_word' id='word_1_717' title='bbox 848 5560 1025 5629; x_wconf 13' lang='lat' dir='ltr'><strong>rvitaut</strong></span> <span class='ocrx_word' id='word_1_718' title='bbox 1075 5560 1356 5629; x_wconf 81' lang='lat' dir='ltr'><strong>amplexus</strong></span> <span class='ocrx_word' id='word_1_719' title='bbox 1387 5603 1403 5623; x_wconf 89' lang='lat'><strong>,</strong></span> <span class='ocrx_word' id='word_1_720' title='bbox 1457 5551 1646 5615; x_wconf 49' lang='lat' dir='ltr'><strong>eovdeut</strong></span> 
     </span>
    </p>
   </div>
   <div class='ocr_carea' id='block_1_103' title="bbox 102 5621 1648 5701">
    <p class='ocr_par' dir='ltr' id='par_1_103' title="bbox 102 5621 1648 5701">
     <span class='ocr_line' id='line_1_103' title="bbox 102 5621 1648 5701; baseline 0.012 -32"><span class='ocrx_word' id='word_1_721' title='bbox 102 5621 267 5701; x_wconf 47' lang='lat' dir='ltr'><strong>faueto</strong></span> <span class='ocrx_word' id='word_1_722' title='bbox 288 5626 456 5682; x_wconf 85' lang='lat' dir='ltr'><strong>adhuc</strong></span> <span class='ocrx_word' id='word_1_723' title='bbox 487 5631 778 5698; x_wconf 85' lang='lat' dir='ltr'><strong>superstite</strong></span> <span class='ocrx_word' id='word_1_724' title='bbox 813 5621 1271 5701; x_wconf 76' lang='lat' dir='ltr'><strong>Moysiacensihns</strong></span> <span class='ocrx_word' id='word_1_725' title='bbox 1302 5621 1548 5701; x_wconf 78' lang='lat' dir='ltr'><strong>praefuit;</strong></span> <span class='ocrx_word' id='word_1_726' title='bbox 1582 5633 1648 5688; x_wconf 86' lang='lat' dir='ltr'><strong>de</strong></span> 
     </span>
    </p>
   </div>
   <div class='ocr_carea' id='block_1_104' title="bbox 144 5697 1646 5772">
    <p class='ocr_par' dir='ltr' id='par_1_104' title="bbox 144 5697 1646 5772">
     <span class='ocr_line' id='line_1_104' title="bbox 144 5697 1646 5772; baseline 0.018 -41"><span class='ocrx_word' id='word_1_727' title='bbox 144 5697 324 5772; x_wconf 32' lang='lat' dir='ltr'><strong>tiu-aur“)</strong></span> <span class='ocrx_word' id='word_1_728' title='bbox 370 5697 567 5752; x_wconf 56' lang='grc' dir='ltr'><strong>πομπαί</strong></span> <span class='ocrx_word' id='word_1_729' title='bbox 599 5701 666 5772; x_wconf 41' lang='grc' dir='ltr'><strong>τινά</strong></span> <span class='ocrx_word' id='word_1_730' title='bbox 696 5697 1030 5772; x_wconf 74' lang='lat' dir='ltr'><strong>superiorem</strong></span> <span class='ocrx_word' id='word_1_731' title='bbox 1062 5700 1263 5772; x_wconf 81' lang='lat' dir='ltr'><strong>Vitam,</strong></span> <span class='ocrx_word' id='word_1_732' title='bbox 1300 5697 1499 5771; x_wconf 68' lang='lat' dir='ltr'><strong>praeter</strong></span> <span class='ocrx_word' id='word_1_733' title='bbox 1550 5705 1646 5759; x_wconf 90' lang='lat' dir='ltr'><strong>hos</strong></span> 
     </span>
    </p>
   </div>
   <div class='ocr_carea' id='block_1_105' title="bbox 104 5758 1641 5844">
    <p class='ocr_par' dir='ltr' id='par_1_105' title="bbox 104 5758 1641 5844">
     <span class='ocr_line' id='line_1_105' title="bbox 104 5758 1641 5844; baseline 0.021 -48"><span class='ocrx_word' id='word_1_734' title='bbox 104 5758 315 5816; x_wconf 72' lang='lat' dir='ltr'><strong>nui-acuti</strong></span> <span class='ocrx_word' id='word_1_735' title='bbox 363 5775 547 5824; x_wconf 78' lang='lat' dir='ltr'><strong>testem</strong></span> <span class='ocrx_word' id='word_1_736' title='bbox 589 5758 777 5839; x_wconf 66' lang='lat' dir='ltr'><strong>alium,</strong></span> <span class='ocrx_word' id='word_1_737' title='bbox 806 5770 1064 5825; x_wconf 75' lang='lat' dir='ltr'><strong>Cicricum</strong></span> <span class='ocrx_word' id='word_1_738' title='bbox 1114 5758 1261 5827; x_wconf 36' lang='lat' dir='ltr'><strong>forte,</strong></span> <span class='ocrx_word' id='word_1_739' title='bbox 1300 5758 1641 5844; x_wconf 70' lang='lat' dir='ltr'><strong>saecularem,</strong></span> 
     </span>
    </p>
   </div>
   <div class='ocr_carea' id='block_1_106' title="bbox 1760 4595 3354 4667">
    <p class='ocr_par' dir='ltr' id='par_1_106' title="bbox 1760 4595 3354 4667">
     <span class='ocr_line' id='line_1_106' title="bbox 1760 4595 3354 4667; baseline -0.004 -15"><span class='ocrx_word' id='word_1_740' title='bbox 1760 4607 1814 4652; x_wconf 88' lang='lat' dir='ltr'><strong>et</strong></span> <span class='ocrx_word' id='word_1_741' title='bbox 1840 4595 2221 4667; x_wconf 88' lang='lat' dir='ltr'><strong>simplicitatis.</strong></span> <span class='ocrx_word' id='word_1_742' title='bbox 2267 4597 2394 4652; x_wconf 92' lang='lat' dir='ltr'><strong>dum</strong></span> <span class='ocrx_word' id='word_1_743' title='bbox 2423 4597 2714 4666; x_wconf 87' lang='lat' dir='ltr'><strong>aliquando</strong></span> <span class='ocrx_word' id='word_1_744' title='bbox 2759 4596 2910 4666; x_wconf 84' lang='lat' dir='ltr'><strong>gravi</strong></span> <span class='ocrx_word' id='word_1_745' title='bbox 2955 4595 3212 4664; x_wconf 79' lang='lat' dir='ltr'><strong>languore</strong></span> <span class='ocrx_word' id='word_1_746' title='bbox 3257 4610 3354 4663; x_wconf 64' lang='lat' dir='ltr'><strong>pa.</strong></span> 
     </span>
    </p>
   </div>
   <div class='ocr_carea' id='block_1_107' title="bbox 1759 4685 3353 4762">
    <p class='ocr_par' dir='ltr' id='par_1_107' title="bbox 1759 4685 3353 4762">
     <span class='ocr_line' id='line_1_107' title="bbox 1759 4685 3353 4762; baseline -0.002 -18"><span class='ocrx_word' id='word_1_747' title='bbox 1759 4690 1955 4762; x_wconf 85' lang='lat' dir='ltr'><strong>ralysis</strong></span> <span class='ocrx_word' id='word_1_748' title='bbox 1984 4688 2226 4745; x_wconf 85' lang='lat' dir='ltr'><strong>Cluniaci</strong></span> <span class='ocrx_word' id='word_1_749' title='bbox 2252 4689 2531 4753; x_wconf 78' lang='lat' dir='ltr'><strong>deﬁceret,</strong></span> <span class='ocrx_word' id='word_1_750' title='bbox 2560 4690 2632 4742; x_wconf 91' lang='lat' dir='ltr'><strong>ita</strong></span> <span class='ocrx_word' id='word_1_751' title='bbox 2665 4696 2723 4742; x_wconf 91' lang='lat' dir='ltr'><strong>ut</strong></span> <span class='ocrx_word' id='word_1_752' title='bbox 2752 4688 2820 4742; x_wconf 92' lang='lat' dir='ltr'><strong>ad</strong></span> <span class='ocrx_word' id='word_1_753' title='bbox 2862 4696 3104 4742; x_wconf 81' lang='lat' dir='ltr'><strong>extrema</strong></span> <span class='ocrx_word' id='word_1_754' title='bbox 3145 4685 3257 4753; x_wconf 89' lang='lat' dir='ltr'><strong>jam</strong></span> <span class='ocrx_word' id='word_1_755' title='bbox 3291 4701 3353 4741; x_wconf 83' lang='lat' dir='ltr'><strong>se</strong></span> 
     </span>
    </p>
   </div>
   <div class='ocr_carea' id='block_1_108' title="bbox 1759 4777 3349 4850">
    <p class='ocr_par' dir='ltr' id='par_1_108' title="bbox 1759 4777 3349 4850">
     <span class='ocr_line' id='line_1_108' title="bbox 1759 4777 3349 4850; baseline -0.007 -9"><span class='ocrx_word' id='word_1_756' title='bbox 1759 4784 2045 4841; x_wconf 88' lang='lat' dir='ltr'><strong>devenisse</strong></span> <span class='ocrx_word' id='word_1_757' title='bbox 2080 4784 2350 4847; x_wconf 89' lang='lat' dir='ltr'><strong>crederet,</strong></span> <span class='ocrx_word' id='word_1_758' title='bbox 2381 4783 2615 4850; x_wconf 87' lang='lat' dir='ltr'><strong>quadam</strong></span> <span class='ocrx_word' id='word_1_759' title='bbox 2663 4790 2843 4845; x_wconf 90' lang='lat' dir='ltr'><strong>nocte,</strong></span> <span class='ocrx_word' id='word_1_760' title='bbox 2889 4779 3024 4831; x_wconf 88' lang='lat' dir='ltr'><strong>vidit</strong></span> <span class='ocrx_word' id='word_1_761' title='bbox 3069 4778 3171 4832; x_wconf 88' lang='lat' dir='ltr'><strong>sibi</strong></span> <span class='ocrx_word' id='word_1_762' title='bbox 3214 4777 3349 4831; x_wconf 83' lang='lat' dir='ltr'><strong>assi-</strong></span> 
     </span>
    </p>
   </div>
   <div class='ocr_carea' id='block_1_109' title="bbox 1758 4871 3348 4943">
    <p class='ocr_par' dir='ltr' id='par_1_109' title="bbox 1758 4871 3348 4943">
     <span class='ocr_line' id='line_1_109' title="bbox 1758 4871 3348 4943; baseline -0.005 -12"><span class='ocrx_word' id='word_1_763' title='bbox 1758 4886 1903 4931; x_wconf 89' lang='lat' dir='ltr'><strong>stere</strong></span> <span class='ocrx_word' id='word_1_764' title='bbox 1925 4876 2071 4943; x_wconf 88' lang='lat' dir='ltr'><strong>ipsos</strong></span> <span class='ocrx_word' id='word_1_765' title='bbox 2098 4875 2375 4941; x_wconf 87' lang='lat' dir='ltr'><strong>apostolos</strong></span> <span class='ocrx_word' id='word_1_766' title='bbox 2402 4873 2622 4933; x_wconf 83' lang='lat' dir='ltr'><strong>Petrum</strong></span> <span class='ocrx_word' id='word_1_767' title='bbox 2657 4883 2708 4926; x_wconf 92' lang='lat' dir='ltr'><strong>et</strong></span> <span class='ocrx_word' id='word_1_768' title='bbox 2742 4871 2966 4926; x_wconf 85' lang='lat' dir='ltr'><strong>Paulum</strong></span> <span class='ocrx_word' id='word_1_769' title='bbox 3008 4886 3130 4924; x_wconf 91' lang='lat' dir='ltr'><strong>cum</strong></span> <span class='ocrx_word' id='word_1_770' title='bbox 3165 4879 3348 4938; x_wconf 80' lang='lat' dir='ltr'><strong>proto-</strong></span> 
     </span>
    </p>
   </div>
   <div class='ocr_carea' id='block_1_110' title="bbox 1758 4962 3343 5038">
    <p class='ocr_par' dir='ltr' id='par_1_110' title="bbox 1758 4962 3343 5038">
     <span class='ocr_line' id='line_1_110' title="bbox 1758 4962 3343 5038; baseline -0.007 -14"><span class='ocrx_word' id='word_1_771' title='bbox 1758 4977 1997 5038; x_wconf 87' lang='lat' dir='ltr'><strong>martyre</strong></span> <span class='ocrx_word' id='word_1_772' title='bbox 2046 4966 2343 5036; x_wconf 85' lang='lat' dir='ltr'><strong>Stephano,</strong></span> <span class='ocrx_word' id='word_1_773' title='bbox 2373 4980 2600 5035; x_wconf 77' lang='lat' dir='ltr'><strong>quorum</strong></span> <span class='ocrx_word' id='word_1_774' title='bbox 2630 4964 2835 5033; x_wconf 90' lang='lat' dir='ltr'><strong>primus</strong></span> <span class='ocrx_word' id='word_1_775' title='bbox 2877 4971 3042 5031; x_wconf 88' lang='lat' dir='ltr'><strong>atque</strong></span> <span class='ocrx_word' id='word_1_776' title='bbox 3070 4962 3343 5032; x_wconf 81' lang='lat' dir='ltr'><strong>princeps,</strong></span> 
     </span>
    </p>
   </div>
   <div class='ocr_carea' id='block_1_111' title="bbox 1755 5053 3342 5127">
    <p class='ocr_par' dir='ltr' id='par_1_111' title="bbox 1755 5053 3342 5127">
     <span class='ocr_line' id='line_1_111' title="bbox 1755 5053 3342 5127; baseline -0.003 -12"><span class='ocrx_word' id='word_1_777' title='bbox 1755 5060 2013 5116; x_wconf 88' lang='lat' dir='ltr'><strong>videlicet</strong></span> <span class='ocrx_word' id='word_1_778' title='bbox 2040 5059 2233 5115; x_wconf 91' lang='lat' dir='ltr'><strong>beatus</strong></span> <span class='ocrx_word' id='word_1_779' title='bbox 2257 5058 2473 5123; x_wconf 85' lang='lat' dir='ltr'><strong>Petrus,</strong></span> <span class='ocrx_word' id='word_1_780' title='bbox 2504 5067 2786 5127; x_wconf 89' lang='lat' dir='ltr'><strong>postquam</strong></span> <span class='ocrx_word' id='word_1_781' title='bbox 2806 5055 2877 5110; x_wconf 88' lang='lat' dir='ltr'><strong>ab</strong></span> <span class='ocrx_word' id='word_1_782' title='bbox 2900 5053 3017 5123; x_wconf 84' lang='lat' dir='ltr'><strong>ipso</strong></span> <span class='ocrx_word' id='word_1_783' title='bbox 3045 5054 3135 5125; x_wconf 86' lang='lat' dir='ltr'><strong>qui</strong></span> <span class='ocrx_word' id='word_1_784' title='bbox 3159 5062 3342 5110; x_wconf 84' lang='lat' dir='ltr'><strong>essent</strong></span> 
     </span>
    </p>
   </div>
   <div class='ocr_carea' id='block_1_112' title="bbox 1757 5207 3345 5287">
    <p class='ocr_par' dir='ltr' id='par_1_112' title="bbox 1757 5207 3345 5287">
     <span class='ocr_line' id='line_1_112' title="bbox 1757 5207 3345 5287; baseline -0.003 -17"><span class='ocrx_word' id='word_1_785' title='bbox 1757 5216 1953 5287; x_wconf 83' lang='lat' dir='ltr'><strong>allegat</strong></span> <span class='ocrx_word' id='word_1_786' title='bbox 1984 5214 2182 5287; x_wconf 80' lang='lat' dir='ltr'><strong>Hugo:</strong></span> <span class='ocrx_word' id='word_1_787' title='bbox 2230 5232 2249 5265; x_wconf 72' lang='grc' dir='ltr'><strong>ι</strong></span> <span class='ocrx_word' id='word_1_788' title='bbox 2283 5212 2554 5287; x_wconf 79' lang='lat' dir='ltr'><strong>Religioso</strong></span> <span class='ocrx_word' id='word_1_789' title='bbox 2586 5211 2714 5287; x_wconf 57' lang='lat' dir='ltr'><strong>viro</strong></span> <span class='ocrx_word' id='word_1_790' title='bbox 2745 5208 3028 5287; x_wconf 58' lang='lat' dir='ltr'><strong>\fincentio</strong></span> <span class='ocrx_word' id='word_1_791' title='bbox 3072 5207 3345 5287; x_wconf 70' lang='lat' dir='ltr'><strong>referente</strong></span> 
     </span>
    </p>
   </div>
   <div class='ocr_carea' id='block_1_113' title="bbox 1756 5280 3345 5356">
    <p class='ocr_par' dir='ltr' id='par_1_113' title="bbox 1756 5280 3345 5356">
     <span class='ocr_line' id='line_1_113' title="bbox 1756 5280 3345 5356; baseline -0.003 -16"><span class='ocrx_word' id='word_1_792' title='bbox 1756 5280 1918 5341; x_wconf 68' lang='lat' dir='ltr'><strong>didici</strong></span> <span class='ocrx_word' id='word_1_793' title='bbox 1958 5280 2096 5356; x_wconf 55' lang='lat' dir='ltr'><strong>qua;</strong></span> <span class='ocrx_word' id='word_1_794' title='bbox 2124 5286 2377 5349; x_wconf 85' lang='lat' dir='ltr'><strong>narravi;</strong></span> <span class='ocrx_word' id='word_1_795' title='bbox 2408 5280 2528 5353; x_wconf 79' lang='lat' dir='ltr'><strong>ipse</strong></span> <span class='ocrx_word' id='word_1_796' title='bbox 2579 5282 2728 5338; x_wconf 87' lang='lat' dir='ltr'><strong>facto</strong></span> <span class='ocrx_word' id='word_1_797' title='bbox 2760 5280 3038 5339; x_wconf 82' lang='lat' dir='ltr'><strong>interfuit.</strong></span> <span class='ocrx_word' id='word_1_798' title='bbox 3085 5281 3239 5346; x_wconf 87' lang='lat' dir='ltr'><strong>vidit,</strong></span> <span class='ocrx_word' id='word_1_799' title='bbox 3290 5290 3345 5335; x_wconf 85' lang='lat' dir='ltr'><strong>et</strong></span> 
     </span>
    </p>
   </div>
   <div class='ocr_carea' id='block_1_114' title="bbox 1756 5356 3343 5425">
    <p class='ocr_par' dir='ltr' id='par_1_114' title="bbox 1756 5356 3343 5425">
     <span class='ocr_line' id='line_1_114' title="bbox 1756 5356 3343 5425; baseline -0.007 -15"><span class='ocrx_word' id='word_1_800' title='bbox 1756 5357 2126 5410; x_wconf 88' lang='lat' dir='ltr'><strong>testimonium</strong></span> <span class='ocrx_word' id='word_1_801' title='bbox 2170 5356 2460 5425; x_wconf 84' lang='lat' dir='ltr'><strong>perhibuit.</strong></span> <span class='ocrx_word' id='word_1_802' title='bbox 2506 5374 2524 5405; x_wconf 76' lang='grc' dir='ltr'><strong>ι</strong></span> <span class='ocrx_word' id='word_1_803' title='bbox 3205 5424 3213 5425; x_wconf 16' lang='lat'><em>7</em></span> <span class='ocrx_word' id='word_1_804' title='bbox 3338 5406 3343 5410; x_wconf 92' lang='lat'>_</span> 
     </span>
    </p>
   </div>
   <div class='ocr_carea' id='block_1_115' title="bbox 1824 5424 3342 5499">
    <p class='ocr_par' dir='ltr' id='par_1_115' title="bbox 1824 5424 3342 5499">
     <span class='ocr_line' id='line_1_115' title="bbox 1824 5424 3342 5499; baseline -0.004 -17"><span class='ocrx_word' id='word_1_805' title='bbox 1824 5428 1937 5499; x_wconf 71' lang='lat'><strong>(87)</strong></span> <span class='ocrx_word' id='word_1_806' title='bbox 1981 5427 2056 5482; x_wconf 88' lang='lat' dir='ltr'><strong>De</strong></span> <span class='ocrx_word' id='word_1_807' title='bbox 2072 5424 2177 5482; x_wconf 81' lang='lat' dir='ltr'><strong>hoc</strong></span> <span class='ocrx_word' id='word_1_808' title='bbox 2197 5425 2606 5481; x_wconf 82' lang='lat' dir='ltr'><strong>Marciuiacensi</strong></span> <span class='ocrx_word' id='word_1_809' title='bbox 2624 5425 2956 5480; x_wconf 87' lang='lat' dir='ltr'><strong>monasterio</strong></span> <span class='ocrx_word' id='word_1_810' title='bbox 2977 5424 3110 5480; x_wconf 88' lang='lat' dir='ltr'><strong>satis</strong></span> <span class='ocrx_word' id='word_1_811' title='bbox 3133 5424 3342 5495; x_wconf 85' lang='lat' dir='ltr'><strong>egimus</strong></span> 
     </span>
    </p>
   </div>
   <div class='ocr_carea' id='block_1_116' title="bbox 1749 5514 1934 5567">
    <p class='ocr_par' dir='ltr' id='par_1_116' title="bbox 1749 5514 1934 5567">
     <span class='ocr_line' id='line_1_116' title="bbox 1749 5514 1934 5567; baseline 0.005 -15"><span class='ocrx_word' id='word_1_812' title='bbox 1749 5514 1934 5567; x_wconf 86' lang='lat' dir='ltr'><strong>supra.</strong></span> 
     </span>
    </p>
   </div>
   <div class='ocr_carea' id='block_1_117' title="bbox 1824 5584 3335 5659">
    <p class='ocr_par' dir='ltr' id='par_1_117' title="bbox 1824 5584 3335 5659">
     <span class='ocr_line' id='line_1_117' title="bbox 1824 5584 3335 5659; baseline -0.007 -13"><span class='ocrx_word' id='word_1_813' title='bbox 1824 5591 1936 5659; x_wconf 79' lang='lat'><strong>(88)</strong></span> <span class='ocrx_word' id='word_1_814' title='bbox 1977 5589 2157 5643; x_wconf 83' lang='lat' dir='ltr'><strong>Balma</strong></span> <span class='ocrx_word' id='word_1_815' title='bbox 2192 5588 2350 5656; x_wconf 81' lang='lat' dir='ltr'><strong>vulgo</strong></span> <span class='ocrx_word' id='word_1_816' title='bbox 2376 5588 2594 5653; x_wconf 76' lang='lat' dir='ltr'><strong>Bnumc,</strong></span> <span class='ocrx_word' id='word_1_817' title='bbox 2627 5587 2881 5644; x_wconf 77' lang='lat' dir='ltr'><strong>ditecesis</strong></span> <span class='ocrx_word' id='word_1_818' title='bbox 2908 5584 3335 5659; x_wconf 61' lang='lat' dir='ltr'><strong>Vesontinensis,</strong></span> 
     </span>
    </p>
   </div>
   <div class='ocr_carea' id='block_1_118' title="bbox 1748 5652 3337 5728">
    <p class='ocr_par' dir='ltr' id='par_1_118' title="bbox 1748 5652 3337 5728">
     <span class='ocr_line' id='line_1_118' title="bbox 1748 5652 3337 5728; baseline -0.006 -12"><span class='ocrx_word' id='word_1_819' title='bbox 1748 5652 2201 5728; x_wconf 43' lang='lat' dir='ltr'><strong>euj&#39;us&#39;conditor</strong></span> <span class='ocrx_word' id='word_1_820' title='bbox 2231 5652 2332 5717; x_wconf 83' lang='lat' dir='ltr'><strong>fuit</strong></span> <span class='ocrx_word' id='word_1_821' title='bbox 2381 5662 2438 5717; x_wconf 82' lang='lat' dir='ltr'><strong>S.</strong></span> <span class='ocrx_word' id='word_1_822' title='bbox 2476 5652 2746 5726; x_wconf 84' lang='lat' dir='ltr'><strong>Euricius,</strong></span> <span class='ocrx_word' id='word_1_823' title='bbox 2800 5669 2860 5715; x_wconf 90' lang='lat' dir='ltr'><strong>ut</strong></span> <span class='ocrx_word' id='word_1_824' title='bbox 2905 5658 2959 5713; x_wconf 87' lang='lat' dir='ltr'><strong>in</strong></span> <span class='ocrx_word' id='word_1_825' title='bbox 3012 5656 3172 5727; x_wconf 81' lang='lat' dir='ltr'><strong>hujus</strong></span> <span class='ocrx_word' id='word_1_826' title='bbox 3213 5652 3337 5710; x_wconf 77' lang='lat' dir='ltr'><strong>Vita</strong></span> 
     </span>
    </p>
   </div>
   <div class='ocr_carea' id='block_1_119' title="bbox 1750 5731 3319 5804">
    <p class='ocr_par' dir='ltr' id='par_1_119' title="bbox 1750 5731 3319 5804">
     <span class='ocr_line' id='line_1_119' title="bbox 1750 5731 3319 5804; baseline 0.002 -18"><span class='ocrx_word' id='word_1_827' title='bbox 1750 5732 1943 5804; x_wconf 77' lang='lat' dir='ltr'><strong>legitur</strong></span> <span class='ocrx_word' id='word_1_828' title='bbox 1970 5733 2037 5787; x_wconf 85' lang='lat' dir='ltr'><strong>ad</strong></span> <span class='ocrx_word' id='word_1_829' title='bbox 2066 5734 2132 5787; x_wconf 79' lang='grc'><strong>15</strong></span> <span class='ocrx_word' id='word_1_830' title='bbox 2157 5731 2278 5788; x_wconf 81' lang='lat' dir='ltr'><strong>Jan.</strong></span> <span class='ocrx_word' id='word_1_831' title='bbox 2476 5778 2479 5781; x_wconf 42' lang='grc' dir='ltr'><em>ν</em></span> <span class='ocrx_word' id='word_1_832' title='bbox 3318 5748 3319 5751; x_wconf 75' lang='lat'>‘</span> 
     </span>
    </p>
   </div>
  </div>
