  <div class='ocr_page' id='page_1' title='image "/cluster/home/n/w/nwhite01/storage/ocr_20150623/159/hvd.32044024236648/457.png"; bbox 0 0 3928 6298; ppageno 0'>
   <div class='ocr_carea' id='block_1_1' title="bbox 563 325 736 385">
    <p class='ocr_par' dir='ltr' id='par_1_1' title="bbox 563 325 736 385">
     <span class='ocr_line' id='line_1_1' title="bbox 563 325 736 385; baseline -0.006 -1"><span class='ocrx_word' id='word_1_1' title='bbox 563 337 565 340; x_wconf 68' lang='lat'><em>‘</em></span> <span class='ocrx_word' id='word_1_2' title='bbox 626 325 736 385; x_wconf 79' lang='lat'><strong>899</strong></span> 
     </span>
    </p>
   </div>
   <div class='ocr_carea' id='block_1_2' title="bbox 1747 330 3758 406">
    <p class='ocr_par' dir='ltr' id='par_1_2' title="bbox 1747 330 3758 406">
     <span class='ocr_line' id='line_1_2' title="bbox 1747 330 3758 406; baseline 0.005 -21"><span class='ocrx_word' id='word_1_3' title='bbox 1747 330 1807 386; x_wconf 75' lang='lat'><strong>5.</strong></span> <span class='ocrx_word' id='word_1_4' title='bbox 1848 330 2152 388; x_wconf 80' lang='lat' dir='ltr'><strong>HL&#39;CONIS</strong></span> <span class='ocrx_word' id='word_1_5' title='bbox 2191 331 2483 389; x_wconf 75' lang='lat' dir='ltr'><strong>ABBATIS</strong></span> <span class='ocrx_word' id='word_1_6' title='bbox 2510 334 2827 392; x_wconf 71' lang='lat' dir='ltr'><strong>CLUNlAC.</strong></span> <span class='ocrx_word' id='word_1_7' title='bbox 3692 351 3758 406; x_wconf 68' lang='lat' dir='ltr'><strong>seu</strong></span> 
     </span>
    </p>
   </div>
   <div class='ocr_carea' id='block_1_3' title="bbox 624 442 3762 522">
    <p class='ocr_par' dir='ltr' id='par_1_3' title="bbox 624 442 3762 522">
     <span class='ocr_line' id='line_1_3' title="bbox 624 442 3762 522; baseline 0.006 -25"><span class='ocrx_word' id='word_1_8' title='bbox 624 442 941 512; x_wconf 73' lang='lat' dir='ltr'><strong>requiritur,</strong></span> <span class='ocrx_word' id='word_1_9' title='bbox 968 450 1022 498; x_wconf 92' lang='lat' dir='ltr'><strong>et</strong></span> <span class='ocrx_word' id='word_1_10' title='bbox 1056 457 1213 498; x_wconf 84' lang='lat' dir='ltr'><strong>suum</strong></span> <span class='ocrx_word' id='word_1_11' title='bbox 1245 457 1442 499; x_wconf 84' lang='lat' dir='ltr'><strong>nomen</strong></span> <span class='ocrx_word' id='word_1_12' title='bbox 1490 452 1652 514; x_wconf 87' lang='lat' dir='ltr'><strong>atque</strong></span> <span class='ocrx_word' id='word_1_13' title='bbox 1680 446 1961 501; x_wconf 81' lang='lat' dir='ltr'><strong>sociorum</strong></span> <span class='ocrx_word' id='word_1_14' title='bbox 2002 447 2205 502; x_wconf 88' lang='lat' dir='ltr'><strong>edidis-</strong></span> <span class='ocrx_word' id='word_1_15' title='bbox 2235 451 2283 509; x_wconf 80' lang='grc' dir='ltr'><strong>Α</strong></span> <span class='ocrx_word' id='word_1_16' title='bbox 2315 447 2423 503; x_wconf 88' lang='lat' dir='ltr'><strong>Sed</strong></span> <span class='ocrx_word' id='word_1_17' title='bbox 2481 450 2726 522; x_wconf 84' lang='lat' dir='ltr'><strong>nunquid</strong></span> <span class='ocrx_word' id='word_1_18' title='bbox 2780 450 2836 504; x_wconf 84' lang='lat' dir='ltr'><strong>in</strong></span> <span class='ocrx_word' id='word_1_19' title='bbox 2882 448 3072 506; x_wconf 83' lang='lat' dir='ltr'><strong>Galliis</strong></span> <span class='ocrx_word' id='word_1_20' title='bbox 3124 458 3355 518; x_wconf 84' lang='lat' dir='ltr'><strong>tantum,</strong></span> <span class='ocrx_word' id='word_1_21' title='bbox 3397 469 3458 509; x_wconf 82' lang='lat' dir='ltr'><strong>an</strong></span> <span class='ocrx_word' id='word_1_22' title='bbox 3505 459 3762 518; x_wconf 71' lang='lat' dir='ltr'><strong>ocndemlts</strong></span> 
     </span>
    </p>
   </div>
   <div class='ocr_carea' id='block_1_4' title="bbox 624 532 2211 606">
    <p class='ocr_par' dir='ltr' id='par_1_4' title="bbox 624 532 2211 606">
     <span class='ocr_line' id='line_1_4' title="bbox 624 532 2211 606; baseline 0.004 -20"><span class='ocrx_word' id='word_1_23' title='bbox 624 542 741 600; x_wconf 80' lang='lat' dir='ltr'><strong>set,</strong></span> <span class='ocrx_word' id='word_1_24' title='bbox 785 534 865 587; x_wconf 81' lang='lat' dir='ltr'><strong>sic</strong></span> <span class='ocrx_word' id='word_1_25' title='bbox 883 543 965 587; x_wconf 86' lang='lat' dir='ltr'><strong>est</strong></span> <span class='ocrx_word' id='word_1_26' title='bbox 988 548 1254 588; x_wconf 81' lang='lat' dir='ltr'><strong>exorsus:</strong></span> <span class='ocrx_word' id='word_1_27' title='bbox 1288 552 1307 585; x_wconf 72' lang='grc' dir='ltr'>ι</span> <span class='ocrx_word' id='word_1_28' title='bbox 1340 532 1531 606; x_wconf 84' lang='lat' dir='ltr'><strong>Surge,</strong></span> <span class='ocrx_word' id='word_1_29' title='bbox 1561 534 1752 601; x_wconf 88' lang='lat' dir='ltr'><strong>frater,</strong></span> <span class='ocrx_word' id='word_1_30' title='bbox 1799 538 1972 605; x_wconf 86' lang='lat' dir='ltr'><strong>ocius,</strong></span> <span class='ocrx_word' id='word_1_31' title='bbox 2002 547 2058 592; x_wconf 91' lang='lat' dir='ltr'><strong>et</strong></span> <span class='ocrx_word' id='word_1_32' title='bbox 2101 536 2211 593; x_wconf 84' lang='lat' dir='ltr'><strong>llu-</strong></span> 
     </span>
    </p>
   </div>
   <div class='ocr_carea' id='block_1_5' title="bbox 621 624 2211 695">
    <p class='ocr_par' dir='ltr' id='par_1_5' title="bbox 621 624 2211 695">
     <span class='ocr_line' id='line_1_5' title="bbox 621 624 2211 695; baseline 0.005 -19"><span class='ocrx_word' id='word_1_33' title='bbox 621 625 745 693; x_wconf 83' lang='lat' dir='ltr'><strong>goni</strong></span> <span class='ocrx_word' id='word_1_34' title='bbox 776 624 957 679; x_wconf 81' lang='lat' dir='ltr'><strong>abbati</strong></span> <span class='ocrx_word' id='word_1_35' title='bbox 1006 625 1167 695; x_wconf 84' lang='lat' dir='ltr'><strong>hujus</strong></span> <span class='ocrx_word' id='word_1_36' title='bbox 1198 625 1474 693; x_wconf 69' lang='lat' dir='ltr'><strong>Ecclesiae,</strong></span> <span class='ocrx_word' id='word_1_37' title='bbox 1506 628 1619 683; x_wconf 59' lang='lat' dir='ltr'><strong>haec</strong></span> <span class='ocrx_word' id='word_1_38' title='bbox 1647 639 1831 683; x_wconf 88' lang='lat' dir='ltr'><strong>nostra</strong></span> <span class='ocrx_word' id='word_1_39' title='bbox 1862 628 2015 684; x_wconf 88' lang='lat' dir='ltr'><strong>defer</strong></span> <span class='ocrx_word' id='word_1_40' title='bbox 2055 646 2211 684; x_wconf 90' lang='lat' dir='ltr'><strong>man-</strong></span> 
     </span>
    </p>
   </div>
   <div class='ocr_carea' id='block_1_6' title="bbox 621 716 2208 788">
    <p class='ocr_par' dir='ltr' id='par_1_6' title="bbox 621 716 2208 788">
     <span class='ocr_line' id='line_1_6' title="bbox 621 716 2208 788; baseline 0.006 -19"><span class='ocrx_word' id='word_1_41' title='bbox 621 717 745 771; x_wconf 88' lang='lat' dir='ltr'><strong>data</strong></span> <span class='ocrx_word' id='word_1_42' title='bbox 777 734 790 770; x_wconf 91' lang='lat'><strong>:</strong></span> <span class='ocrx_word' id='word_1_43' title='bbox 821 716 1114 788; x_wconf 76' lang='lat' dir='ltr'><strong>Angustias</strong></span> <span class='ocrx_word' id='word_1_44' title='bbox 1152 718 1393 775; x_wconf 72' lang='lat' dir='ltr'><strong>basilica</strong></span> <span class='ocrx_word' id='word_1_45' title='bbox 1421 729 1618 775; x_wconf 66' lang='lat' dir='ltr'><strong>nostra:</strong></span> <span class='ocrx_word' id='word_1_46' title='bbox 1646 720 1875 777; x_wconf 80' lang='lat' dir='ltr'><strong>fratrum</strong></span> <span class='ocrx_word' id='word_1_47' title='bbox 1918 721 2208 778; x_wconf 84' lang='lat' dir='ltr'><strong>multitudo</strong></span> 
     </span>
    </p>
   </div>
   <div class='ocr_carea' id='block_1_7' title="bbox 618 806 2207 884">
    <p class='ocr_par' dir='ltr' id='par_1_7' title="bbox 618 806 2207 884">
     <span class='ocr_line' id='line_1_7' title="bbox 618 806 2207 884; baseline 0.006 -25"><span class='ocrx_word' id='word_1_48' title='bbox 618 806 764 861; x_wconf 83' lang='lat' dir='ltr'><strong>ferre</strong></span> <span class='ocrx_word' id='word_1_49' title='bbox 786 808 871 862; x_wconf 83' lang='lat' dir='ltr'><strong>vix</strong></span> <span class='ocrx_word' id='word_1_50' title='bbox 901 818 1098 878; x_wconf 85' lang='lat' dir='ltr'><strong>potest,</strong></span> <span class='ocrx_word' id='word_1_51' title='bbox 1122 818 1178 864; x_wconf 92' lang='lat' dir='ltr'><strong>et</strong></span> <span class='ocrx_word' id='word_1_52' title='bbox 1205 811 1451 867; x_wconf 89' lang='lat' dir='ltr'><strong>volumus</strong></span> <span class='ocrx_word' id='word_1_53' title='bbox 1475 823 1533 867; x_wconf 88' lang='lat' dir='ltr'><strong>ut</strong></span> <span class='ocrx_word' id='word_1_54' title='bbox 1562 814 1876 883; x_wconf 83' lang='lat' dir='ltr'><strong>ampliorem</strong></span> <span class='ocrx_word' id='word_1_55' title='bbox 1900 814 2067 869; x_wconf 84' lang='lat' dir='ltr'><strong>abbas</strong></span> <span class='ocrx_word' id='word_1_56' title='bbox 2093 815 2207 884; x_wconf 89' lang='lat' dir='ltr'><strong>ipse</strong></span> 
     </span>
    </p>
   </div>
   <div class='ocr_carea' id='block_1_8' title="bbox 617 899 2208 974">
    <p class='ocr_par' dir='ltr' id='par_1_8' title="bbox 617 899 2208 974">
     <span class='ocr_line' id='line_1_8' title="bbox 617 899 2208 974; baseline 0.005 -22"><span class='ocrx_word' id='word_1_57' title='bbox 617 899 848 954; x_wconf 79' lang='lat' dir='ltr'><strong>redilicet</strong></span> <span class='ocrx_word' id='word_1_58' title='bbox 869 915 968 953; x_wconf 88' lang='lat' dir='ltr'><strong>nec</strong></span> <span class='ocrx_word' id='word_1_59' title='bbox 991 902 1056 955; x_wconf 91' lang='lat' dir='ltr'><strong>de</strong></span> <span class='ocrx_word' id='word_1_60' title='bbox 1078 903 1381 972; x_wconf 87' lang='lat' dir='ltr'><strong>suntptibus</strong></span> <span class='ocrx_word' id='word_1_61' title='bbox 1410 903 1635 970; x_wconf 80' lang='lat' dir='ltr'><strong>diliidat,</strong></span> <span class='ocrx_word' id='word_1_62' title='bbox 1675 914 1915 959; x_wconf 90' lang='lat' dir='ltr'><strong>nostrum</strong></span> <span class='ocrx_word' id='word_1_63' title='bbox 1955 905 2059 960; x_wconf 88' lang='lat' dir='ltr'><strong>erit</strong></span> <span class='ocrx_word' id='word_1_64' title='bbox 2082 920 2208 974; x_wconf 61' lang='lat' dir='ltr'><strong>proc</strong></span> 
     </span>
    </p>
   </div>
   <div class='ocr_carea' id='block_1_9' title="bbox 615 990 2203 1065">
    <p class='ocr_par' dir='ltr' id='par_1_9' title="bbox 615 990 2203 1065">
     <span class='ocr_line' id='line_1_9' title="bbox 615 990 2203 1065; baseline 0.006 -24"><span class='ocrx_word' id='word_1_65' title='bbox 615 990 802 1044; x_wconf 89' lang='lat' dir='ltr'><strong>videre</strong></span> <span class='ocrx_word' id='word_1_66' title='bbox 848 992 914 1044; x_wconf 91' lang='lat' dir='ltr'><strong>de</strong></span> <span class='ocrx_word' id='word_1_67' title='bbox 943 993 1193 1047; x_wconf 86' lang='lat' dir='ltr'><strong>omnibus</strong></span> <span class='ocrx_word' id='word_1_68' title='bbox 1222 1009 1341 1062; x_wconf 70' lang='lat' dir='ltr'><strong>quae</strong></span> <span class='ocrx_word' id='word_1_69' title='bbox 1386 995 1509 1049; x_wconf 83' lang='lat' dir='ltr'><strong>huic</strong></span> <span class='ocrx_word' id='word_1_70' title='bbox 1539 996 1687 1065; x_wconf 89' lang='lat' dir='ltr'><strong>operi</strong></span> <span class='ocrx_word' id='word_1_71' title='bbox 1744 996 2045 1051; x_wconf 66' lang='lat' dir='ltr'><strong>necessaria</strong></span> <span class='ocrx_word' id='word_1_72' title='bbox 2087 997 2203 1051; x_wconf 86' lang='lat' dir='ltr'><strong>fue-</strong></span> 
     </span>
    </p>
   </div>
   <div class='ocr_carea' id='block_1_10' title="bbox 617 1082 2203 1157">
    <p class='ocr_par' dir='ltr' id='par_1_10' title="bbox 617 1082 2203 1157">
     <span class='ocr_line' id='line_1_10' title="bbox 617 1082 2203 1157; baseline 0.005 -22"><span class='ocrx_word' id='word_1_73' title='bbox 617 1082 748 1135; x_wconf 92' lang='lat' dir='ltr'><strong>rint.</strong></span> <span class='ocrx_word' id='word_1_74' title='bbox 791 1102 809 1134; x_wconf 81' lang='lat'><strong>)</strong></span> <span class='ocrx_word' id='word_1_75' title='bbox 841 1082 939 1136; x_wconf 91' lang='lat' dir='ltr'><strong>Cui</strong></span> <span class='ocrx_word' id='word_1_76' title='bbox 971 1083 1057 1137; x_wconf 88' lang='lat' dir='ltr'><strong>ille</strong></span> <span class='ocrx_word' id='word_1_77' title='bbox 1090 1101 1102 1136; x_wconf 78' lang='grc' dir='ltr'>ε</span> <span class='ocrx_word' id='word_1_78' title='bbox 1160 1103 1177 1135; x_wconf 72' lang='grc' dir='ltr'>ι</span> <span class='ocrx_word' id='word_1_79' title='bbox 1218 1084 1568 1156; x_wconf 84' lang='lat' dir='ltr'><strong>Legatiouem</strong></span> <span class='ocrx_word' id='word_1_80' title='bbox 1598 1088 1791 1157; x_wconf 83' lang='lat' dir='ltr'><strong>inquit,</strong></span> <span class='ocrx_word' id='word_1_81' title='bbox 1839 1089 1994 1142; x_wconf 88' lang='lat' dir='ltr'><strong>istam</strong></span> <span class='ocrx_word' id='word_1_82' title='bbox 2024 1090 2203 1143; x_wconf 85' lang='lat' dir='ltr'><strong>susci-</strong></span> 
     </span>
    </p>
   </div>
   <div class='ocr_carea' id='block_1_11' title="bbox 614 1174 2203 1246">
    <p class='ocr_par' dir='ltr' id='par_1_11' title="bbox 614 1174 2203 1246">
     <span class='ocr_line' id='line_1_11' title="bbox 614 1174 2203 1246; baseline 0.005 -20"><span class='ocrx_word' id='word_1_83' title='bbox 614 1186 745 1241; x_wconf 88' lang='lat' dir='ltr'><strong>pere</strong></span> <span class='ocrx_word' id='word_1_84' title='bbox 778 1188 883 1226; x_wconf 92' lang='lat' dir='ltr'><strong>non</strong></span> <span class='ocrx_word' id='word_1_85' title='bbox 915 1175 1109 1239; x_wconf 80' lang='lat' dir='ltr'><strong>audeo,</strong></span> <span class='ocrx_word' id='word_1_86' title='bbox 1144 1174 1271 1244; x_wconf 85' lang='lat' dir='ltr'><strong>quia</strong></span> <span class='ocrx_word' id='word_1_87' title='bbox 1320 1192 1494 1246; x_wconf 89' lang='lat' dir='ltr'><strong>neque</strong></span> <span class='ocrx_word' id='word_1_88' title='bbox 1541 1177 1672 1232; x_wconf 76' lang='lat' dir='ltr'><strong>fides</strong></span> <span class='ocrx_word' id='word_1_89' title='bbox 1709 1179 1887 1233; x_wconf 84' lang='lat' dir='ltr'><strong>verbis</strong></span> <span class='ocrx_word' id='word_1_90' title='bbox 1914 1180 2203 1235; x_wconf 76' lang='lat' dir='ltr'><strong>adbibere-</strong></span> 
     </span>
    </p>
   </div>
   <div class='ocr_carea' id='block_1_12' title="bbox 618 1261 2202 1335">
    <p class='ocr_par' dir='ltr' id='par_1_12' title="bbox 618 1261 2202 1335">
     <span class='ocr_line' id='line_1_12' title="bbox 618 1261 2202 1335; baseline 0.008 -24"><span class='ocrx_word' id='word_1_91' title='bbox 618 1268 723 1313; x_wconf 91' lang='lat' dir='ltr'><strong>tur.</strong></span> <span class='ocrx_word' id='word_1_92' title='bbox 758 1279 777 1312; x_wconf 72' lang='grc' dir='ltr'><strong><em>ι</em></strong></span> <span class='ocrx_word' id='word_1_93' title='bbox 814 1261 879 1313; x_wconf 83' lang='grc' dir='ltr'>Ει</span> <span class='ocrx_word' id='word_1_94' title='bbox 910 1264 1184 1330; x_wconf 82' lang='lat' dir='ltr'><strong>apostolus</strong></span> <span class='ocrx_word' id='word_1_95' title='bbox 1217 1278 1232 1317; x_wconf 88' lang='lat'><strong>:</strong></span> <span class='ocrx_word' id='word_1_96' title='bbox 1262 1283 1281 1315; x_wconf 85' lang='grc'><strong><em>‹</em></strong></span> <span class='ocrx_word' id='word_1_97' title='bbox 1325 1264 1569 1335; x_wconf 83' lang='lat' dir='ltr'><strong>Signum,</strong></span> <span class='ocrx_word' id='word_1_98' title='bbox 1595 1268 1693 1332; x_wconf 89' lang='lat' dir='ltr'><strong>ait,</strong></span> <span class='ocrx_word' id='word_1_99' title='bbox 1735 1268 1983 1323; x_wconf 80' lang='lat' dir='ltr'><strong>veritatis</strong></span> <span class='ocrx_word' id='word_1_100' title='bbox 2026 1268 2129 1324; x_wconf 89' lang='lat' dir='ltr'><strong>hoc</strong></span> <span class='ocrx_word' id='word_1_101' title='bbox 2172 1285 2202 1323; x_wconf 91' lang='lat' dir='ltr'><strong>a</strong></span> 
     </span>
    </p>
   </div>
   <div class='ocr_carea' id='block_1_13' title="bbox 615 1350 2204 1427">
    <p class='ocr_par' dir='ltr' id='par_1_13' title="bbox 615 1350 2204 1427">
     <span class='ocr_line' id='line_1_13' title="bbox 615 1350 2204 1427; baseline 0.007 -25"><span class='ocrx_word' id='word_1_102' title='bbox 615 1365 704 1404; x_wconf 91' lang='lat' dir='ltr'><strong>mc</strong></span> <span class='ocrx_word' id='word_1_103' title='bbox 726 1350 954 1415; x_wconf 80' lang='lat' dir='ltr'><strong>habeas;</strong></span> <span class='ocrx_word' id='word_1_104' title='bbox 982 1356 1107 1421; x_wconf 91' lang='lat' dir='ltr'><strong>quia</strong></span> <span class='ocrx_word' id='word_1_105' title='bbox 1131 1369 1273 1420; x_wconf 82' lang='lat' dir='ltr'><strong>mox,</strong></span> <span class='ocrx_word' id='word_1_106' title='bbox 1311 1355 1529 1424; x_wconf 88' lang='lat' dir='ltr'><strong>impleto</strong></span> <span class='ocrx_word' id='word_1_107' title='bbox 1557 1356 1842 1427; x_wconf 76' lang='lat' dir='ltr'><strong>legationis</strong></span> <span class='ocrx_word' id='word_1_108' title='bbox 1865 1358 2062 1424; x_wconf 85' lang='lat' dir='ltr'><strong>oliicio,</strong></span> <span class='ocrx_word' id='word_1_109' title='bbox 2095 1360 2204 1413; x_wconf 87' lang='lat' dir='ltr'><strong>sal-</strong></span> 
     </span>
    </p>
   </div>
   <div class='ocr_carea' id='block_1_14' title="bbox 611 1440 2198 1514">
    <p class='ocr_par' dir='ltr' id='par_1_14' title="bbox 611 1440 2198 1514">
     <span class='ocr_line' id='line_1_14' title="bbox 611 1440 2198 1514; baseline 0.006 -20"><span class='ocrx_word' id='word_1_110' title='bbox 611 1451 740 1494; x_wconf 68' lang='lat' dir='ltr'><strong>vum</strong></span> <span class='ocrx_word' id='word_1_111' title='bbox 764 1440 832 1495; x_wconf 89' lang='lat' dir='ltr'><strong>ab</strong></span> <span class='ocrx_word' id='word_1_112' title='bbox 863 1441 1006 1495; x_wconf 85' lang='lat' dir='ltr'><strong>omni</strong></span> <span class='ocrx_word' id='word_1_113' title='bbox 1050 1443 1389 1498; x_wconf 88' lang='lat' dir='ltr'><strong>inconnnodo</strong></span> <span class='ocrx_word' id='word_1_114' title='bbox 1429 1452 1481 1499; x_wconf 88' lang='lat' dir='ltr'><strong>te</strong></span> <span class='ocrx_word' id='word_1_115' title='bbox 1509 1446 1767 1514; x_wconf 86' lang='lat' dir='ltr'><strong>reperies.</strong></span> <span class='ocrx_word' id='word_1_116' title='bbox 1804 1466 1821 1497; x_wconf 76' lang='grc' dir='ltr'><strong>ι</strong></span> <span class='ocrx_word' id='word_1_117' title='bbox 1858 1447 2097 1512; x_wconf 75' lang='lat' dir='ltr'><strong>Dixerat,</strong></span> <span class='ocrx_word' id='word_1_118' title='bbox 2146 1456 2198 1504; x_wconf 84' lang='lat' dir='ltr'><strong>ct</strong></span> 
     </span>
    </p>
   </div>
   <div class='ocr_carea' id='block_1_15' title="bbox 613 1528 2200 1605">
    <p class='ocr_par' dir='ltr' id='par_1_15' title="bbox 613 1528 2200 1605">
     <span class='ocr_line' id='line_1_15' title="bbox 613 1528 2200 1605; baseline 0.005 -21"><span class='ocrx_word' id='word_1_119' title='bbox 613 1528 684 1585; x_wconf 77' lang='lat' dir='ltr'><strong>ab</strong></span> <span class='ocrx_word' id='word_1_120' title='bbox 731 1531 899 1585; x_wconf 88' lang='lat' dir='ltr'><strong>oculis</strong></span> <span class='ocrx_word' id='word_1_121' title='bbox 930 1531 1045 1599; x_wconf 83' lang='lat' dir='ltr'><strong>ejus</strong></span> <span class='ocrx_word' id='word_1_122' title='bbox 1090 1534 1270 1587; x_wconf 85' lang='lat' dir='ltr'><strong>statim</strong></span> <span class='ocrx_word' id='word_1_123' title='bbox 1325 1536 1461 1589; x_wconf 81' lang='lat' dir='ltr'><strong>visio</strong></span> <span class='ocrx_word' id='word_1_124' title='bbox 1507 1536 1796 1605; x_wconf 82' lang='lat' dir='ltr'><strong>disparuit.</strong></span> <span class='ocrx_word' id='word_1_125' title='bbox 1846 1538 2200 1593; x_wconf 86' lang='lat' dir='ltr'><strong>lllucescente</strong></span> 
     </span>
    </p>
   </div>
   <div class='ocr_carea' id='block_1_16' title="bbox 613 1620 2199 1697">
    <p class='ocr_par' dir='ltr' id='par_1_16' title="bbox 613 1620 2199 1697">
     <span class='ocr_line' id='line_1_16' title="bbox 613 1620 2199 1697; baseline 0.005 -24"><span class='ocrx_word' id='word_1_126' title='bbox 613 1632 759 1674; x_wconf 88' lang='lat' dir='ltr'><strong>vero</strong></span> <span class='ocrx_word' id='word_1_127' title='bbox 805 1620 1080 1686; x_wconf 82' lang='lat' dir='ltr'><strong>diluculo,</strong></span> <span class='ocrx_word' id='word_1_128' title='bbox 1133 1624 1389 1678; x_wconf 85' lang='lat' dir='ltr'><strong>mandata</strong></span> <span class='ocrx_word' id='word_1_129' title='bbox 1452 1626 1569 1679; x_wconf 91' lang='lat' dir='ltr'><strong>viro</strong></span> <span class='ocrx_word' id='word_1_130' title='bbox 1623 1627 1717 1681; x_wconf 86' lang='lat' dir='ltr'><strong>Dei</strong></span> <span class='ocrx_word' id='word_1_131' title='bbox 1794 1643 1892 1697; x_wconf 89' lang='lat' dir='ltr'><strong>per</strong></span> <span class='ocrx_word' id='word_1_132' title='bbox 1953 1630 2199 1683; x_wconf 78' lang='lat' dir='ltr'><strong>ordinem</strong></span> 
     </span>
    </p>
   </div>
   <div class='ocr_carea' id='block_1_17' title="bbox 613 1713 2201 1786">
    <p class='ocr_par' dir='ltr' id='par_1_17' title="bbox 613 1713 2201 1786">
     <span class='ocr_line' id='line_1_17' title="bbox 613 1713 2201 1786; baseline 0.004 -19"><span class='ocrx_word' id='word_1_133' title='bbox 613 1713 867 1780; x_wconf 76' lang='lat' dir='ltr'><strong>retexuit,</strong></span> <span class='ocrx_word' id='word_1_134' title='bbox 896 1723 949 1767; x_wconf 86' lang='lat' dir='ltr'><strong>et</strong></span> <span class='ocrx_word' id='word_1_135' title='bbox 996 1729 1061 1767; x_wconf 86' lang='lat' dir='ltr'><strong>ex</strong></span> <span class='ocrx_word' id='word_1_136' title='bbox 1110 1717 1379 1785; x_wconf 90' lang='lat' dir='ltr'><strong>promisso</strong></span> <span class='ocrx_word' id='word_1_137' title='bbox 1403 1717 1631 1786; x_wconf 84' lang='lat' dir='ltr'><strong>apustoli</strong></span> <span class='ocrx_word' id='word_1_138' title='bbox 1674 1719 1754 1772; x_wconf 92' lang='lat' dir='ltr'><strong>sic</strong></span> <span class='ocrx_word' id='word_1_139' title='bbox 1796 1719 1972 1774; x_wconf 86' lang='lat' dir='ltr'><strong>factus</strong></span> <span class='ocrx_word' id='word_1_140' title='bbox 1998 1720 2201 1774; x_wconf 88' lang='lat' dir='ltr'><strong>incolu—</strong></span> 
     </span>
    </p>
   </div>
   <div class='ocr_carea' id='block_1_18' title="bbox 611 1796 2275 1881">
    <p class='ocr_par' dir='ltr' id='par_1_18' title="bbox 611 1796 2275 1881">
     <span class='ocr_line' id='line_1_18' title="bbox 611 1796 2275 1881; baseline 0.006 -23"><span class='ocrx_word' id='word_1_141' title='bbox 611 1804 866 1859; x_wconf 86' lang='lat' dir='ltr'><strong>misest.</strong></span> <span class='ocrx_word' id='word_1_142' title='bbox 917 1806 980 1858; x_wconf 80' lang='lat' dir='ltr'><strong>Et</strong></span> <span class='ocrx_word' id='word_1_143' title='bbox 1026 1806 1141 1861; x_wconf 71' lang='lat' dir='ltr'><strong>hazc</strong></span> <span class='ocrx_word' id='word_1_144' title='bbox 1178 1808 1354 1876; x_wconf 90' lang='lat' dir='ltr'><strong>prima</strong></span> <span class='ocrx_word' id='word_1_145' title='bbox 1411 1824 1572 1864; x_wconf 90' lang='lat' dir='ltr'><strong>causa</strong></span> <span class='ocrx_word' id='word_1_146' title='bbox 1627 1810 1752 1876; x_wconf 88' lang='lat' dir='ltr'><strong>fuit,</strong></span> <span class='ocrx_word' id='word_1_147' title='bbox 1803 1828 1923 1881; x_wconf 69' lang='lat' dir='ltr'><strong>quae</strong></span> <span class='ocrx_word' id='word_1_148' title='bbox 1957 1814 2197 1867; x_wconf 90' lang='lat' dir='ltr'><strong>animum</strong></span> <span class='ocrx_word' id='word_1_149' title='bbox 2234 1796 2275 1849; x_wconf 72' lang='grc' dir='ltr'><strong>Β</strong></span> 
     </span>
    </p>
   </div>
   <div class='ocr_carea' id='block_1_19' title="bbox 611 1896 2199 1971">
    <p class='ocr_par' dir='ltr' id='par_1_19' title="bbox 611 1896 2199 1971">
     <span class='ocr_line' id='line_1_19' title="bbox 611 1896 2199 1971; baseline 0.006 -21"><span class='ocrx_word' id='word_1_150' title='bbox 611 1896 783 1950; x_wconf 75' lang='lat' dir='ltr'><strong>sancti</strong></span> <span class='ocrx_word' id='word_1_151' title='bbox 829 1896 1003 1952; x_wconf 81' lang='lat' dir='ltr'><strong>Patris</strong></span> <span class='ocrx_word' id='word_1_152' title='bbox 1035 1900 1101 1952; x_wconf 89' lang='lat' dir='ltr'><strong>ad</strong></span> <span class='ocrx_word' id='word_1_153' title='bbox 1147 1909 1355 1953; x_wconf 86' lang='lat' dir='ltr'><strong>tantum</strong></span> <span class='ocrx_word' id='word_1_154' title='bbox 1387 1916 1522 1971; x_wconf 82' lang='lat' dir='ltr'><strong>Opus</strong></span> <span class='ocrx_word' id='word_1_155' title='bbox 1553 1903 1916 1958; x_wconf 87' lang='lat' dir='ltr'><strong>inchoandum</strong></span> <span class='ocrx_word' id='word_1_156' title='bbox 1963 1906 2199 1960; x_wconf 79' lang='lat' dir='ltr'><strong>maxime</strong></span> 
     </span>
    </p>
   </div>
   <div class='ocr_carea' id='block_1_20' title="bbox 615 1986 2200 2064">
    <p class='ocr_par' dir='ltr' id='par_1_20' title="bbox 615 1986 2200 2064">
     <span class='ocr_line' id='line_1_20' title="bbox 615 1986 2200 2064; baseline 0.008 -24"><span class='ocrx_word' id='word_1_157' title='bbox 615 1986 918 2042; x_wconf 84' lang='lat' dir='ltr'><strong>inclinavit.</strong></span> <span class='ocrx_word' id='word_1_158' title='bbox 976 1988 1140 2057; x_wconf 87' lang='lat' dir='ltr'><strong>Cujus</strong></span> <span class='ocrx_word' id='word_1_159' title='bbox 1185 1989 1391 2046; x_wconf 82' lang='lat' dir='ltr'><strong>fabrica</strong></span> <span class='ocrx_word' id='word_1_160' title='bbox 1451 2003 1613 2047; x_wconf 76' lang='lat' dir='ltr'><strong>tantm</strong></span> <span class='ocrx_word' id='word_1_161' title='bbox 1672 1995 2092 2064; x_wconf 86' lang='lat' dir='ltr'><strong>pulchritudinis</strong></span> <span class='ocrx_word' id='word_1_162' title='bbox 2144 2010 2200 2053; x_wconf 91' lang='lat' dir='ltr'><strong>et</strong></span> 
     </span>
    </p>
   </div>
   <div class='ocr_carea' id='block_1_21' title="bbox 608 2082 2198 2155">
    <p class='ocr_par' dir='ltr' id='par_1_21' title="bbox 608 2082 2198 2155">
     <span class='ocr_line' id='line_1_21' title="bbox 608 2082 2198 2155; baseline 0.008 -22"><span class='ocrx_word' id='word_1_163' title='bbox 608 2082 907 2135; x_wconf 74' lang='lat' dir='ltr'><strong>venustatis</strong></span> <span class='ocrx_word' id='word_1_164' title='bbox 947 2082 998 2137; x_wconf 91' lang='lat' dir='ltr'><strong>in</strong></span> <span class='ocrx_word' id='word_1_165' title='bbox 1031 2098 1090 2137; x_wconf 91' lang='lat' dir='ltr'><strong>se</strong></span> <span class='ocrx_word' id='word_1_166' title='bbox 1119 2084 1348 2153; x_wconf 78' lang='lat' dir='ltr'><strong>gratiam</strong></span> <span class='ocrx_word' id='word_1_167' title='bbox 1392 2088 1677 2155; x_wconf 71' lang='lat' dir='ltr'><strong>praetendit</strong></span> <span class='ocrx_word' id='word_1_168' title='bbox 1722 2097 1781 2141; x_wconf 92' lang='lat' dir='ltr'><strong>ut</strong></span> <span class='ocrx_word' id='word_1_169' title='bbox 1820 2090 1872 2143; x_wconf 93' lang='lat' dir='ltr'><strong>in</strong></span> <span class='ocrx_word' id='word_1_170' title='bbox 1919 2098 2025 2143; x_wconf 90' lang='lat' dir='ltr'><strong>tota</strong></span> <span class='ocrx_word' id='word_1_171' title='bbox 2054 2092 2198 2145; x_wconf 85' lang='lat' dir='ltr'><strong>occi-</strong></span> 
     </span>
    </p>
   </div>
   <div class='ocr_carea' id='block_1_22' title="bbox 609 2172 2195 2249">
    <p class='ocr_par' dir='ltr' id='par_1_22' title="bbox 609 2172 2195 2249">
     <span class='ocr_line' id='line_1_22' title="bbox 609 2172 2195 2249; baseline 0.008 -23"><span class='ocrx_word' id='word_1_172' title='bbox 609 2172 807 2226; x_wconf 79' lang='lat' dir='ltr'><strong>dentali</strong></span> <span class='ocrx_word' id='word_1_173' title='bbox 842 2173 994 2242; x_wconf 79' lang='lat' dir='ltr'><strong>plaga</strong></span> <span class='ocrx_word' id='word_1_174' title='bbox 1045 2176 1191 2244; x_wconf 91' lang='lat' dir='ltr'><strong>(nam</strong></span> <span class='ocrx_word' id='word_1_175' title='bbox 1233 2177 1298 2232; x_wconf 86' lang='lat' dir='ltr'><strong>de</strong></span> <span class='ocrx_word' id='word_1_176' title='bbox 1345 2177 1466 2231; x_wconf 89' lang='lat' dir='ltr'><strong>aliis</strong></span> <span class='ocrx_word' id='word_1_177' title='bbox 1516 2180 1699 2233; x_wconf 89' lang='lat' dir='ltr'><strong>mundi</strong></span> <span class='ocrx_word' id='word_1_178' title='bbox 1761 2181 2011 2249; x_wconf 90' lang='lat' dir='ltr'><strong>partibus</strong></span> <span class='ocrx_word' id='word_1_179' title='bbox 2064 2184 2195 2239; x_wconf 88' lang='lat' dir='ltr'><strong>tnilti</strong></span> 
     </span>
    </p>
   </div>
   <div class='ocr_carea' id='block_1_23' title="bbox 609 2262 2196 2339">
    <p class='ocr_par' dir='ltr' id='par_1_23' title="bbox 609 2262 2196 2339">
     <span class='ocr_line' id='line_1_23' title="bbox 609 2262 2196 2339; baseline 0.008 -23"><span class='ocrx_word' id='word_1_180' title='bbox 609 2262 786 2318; x_wconf 83' lang='lat' dir='ltr'><strong>minus</strong></span> <span class='ocrx_word' id='word_1_181' title='bbox 809 2264 1089 2331; x_wconf 75' lang='lat' dir='ltr'><strong>cognitum</strong></span> <span class='ocrx_word' id='word_1_182' title='bbox 1112 2265 1215 2337; x_wconf 88' lang='lat' dir='ltr'><strong>est)</strong></span> <span class='ocrx_word' id='word_1_183' title='bbox 1255 2267 1396 2321; x_wconf 88' lang='lat' dir='ltr'><strong>nulla</strong></span> <span class='ocrx_word' id='word_1_184' title='bbox 1426 2268 1496 2323; x_wconf 86' lang='lat' dir='ltr'><strong>sit</strong></span> <span class='ocrx_word' id='word_1_185' title='bbox 1528 2271 1629 2324; x_wconf 88' lang='lat' dir='ltr'><strong>hac</strong></span> <span class='ocrx_word' id='word_1_186' title='bbox 1651 2271 2070 2339; x_wconf 87' lang='lat' dir='ltr'><strong>conspicabilior</strong></span> <span class='ocrx_word' id='word_1_187' title='bbox 2093 2273 2196 2328; x_wconf 81' lang='lat' dir='ltr'><strong>ba-</strong></span> 
     </span>
    </p>
   </div>
   <div class='ocr_carea' id='block_1_24' title="bbox 609 2355 835 2411">
    <p class='ocr_par' dir='ltr' id='par_1_24' title="bbox 609 2355 835 2411">
     <span class='ocr_line' id='line_1_24' title="bbox 609 2355 835 2411; baseline 0 0"><span class='ocrx_word' id='word_1_188' title='bbox 609 2355 785 2411; x_wconf 85' lang='lat' dir='ltr'><strong>silica.</strong></span> <span class='ocrx_word' id='word_1_189' title='bbox 832 2372 835 2373; x_wconf 71' lang='lat'><strong><em>&#39;</em></strong></span> 
     </span>
    </p>
   </div>
   <div class='ocr_carea' id='block_1_25' title="bbox 680 2445 2192 2525">
    <p class='ocr_par' dir='ltr' id='par_1_25' title="bbox 680 2445 2192 2525">
     <span class='ocr_line' id='line_1_25' title="bbox 680 2445 2192 2525; baseline 0.008 -27"><span class='ocrx_word' id='word_1_190' title='bbox 680 2445 769 2500; x_wconf 75' lang='lat' dir='ltr'><strong>H.</strong></span> <span class='ocrx_word' id='word_1_191' title='bbox 812 2446 1017 2519; x_wconf 31' lang='lat' dir='ltr'><strong>Sed‘ne</strong></span> <span class='ocrx_word' id='word_1_192' title='bbox 1047 2449 1151 2505; x_wconf 90' lang='lat' dir='ltr'><strong>hoc</strong></span> <span class='ocrx_word' id='word_1_193' title='bbox 1182 2448 1354 2505; x_wconf 89' lang='lat' dir='ltr'><strong>solum</strong></span> <span class='ocrx_word' id='word_1_194' title='bbox 1392 2448 1550 2518; x_wconf 84' lang='lat' dir='ltr'><strong>hujus</strong></span> <span class='ocrx_word' id='word_1_195' title='bbox 1576 2451 1677 2506; x_wconf 91' lang='lat' dir='ltr'><strong>viri</strong></span> <span class='ocrx_word' id='word_1_196' title='bbox 1718 2451 1812 2507; x_wconf 87' lang='lat' dir='ltr'><strong>Dei</strong></span> <span class='ocrx_word' id='word_1_197' title='bbox 1850 2452 2192 2525; x_wconf 82' lang='lat' dir='ltr'><strong>magniﬁcum</strong></span> 
     </span>
    </p>
   </div>
   <div class='ocr_carea' id='block_1_26' title="bbox 607 2538 2195 2612">
    <p class='ocr_par' dir='ltr' id='par_1_26' title="bbox 607 2538 2195 2612">
     <span class='ocr_line' id='line_1_26' title="bbox 607 2538 2195 2612; baseline 0.008 -22"><span class='ocrx_word' id='word_1_198' title='bbox 607 2552 763 2607; x_wconf 91' lang='lat' dir='ltr'><strong>opus,</strong></span> <span class='ocrx_word' id='word_1_199' title='bbox 794 2538 914 2594; x_wconf 85' lang='lat' dir='ltr'><strong>aliis</strong></span> <span class='ocrx_word' id='word_1_200' title='bbox 962 2543 1360 2611; x_wconf 62' lang='lat' dir='ltr'><strong>praetermissis,</strong></span> <span class='ocrx_word' id='word_1_201' title='bbox 1407 2544 1640 2599; x_wconf 81' lang='lat' dir='ltr'><strong>edidisse</strong></span> <span class='ocrx_word' id='word_1_202' title='bbox 1680 2546 1885 2612; x_wconf 88' lang='lat' dir='ltr'><strong>videar,</strong></span> <span class='ocrx_word' id='word_1_203' title='bbox 1931 2547 2018 2601; x_wconf 93' lang='lat' dir='ltr'><strong>hic</strong></span> <span class='ocrx_word' id='word_1_204' title='bbox 2068 2547 2195 2602; x_wconf 54' lang='lat' dir='ltr'><strong>Clu-</strong></span> 
     </span>
    </p>
   </div>
   <div class='ocr_carea' id='block_1_27' title="bbox 608 2631 2194 2703">
    <p class='ocr_par' dir='ltr' id='par_1_27' title="bbox 608 2631 2194 2703">
     <span class='ocr_line' id='line_1_27' title="bbox 608 2631 2194 2703; baseline 0.005 -18"><span class='ocrx_word' id='word_1_205' title='bbox 608 2631 824 2687; x_wconf 68' lang='lat' dir='ltr'><strong>lincunt</strong></span> <span class='ocrx_word' id='word_1_206' title='bbox 867 2635 1166 2700; x_wconf 75' lang='lat' dir='ltr'><strong>renovavit,</strong></span> <span class='ocrx_word' id='word_1_207' title='bbox 1199 2633 1287 2689; x_wconf 88' lang='lat' dir='ltr'><strong>hic</strong></span> <span class='ocrx_word' id='word_1_208' title='bbox 1327 2634 1554 2689; x_wconf 82' lang='lat' dir='ltr'><strong>fratrum</strong></span> <span class='ocrx_word' id='word_1_209' title='bbox 1584 2652 1889 2703; x_wconf 90' lang='lat' dir='ltr'><strong>numerum,</strong></span> <span class='ocrx_word' id='word_1_210' title='bbox 1919 2648 2025 2693; x_wconf 91' lang='lat' dir='ltr'><strong>tam</strong></span> <span class='ocrx_word' id='word_1_211' title='bbox 2051 2641 2194 2695; x_wconf 89' lang='lat' dir='ltr'><strong>intus</strong></span> 
     </span>
    </p>
   </div>
   <div class='ocr_carea' id='block_1_28' title="bbox 604 2724 2195 2797">
    <p class='ocr_par' dir='ltr' id='par_1_28' title="bbox 604 2724 2195 2797">
     <span class='ocr_line' id='line_1_28' title="bbox 604 2724 2195 2797; baseline 0.006 -20"><span class='ocrx_word' id='word_1_212' title='bbox 604 2737 769 2794; x_wconf 85' lang='lat' dir='ltr'><strong>quam</strong></span> <span class='ocrx_word' id='word_1_213' title='bbox 797 2724 948 2791; x_wconf 88' lang='lat' dir='ltr'><strong>foris,</strong></span> <span class='ocrx_word' id='word_1_214' title='bbox 980 2725 1097 2796; x_wconf 89' lang='lat' dir='ltr'><strong>plus</strong></span> <span class='ocrx_word' id='word_1_215' title='bbox 1125 2728 1380 2783; x_wconf 90' lang='lat' dir='ltr'><strong>omnibus</strong></span> <span class='ocrx_word' id='word_1_216' title='bbox 1410 2729 1898 2797; x_wconf 67' lang='lat' dir='ltr'><strong>praedecessoribus</strong></span> <span class='ocrx_word' id='word_1_217' title='bbox 1924 2732 2038 2786; x_wconf 85' lang='lat' dir='ltr'><strong>suis</strong></span> <span class='ocrx_word' id='word_1_218' title='bbox 2076 2747 2195 2786; x_wconf 88' lang='lat' dir='ltr'><strong>am-</strong></span> 
     </span>
    </p>
   </div>
   <div class='ocr_carea' id='block_1_29' title="bbox 604 2813 2194 2892">
    <p class='ocr_par' dir='ltr' id='par_1_29' title="bbox 604 2813 2194 2892">
     <span class='ocr_line' id='line_1_29' title="bbox 604 2813 2194 2892; baseline 0.007 -26"><span class='ocrx_word' id='word_1_219' title='bbox 604 2813 812 2882; x_wconf 78' lang='lat' dir='ltr'><strong>pliavit,</strong></span> <span class='ocrx_word' id='word_1_220' title='bbox 844 2816 930 2870; x_wconf 89' lang='lat' dir='ltr'><strong>hic</strong></span> <span class='ocrx_word' id='word_1_221' title='bbox 953 2818 1127 2873; x_wconf 77' lang='lat' dir='ltr'><strong>cellas</strong></span> <span class='ocrx_word' id='word_1_222' title='bbox 1159 2819 1405 2874; x_wconf 74' lang='lat' dir='ltr'><strong>mdiliciis</strong></span> <span class='ocrx_word' id='word_1_223' title='bbox 1458 2818 1799 2886; x_wconf 71' lang='lat' dir='ltr'><strong>reformavit,</strong></span> <span class='ocrx_word' id='word_1_224' title='bbox 1848 2822 1935 2876; x_wconf 89' lang='lat' dir='ltr'><strong>hie</strong></span> <span class='ocrx_word' id='word_1_225' title='bbox 1980 2838 2194 2892; x_wconf 85' lang='lat' dir='ltr'><strong>posses-</strong></span> 
     </span>
    </p>
   </div>
   <div class='ocr_carea' id='block_1_30' title="bbox 605 2907 2193 2979">
    <p class='ocr_par' dir='ltr' id='par_1_30' title="bbox 605 2907 2193 2979">
     <span class='ocr_line' id='line_1_30' title="bbox 605 2907 2193 2979; baseline 0.008 -21"><span class='ocrx_word' id='word_1_226' title='bbox 605 2907 786 2961; x_wconf 88' lang='lat' dir='ltr'><strong>siones</strong></span> <span class='ocrx_word' id='word_1_227' title='bbox 817 2909 1064 2965; x_wconf 86' lang='lat' dir='ltr'><strong>terminis</strong></span> <span class='ocrx_word' id='word_1_228' title='bbox 1090 2910 1357 2967; x_wconf 83' lang='lat' dir='ltr'><strong>dilatavit.</strong></span> <span class='ocrx_word' id='word_1_229' title='bbox 1404 2913 1536 2979; x_wconf 85' lang='lat' dir='ltr'><strong>Quis</strong></span> <span class='ocrx_word' id='word_1_230' title='bbox 1583 2913 1860 2968; x_wconf 88' lang='lat' dir='ltr'><strong>beatorum</strong></span> <span class='ocrx_word' id='word_1_231' title='bbox 1911 2915 2193 2971; x_wconf 86' lang='lat' dir='ltr'><strong>confesso-</strong></span> 
     </span>
    </p>
   </div>
   <div class='ocr_carea' id='block_1_31' title="bbox 604 2999 2193 3079">
    <p class='ocr_par' dir='ltr' id='par_1_31' title="bbox 604 2999 2193 3079">
     <span class='ocr_line' id='line_1_31' title="bbox 604 2999 2193 3079; baseline 0.008 -28"><span class='ocrx_word' id='word_1_232' title='bbox 604 3013 726 3052; x_wconf 80' lang='lat' dir='ltr'><strong>rutn</strong></span> <span class='ocrx_word' id='word_1_233' title='bbox 756 2999 1018 3055; x_wconf 83' lang='lat' dir='ltr'><strong>Martialis</strong></span> <span class='ocrx_word' id='word_1_234' title='bbox 1044 3002 1156 3073; x_wconf 88' lang='grc'>(89)</span> <span class='ocrx_word' id='word_1_235' title='bbox 1182 3013 1238 3057; x_wconf 84' lang='lat' dir='ltr'><strong>et</strong></span> <span class='ocrx_word' id='word_1_236' title='bbox 1264 3002 1466 3076; x_wconf 65' lang='lat' dir='ltr'><strong>Egidii</strong></span> <span class='ocrx_word' id='word_1_237' title='bbox 1507 3005 1619 3077; x_wconf 80' lang='lat'><strong>(90)</strong></span> <span class='ocrx_word' id='word_1_238' title='bbox 1646 3006 1908 3062; x_wconf 87' lang='lat' dir='ltr'><strong>ecclesias</strong></span> <span class='ocrx_word' id='word_1_239' title='bbox 1931 3008 2193 3079; x_wconf 85' lang='lat' dir='ltr'><strong>religione</strong></span> 
     </span>
    </p>
   </div>
   <div class='ocr_carea' id='block_1_32' title="bbox 603 3093 2266 3197">
    <p class='ocr_par' dir='ltr' id='par_1_32' title="bbox 603 3093 2266 3197">
     <span class='ocr_line' id='line_1_32' title="bbox 603 3093 2266 3197; baseline 0.009 -55"><span class='ocrx_word' id='word_1_240' title='bbox 603 3093 949 3159; x_wconf 77' lang='lat' dir='ltr'><strong>restauravit,</strong></span> <span class='ocrx_word' id='word_1_241' title='bbox 1000 3095 1101 3148; x_wconf 87' lang='lat' dir='ltr'><strong>nisi</strong></span> <span class='ocrx_word' id='word_1_242' title='bbox 1146 3096 1248 3150; x_wconf 87' lang='lat' dir='ltr'><strong>iste</strong></span> <span class='ocrx_word' id='word_1_243' title='bbox 1282 3098 1367 3150; x_wconf 86' lang='lat' dir='ltr'><strong>vir</strong></span> <span class='ocrx_word' id='word_1_244' title='bbox 1403 3098 1635 3152; x_wconf 87' lang='lat' dir='ltr'><strong>beatus?</strong></span> <span class='ocrx_word' id='word_1_245' title='bbox 1673 3099 1807 3166; x_wconf 82' lang='lat' dir='ltr'><strong>Quis</strong></span> <span class='ocrx_word' id='word_1_246' title='bbox 1860 3099 1917 3154; x_wconf 84' lang='grc' dir='ltr'>Β.</span> <span class='ocrx_word' id='word_1_247' title='bbox 1964 3102 2192 3157; x_wconf 87' lang='lat' dir='ltr'><strong>Austre—</strong></span> <span class='ocrx_word' id='word_1_248' title='bbox 2220 3135 2266 3197; x_wconf 66' lang='grc' dir='ltr'><strong>ϐ</strong></span> 
     </span>
    </p>
   </div>
   <div class='ocr_carea' id='block_1_33' title="bbox 604 3182 2189 3259">
    <p class='ocr_par' dir='ltr' id='par_1_33' title="bbox 604 3182 2189 3259">
     <span class='ocr_line' id='line_1_33' title="bbox 604 3182 2189 3259; baseline 0.008 -23"><span class='ocrx_word' id='word_1_249' title='bbox 604 3182 772 3236; x_wconf 88' lang='lat' dir='ltr'><strong>monii</strong></span> <span class='ocrx_word' id='word_1_250' title='bbox 804 3184 914 3253; x_wconf 80' lang='lat' dir='ltr'><strong>(9i)</strong></span> <span class='ocrx_word' id='word_1_251' title='bbox 942 3186 1318 3251; x_wconf 83' lang='lat' dir='ltr'><strong>Arvernensis,</strong></span> <span class='ocrx_word' id='word_1_252' title='bbox 1344 3189 1450 3243; x_wconf 75' lang='lat' dir='ltr'><strong>nisi</strong></span> <span class='ocrx_word' id='word_1_253' title='bbox 1475 3190 1580 3245; x_wconf 85' lang='lat' dir='ltr'><strong>iste</strong></span> <span class='ocrx_word' id='word_1_254' title='bbox 1601 3192 1683 3244; x_wconf 91' lang='lat' dir='ltr'><strong>vir</strong></span> <span class='ocrx_word' id='word_1_255' title='bbox 1712 3192 1941 3246; x_wconf 84' lang='lat' dir='ltr'><strong>beatus?</strong></span> <span class='ocrx_word' id='word_1_256' title='bbox 1969 3192 2099 3259; x_wconf 85' lang='lat' dir='ltr'><strong>Quis</strong></span> <span class='ocrx_word' id='word_1_257' title='bbox 2128 3194 2189 3249; x_wconf 83' lang='grc' dir='ltr'>Β.</span> 
     </span>
    </p>
   </div>
   <div class='ocr_carea' id='block_1_34' title="bbox 604 3271 2198 3346">
    <p class='ocr_par' dir='ltr' id='par_1_34' title="bbox 604 3271 2198 3346">
     <span class='ocr_line' id='line_1_34' title="bbox 604 3271 2198 3346; baseline 0.009 -20"><span class='ocrx_word' id='word_1_258' title='bbox 604 3271 1162 3346; x_wconf 63' lang='grc' dir='ltr'><strong>Βιετίω,διειειιθιεηω</strong></span> <span class='ocrx_word' id='word_1_259' title='bbox 1197 3278 1616 3338; x_wconf 79' lang='lat' dir='ltr'><strong>Vizeliaeeusem</strong></span> <span class='ocrx_word' id='word_1_260' title='bbox 1665 3284 1950 3339; x_wconf 84' lang='lat' dir='ltr'><strong>ecclesiam</strong></span> <span class='ocrx_word' id='word_1_261' title='bbox 1993 3286 2059 3340; x_wconf 88' lang='lat' dir='ltr'><strong>ad</strong></span> <span class='ocrx_word' id='word_1_262' title='bbox 2104 3302 2198 3340; x_wconf 90' lang='lat' dir='ltr'><strong>or-</strong></span> 
     </span>
    </p>
   </div>
   <div class='ocr_carea' id='block_1_35' title="bbox 601 3365 2196 3440">
    <p class='ocr_par' dir='ltr' id='par_1_35' title="bbox 601 3365 2196 3440">
     <span class='ocr_line' id='line_1_35' title="bbox 601 3365 2196 3440; baseline 0.009 -21"><span class='ocrx_word' id='word_1_263' title='bbox 601 3365 746 3420; x_wconf 88' lang='lat' dir='ltr'><strong>dinis</strong></span> <span class='ocrx_word' id='word_1_264' title='bbox 785 3370 1051 3438; x_wconf 84' lang='lat' dir='ltr'><strong>regularis</strong></span> <span class='ocrx_word' id='word_1_265' title='bbox 1100 3371 1387 3440; x_wconf 89' lang='lat' dir='ltr'><strong>pristinum</strong></span> <span class='ocrx_word' id='word_1_266' title='bbox 1437 3374 1651 3429; x_wconf 85' lang='lat' dir='ltr'><strong>reduxit</strong></span> <span class='ocrx_word' id='word_1_267' title='bbox 1685 3383 1909 3440; x_wconf 89' lang='lat' dir='ltr'><strong>statum,</strong></span> <span class='ocrx_word' id='word_1_268' title='bbox 1943 3377 2044 3431; x_wconf 89' lang='lat' dir='ltr'><strong>nisi</strong></span> <span class='ocrx_word' id='word_1_269' title='bbox 2095 3379 2196 3433; x_wconf 82' lang='lat' dir='ltr'><strong>iste</strong></span> 
     </span>
    </p>
   </div>
   <div class='ocr_carea' id='block_1_36' title="bbox 603 3459 2194 3540">
    <p class='ocr_par' dir='ltr' id='par_1_36' title="bbox 603 3459 2194 3540">
     <span class='ocr_line' id='line_1_36' title="bbox 603 3459 2194 3540; baseline 0.008 -28"><span class='ocrx_word' id='word_1_270' title='bbox 603 3459 687 3513; x_wconf 80' lang='lat' dir='ltr'><strong>vir</strong></span> <span class='ocrx_word' id='word_1_271' title='bbox 730 3461 962 3516; x_wconf 86' lang='lat' dir='ltr'><strong>beatus?</strong></span> <span class='ocrx_word' id='word_1_272' title='bbox 1012 3463 1108 3517; x_wconf 83' lang='lat' dir='ltr'><strong>Hic</strong></span> <span class='ocrx_word' id='word_1_273' title='bbox 1152 3463 1390 3521; x_wconf 85' lang='lat' dir='ltr'><strong>Pictavis</strong></span> <span class='ocrx_word' id='word_1_274' title='bbox 1433 3466 1495 3521; x_wconf 89' lang='lat' dir='ltr'><strong>S.</strong></span> <span class='ocrx_word' id='word_1_275' title='bbox 1551 3465 1777 3523; x_wconf 82' lang='lat' dir='ltr'><strong>Joannis</strong></span> <span class='ocrx_word' id='word_1_276' title='bbox 1838 3470 2194 3540; x_wconf 76' lang='lat' dir='ltr'><strong>Evangelistae</strong></span> 
     </span>
    </p>
   </div>
   <div class='ocr_carea' id='block_1_37' title="bbox 604 3553 2195 3633">
    <p class='ocr_par' dir='ltr' id='par_1_37' title="bbox 604 3553 2195 3633">
     <span class='ocr_line' id='line_1_37' title="bbox 604 3553 2195 3633; baseline 0.008 -27"><span class='ocrx_word' id='word_1_277' title='bbox 604 3553 910 3607; x_wconf 67' lang='lat' dir='ltr'><strong>coenobium</strong></span> <span class='ocrx_word' id='word_1_278' title='bbox 937 3555 1056 3625; x_wconf 69' lang='grc' dir='ltr'>(εΗ)</span> <span class='ocrx_word' id='word_1_279' title='bbox 1096 3556 1164 3610; x_wconf 90' lang='lat' dir='ltr'><strong>ab</strong></span> <span class='ocrx_word' id='word_1_280' title='bbox 1213 3558 1344 3627; x_wconf 81' lang='lat' dir='ltr'><strong>ipsis</strong></span> <span class='ocrx_word' id='word_1_281' title='bbox 1380 3560 1743 3616; x_wconf 80' lang='lat' dir='ltr'><strong>fundamentis</strong></span> <span class='ocrx_word' id='word_1_282' title='bbox 1774 3562 2032 3633; x_wconf 81' lang='lat' dir='ltr'><strong>religione</strong></span> <span class='ocrx_word' id='word_1_283' title='bbox 2074 3563 2195 3618; x_wconf 85' lang='lat' dir='ltr'><strong>futt-</strong></span> 
     </span>
    </p>
   </div>
   <div class='ocr_carea' id='block_1_38' title="bbox 602 3641 2193 3718">
    <p class='ocr_par' dir='ltr' id='par_1_38' title="bbox 602 3641 2193 3718">
     <span class='ocr_line' id='line_1_38' title="bbox 602 3641 2193 3718; baseline 0.009 -21"><span class='ocrx_word' id='word_1_284' title='bbox 602 3641 786 3707; x_wconf 86' lang='lat' dir='ltr'><strong>davit;</strong></span> <span class='ocrx_word' id='word_1_285' title='bbox 856 3646 1029 3699; x_wconf 76' lang='lat' dir='ltr'><strong>sancti</strong></span> <span class='ocrx_word' id='word_1_286' title='bbox 1086 3662 1303 3718; x_wconf 78' lang='lat' dir='ltr'><strong>quoque</strong></span> <span class='ocrx_word' id='word_1_287' title='bbox 1360 3651 1564 3706; x_wconf 89' lang='lat' dir='ltr'><strong>Bertiui</strong></span> <span class='ocrx_word' id='word_1_288' title='bbox 1626 3653 1954 3709; x_wconf 78' lang='lat' dir='ltr'><strong>confessoris</strong></span> <span class='ocrx_word' id='word_1_289' title='bbox 2017 3655 2193 3711; x_wconf 88' lang='lat' dir='ltr'><strong>cccle-</strong></span> 
     </span>
    </p>
   </div>
   <div class='ocr_carea' id='block_1_39' title="bbox 601 3735 2190 3816">
    <p class='ocr_par' dir='ltr' id='par_1_39' title="bbox 601 3735 2190 3816">
     <span class='ocr_line' id='line_1_39' title="bbox 601 3735 2190 3816; baseline 0.009 -26"><span class='ocrx_word' id='word_1_290' title='bbox 601 3735 736 3790; x_wconf 72' lang='lat' dir='ltr'><strong>tiam</strong></span> <span class='ocrx_word' id='word_1_291' title='bbox 764 3736 883 3807; x_wconf 82' lang='grc'>(95)</span> <span class='ocrx_word' id='word_1_292' title='bbox 910 3753 1031 3793; x_wconf 86' lang='lat' dir='ltr'><strong>cum</strong></span> <span class='ocrx_word' id='word_1_293' title='bbox 1059 3740 1301 3809; x_wconf 85' lang='lat' dir='ltr'><strong>pluribus</strong></span> <span class='ocrx_word' id='word_1_294' title='bbox 1330 3744 1495 3814; x_wconf 90' lang='lat' dir='ltr'><strong>ipsius</strong></span> <span class='ocrx_word' id='word_1_295' title='bbox 1517 3745 1786 3802; x_wconf 70' lang='lat' dir='ltr'><strong>Flandria:</strong></span> <span class='ocrx_word' id='word_1_296' title='bbox 1824 3750 2190 3816; x_wconf 81' lang='lat' dir='ltr'><strong>monasteriis,</strong></span> 
     </span>
    </p>
   </div>
   <div class='ocr_carea' id='block_1_40' title="bbox 601 3826 2193 3906">
    <p class='ocr_par' dir='ltr' id='par_1_40' title="bbox 601 3826 2193 3906">
     <span class='ocr_line' id='line_1_40' title="bbox 601 3826 2193 3906; baseline 0.012 -28"><span class='ocrx_word' id='word_1_297' title='bbox 601 3826 864 3896; x_wconf 78' lang='lat' dir='ltr'><strong>religione</strong></span> <span class='ocrx_word' id='word_1_298' title='bbox 887 3828 1214 3899; x_wconf 73' lang='lat' dir='ltr'><strong>illustravit;</strong></span> <span class='ocrx_word' id='word_1_299' title='bbox 1247 3833 1422 3889; x_wconf 90' lang='lat' dir='ltr'><strong>locum</strong></span> <span class='ocrx_word' id='word_1_300' title='bbox 1449 3838 1616 3890; x_wconf 85' lang='lat' dir='ltr'><strong>etiam</strong></span> <span class='ocrx_word' id='word_1_301' title='bbox 1642 3839 1734 3906; x_wconf 91' lang='lat' dir='ltr'><strong>qui</strong></span> <span class='ocrx_word' id='word_1_302' title='bbox 1762 3839 2058 3896; x_wconf 81' lang='lat' dir='ltr'><strong>Cbaritatis</strong></span> <span class='ocrx_word' id='word_1_303' title='bbox 2094 3844 2193 3897; x_wconf 89' lang='lat' dir='ltr'><strong>ob-</strong></span> 
     </span>
    </p>
   </div>
   <div class='ocr_carea' id='block_1_41' title="bbox 601 3916 2191 3999">
    <p class='ocr_par' dir='ltr' id='par_1_41' title="bbox 601 3916 2191 3999">
     <span class='ocr_line' id='line_1_41' title="bbox 601 3916 2191 3999; baseline 0.012 -30"><span class='ocrx_word' id='word_1_304' title='bbox 601 3916 737 3971; x_wconf 85' lang='lat' dir='ltr'><strong>tinet</strong></span> <span class='ocrx_word' id='word_1_305' title='bbox 777 3934 992 3985; x_wconf 86' lang='lat' dir='ltr'><strong>nomen,</strong></span> <span class='ocrx_word' id='word_1_306' title='bbox 1041 3924 1364 3991; x_wconf 87' lang='lat' dir='ltr'><strong>pervirum,</strong></span> <span class='ocrx_word' id='word_1_307' title='bbox 1417 3926 1681 3983; x_wconf 75' lang='lat' dir='ltr'><strong>mirabilis</strong></span> <span class='ocrx_word' id='word_1_308' title='bbox 1726 3931 1868 3999; x_wconf 82' lang='lat' dir='ltr'><strong>apud</strong></span> <span class='ocrx_word' id='word_1_309' title='bbox 1915 3931 2082 3987; x_wconf 88' lang='lat' dir='ltr'><strong>Deunt</strong></span> <span class='ocrx_word' id='word_1_310' title='bbox 2135 3943 2191 3988; x_wconf 86' lang='lat' dir='ltr'><strong>et</strong></span> 
     </span>
    </p>
   </div>
   <div class='ocr_carea' id='block_1_42' title="bbox 597 4007 2188 4096">
    <p class='ocr_par' dir='ltr' id='par_1_42' title="bbox 597 4007 2188 4096">
     <span class='ocr_line' id='line_1_42' title="bbox 597 4007 2188 4096; baseline 0.011 -33"><span class='ocrx_word' id='word_1_311' title='bbox 597 4007 846 4065; x_wconf 85' lang='lat' dir='ltr'><strong>homines</strong></span> <span class='ocrx_word' id='word_1_312' title='bbox 872 4013 1079 4081; x_wconf 62' lang='lat' dir='ltr'><strong>gratiae,</strong></span> <span class='ocrx_word' id='word_1_313' title='bbox 1104 4014 1408 4072; x_wconf 83' lang='lat' dir='ltr'><strong>Gerardum</strong></span> <span class='ocrx_word' id='word_1_314' title='bbox 1437 4019 1759 4075; x_wconf 87' lang='lat' dir='ltr'><strong>monachum</strong></span> <span class='ocrx_word' id='word_1_315' title='bbox 1788 4038 1945 4076; x_wconf 86' lang='lat' dir='ltr'><strong>suum</strong></span> <span class='ocrx_word' id='word_1_316' title='bbox 1971 4039 2005 4078; x_wconf 89' lang='lat' dir='ltr'><strong>a</strong></span> <span class='ocrx_word' id='word_1_317' title='bbox 2034 4025 2188 4096; x_wconf 88' lang='lat' dir='ltr'><strong>prin-</strong></span> 
     </span>
    </p>
   </div>
   <div class='ocr_carea' id='block_1_43' title="bbox 576 4101 984 4171">
    <p class='ocr_par' dir='ltr' id='par_1_43' title="bbox 576 4101 984 4171">
     <span class='ocr_line' id='line_1_43' title="bbox 576 4101 984 4171; baseline 0.012 -15"><span class='ocrx_word' id='word_1_318' title='bbox 576 4101 740 4171; x_wconf 13' lang='lat' dir='ltr'><strong>rcipio</strong></span> <span class='ocrx_word' id='word_1_319' title='bbox 767 4107 984 4161; x_wconf 78' lang='lat' dir='ltr'><strong>struxit.</strong></span> 
     </span>
    </p>
   </div>
   <div class='ocr_carea' id='block_1_44' title="bbox 672 4194 2189 4279">
    <p class='ocr_par' dir='ltr' id='par_1_44' title="bbox 672 4194 2189 4279">
     <span class='ocr_line' id='line_1_44' title="bbox 672 4194 2189 4279; baseline 0.012 -32"><span class='ocrx_word' id='word_1_320' title='bbox 672 4194 760 4248; x_wconf 75' lang='lat' dir='ltr'><strong>l5.</strong></span> <span class='ocrx_word' id='word_1_321' title='bbox 800 4197 1025 4254; x_wconf 86' lang='lat' dir='ltr'><strong>Parisiis</strong></span> <span class='ocrx_word' id='word_1_322' title='bbox 1048 4201 1330 4257; x_wconf 86' lang='lat' dir='ltr'><strong>ecclesiam</strong></span> <span class='ocrx_word' id='word_1_323' title='bbox 1358 4203 1415 4258; x_wconf 91' lang='lat' dir='ltr'><strong>S.</strong></span> <span class='ocrx_word' id='word_1_324' title='bbox 1443 4203 1682 4270; x_wconf 71' lang='lat' dir='ltr'><strong>Martini,</strong></span> <span class='ocrx_word' id='word_1_325' title='bbox 1711 4222 1833 4278; x_wconf 66' lang='lat' dir='ltr'><strong>quae</strong></span> <span class='ocrx_word' id='word_1_326' title='bbox 1874 4208 1939 4263; x_wconf 90' lang='lat' dir='ltr'><strong>de</strong></span> <span class='ocrx_word' id='word_1_327' title='bbox 1969 4209 2189 4279; x_wconf 86' lang='lat' dir='ltr'><strong>Campis</strong></span> 
     </span>
    </p>
   </div>
   <div class='ocr_carea' id='block_1_45' title="bbox 601 4290 2185 4363">
    <p class='ocr_par' dir='ltr' id='par_1_45' title="bbox 601 4290 2185 4363">
     <span class='ocr_line' id='line_1_45' title="bbox 601 4290 2185 4363; baseline 0.01 -24"><span class='ocrx_word' id='word_1_328' title='bbox 601 4297 969 4354; x_wconf 86' lang='lat' dir='ltr'><strong>nuncupatur,</strong></span> <span class='ocrx_word' id='word_1_329' title='bbox 1017 4290 1081 4345; x_wconf 90' lang='lat' dir='ltr'><strong>de</strong></span> <span class='ocrx_word' id='word_1_330' title='bbox 1111 4294 1412 4348; x_wconf 88' lang='lat' dir='ltr'><strong>canonicali</strong></span> <span class='ocrx_word' id='word_1_331' title='bbox 1461 4298 1677 4363; x_wconf 88' lang='lat' dir='ltr'><strong>ordine,</strong></span> <span class='ocrx_word' id='word_1_332' title='bbox 1726 4300 1777 4352; x_wconf 92' lang='lat' dir='ltr'><strong>in</strong></span> <span class='ocrx_word' id='word_1_333' title='bbox 1825 4302 2185 4357; x_wconf 84' lang='lat' dir='ltr'><strong>monasticam</strong></span> 
     </span>
    </p>
   </div>
   <div class='ocr_carea' id='block_1_46' title="bbox 601 4378 2185 4464">
    <p class='ocr_par' dir='ltr' id='par_1_46' title="bbox 601 4378 2185 4464">
     <span class='ocr_line' id='line_1_46' title="bbox 601 4378 2185 4464; baseline 0.013 -34"><span class='ocrx_word' id='word_1_334' title='bbox 601 4378 883 4433; x_wconf 86' lang='lat' dir='ltr'><strong>transtulit</strong></span> <span class='ocrx_word' id='word_1_335' title='bbox 904 4395 1167 4436; x_wconf 90' lang='lat' dir='ltr'><strong>normam.</strong></span> <span class='ocrx_word' id='word_1_336' title='bbox 1203 4384 1308 4439; x_wconf 90' lang='lat' dir='ltr'><strong>Sed</strong></span> <span class='ocrx_word' id='word_1_337' title='bbox 1337 4402 1435 4441; x_wconf 91' lang='lat' dir='ltr'><strong>cur</strong></span> <span class='ocrx_word' id='word_1_338' title='bbox 1464 4387 1579 4443; x_wconf 87' lang='lat' dir='ltr'><strong>fere</strong></span> <span class='ocrx_word' id='word_1_339' title='bbox 1607 4398 1774 4445; x_wconf 82' lang='lat' dir='ltr'><strong>totum</strong></span> <span class='ocrx_word' id='word_1_340' title='bbox 1803 4392 2036 4447; x_wconf 88' lang='lat' dir='ltr'><strong>Galliam</strong></span> <span class='ocrx_word' id='word_1_341' title='bbox 2058 4410 2185 4464; x_wconf 83' lang='lat' dir='ltr'><strong>per-</strong></span> 
     </span>
    </p>
   </div>
   <div class='ocr_carea' id='block_1_47' title="bbox 2311 538 3759 619">
    <p class='ocr_par' dir='ltr' id='par_1_47' title="bbox 2311 538 3759 619">
     <span class='ocr_line' id='line_1_47' title="bbox 2311 538 3759 619; baseline 0.006 -28"><span class='ocrx_word' id='word_1_342' title='bbox 2311 538 2606 607; x_wconf 72' lang='lat' dir='ltr'><strong>provincia:</strong></span> <span class='ocrx_word' id='word_1_343' title='bbox 2645 538 3123 609; x_wconf 55' lang='lat' dir='ltr'><strong>praetermittenda:</strong></span> <span class='ocrx_word' id='word_1_344' title='bbox 3167 542 3329 596; x_wconf 76' lang='lat' dir='ltr'><strong>sunt?</strong></span> <span class='ocrx_word' id='word_1_345' title='bbox 3356 558 3561 612; x_wconf 85' lang='lat' dir='ltr'><strong>quarum</strong></span> <span class='ocrx_word' id='word_1_346' title='bbox 3590 546 3759 619; x_wconf 70' lang='lat' dir='ltr'><strong>singulas,</strong></span> 
     </span>
    </p>
   </div>
   <div class='ocr_carea' id='block_1_48' title="bbox 2310 628 3763 699">
    <p class='ocr_par' dir='ltr' id='par_1_48' title="bbox 2310 628 3763 699">
     <span class='ocr_line' id='line_1_48' title="bbox 2310 628 3763 699; baseline 0.001 -17"><span class='ocrx_word' id='word_1_347' title='bbox 2310 638 2516 698; x_wconf 90' lang='lat' dir='ltr'><strong>quanto</strong></span> <span class='ocrx_word' id='word_1_348' title='bbox 2546 628 2825 699; x_wconf 88' lang='lat' dir='ltr'><strong>religionis</strong></span> <span class='ocrx_word' id='word_1_349' title='bbox 2870 629 3073 684; x_wconf 83' lang='lat' dir='ltr'><strong>lumine</strong></span> <span class='ocrx_word' id='word_1_350' title='bbox 3106 629 3407 697; x_wconf 80' lang='lat' dir='ltr'><strong>illustrarit,</strong></span> <span class='ocrx_word' id='word_1_351' title='bbox 3448 642 3660 689; x_wconf 72' lang='lat' dir='ltr'><strong>testantur</strong></span> <span class='ocrx_word' id='word_1_352' title='bbox 3694 656 3763 694; x_wconf 56' lang='lat' dir='ltr'><strong>no.</strong></span> 
     </span>
    </p>
   </div>
   <div class='ocr_carea' id='block_1_49' title="bbox 2309 722 3761 795">
    <p class='ocr_par' dir='ltr' id='par_1_49' title="bbox 2309 722 3761 795">
     <span class='ocr_line' id='line_1_49' title="bbox 2309 722 3761 795; baseline 0.005 -18"><span class='ocrx_word' id='word_1_353' title='bbox 2309 723 2569 787; x_wconf 89' lang='lat' dir='ltr'><strong>nasteria,</strong></span> <span class='ocrx_word' id='word_1_354' title='bbox 2593 739 2714 793; x_wconf 65' lang='lat' dir='ltr'><strong>quae</strong></span> <span class='ocrx_word' id='word_1_355' title='bbox 2758 722 3020 793; x_wconf 85' lang='lat' dir='ltr'><strong>pleraque</strong></span> <span class='ocrx_word' id='word_1_356' title='bbox 3058 723 3111 776; x_wconf 91' lang='lat' dir='ltr'><strong>in</strong></span> <span class='ocrx_word' id='word_1_357' title='bbox 3154 724 3253 789; x_wconf 89' lang='lat' dir='ltr'><strong>eis,</strong></span> <span class='ocrx_word' id='word_1_358' title='bbox 3284 722 3367 778; x_wconf 83' lang='lat' dir='ltr'><strong>vel</strong></span> <span class='ocrx_word' id='word_1_359' title='bbox 3412 725 3511 793; x_wconf 89' lang='lat' dir='ltr'><strong>ipse</strong></span> <span class='ocrx_word' id='word_1_360' title='bbox 3539 738 3761 795; x_wconf 72' lang='lat' dir='ltr'><strong>construit.</strong></span> 
     </span>
    </p>
   </div>
   <div class='ocr_carea' id='block_1_50' title="bbox 2307 812 3763 889">
    <p class='ocr_par' dir='ltr' id='par_1_50' title="bbox 2307 812 3763 889">
     <span class='ocr_line' id='line_1_50' title="bbox 2307 812 3763 889; baseline 0.003 -25"><span class='ocrx_word' id='word_1_361' title='bbox 2307 812 2390 866; x_wconf 88' lang='lat' dir='ltr'><strong>vel</strong></span> <span class='ocrx_word' id='word_1_362' title='bbox 2417 812 2483 867; x_wconf 90' lang='lat' dir='ltr'><strong>ad</strong></span> <span class='ocrx_word' id='word_1_363' title='bbox 2516 813 2792 867; x_wconf 89' lang='lat' dir='ltr'><strong>meliorem</strong></span> <span class='ocrx_word' id='word_1_364' title='bbox 2826 821 3025 867; x_wconf 90' lang='lat' dir='ltr'><strong>statum</strong></span> <span class='ocrx_word' id='word_1_365' title='bbox 3058 812 3285 882; x_wconf 89' lang='lat' dir='ltr'><strong>plurima</strong></span> <span class='ocrx_word' id='word_1_366' title='bbox 3334 813 3619 869; x_wconf 74' lang='lat' dir='ltr'><strong>reformavit.</strong></span> <span class='ocrx_word' id='word_1_367' title='bbox 3652 820 3689 871; x_wconf 86' lang='lat' dir='ltr'><strong>lu</strong></span> <span class='ocrx_word' id='word_1_368' title='bbox 3708 838 3763 889; x_wconf 67' lang='lat'><strong>9:-</strong></span> 
     </span>
    </p>
   </div>
   <div class='ocr_carea' id='block_1_51' title="bbox 2310 902 3763 974">
    <p class='ocr_par' dir='ltr' id='par_1_51' title="bbox 2310 902 3763 974">
     <span class='ocr_line' id='line_1_51' title="bbox 2310 902 3763 974; baseline 0.006 -17"><span class='ocrx_word' id='word_1_369' title='bbox 2310 904 2563 959; x_wconf 91' lang='lat' dir='ltr'><strong>trimonio</strong></span> <span class='ocrx_word' id='word_1_370' title='bbox 2594 919 2811 974; x_wconf 90' lang='lat' dir='ltr'><strong>quoque</strong></span> <span class='ocrx_word' id='word_1_371' title='bbox 2847 918 2964 967; x_wconf 91' lang='lat' dir='ltr'><strong>suo,</strong></span> <span class='ocrx_word' id='word_1_372' title='bbox 2998 902 3183 958; x_wconf 83' lang='lat' dir='ltr'><strong>fratris</strong></span> <span class='ocrx_word' id='word_1_373' title='bbox 3227 902 3304 957; x_wconf 89' lang='lat' dir='ltr'><strong>fui</strong></span> <span class='ocrx_word' id='word_1_374' title='bbox 3345 903 3571 960; x_wconf 69' lang='lat' dir='ltr'><strong>Gaufretli</strong></span> <span class='ocrx_word' id='word_1_375' title='bbox 3596 911 3717 962; x_wconf 84' lang='lat' dir='ltr'><strong>studio</strong></span> <span class='ocrx_word' id='word_1_376' title='bbox 3732 925 3763 965; x_wconf 73' lang='lat' dir='ltr'><strong>tt</strong></span> 
     </span>
    </p>
   </div>
   <div class='ocr_carea' id='block_1_52' title="bbox 2308 993 3763 1061">
    <p class='ocr_par' dir='ltr' id='par_1_52' title="bbox 2308 993 3763 1061">
     <span class='ocr_line' id='line_1_52' title="bbox 2308 993 3763 1061; baseline 0.004 -13"><span class='ocrx_word' id='word_1_377' title='bbox 2308 996 2533 1061; x_wconf 78' lang='lat' dir='ltr'><strong>auxilio,</strong></span> <span class='ocrx_word' id='word_1_378' title='bbox 2580 995 3078 1050; x_wconf 91' lang='lat' dir='ltr'><strong>sanctimonialium</strong></span> <span class='ocrx_word' id='word_1_379' title='bbox 3121 993 3438 1049; x_wconf 82' lang='lat' dir='ltr'><strong>feminarum</strong></span> <span class='ocrx_word' id='word_1_380' title='bbox 3466 994 3763 1054; x_wconf 67' lang='lat' dir='ltr'><strong>Marciuiaceusc</strong></span> 
     </span>
    </p>
   </div>
   <div class='ocr_carea' id='block_1_53' title="bbox 2305 1087 3762 1157">
    <p class='ocr_par' dir='ltr' id='par_1_53' title="bbox 2305 1087 3762 1157">
     <span class='ocr_line' id='line_1_53' title="bbox 2305 1087 3762 1157; baseline 0.001 -16"><span class='ocrx_word' id='word_1_381' title='bbox 2305 1087 2552 1142; x_wconf 87' lang='lat' dir='ltr'><strong>fundavit</strong></span> <span class='ocrx_word' id='word_1_382' title='bbox 2577 1087 2883 1142; x_wconf 73' lang='lat' dir='ltr'><strong>emnobium</strong></span> <span class='ocrx_word' id='word_1_383' title='bbox 2907 1104 2923 1151; x_wconf 89' lang='lat'><strong>;</strong></span> <span class='ocrx_word' id='word_1_384' title='bbox 2951 1088 3149 1157; x_wconf 89' lang='lat' dir='ltr'><strong>quibus</strong></span> <span class='ocrx_word' id='word_1_385' title='bbox 3172 1095 3227 1140; x_wconf 90' lang='lat' dir='ltr'><strong>et</strong></span> <span class='ocrx_word' id='word_1_386' title='bbox 3256 1088 3607 1141; x_wconf 69' lang='lat' dir='ltr'><strong>emnobitarum</strong></span> <span class='ocrx_word' id='word_1_387' title='bbox 3627 1101 3762 1143; x_wconf 78' lang='lat' dir='ltr'><strong>etam-</strong></span> 
     </span>
    </p>
   </div>
   <div class='ocr_carea' id='block_1_54' title="bbox 2306 1177 3761 1249">
    <p class='ocr_par' dir='ltr' id='par_1_54' title="bbox 2306 1177 3761 1249">
     <span class='ocr_line' id='line_1_54' title="bbox 2306 1177 3761 1249; baseline -0.002 -14"><span class='ocrx_word' id='word_1_388' title='bbox 2306 1180 2647 1235; x_wconf 85' lang='lat' dir='ltr'><strong>choretarum</strong></span> <span class='ocrx_word' id='word_1_389' title='bbox 2678 1179 2909 1233; x_wconf 81' lang='lat' dir='ltr'><strong>instituit</strong></span> <span class='ocrx_word' id='word_1_390' title='bbox 2942 1179 3139 1248; x_wconf 84' lang='lat' dir='ltr'><strong>legem,</strong></span> <span class='ocrx_word' id='word_1_391' title='bbox 3171 1187 3305 1231; x_wconf 87' lang='lat' dir='ltr'><strong>utet</strong></span> <span class='ocrx_word' id='word_1_392' title='bbox 3332 1177 3610 1232; x_wconf 77' lang='lat' dir='ltr'><strong>obedientiae</strong></span> <span class='ocrx_word' id='word_1_393' title='bbox 3639 1196 3761 1249; x_wconf 79' lang='lat' dir='ltr'><strong>propo-</strong></span> 
     </span>
    </p>
   </div>
   <div class='ocr_carea' id='block_1_55' title="bbox 2305 1270 3763 1341">
    <p class='ocr_par' dir='ltr' id='par_1_55' title="bbox 2305 1270 3763 1341">
     <span class='ocr_line' id='line_1_55' title="bbox 2305 1270 3763 1341; baseline 0.001 -16"><span class='ocrx_word' id='word_1_394' title='bbox 2305 1271 2467 1325; x_wconf 88' lang='lat' dir='ltr'><strong>situm</strong></span> <span class='ocrx_word' id='word_1_395' title='bbox 2515 1270 2860 1337; x_wconf 78' lang='lat' dir='ltr'><strong>zemulentur,</strong></span> <span class='ocrx_word' id='word_1_396' title='bbox 2912 1281 2969 1325; x_wconf 89' lang='lat' dir='ltr'><strong>et</strong></span> <span class='ocrx_word' id='word_1_397' title='bbox 3017 1271 3263 1341; x_wconf 89' lang='lat' dir='ltr'><strong>perpetui</strong></span> <span class='ocrx_word' id='word_1_398' title='bbox 3316 1270 3522 1325; x_wconf 86' lang='lat' dir='ltr'><strong>claustri</strong></span> <span class='ocrx_word' id='word_1_399' title='bbox 3572 1272 3763 1327; x_wconf 67' lang='lat' dir='ltr'><strong>solitudine</strong></span> 
     </span>
    </p>
   </div>
   <div class='ocr_carea' id='block_1_56' title="bbox 2303 1363 3287 1419">
    <p class='ocr_par' dir='ltr' id='par_1_56' title="bbox 2303 1363 3287 1419">
     <span class='ocr_line' id='line_1_56' title="bbox 2303 1363 3287 1419; baseline 0 -3"><span class='ocrx_word' id='word_1_400' title='bbox 2303 1364 2756 1419; x_wconf 88' lang='lat' dir='ltr'><strong>anachoretarum</strong></span> <span class='ocrx_word' id='word_1_401' title='bbox 2783 1363 3065 1418; x_wconf 88' lang='lat' dir='ltr'><strong>imitentur</strong></span> <span class='ocrx_word' id='word_1_402' title='bbox 3098 1364 3287 1417; x_wconf 90' lang='lat' dir='ltr'><strong>vitam.</strong></span> 
     </span>
    </p>
   </div>
   <div class='ocr_carea' id='block_1_57' title="bbox 2906 1518 3286 1576">
    <p class='ocr_par' dir='ltr' id='par_1_57' title="bbox 2906 1518 3286 1576">
     <span class='ocr_line' id='line_1_57' title="bbox 2906 1518 3286 1576; baseline -0.008 0"><span class='ocrx_word' id='word_1_403' title='bbox 2906 1519 3136 1576; x_wconf 83' lang='lat' dir='ltr'><strong>CAPUT</strong></span> <span class='ocrx_word' id='word_1_404' title='bbox 3200 1518 3286 1574; x_wconf 91' lang='lat' dir='ltr'><strong>Ill.</strong></span> 
     </span>
    </p>
   </div>
   <div class='ocr_carea' id='block_1_58' title="bbox 2336 1632 3745 1714">
    <p class='ocr_par' dir='ltr' id='par_1_58' title="bbox 2336 1632 3745 1714">
     <span class='ocr_line' id='line_1_58' title="bbox 2336 1632 3745 1714; baseline -0.001 -27"><span class='ocrx_word' id='word_1_405' title='bbox 2336 1632 2551 1688; x_wconf 83' lang='lat' dir='ltr'><strong>Secreta</strong></span> <span class='ocrx_word' id='word_1_406' title='bbox 2591 1633 2893 1688; x_wconf 83' lang='lat' dir='ltr'><strong>animorum</strong></span> <span class='ocrx_word' id='word_1_407' title='bbox 2915 1635 3165 1714; x_wconf 81' lang='lat' dir='ltr'><strong>cognita,_</strong></span> <span class='ocrx_word' id='word_1_408' title='bbox 3178 1634 3362 1703; x_wconf 81' lang='lat' dir='ltr'><strong>futura</strong></span> <span class='ocrx_word' id='word_1_409' title='bbox 3386 1632 3621 1703; x_wconf 70' lang='lat' dir='ltr'><strong>pra’dicta,</strong></span> <span class='ocrx_word' id='word_1_410' title='bbox 3639 1633 3745 1687; x_wconf 75' lang='lat' dir='ltr'><strong>uarii</strong></span> 
     </span>
    </p>
   </div>
   <div class='ocr_carea' id='block_1_59' title="bbox 2994 1714 3185 1757">
    <p class='ocr_par' dir='ltr' id='par_1_59' title="bbox 2994 1714 3185 1757">
     <span class='ocr_line' id='line_1_59' title="bbox 2994 1714 3185 1757; baseline -0.005 0"><span class='ocrx_word' id='word_1_411' title='bbox 2994 1714 3185 1757; x_wconf 78' lang='lat' dir='ltr'><strong>curati.</strong></span> 
     </span>
    </p>
   </div>
   <div class='ocr_carea' id='block_1_60' title="bbox 2374 1815 3764 1888">
    <p class='ocr_par' dir='ltr' id='par_1_60' title="bbox 2374 1815 3764 1888">
     <span class='ocr_line' id='line_1_60' title="bbox 2374 1815 3764 1888; baseline 0.002 -19"><span class='ocrx_word' id='word_1_412' title='bbox 2374 1816 2463 1871; x_wconf 81' lang='grc'>16.</span> <span class='ocrx_word' id='word_1_413' title='bbox 2505 1816 2649 1871; x_wconf 88' lang='lat' dir='ltr'><strong>Inter</strong></span> <span class='ocrx_word' id='word_1_414' title='bbox 2698 1824 2775 1871; x_wconf 91' lang='lat' dir='ltr'><strong>tot</strong></span> <span class='ocrx_word' id='word_1_415' title='bbox 2826 1817 3127 1887; x_wconf 86' lang='lat' dir='ltr'><strong>gratiarum</strong></span> <span class='ocrx_word' id='word_1_416' title='bbox 3167 1815 3336 1883; x_wconf 90' lang='lat' dir='ltr'><strong>dona,</strong></span> <span class='ocrx_word' id='word_1_417' title='bbox 3363 1817 3616 1888; x_wconf 65' lang='lat' dir='ltr'><strong>prophetia</strong></span> <span class='ocrx_word' id='word_1_418' title='bbox 3633 1832 3764 1886; x_wconf 64' lang='lat' dir='ltr'><strong>quinte</strong></span> 
     </span>
    </p>
   </div>
   <div class='ocr_carea' id='block_1_61' title="bbox 2303 1910 3763 1980">
    <p class='ocr_par' dir='ltr' id='par_1_61' title="bbox 2303 1910 3763 1980">
     <span class='ocr_line' id='line_1_61' title="bbox 2303 1910 3763 1980; baseline -0.004 -15"><span class='ocrx_word' id='word_1_419' title='bbox 2303 1910 2510 1980; x_wconf 88' lang='lat' dir='ltr'><strong>Spiritu</strong></span> <span class='ocrx_word' id='word_1_420' title='bbox 2553 1912 2637 1964; x_wconf 89' lang='lat' dir='ltr'><strong>vir</strong></span> <span class='ocrx_word' id='word_1_421' title='bbox 2667 1910 3044 1965; x_wconf 88' lang='lat' dir='ltr'><strong>sanctissimus</strong></span> <span class='ocrx_word' id='word_1_422' title='bbox 3075 1925 3180 1965; x_wconf 89' lang='lat' dir='ltr'><strong>non</strong></span> <span class='ocrx_word' id='word_1_423' title='bbox 3208 1912 3444 1969; x_wconf 84' lang='lat' dir='ltr'><strong>carebat.</strong></span> <span class='ocrx_word' id='word_1_424' title='bbox 3473 1926 3563 1979; x_wconf 88' lang='lat' dir='ltr'><strong>quo</strong></span> <span class='ocrx_word' id='word_1_425' title='bbox 3589 1912 3763 1963; x_wconf 77' lang='lat' dir='ltr'><strong>interdum</strong></span> 
     </span>
    </p>
   </div>
   <div class='ocr_carea' id='block_1_62' title="bbox 2301 2000 3763 2061">
    <p class='ocr_par' dir='ltr' id='par_1_62' title="bbox 2301 2000 3763 2061">
     <span class='ocr_line' id='line_1_62' title="bbox 2301 2000 3763 2061; baseline -0.003 -5"><span class='ocrx_word' id='word_1_426' title='bbox 2301 2002 2354 2056; x_wconf 84' lang='lat' dir='ltr'><strong>iit</strong></span> <span class='ocrx_word' id='word_1_427' title='bbox 2381 2001 2754 2056; x_wconf 88' lang='lat' dir='ltr'><strong>discernendis</strong></span> <span class='ocrx_word' id='word_1_428' title='bbox 2778 2000 3147 2056; x_wconf 87' lang='lat' dir='ltr'><strong>voluntatibus</strong></span> <span class='ocrx_word' id='word_1_429' title='bbox 3175 2010 3232 2053; x_wconf 91' lang='lat' dir='ltr'><strong>et</strong></span> <span class='ocrx_word' id='word_1_430' title='bbox 3261 2000 3450 2054; x_wconf 89' lang='lat' dir='ltr'><strong>animis</strong></span> <span class='ocrx_word' id='word_1_431' title='bbox 3470 2000 3763 2061; x_wconf 54' lang='lat' dir='ltr'><strong>imminutam</strong></span> 
     </span>
    </p>
   </div>
   <div class='ocr_carea' id='block_1_63' title="bbox 2300 2090 3762 2163">
    <p class='ocr_par' dir='ltr' id='par_1_63' title="bbox 2300 2090 3762 2163">
     <span class='ocr_line' id='line_1_63' title="bbox 2300 2090 3762 2163; baseline -0.005 -17"><span class='ocrx_word' id='word_1_432' title='bbox 2300 2093 2533 2163; x_wconf 86' lang='lat' dir='ltr'><strong>pollebat</strong></span> <span class='ocrx_word' id='word_1_433' title='bbox 2584 2093 2754 2163; x_wconf 85' lang='lat' dir='ltr'><strong>gratia</strong></span> <span class='ocrx_word' id='word_1_434' title='bbox 2808 2100 2866 2145; x_wconf 91' lang='lat' dir='ltr'><strong>ut</strong></span> <span class='ocrx_word' id='word_1_435' title='bbox 2915 2107 3060 2160; x_wconf 67' lang='lat' dir='ltr'><strong>saepe</strong></span> <span class='ocrx_word' id='word_1_436' title='bbox 3113 2106 3300 2146; x_wconf 89' lang='lat' dir='ltr'><strong>mores</strong></span> <span class='ocrx_word' id='word_1_437' title='bbox 3329 2107 3391 2147; x_wconf 87' lang='lat' dir='ltr'><strong>ac</strong></span> <span class='ocrx_word' id='word_1_438' title='bbox 3427 2090 3616 2145; x_wconf 76' lang='lat' dir='ltr'><strong>allectus</strong></span> <span class='ocrx_word' id='word_1_439' title='bbox 3645 2106 3762 2144; x_wconf 74' lang='lat' dir='ltr'><strong>eorum</strong></span> 
     </span>
    </p>
   </div>
   <div class='ocr_carea' id='block_1_64' title="bbox 2300 2182 3763 2253">
    <p class='ocr_par' dir='ltr' id='par_1_64' title="bbox 2300 2182 3763 2253">
     <span class='ocr_line' id='line_1_64' title="bbox 2300 2182 3763 2253; baseline -0.003 -17"><span class='ocrx_word' id='word_1_440' title='bbox 2300 2183 2638 2253; x_wconf 67' lang='lat' dir='ltr'><strong>praediceret.</strong></span> <span class='ocrx_word' id='word_1_441' title='bbox 2673 2182 2825 2238; x_wconf 82' lang='lat' dir='ltr'><strong>Unde</strong></span> <span class='ocrx_word' id='word_1_442' title='bbox 2854 2182 3053 2237; x_wconf 89' lang='lat' dir='ltr'><strong>accidit</strong></span> <span class='ocrx_word' id='word_1_443' title='bbox 3092 2192 3174 2245; x_wconf 89' lang='lat' dir='ltr'><strong>ut,</strong></span> <span class='ocrx_word' id='word_1_444' title='bbox 3212 2183 3445 2253; x_wconf 85' lang='lat' dir='ltr'><strong>quodam</strong></span> <span class='ocrx_word' id='word_1_445' title='bbox 3471 2192 3763 2251; x_wconf 66' lang='lat' dir='ltr'><strong>temperem:</strong></span> 
     </span>
    </p>
   </div>
   <div class='ocr_carea' id='block_1_65' title="bbox 2300 2273 3765 2345">
    <p class='ocr_par' dir='ltr' id='par_1_65' title="bbox 2300 2273 3765 2345">
     <span class='ocr_line' id='line_1_65' title="bbox 2300 2273 3765 2345; baseline -0.007 -13"><span class='ocrx_word' id='word_1_446' title='bbox 2300 2277 2466 2332; x_wconf 86' lang='lat' dir='ltr'><strong>cellas</strong></span> <span class='ocrx_word' id='word_1_447' title='bbox 2497 2291 2622 2332; x_wconf 88' lang='lat' dir='ltr'><strong>suas</strong></span> <span class='ocrx_word' id='word_1_448' title='bbox 2655 2274 3034 2345; x_wconf 86' lang='lat' dir='ltr'><strong>perlustrando</strong></span> <span class='ocrx_word' id='word_1_449' title='bbox 3065 2274 3318 2331; x_wconf 83' lang='lat' dir='ltr'><strong>visitaret</strong></span> <span class='ocrx_word' id='word_1_450' title='bbox 3355 2285 3407 2330; x_wconf 91' lang='lat' dir='ltr'><strong>et</strong></span> <span class='ocrx_word' id='word_1_451' title='bbox 3431 2276 3491 2329; x_wconf 86' lang='lat' dir='ltr'><strong>ad</strong></span> <span class='ocrx_word' id='word_1_452' title='bbox 3514 2274 3650 2327; x_wconf 86' lang='lat' dir='ltr'><strong>locum</strong></span> <span class='ocrx_word' id='word_1_453' title='bbox 3678 2273 3765 2327; x_wconf 61' lang='grc' dir='ltr'><strong>(ἔξιθι</strong></span> 
     </span>
    </p>
   </div>
   <div class='ocr_carea' id='block_1_66' title="bbox 2300 2360 3765 2436">
    <p class='ocr_par' dir='ltr' id='par_1_66' title="bbox 2300 2360 3765 2436">
     <span class='ocr_line' id='line_1_66' title="bbox 2300 2360 3765 2436; baseline -0.007 -14"><span class='ocrx_word' id='word_1_454' title='bbox 2300 2367 2481 2422; x_wconf 90' lang='lat' dir='ltr'><strong>ritatis</strong></span> <span class='ocrx_word' id='word_1_455' title='bbox 2511 2368 2768 2432; x_wconf 82' lang='lat' dir='ltr'><strong>venisset,</strong></span> <span class='ocrx_word' id='word_1_456' title='bbox 2801 2367 2944 2420; x_wconf 90' lang='lat' dir='ltr'><strong>inter</strong></span> <span class='ocrx_word' id='word_1_457' title='bbox 2974 2365 3108 2420; x_wconf 91' lang='lat' dir='ltr'><strong>alios</strong></span> <span class='ocrx_word' id='word_1_458' title='bbox 3138 2364 3362 2431; x_wconf 81' lang='lat' dir='ltr'><strong>fratres,</strong></span> <span class='ocrx_word' id='word_1_459' title='bbox 3388 2379 3536 2418; x_wconf 86' lang='lat' dir='ltr'><strong>unum</strong></span> <span class='ocrx_word' id='word_1_460' title='bbox 3563 2362 3624 2436; x_wconf 63' lang='lat' dir='ltr'><strong>ab</strong></span> <span class='ocrx_word' id='word_1_461' title='bbox 3652 2360 3765 2416; x_wconf 75' lang='lat' dir='ltr'><strong>osculo</strong></span> 
     </span>
    </p>
   </div>
   <div class='ocr_carea' id='block_1_67' title="bbox 2296 2453 3764 2527">
    <p class='ocr_par' dir='ltr' id='par_1_67' title="bbox 2296 2453 3764 2527">
     <span class='ocr_line' id='line_1_67' title="bbox 2296 2453 3764 2527; baseline -0.007 -14"><span class='ocrx_word' id='word_1_462' title='bbox 2296 2459 2625 2527; x_wconf 87' lang='lat' dir='ltr'><strong>repudiaret.</strong></span> <span class='ocrx_word' id='word_1_463' title='bbox 2672 2455 2986 2526; x_wconf 79' lang='lat' dir='ltr'><strong>Requisitus</strong></span> <span class='ocrx_word' id='word_1_464' title='bbox 3008 2456 3074 2510; x_wconf 91' lang='lat' dir='ltr'><strong>de</strong></span> <span class='ocrx_word' id='word_1_465' title='bbox 3098 2470 3295 2521; x_wconf 85' lang='lat' dir='ltr'><strong>causa,</strong></span> <span class='ocrx_word' id='word_1_466' title='bbox 3324 2455 3584 2525; x_wconf 87' lang='lat' dir='ltr'><strong>malignum</strong></span> <span class='ocrx_word' id='word_1_467' title='bbox 3607 2453 3764 2521; x_wconf 72' lang='lat' dir='ltr'><strong>spiritali</strong></span> 
     </span>
    </p>
   </div>
   <div class='ocr_carea' id='block_1_68' title="bbox 2297 2542 3767 2618">
    <p class='ocr_par' dir='ltr' id='par_1_68' title="bbox 2297 2542 3767 2618">
     <span class='ocr_line' id='line_1_68' title="bbox 2297 2542 3767 2618; baseline -0.01 -12"><span class='ocrx_word' id='word_1_468' title='bbox 2297 2550 2350 2606; x_wconf 91' lang='lat' dir='ltr'><strong>in</strong></span> <span class='ocrx_word' id='word_1_469' title='bbox 2390 2566 2455 2606; x_wconf 90' lang='lat' dir='ltr'><strong>eo</strong></span> <span class='ocrx_word' id='word_1_470' title='bbox 2509 2549 2901 2604; x_wconf 88' lang='lat' dir='ltr'><strong>habitationem</strong></span> <span class='ocrx_word' id='word_1_471' title='bbox 2949 2547 3149 2603; x_wconf 90' lang='lat' dir='ltr'><strong>habere</strong></span> <span class='ocrx_word' id='word_1_472' title='bbox 3203 2547 3495 2618; x_wconf 86' lang='lat' dir='ltr'><strong>respondit.</strong></span> <span class='ocrx_word' id='word_1_473' title='bbox 3547 2542 3767 2612; x_wconf 76' lang='lat' dir='ltr'><strong>Stupebctis</strong></span> 
     </span>
    </p>
   </div>
   <div class='ocr_carea' id='block_1_69' title="bbox 2296 2633 3766 2712">
    <p class='ocr_par' dir='ltr' id='par_1_69' title="bbox 2296 2633 3766 2712">
     <span class='ocr_line' id='line_1_69' title="bbox 2296 2633 3766 2712; baseline -0.007 -16"><span class='ocrx_word' id='word_1_474' title='bbox 2296 2644 2387 2711; x_wconf 89' lang='lat' dir='ltr'><strong>qui</strong></span> <span class='ocrx_word' id='word_1_475' title='bbox 2421 2643 2667 2708; x_wconf 85' lang='lat' dir='ltr'><strong>aderant,</strong></span> <span class='ocrx_word' id='word_1_476' title='bbox 2715 2642 3088 2712; x_wconf 84' lang='lat' dir='ltr'><strong>interrogatur</strong></span> <span class='ocrx_word' id='word_1_477' title='bbox 3117 2641 3293 2694; x_wconf 87' lang='lat' dir='ltr'><strong>miser</strong></span> <span class='ocrx_word' id='word_1_478' title='bbox 3319 2641 3384 2695; x_wconf 91' lang='lat' dir='ltr'><strong>de</strong></span> <span class='ocrx_word' id='word_1_479' title='bbox 3428 2637 3700 2698; x_wconf 78' lang='lat' dir='ltr'><strong>conscientia,</strong></span> <span class='ocrx_word' id='word_1_480' title='bbox 3715 2633 3766 2699; x_wconf 79' lang='lat' dir='ltr'><strong>qui</strong></span> 
     </span>
    </p>
   </div>
   <div class='ocr_carea' id='block_1_70' title="bbox 2299 2722 3766 2791">
    <p class='ocr_par' dir='ltr' id='par_1_70' title="bbox 2299 2722 3766 2791">
     <span class='ocr_line' id='line_1_70' title="bbox 2299 2722 3766 2791; baseline -0.012 -1"><span class='ocrx_word' id='word_1_481' title='bbox 2299 2750 2427 2790; x_wconf 86' lang='lat' dir='ltr'><strong>mox</strong></span> <span class='ocrx_word' id='word_1_482' title='bbox 2454 2736 2744 2790; x_wconf 87' lang='lat' dir='ltr'><strong>conlitetur</strong></span> <span class='ocrx_word' id='word_1_483' title='bbox 2766 2748 2826 2788; x_wconf 88' lang='lat' dir='ltr'><strong>se</strong></span> <span class='ocrx_word' id='word_1_484' title='bbox 2854 2734 2973 2787; x_wconf 88' lang='lat' dir='ltr'><strong>sine</strong></span> <span class='ocrx_word' id='word_1_485' title='bbox 2999 2731 3326 2786; x_wconf 82' lang='lat' dir='ltr'><strong>sacerdotali</strong></span> <span class='ocrx_word' id='word_1_486' title='bbox 3347 2731 3523 2785; x_wconf 87' lang='lat' dir='ltr'><strong>ordine</strong></span> <span class='ocrx_word' id='word_1_487' title='bbox 3542 2722 3766 2791; x_wconf 62' lang='lat' dir='ltr'><strong>tulissemus</strong></span> 
     </span>
    </p>
   </div>
   <div class='ocr_carea' id='block_1_71' title="bbox 2294 2814 3763 2891">
    <p class='ocr_par' dir='ltr' id='par_1_71' title="bbox 2294 2814 3763 2891">
     <span class='ocr_line' id='line_1_71' title="bbox 2294 2814 3763 2891; baseline -0.011 -11"><span class='ocrx_word' id='word_1_488' title='bbox 2294 2825 2635 2891; x_wconf 85' lang='lat' dir='ltr'><strong>celebrasse,</strong></span> <span class='ocrx_word' id='word_1_489' title='bbox 2684 2823 3082 2879; x_wconf 87' lang='lat' dir='ltr'><strong>confessionem</strong></span> <span class='ocrx_word' id='word_1_490' title='bbox 3138 2832 3193 2876; x_wconf 92' lang='lat' dir='ltr'><strong>et</strong></span> <span class='ocrx_word' id='word_1_491' title='bbox 3261 2820 3601 2891; x_wconf 75' lang='lat' dir='ltr'><strong>pteuitentiam</strong></span> <span class='ocrx_word' id='word_1_492' title='bbox 3636 2814 3763 2869; x_wconf 76' lang='lat' dir='ltr'><strong>nullm</strong></span> 
     </span>
    </p>
   </div>
   <div class='ocr_carea' id='block_1_72' title="bbox 2297 2904 3765 2985">
    <p class='ocr_par' dir='ltr' id='par_1_72' title="bbox 2297 2904 3765 2985">
     <span class='ocr_line' id='line_1_72' title="bbox 2297 2904 3765 2985; baseline -0.007 -14"><span class='ocrx_word' id='word_1_493' title='bbox 2297 2932 2416 2971; x_wconf 88' lang='lat' dir='ltr'><strong>sese</strong></span> <span class='ocrx_word' id='word_1_494' title='bbox 2442 2916 2770 2985; x_wconf 83' lang='lat' dir='ltr'><strong>suscepisse,</strong></span> <span class='ocrx_word' id='word_1_495' title='bbox 2799 2923 2855 2969; x_wconf 88' lang='lat' dir='ltr'><strong>et</strong></span> <span class='ocrx_word' id='word_1_496' title='bbox 2903 2912 3081 2967; x_wconf 88' lang='lat' dir='ltr'><strong>adhuc</strong></span> <span class='ocrx_word' id='word_1_497' title='bbox 3115 2913 3170 2966; x_wconf 90' lang='lat' dir='ltr'><strong>in</strong></span> <span class='ocrx_word' id='word_1_498' title='bbox 3200 2912 3410 2967; x_wconf 85' lang='lat' dir='ltr'><strong>scelere</strong></span> <span class='ocrx_word' id='word_1_499' title='bbox 3447 2913 3546 2980; x_wconf 90' lang='lat' dir='ltr'><strong>ipso</strong></span> <span class='ocrx_word' id='word_1_500' title='bbox 3570 2921 3616 2961; x_wconf 88' lang='lat' dir='ltr'><strong>se</strong></span> <span class='ocrx_word' id='word_1_501' title='bbox 3643 2904 3765 2974; x_wconf 61' lang='lat' dir='ltr'><strong>perviu-</strong></span> 
     </span>
    </p>
   </div>
   <div class='ocr_carea' id='block_1_73' title="bbox 2296 2996 3765 3074">
    <p class='ocr_par' dir='ltr' id='par_1_73' title="bbox 2296 2996 3765 3074">
     <span class='ocr_line' id='line_1_73' title="bbox 2296 2996 3765 3074; baseline -0.009 -12"><span class='ocrx_word' id='word_1_502' title='bbox 2296 3023 2452 3072; x_wconf 87' lang='lat' dir='ltr'><strong>rare;</strong></span> <span class='ocrx_word' id='word_1_503' title='bbox 2486 3007 2580 3061; x_wconf 91' lang='lat' dir='ltr'><strong>sed</strong></span> <span class='ocrx_word' id='word_1_504' title='bbox 2602 3021 2726 3060; x_wconf 90' lang='lat' dir='ltr'><strong>cum</strong></span> <span class='ocrx_word' id='word_1_505' title='bbox 2755 3005 3030 3060; x_wconf 83' lang='lat' dir='ltr'><strong>debuisset</strong></span> <span class='ocrx_word' id='word_1_506' title='bbox 3057 3004 3355 3074; x_wconf 60' lang='lat' dir='ltr'><strong>paenitere,</strong></span> <span class='ocrx_word' id='word_1_507' title='bbox 3381 3012 3547 3073; x_wconf 88' lang='lat' dir='ltr'><strong>postea</strong></span> <span class='ocrx_word' id='word_1_508' title='bbox 3574 2996 3765 3066; x_wconf 63' lang='lat' dir='ltr'><strong>fugitiuus</strong></span> 
     </span>
    </p>
   </div>
   <div class='ocr_carea' id='block_1_74' title="bbox 2298 3087 3762 3169">
    <p class='ocr_par' dir='ltr' id='par_1_74' title="bbox 2298 3087 3762 3169">
     <span class='ocr_line' id='line_1_74' title="bbox 2298 3087 3762 3169; baseline -0.009 -17"><span class='ocrx_word' id='word_1_509' title='bbox 2298 3111 2461 3168; x_wconf 89' lang='lat' dir='ltr'><strong>atque</strong></span> <span class='ocrx_word' id='word_1_510' title='bbox 2488 3099 2759 3169; x_wconf 88' lang='lat' dir='ltr'><strong>pessimus</strong></span> <span class='ocrx_word' id='word_1_511' title='bbox 2787 3097 2985 3151; x_wconf 89' lang='lat' dir='ltr'><strong>evasit.</strong></span> <span class='ocrx_word' id='word_1_512' title='bbox 3012 3096 3105 3151; x_wconf 87' lang='lat' dir='ltr'><strong>Sic</strong></span> <span class='ocrx_word' id='word_1_513' title='bbox 3139 3112 3361 3166; x_wconf 90' lang='lat' dir='ltr'><strong>quoque</strong></span> <span class='ocrx_word' id='word_1_514' title='bbox 3388 3092 3515 3164; x_wconf 87' lang='lat' dir='ltr'><strong>apud</strong></span> <span class='ocrx_word' id='word_1_515' title='bbox 3541 3087 3762 3145; x_wconf 64' lang='lat' dir='ltr'><strong>Aventicum</strong></span> 
     </span>
    </p>
   </div>
   <div class='ocr_carea' id='block_1_75' title="bbox 2299 3178 3764 3271">
    <p class='ocr_par' dir='ltr' id='par_1_75' title="bbox 2299 3178 3764 3271">
     <span class='ocr_line' id='line_1_75' title="bbox 2299 3178 3764 3271; baseline -0.01 -26"><span class='ocrx_word' id='word_1_516' title='bbox 2299 3191 2509 3254; x_wconf 90' lang='lat' dir='ltr'><strong>urbem,</strong></span> <span class='ocrx_word' id='word_1_517' title='bbox 2539 3190 2667 3244; x_wconf 89' lang='lat' dir='ltr'><strong>dum</strong></span> <span class='ocrx_word' id='word_1_518' title='bbox 2699 3190 2934 3259; x_wconf 86' lang='lat' dir='ltr'><strong>quadam</strong></span> <span class='ocrx_word' id='word_1_519' title='bbox 2957 3189 3046 3243; x_wconf 88' lang='lat' dir='ltr'><strong>die</strong></span> <span class='ocrx_word' id='word_1_520' title='bbox 3074 3189 3142 3243; x_wconf 89' lang='lat' dir='ltr'><strong>ab</strong></span> <span class='ocrx_word' id='word_1_521' title='bbox 3173 3203 3244 3245; x_wconf 83' lang='lat' dir='ltr'><strong>eo</strong></span> <span class='ocrx_word' id='word_1_522' title='bbox 3268 3188 3481 3258; x_wconf 88' lang='lat' dir='ltr'><strong>quidam</strong></span> <span class='ocrx_word' id='word_1_523' title='bbox 3517 3182 3665 3238; x_wconf 76' lang='lat' dir='ltr'><strong>debilis</strong></span> <span class='ocrx_word' id='word_1_524' title='bbox 3680 3178 3764 3271; x_wconf 58' lang='lat' dir='ltr'><strong>eice:</strong></span> 
     </span>
    </p>
   </div>
   <div class='ocr_carea' id='block_1_76' title="bbox 2299 3266 3764 3352">
    <p class='ocr_par' dir='ltr' id='par_1_76' title="bbox 2299 3266 3764 3352">
     <span class='ocr_line' id='line_1_76' title="bbox 2299 3266 3764 3352; baseline -0.002 -17"><span class='ocrx_word' id='word_1_525' title='bbox 2299 3296 2582 3352; x_wconf 77' lang='lat' dir='ltr'><strong>niosynam</strong></span> <span class='ocrx_word' id='word_1_526' title='bbox 2614 3279 2903 3349; x_wconf 83' lang='lat' dir='ltr'><strong>ﬂagitaret,</strong></span> <span class='ocrx_word' id='word_1_527' title='bbox 2931 3281 3015 3334; x_wconf 90' lang='lat' dir='ltr'><strong>vir</strong></span> <span class='ocrx_word' id='word_1_528' title='bbox 3064 3279 3160 3335; x_wconf 90' lang='lat' dir='ltr'><strong>Dei</strong></span> <span class='ocrx_word' id='word_1_529' title='bbox 3214 3281 3469 3335; x_wconf 86' lang='lat' dir='ltr'><strong>miserum</strong></span> <span class='ocrx_word' id='word_1_530' title='bbox 3501 3274 3686 3331; x_wconf 53' lang='lat' dir='ltr'><strong>intuitus,</strong></span> <span class='ocrx_word' id='word_1_531' title='bbox 3710 3266 3764 3317; x_wconf 73' lang='grc' dir='ltr'><strong>ι²¹ί</strong></span> 
     </span>
    </p>
   </div>
   <div class='ocr_carea' id='block_1_77' title="bbox 2297 3369 3765 3459">
    <p class='ocr_par' dir='ltr' id='par_1_77' title="bbox 2297 3369 3765 3459">
     <span class='ocr_line' id='line_1_77' title="bbox 2297 3369 3765 3459; baseline -0.008 -27"><span class='ocrx_word' id='word_1_532' title='bbox 2297 3377 2472 3433; x_wconf 87' lang='lat' dir='ltr'><strong>fertur</strong></span> <span class='ocrx_word' id='word_1_533' title='bbox 2513 3392 2637 3432; x_wconf 90' lang='lat' dir='ltr'><strong>eum</strong></span> <span class='ocrx_word' id='word_1_534' title='bbox 2687 3376 3009 3432; x_wconf 89' lang='lat' dir='ltr'><strong>convenisse</strong></span> <span class='ocrx_word' id='word_1_535' title='bbox 3056 3390 3369 3445; x_wconf 88' lang='lat' dir='ltr'><strong>responso:</strong></span> <span class='ocrx_word' id='word_1_536' title='bbox 3423 3392 3439 3423; x_wconf 76' lang='grc' dir='ltr'>ι</span> <span class='ocrx_word' id='word_1_537' title='bbox 3474 3369 3765 3459; x_wconf 63' lang='lat' dir='ltr'><strong>Eleemasyvtl</strong></span> 
     </span>
    </p>
   </div>
   <div class='ocr_carea' id='block_1_78' title="bbox 2296 3457 3765 3550">
    <p class='ocr_par' dir='ltr' id='par_1_78' title="bbox 2296 3457 3765 3550">
     <span class='ocr_line' id='line_1_78' title="bbox 2296 3457 3765 3550; baseline -0.012 -26"><span class='ocrx_word' id='word_1_538' title='bbox 2296 3469 2516 3540; x_wconf 77' lang='lat' dir='ltr'><strong>quidem</strong></span> <span class='ocrx_word' id='word_1_539' title='bbox 2569 3482 2669 3537; x_wconf 87' lang='lat' dir='ltr'><strong>pro</strong></span> <span class='ocrx_word' id='word_1_540' title='bbox 2725 3466 2966 3533; x_wconf 77' lang='lat' dir='ltr'><strong>Christo,</strong></span> <span class='ocrx_word' id='word_1_541' title='bbox 3027 3481 3187 3535; x_wconf 87' lang='lat' dir='ltr'><strong>quem</strong></span> <span class='ocrx_word' id='word_1_542' title='bbox 3252 3463 3549 3537; x_wconf 64' lang='lat' dir='ltr'><strong>praetendis,</strong></span> <span class='ocrx_word' id='word_1_543' title='bbox 3596 3457 3666 3550; x_wconf 70' lang='lat' dir='ltr'><strong>tibi</strong></span> <span class='ocrx_word' id='word_1_544' title='bbox 3710 3457 3765 3550; x_wconf 67' lang='lat' dir='ltr'><strong>iti-</strong></span> 
     </span>
    </p>
   </div>
   <div class='ocr_carea' id='block_1_79' title="bbox 2294 3545 3761 3647">
    <p class='ocr_par' dir='ltr' id='par_1_79' title="bbox 2294 3545 3761 3647">
     <span class='ocr_line' id='line_1_79' title="bbox 2294 3545 3761 3647; baseline -0.012 -33"><span class='ocrx_word' id='word_1_545' title='bbox 2294 3560 2512 3629; x_wconf 86' lang='lat' dir='ltr'><strong>pendo;</strong></span> <span class='ocrx_word' id='word_1_546' title='bbox 2563 3559 2659 3613; x_wconf 86' lang='lat' dir='ltr'><strong>sed</strong></span> <span class='ocrx_word' id='word_1_547' title='bbox 2710 3567 2801 3613; x_wconf 87' lang='lat' dir='ltr'><strong>tua</strong></span> <span class='ocrx_word' id='word_1_548' title='bbox 2870 3558 2982 3612; x_wconf 88' lang='lat' dir='ltr'><strong>vita</strong></span> <span class='ocrx_word' id='word_1_549' title='bbox 3033 3558 3193 3628; x_wconf 83' lang='lat' dir='ltr'><strong>plena</strong></span> <span class='ocrx_word' id='word_1_550' title='bbox 3243 3556 3499 3612; x_wconf 80' lang='lat' dir='ltr'><strong>ebrietate</strong></span> <span class='ocrx_word' id='word_1_551' title='bbox 3549 3560 3592 3605; x_wconf 87' lang='lat' dir='ltr'><strong>et</strong></span> <span class='ocrx_word' id='word_1_552' title='bbox 3628 3545 3761 3647; x_wconf 72' lang='lat' dir='ltr'><strong>luxuria</strong></span> 
     </span>
    </p>
   </div>
   <div class='ocr_carea' id='block_1_80' title="bbox 2298 3648 3761 3720">
    <p class='ocr_par' dir='ltr' id='par_1_80' title="bbox 2298 3648 3761 3720">
     <span class='ocr_line' id='line_1_80' title="bbox 2298 3648 3761 3720; baseline -0.013 -17"><span class='ocrx_word' id='word_1_553' title='bbox 2298 3649 2399 3719; x_wconf 90' lang='lat' dir='ltr'><strong>ipsi</strong></span> <span class='ocrx_word' id='word_1_554' title='bbox 2434 3648 2721 3720; x_wconf 86' lang='lat' dir='ltr'><strong>displicet;</strong></span> <span class='ocrx_word' id='word_1_555' title='bbox 2760 3648 2915 3719; x_wconf 86' lang='lat' dir='ltr'><strong>cujus</strong></span> <span class='ocrx_word' id='word_1_556' title='bbox 2956 3658 3009 3702; x_wconf 89' lang='lat' dir='ltr'><strong>te</strong></span> <span class='ocrx_word' id='word_1_557' title='bbox 3049 3662 3346 3718; x_wconf 84' lang='lat' dir='ltr'><strong>pauperem</strong></span> <span class='ocrx_word' id='word_1_558' title='bbox 3373 3660 3486 3702; x_wconf 85' lang='lat' dir='ltr'><strong>esse</strong></span> <span class='ocrx_word' id='word_1_559' title='bbox 3535 3648 3761 3696; x_wconf 61' lang='lat' dir='ltr'><strong>uicatim.»</strong></span> 
     </span>
    </p>
   </div>
   <div class='ocr_carea' id='block_1_81' title="bbox 2293 3730 3764 3827">
    <p class='ocr_par' dir='ltr' id='par_1_81' title="bbox 2293 3730 3764 3827">
     <span class='ocr_line' id='line_1_81' title="bbox 2293 3730 3764 3827; baseline -0.012 -30"><span class='ocrx_word' id='word_1_560' title='bbox 2293 3742 2550 3799; x_wconf 88' lang='lat' dir='ltr'><strong>Protinus</strong></span> <span class='ocrx_word' id='word_1_561' title='bbox 2571 3757 2761 3798; x_wconf 89' lang='lat' dir='ltr'><strong>omnes</strong></span> <span class='ocrx_word' id='word_1_562' title='bbox 2790 3743 2883 3812; x_wconf 91' lang='lat' dir='ltr'><strong>qui</strong></span> <span class='ocrx_word' id='word_1_563' title='bbox 2913 3742 3141 3797; x_wconf 86' lang='lat' dir='ltr'><strong>aderant</strong></span> <span class='ocrx_word' id='word_1_564' title='bbox 3168 3741 3345 3805; x_wconf 85' lang='lat' dir='ltr'><strong>cives,</strong></span> <span class='ocrx_word' id='word_1_565' title='bbox 3389 3738 3440 3793; x_wconf 89' lang='lat' dir='ltr'><strong>in</strong></span> <span class='ocrx_word' id='word_1_566' title='bbox 3468 3730 3764 3827; x_wconf 57' lang='lat' dir='ltr'><strong>admiratione</strong></span> 
     </span>
    </p>
   </div>
   <div class='ocr_carea' id='block_1_82' title="bbox 2294 3824 3766 3900">
    <p class='ocr_par' dir='ltr' id='par_1_82' title="bbox 2294 3824 3766 3900">
     <span class='ocr_line' id='line_1_82' title="bbox 2294 3824 3766 3900; baseline -0.01 -10"><span class='ocrx_word' id='word_1_567' title='bbox 2294 3835 2583 3900; x_wconf 88' lang='lat' dir='ltr'><strong>conversi,</strong></span> <span class='ocrx_word' id='word_1_568' title='bbox 2641 3834 2800 3889; x_wconf 87' lang='lat' dir='ltr'><strong>talem</strong></span> <span class='ocrx_word' id='word_1_569' title='bbox 2858 3849 2985 3887; x_wconf 88' lang='lat' dir='ltr'><strong>eum</strong></span> <span class='ocrx_word' id='word_1_570' title='bbox 3034 3847 3156 3888; x_wconf 89' lang='lat' dir='ltr'><strong>esse</strong></span> <span class='ocrx_word' id='word_1_571' title='bbox 3206 3831 3473 3886; x_wconf 84' lang='lat' dir='ltr'><strong>allirmant</strong></span> <span class='ocrx_word' id='word_1_572' title='bbox 3527 3824 3685 3896; x_wconf 77' lang='lat' dir='ltr'><strong>qualem</strong></span> <span class='ocrx_word' id='word_1_573' title='bbox 3718 3824 3766 3867; x_wconf 70' lang='lat' dir='ltr'><strong>Vit</strong></span> 
     </span>
    </p>
   </div>
   <div class='ocr_carea' id='block_1_83' title="bbox 2292 3916 3764 3997">
    <p class='ocr_par' dir='ltr' id='par_1_83' title="bbox 2292 3916 3764 3997">
     <span class='ocr_line' id='line_1_83' title="bbox 2292 3916 3764 3997; baseline -0.006 -14"><span class='ocrx_word' id='word_1_574' title='bbox 2292 3937 2533 3991; x_wconf 85' lang='lat' dir='ltr'><strong>sanctus,</strong></span> <span class='ocrx_word' id='word_1_575' title='bbox 2560 3928 2796 3997; x_wconf 84' lang='lat' dir='ltr'><strong>quicum</strong></span> <span class='ocrx_word' id='word_1_576' title='bbox 2828 3940 3105 3997; x_wconf 86' lang='lat' dir='ltr'><strong>nunquam</strong></span> <span class='ocrx_word' id='word_1_577' title='bbox 3129 3933 3275 3995; x_wconf 72' lang='lat' dir='ltr'><strong>ante</strong></span> <span class='ocrx_word' id='word_1_578' title='bbox 3324 3924 3538 3987; x_wconf 85' lang='lat' dir='ltr'><strong>viderat,</strong></span> <span class='ocrx_word' id='word_1_579' title='bbox 3570 3916 3764 3983; x_wconf 42' lang='lat' dir='ltr'><strong>fuisse}?</strong></span> 
     </span>
    </p>
   </div>
   <div class='ocr_carea' id='block_1_84' title="bbox 2293 4018 3706 4106">
    <p class='ocr_par' dir='ltr' id='par_1_84' title="bbox 2293 4018 3706 4106">
     <span class='ocr_line' id='line_1_84' title="bbox 2293 4018 3706 4106; baseline 0.004 -34"><span class='ocrx_word' id='word_1_580' title='bbox 2293 4018 2623 4089; x_wconf 86' lang='lat' dir='ltr'><strong>darguisset.</strong></span> <span class='ocrx_word' id='word_1_581' title='bbox 3503 4105 3507 4106; x_wconf 12' lang='grc' dir='ltr'><em>ν</em></span> <span class='ocrx_word' id='word_1_582' title='bbox 3699 4098 3706 4106; x_wconf 83' lang='lat'><strong>_</strong></span> 
     </span>
    </p>
   </div>
   <div class='ocr_carea' id='block_1_85' title="bbox 2299 4105 3765 4179">
    <p class='ocr_par' dir='ltr' id='par_1_85' title="bbox 2299 4105 3765 4179">
     <span class='ocr_line' id='line_1_85' title="bbox 2299 4105 3765 4179; baseline -0.016 -8"><span class='ocrx_word' id='word_1_583' title='bbox 2299 4150 2307 4159; x_wconf 69' lang='grc' dir='ltr'><strong><em>ο</em></strong></span> <span class='ocrx_word' id='word_1_584' title='bbox 2364 4112 2452 4166; x_wconf 79' lang='grc'><strong>17-</strong></span> <span class='ocrx_word' id='word_1_585' title='bbox 2491 4110 2722 4179; x_wconf 85' lang='lat' dir='ltr'><strong>Quidam</strong></span> <span class='ocrx_word' id='word_1_586' title='bbox 2751 4110 2918 4165; x_wconf 87' lang='lat' dir='ltr'><strong>etiam</strong></span> <span class='ocrx_word' id='word_1_587' title='bbox 2964 4110 3227 4177; x_wconf 88' lang='lat' dir='ltr'><strong>novitius,</strong></span> <span class='ocrx_word' id='word_1_588' title='bbox 3275 4105 3568 4178; x_wconf 74' lang='lat' dir='ltr'><strong>Maingodns</strong></span> <span class='ocrx_word' id='word_1_589' title='bbox 3609 4105 3765 4156; x_wconf 68' lang='lat' dir='ltr'><strong>nomine,</strong></span> 
     </span>
    </p>
   </div>
   <div class='ocr_carea' id='block_1_86' title="bbox 2290 4189 3760 4275">
    <p class='ocr_par' dir='ltr' id='par_1_86' title="bbox 2290 4189 3760 4275">
     <span class='ocr_line' id='line_1_86' title="bbox 2290 4189 3760 4275; baseline -0.012 -14"><span class='ocrx_word' id='word_1_590' title='bbox 2290 4204 2417 4261; x_wconf 90' lang='lat' dir='ltr'><strong>dum</strong></span> <span class='ocrx_word' id='word_1_591' title='bbox 2448 4203 2868 4275; x_wconf 64' lang='lat' dir='ltr'><strong>praestolationis</strong></span> <span class='ocrx_word' id='word_1_592' title='bbox 2896 4203 3229 4275; x_wconf 78' lang='lat' dir='ltr'><strong>suscipiendi</strong></span> <span class='ocrx_word' id='word_1_593' title='bbox 3274 4204 3486 4259; x_wconf 85' lang='lat' dir='ltr'><strong>habitus</strong></span> <span class='ocrx_word' id='word_1_594' title='bbox 3505 4198 3629 4252; x_wconf 72' lang='lat' dir='ltr'><strong>neuio</strong></span> <span class='ocrx_word' id='word_1_595' title='bbox 3648 4189 3760 4244; x_wconf 61' lang='lat' dir='ltr'><strong>aliis:-</strong></span> 
     </span>
    </p>
   </div>
   <div class='ocr_carea' id='block_1_87' title="bbox 2290 4289 3759 4367">
    <p class='ocr_par' dir='ltr' id='par_1_87' title="bbox 2290 4289 3759 4367">
     <span class='ocr_line' id='line_1_87' title="bbox 2290 4289 3759 4367; baseline -0.012 -15"><span class='ocrx_word' id='word_1_596' title='bbox 2290 4307 2461 4363; x_wconf 90' lang='lat' dir='ltr'><strong>retur,</strong></span> <span class='ocrx_word' id='word_1_597' title='bbox 2484 4306 2538 4352; x_wconf 91' lang='lat' dir='ltr'><strong>et</strong></span> <span class='ocrx_word' id='word_1_598' title='bbox 2560 4299 2700 4367; x_wconf 90' lang='lat' dir='ltr'><strong>apud</strong></span> <span class='ocrx_word' id='word_1_599' title='bbox 2738 4312 2796 4352; x_wconf 90' lang='lat' dir='ltr'><strong>se</strong></span> <span class='ocrx_word' id='word_1_600' title='bbox 2813 4297 2926 4367; x_wconf 90' lang='lat' dir='ltr'><strong>jam</strong></span> <span class='ocrx_word' id='word_1_601' title='bbox 2957 4297 3336 4359; x_wconf 82' lang='lat' dir='ltr'><strong>deliberasset,</strong></span> <span class='ocrx_word' id='word_1_602' title='bbox 3371 4310 3472 4351; x_wconf 87' lang='lat' dir='ltr'><strong>non</strong></span> <span class='ocrx_word' id='word_1_603' title='bbox 3510 4289 3619 4346; x_wconf 78' lang='lat' dir='ltr'><strong>ul;ra</strong></span> <span class='ocrx_word' id='word_1_604' title='bbox 3650 4296 3759 4339; x_wconf 72' lang='lat' dir='ltr'><strong>tuom-</strong></span> 
     </span>
    </p>
   </div>
   <div class='ocr_carea' id='block_1_88' title="bbox 2291 4374 3758 4457">
    <p class='ocr_par' dir='ltr' id='par_1_88' title="bbox 2291 4374 3758 4457">
     <span class='ocr_line' id='line_1_88' title="bbox 2291 4374 3758 4457; baseline -0.007 -14"><span class='ocrx_word' id='word_1_605' title='bbox 2291 4404 2410 4443; x_wconf 90' lang='lat' dir='ltr'><strong>rum</strong></span> <span class='ocrx_word' id='word_1_606' title='bbox 2433 4388 2706 4442; x_wconf 88' lang='lat' dir='ltr'><strong>sustinere</strong></span> <span class='ocrx_word' id='word_1_607' title='bbox 2735 4387 3003 4453; x_wconf 89' lang='lat' dir='ltr'><strong>inducias,</strong></span> <span class='ocrx_word' id='word_1_608' title='bbox 3036 4402 3133 4457; x_wconf 90' lang='lat' dir='ltr'><strong>per</strong></span> <span class='ocrx_word' id='word_1_609' title='bbox 3167 4388 3418 4456; x_wconf 75' lang='lat' dir='ltr'><strong>spiritum</strong></span> <span class='ocrx_word' id='word_1_610' title='bbox 3442 4402 3468 4437; x_wconf 90' lang='lat' dir='ltr'><strong>a</strong></span> <span class='ocrx_word' id='word_1_611' title='bbox 3496 4383 3592 4436; x_wconf 86' lang='lat' dir='ltr'><strong>viro</strong></span> <span class='ocrx_word' id='word_1_612' title='bbox 3628 4375 3690 4429; x_wconf 72' lang='grc' dir='ltr'><strong>θεῖ</strong></span> <span class='ocrx_word' id='word_1_613' title='bbox 3720 4374 3758 4421; x_wconf 74' lang='grc' dir='ltr'><strong>άε</strong></span> 
     </span>
    </p>
   </div>
   <div class='ocr_carea' id='block_1_89' title="bbox 600 4464 3757 4553">
    <p class='ocr_par' dir='ltr' id='par_1_89' title="bbox 600 4464 3757 4553">
     <span class='ocr_line' id='line_1_89' title="bbox 600 4464 3757 4553; baseline -0.001 -31"><span class='ocrx_word' id='word_1_614' title='bbox 600 4484 842 4541; x_wconf 79' lang='lat' dir='ltr'><strong>agerem,</strong></span> <span class='ocrx_word' id='word_1_615' title='bbox 874 4487 1036 4541; x_wconf 88' lang='lat' dir='ltr'><strong>quam</strong></span> <span class='ocrx_word' id='word_1_616' title='bbox 1074 4474 1145 4527; x_wconf 90' lang='lat' dir='ltr'><strong>ita</strong></span> <span class='ocrx_word' id='word_1_617' title='bbox 1195 4478 1538 4532; x_wconf 89' lang='lat' dir='ltr'><strong>monasteriis</strong></span> <span class='ocrx_word' id='word_1_618' title='bbox 1568 4482 1900 4549; x_wconf 87' lang='lat' dir='ltr'><strong>perornavit,</strong></span> <span class='ocrx_word' id='word_1_619' title='bbox 1943 4492 2020 4549; x_wconf 91' lang='lat' dir='ltr'><strong>ut,</strong></span> <span class='ocrx_word' id='word_1_620' title='bbox 2072 4486 2188 4541; x_wconf 90' lang='lat' dir='ltr'><strong>sive</strong></span> <span class='ocrx_word' id='word_1_621' title='bbox 2218 4489 2265 4549; x_wconf 83' lang='grc' dir='ltr'>ι)</span> <span class='ocrx_word' id='word_1_622' title='bbox 2292 4483 2619 4553; x_wconf 85' lang='lat' dir='ltr'><strong>cogitatione</strong></span> <span class='ocrx_word' id='word_1_623' title='bbox 2669 4497 2766 4537; x_wconf 85' lang='lat' dir='ltr'><strong>sua</strong></span> <span class='ocrx_word' id='word_1_624' title='bbox 2820 4492 3127 4552; x_wconf 53' lang='lat' dir='ltr'><strong>praeventus</strong></span> <span class='ocrx_word' id='word_1_625' title='bbox 3173 4492 3277 4535; x_wconf 88' lang='lat' dir='ltr'><strong>est.</strong></span> <span class='ocrx_word' id='word_1_626' title='bbox 3328 4479 3455 4535; x_wconf 83' lang='lat' dir='ltr'><strong>Nam</strong></span> <span class='ocrx_word' id='word_1_627' title='bbox 3492 4485 3540 4531; x_wconf 90' lang='lat' dir='ltr'><strong>et</strong></span> <span class='ocrx_word' id='word_1_628' title='bbox 3580 4464 3757 4541; x_wconf 45' lang='lat' dir='ltr'><strong>quumoio</strong></span> 
     </span>
    </p>
   </div>
   <div class='ocr_carea' id='block_1_90' title="bbox 598 4562 2191 4647">
    <p class='ocr_par' dir='ltr' id='par_1_90' title="bbox 598 4562 2191 4647">
     <span class='ocr_line' id='line_1_90' title="bbox 598 4562 2191 4647; baseline 0.009 -30"><span class='ocrx_word' id='word_1_629' title='bbox 598 4562 654 4618; x_wconf 87' lang='lat' dir='ltr'><strong>in</strong></span> <span class='ocrx_word' id='word_1_630' title='bbox 704 4563 1010 4629; x_wconf 83' lang='lat' dir='ltr'><strong>Frauciam,</strong></span> <span class='ocrx_word' id='word_1_631' title='bbox 1040 4567 1152 4621; x_wconf 87' lang='lat' dir='ltr'><strong>sive</strong></span> <span class='ocrx_word' id='word_1_632' title='bbox 1195 4568 1248 4622; x_wconf 91' lang='lat' dir='ltr'><strong>in</strong></span> <span class='ocrx_word' id='word_1_633' title='bbox 1295 4569 1666 4640; x_wconf 80' lang='lat' dir='ltr'><strong>Aquitaniam,</strong></span> <span class='ocrx_word' id='word_1_634' title='bbox 1700 4572 1813 4628; x_wconf 88' lang='lat' dir='ltr'><strong>sive</strong></span> <span class='ocrx_word' id='word_1_635' title='bbox 1861 4575 1915 4628; x_wconf 94' lang='lat' dir='ltr'><strong>in</strong></span> <span class='ocrx_word' id='word_1_636' title='bbox 1945 4576 2191 4647; x_wconf 83' lang='lat' dir='ltr'><strong>Burgun-</strong></span> 
     </span>
    </p>
   </div>
   <div class='ocr_carea' id='block_1_91' title="bbox 597 4654 2190 4731">
    <p class='ocr_par' dir='ltr' id='par_1_91' title="bbox 597 4654 2190 4731">
     <span class='ocr_line' id='line_1_91' title="bbox 597 4654 2190 4731; baseline 0.008 -23"><span class='ocrx_word' id='word_1_637' title='bbox 597 4654 771 4718; x_wconf 83' lang='lat' dir='ltr'><strong>diam,</strong></span> <span class='ocrx_word' id='word_1_638' title='bbox 804 4654 913 4709; x_wconf 90' lang='lat' dir='ltr'><strong>imo</strong></span> <span class='ocrx_word' id='word_1_639' title='bbox 939 4672 1261 4727; x_wconf 87' lang='lat' dir='ltr'><strong>quocunque</strong></span> <span class='ocrx_word' id='word_1_640' title='bbox 1288 4674 1384 4729; x_wconf 89' lang='lat' dir='ltr'><strong>per</strong></span> <span class='ocrx_word' id='word_1_641' title='bbox 1412 4676 1603 4716; x_wconf 89' lang='lat' dir='ltr'><strong>omnes</strong></span> <span class='ocrx_word' id='word_1_642' title='bbox 1632 4672 1813 4731; x_wconf 88' lang='lat' dir='ltr'><strong>partes</strong></span> <span class='ocrx_word' id='word_1_643' title='bbox 1834 4661 1951 4731; x_wconf 83' lang='lat' dir='ltr'><strong>ejus</strong></span> <span class='ocrx_word' id='word_1_644' title='bbox 1984 4674 2035 4721; x_wconf 87' lang='lat' dir='ltr'><strong>te</strong></span> <span class='ocrx_word' id='word_1_645' title='bbox 2066 4681 2190 4720; x_wconf 85' lang='lat' dir='ltr'><strong>ver-</strong></span> 
     </span>
    </p>
   </div>
   <div class='ocr_carea' id='block_1_92' title="bbox 600 4748 2193 4828">
    <p class='ocr_par' dir='ltr' id='par_1_92' title="bbox 600 4748 2193 4828">
     <span class='ocr_line' id='line_1_92' title="bbox 600 4748 2193 4828; baseline 0.007 -24"><span class='ocrx_word' id='word_1_646' title='bbox 600 4756 711 4815; x_wconf 76' lang='lat' dir='ltr'><strong>tas,</strong></span> <span class='ocrx_word' id='word_1_647' title='bbox 759 4748 957 4819; x_wconf 80' lang='lat' dir='ltr'><strong>ubique</strong></span> <span class='ocrx_word' id='word_1_648' title='bbox 985 4750 1297 4823; x_wconf 75' lang='lat' dir='ltr'><strong>religionem</strong></span> <span class='ocrx_word' id='word_1_649' title='bbox 1347 4754 1485 4809; x_wconf 87' lang='lat' dir='ltr'><strong>tanti</strong></span> <span class='ocrx_word' id='word_1_650' title='bbox 1530 4754 1706 4811; x_wconf 87' lang='lat' dir='ltr'><strong>Patris</strong></span> <span class='ocrx_word' id='word_1_651' title='bbox 1742 4756 1949 4828; x_wconf 84' lang='lat' dir='ltr'><strong>fulgere</strong></span> <span class='ocrx_word' id='word_1_652' title='bbox 1976 4760 2193 4816; x_wconf 84' lang='lat' dir='ltr'><strong>videas?</strong></span> 
     </span>
    </p>
   </div>
   <div class='ocr_carea' id='block_1_93' title="bbox 675 4903 2192 4971">
    <p class='ocr_par' dir='ltr' id='par_1_93' title="bbox 675 4903 2192 4971">
     <span class='ocr_line' id='line_1_93' title="bbox 675 4903 2192 4971; baseline 0.007 -12"><span class='ocrx_word' id='word_1_653' title='bbox 675 4904 789 4970; x_wconf 85' lang='lat'><strong>(89)</strong></span> <span class='ocrx_word' id='word_1_654' title='bbox 834 4903 1077 4963; x_wconf 73' lang='lat' dir='ltr'><strong>Ecclesm</strong></span> <span class='ocrx_word' id='word_1_655' title='bbox 1108 4906 1166 4966; x_wconf 87' lang='lat' dir='ltr'><strong>S.</strong></span> <span class='ocrx_word' id='word_1_656' title='bbox 1210 4908 1468 4964; x_wconf 78' lang='lat' dir='ltr'><strong>Martialis</strong></span> <span class='ocrx_word' id='word_1_657' title='bbox 1497 4910 1801 4966; x_wconf 73' lang='lat' dir='ltr'><strong>Lemovicm</strong></span> <span class='ocrx_word' id='word_1_658' title='bbox 1845 4929 1989 4969; x_wconf 91' lang='lat' dir='ltr'><strong>anno</strong></span> <span class='ocrx_word' id='word_1_659' title='bbox 2019 4916 2133 4971; x_wconf 61' lang='lat'><strong>848&#39;</strong></span> <span class='ocrx_word' id='word_1_660' title='bbox 2160 4932 2192 4970; x_wconf 86' lang='lat' dir='ltr'><strong>a</strong></span> 
     </span>
    </p>
   </div>
   <div class='ocr_carea' id='block_1_94' title="bbox 598 4977 2194 5049">
    <p class='ocr_par' dir='ltr' id='par_1_94' title="bbox 598 4977 2194 5049">
     <span class='ocr_line' id='line_1_94' title="bbox 598 4977 2194 5049; baseline 0.009 -23"><span class='ocrx_word' id='word_1_661' title='bbox 598 4977 879 5049; x_wconf 78' lang='lat' dir='ltr'><strong>canonicis</strong></span> <span class='ocrx_word' id='word_1_662' title='bbox 925 4979 992 5032; x_wconf 86' lang='lat' dir='ltr'><strong>ad</strong></span> <span class='ocrx_word' id='word_1_663' title='bbox 1045 4983 1341 5035; x_wconf 72' lang='lat' dir='ltr'><strong>monachos</strong></span> <span class='ocrx_word' id='word_1_664' title='bbox 1390 4982 1672 5049; x_wconf 67' lang='lat' dir='ltr'><strong>trandum,</strong></span> <span class='ocrx_word' id='word_1_665' title='bbox 1730 4983 1926 5037; x_wconf 83' lang='lat' dir='ltr'><strong>eximie</strong></span> <span class='ocrx_word' id='word_1_666' title='bbox 1970 4986 2194 5041; x_wconf 75' lang='lat' dir='ltr'><strong>abbates</strong></span> 
     </span>
    </p>
   </div>
   <div class='ocr_carea' id='block_1_95' title="bbox 601 5045 2193 5118">
    <p class='ocr_par' dir='ltr' id='par_1_95' title="bbox 601 5045 2193 5118">
     <span class='ocr_line' id='line_1_95' title="bbox 601 5045 2193 5118; baseline 0.007 -19"><span class='ocrx_word' id='word_1_667' title='bbox 601 5045 811 5118; x_wconf 83' lang='lat' dir='ltr'><strong>habuit,</strong></span> <span class='ocrx_word' id='word_1_668' title='bbox 840 5064 1071 5115; x_wconf 90' lang='lat' dir='ltr'><strong>quorum</strong></span> <span class='ocrx_word' id='word_1_669' title='bbox 1123 5051 1478 5108; x_wconf 85' lang='lat' dir='ltr'><strong>duodecimus</strong></span> <span class='ocrx_word' id='word_1_670' title='bbox 1526 5052 1628 5106; x_wconf 80' lang='lat' dir='ltr'><strong>fuit</strong></span> <span class='ocrx_word' id='word_1_671' title='bbox 1658 5045 2026 5118; x_wconf 46' lang='lat' dir='ltr'><strong>&#39;Adalbertus,</strong></span> <span class='ocrx_word' id='word_1_672' title='bbox 2092 5058 2193 5111; x_wconf 87' lang='lat' dir='ltr'><strong>sub</strong></span> 
     </span>
    </p>
   </div>
   <div class='ocr_carea' id='block_1_96' title="bbox 599 5116 2195 5239">
    <p class='ocr_par' dir='ltr' id='par_1_96' title="bbox 599 5116 2195 5239">
     <span class='ocr_line' id='line_1_96' title="bbox 599 5116 2195 5239; baseline 0.011 -75"><span class='ocrx_word' id='word_1_673' title='bbox 599 5130 707 5239; x_wconf 64' lang='lat' dir='ltr'><strong>gito</strong></span> <span class='ocrx_word' id='word_1_674' title='bbox 760 5116 1040 5174; x_wconf 87' lang='lat' dir='ltr'><strong>basilicam</strong></span> <span class='ocrx_word' id='word_1_675' title='bbox 1108 5121 1165 5175; x_wconf 93' lang='lat' dir='ltr'><strong>S.</strong></span> <span class='ocrx_word' id='word_1_676' title='bbox 1216 5121 1478 5177; x_wconf 84' lang='lat' dir='ltr'><strong>Martialis</strong></span> <span class='ocrx_word' id='word_1_677' title='bbox 1517 5135 1892 5193; x_wconf 86' lang='lat' dir='ltr'><strong>recuperatam</strong></span> <span class='ocrx_word' id='word_1_678' title='bbox 1948 5116 2195 5181; x_wconf 76' lang='lat' dir='ltr'><strong>sci-ibunt</strong></span> 
     </span>
     <span class='ocr_line' id='line_1_97' title="bbox 644 5190 2049 5239; baseline 0.002 -3"><span class='ocrx_word' id='word_1_679' title='bbox 644 5190 1027 5239; x_wconf 78' lang='lat' dir='ltr'><strong>atntttartbani.</strong></span> <span class='ocrx_word' id='word_1_680' title='bbox 1065 5191 1211 5239; x_wconf 78' lang='lat' dir='ltr'><strong>Nunc</strong></span> <span class='ocrx_word' id='word_1_681' title='bbox 1232 5202 1460 5239; x_wconf 67' lang='lat' dir='ltr'><strong>rursum</strong></span> <span class='ocrx_word' id='word_1_682' title='bbox 1488 5193 1559 5239; x_wconf 86' lang='lat' dir='ltr'><strong>ibi</strong></span> <span class='ocrx_word' id='word_1_683' title='bbox 1585 5193 1873 5239; x_wconf 56' lang='lat' dir='ltr'><strong>saeculares</strong></span> <span class='ocrx_word' id='word_1_684' title='bbox 1900 5206 2049 5239; x_wconf 71' lang='lat' dir='ltr'><strong>sunt-</strong></span> 
     </span>
    </p>
   </div>
   <div class='ocr_carea' id='block_1_97' title="bbox 644 5190 2049 5256">
    <p class='ocr_par' dir='ltr' id='par_1_97' title="bbox 644 5190 2049 5256">
     <span class='ocr_line' id='line_1_98' title="bbox 644 5190 2049 5256; baseline 0.009 -20"><span class='ocrx_word' id='word_1_685' title='bbox 644 5190 1027 5256; x_wconf 58' lang='lat' dir='ltr'><strong>ammartba’ni.</strong></span> <span class='ocrx_word' id='word_1_686' title='bbox 1065 5191 1211 5246; x_wconf 79' lang='lat' dir='ltr'><strong>Nunc</strong></span> <span class='ocrx_word' id='word_1_687' title='bbox 1232 5202 1460 5249; x_wconf 81' lang='lat' dir='ltr'><strong>rursum</strong></span> <span class='ocrx_word' id='word_1_688' title='bbox 1488 5193 1560 5249; x_wconf 90' lang='lat' dir='ltr'><strong>ibi</strong></span> <span class='ocrx_word' id='word_1_689' title='bbox 1585 5190 1873 5249; x_wconf 51' lang='lat' dir='ltr'><strong>safettlares</strong></span> <span class='ocrx_word' id='word_1_690' title='bbox 1899 5206 2049 5249; x_wconf 89' lang='lat' dir='ltr'><strong>sunt.</strong></span> 
     </span>
    </p>
   </div>
   <div class='ocr_carea' id='block_1_98' title="bbox 632 5255 2195 5336">
    <p class='ocr_par' dir='ltr' id='par_1_98' title="bbox 632 5255 2195 5336">
     <span class='ocr_line' id='line_1_99' title="bbox 632 5255 2195 5336; baseline 0.007 -25"><span class='ocrx_word' id='word_1_691' title='bbox 632 5324 645 5336; x_wconf 39' lang='grc' dir='ltr'><strong>ο</strong></span> <span class='ocrx_word' id='word_1_692' title='bbox 680 5255 792 5325; x_wconf 83' lang='lat'><strong>(90)</strong></span> <span class='ocrx_word' id='word_1_693' title='bbox 918 5259 1141 5330; x_wconf 69' lang='lat' dir='ltr'><strong>ALgidii,</strong></span> <span class='ocrx_word' id='word_1_694' title='bbox 1171 5276 1441 5336; x_wconf 88' lang='lat' dir='ltr'><strong>vetustum</strong></span> <span class='ocrx_word' id='word_1_695' title='bbox 1472 5266 1528 5323; x_wconf 89' lang='lat' dir='ltr'><strong>in</strong></span> <span class='ocrx_word' id='word_1_696' title='bbox 1554 5264 1894 5335; x_wconf 79' lang='lat' dir='ltr'><strong>Septimania</strong></span> <span class='ocrx_word' id='word_1_697' title='bbox 1920 5275 2195 5322; x_wconf 83' lang='lat' dir='ltr'><strong>monaste-</strong></span> 
     </span>
    </p>
   </div>
   <div class='ocr_carea' id='block_1_99' title="bbox 600 5327 1391 5389">
    <p class='ocr_par' dir='ltr' id='par_1_99' title="bbox 600 5327 1391 5389">
     <span class='ocr_line' id='line_1_100' title="bbox 600 5327 1391 5389; baseline 0.016 -12"><span class='ocrx_word' id='word_1_698' title='bbox 600 5327 766 5381; x_wconf 87' lang='lat' dir='ltr'><strong>rium.</strong></span> <span class='ocrx_word' id='word_1_699' title='bbox 795 5327 957 5380; x_wconf 88' lang='lat' dir='ltr'><strong>etiam</strong></span> <span class='ocrx_word' id='word_1_700' title='bbox 992 5327 1134 5385; x_wconf 73' lang='lat' dir='ltr'><strong>inme</strong></span> <span class='ocrx_word' id='word_1_701' title='bbox 1158 5335 1391 5389; x_wconf 72' lang='lat' dir='ltr'><strong>Celebre.</strong></span> 
     </span>
    </p>
   </div>
   <div class='ocr_carea' id='block_1_100' title="bbox 678 5394 2194 5475">
    <p class='ocr_par' dir='ltr' id='par_1_100' title="bbox 678 5394 2194 5475">
     <span class='ocr_line' id='line_1_101' title="bbox 678 5394 2194 5475; baseline 0.011 -28"><span class='ocrx_word' id='word_1_702' title='bbox 678 5394 794 5475; x_wconf 73' lang='lat' dir='ltr'><strong>(9i)</strong></span> <span class='ocrx_word' id='word_1_703' title='bbox 825 5396 896 5475; x_wconf 84' lang='lat' dir='ltr'><strong>_S_.</strong></span> <span class='ocrx_word' id='word_1_704' title='bbox 924 5399 1361 5475; x_wconf 80' lang='lat' dir='ltr'><strong>Austremonius,</strong></span> <span class='ocrx_word' id='word_1_705' title='bbox 1386 5406 1752 5468; x_wconf 86' lang='lat' dir='ltr'><strong>Arvernorum</strong></span> <span class='ocrx_word' id='word_1_706' title='bbox 1775 5406 2072 5475; x_wconf 86' lang='lat' dir='ltr'><strong>apostolus,</strong></span> <span class='ocrx_word' id='word_1_707' title='bbox 2097 5423 2194 5463; x_wconf 89' lang='lat' dir='ltr'><strong>co-</strong></span> 
     </span>
    </p>
   </div>
   <div class='ocr_carea' id='block_1_101' title="bbox 602 5464 2195 5543">
    <p class='ocr_par' dir='ltr' id='par_1_101' title="bbox 602 5464 2195 5543">
     <span class='ocr_line' id='line_1_102' title="bbox 602 5464 2195 5543; baseline 0.008 -23"><span class='ocrx_word' id='word_1_708' title='bbox 602 5464 735 5543; x_wconf 68' lang='lat' dir='ltr'><strong>litur</strong></span> <span class='ocrx_word' id='word_1_709' title='bbox 760 5466 784 5518; x_wconf 78' lang='grc'><strong>1</strong></span> <span class='ocrx_word' id='word_1_710' title='bbox 824 5467 1145 5543; x_wconf 77' lang='lat' dir='ltr'><strong>Novembris</strong></span> <span class='ocrx_word' id='word_1_711' title='bbox 1169 5486 1182 5523; x_wconf 92' lang='lat'>:</span> <span class='ocrx_word' id='word_1_712' title='bbox 1215 5473 1331 5539; x_wconf 82' lang='lat' dir='ltr'><strong>ejus</strong></span> <span class='ocrx_word' id='word_1_713' title='bbox 1350 5464 1656 5543; x_wconf 74' lang='lat' dir='ltr'><strong>sepulcrum</strong></span> <span class='ocrx_word' id='word_1_714' title='bbox 1684 5465 1748 5531; x_wconf 82' lang='lat' dir='ltr'><strong>ac</strong></span> <span class='ocrx_word' id='word_1_715' title='bbox 1786 5464 1981 5532; x_wconf 73' lang='lat' dir='ltr'><strong>deinde</strong></span> <span class='ocrx_word' id='word_1_716' title='bbox 2009 5464 2195 5533; x_wconf 62' lang='lat' dir='ltr'><strong>atrato—</strong></span> 
     </span>
    </p>
   </div>
   <div class='ocr_carea' id='block_1_102' title="bbox 602 5537 2193 5611">
    <p class='ocr_par' dir='ltr' id='par_1_102' title="bbox 602 5537 2193 5611">
     <span class='ocr_line' id='line_1_103' title="bbox 602 5537 2193 5611; baseline 0.011 -23"><span class='ocrx_word' id='word_1_717' title='bbox 602 5537 776 5611; x_wconf 78' lang='lat' dir='ltr'><strong>bium,</strong></span> <span class='ocrx_word' id='word_1_718' title='bbox 807 5547 1051 5611; x_wconf 74' lang='lat' dir='ltr'><strong>tempore</strong></span> <span class='ocrx_word' id='word_1_719' title='bbox 1075 5537 1321 5611; x_wconf 78' lang='lat' dir='ltr'><strong>Gregorii</strong></span> <span class='ocrx_word' id='word_1_720' title='bbox 1346 5537 1674 5599; x_wconf 80' lang='lat' dir='ltr'><strong>Turonensis</strong></span> <span class='ocrx_word' id='word_1_721' title='bbox 1712 5549 1948 5611; x_wconf 85' lang='lat' dir='ltr'><strong>ciarum,</strong></span> <span class='ocrx_word' id='word_1_722' title='bbox 1991 5548 2044 5601; x_wconf 91' lang='lat' dir='ltr'><strong>in</strong></span> <span class='ocrx_word' id='word_1_723' title='bbox 2072 5551 2193 5606; x_wconf 86' lang='lat' dir='ltr'><strong>vico</strong></span> 
     </span>
    </p>
   </div>
   <div class='ocr_carea' id='block_1_103' title="bbox 601 5607 2194 5691">
    <p class='ocr_par' dir='ltr' id='par_1_103' title="bbox 601 5607 2194 5691">
     <span class='ocr_line' id='line_1_104' title="bbox 601 5607 2194 5691; baseline 0.008 -28"><span class='ocrx_word' id='word_1_724' title='bbox 601 5607 1077 5691; x_wconf 62' lang='lat' dir='ltr'><strong>lssiodorozvulgo</strong></span> <span class='ocrx_word' id='word_1_725' title='bbox 1106 5607 1295 5680; x_wconf 61' lang='lat' dir='ltr'><strong>lss&#39;oir,</strong></span> <span class='ocrx_word' id='word_1_726' title='bbox 1348 5629 1490 5670; x_wconf 91' lang='lat' dir='ltr'><strong>nunc</strong></span> <span class='ocrx_word' id='word_1_727' title='bbox 1537 5616 1679 5671; x_wconf 88' lang='lat' dir='ltr'><strong>inter</strong></span> <span class='ocrx_word' id='word_1_728' title='bbox 1733 5607 1981 5674; x_wconf 75' lang='lat' dir='ltr'><strong>abbatias</strong></span> <span class='ocrx_word' id='word_1_729' title='bbox 2033 5617 2194 5677; x_wconf 79' lang='lat' dir='ltr'><strong>desiit</strong></span> 
     </span>
    </p>
   </div>
   <div class='ocr_carea' id='block_1_104' title="bbox 604 5694 907 5737">
    <p class='ocr_par' dir='ltr' id='par_1_104' title="bbox 604 5694 907 5737">
     <span class='ocr_line' id='line_1_105' title="bbox 604 5694 907 5737; baseline 0 0"><span class='ocrx_word' id='word_1_730' title='bbox 604 5694 907 5737; x_wconf 80' lang='lat' dir='ltr'><strong>numerari.</strong></span> 
     </span>
    </p>
   </div>
   <div class='ocr_carea' id='block_1_105' title="bbox 678 5749 2193 5830">
    <p class='ocr_par' dir='ltr' id='par_1_105' title="bbox 678 5749 2193 5830">
     <span class='ocr_line' id='line_1_106' title="bbox 678 5749 2193 5830; baseline 0.007 -24"><span class='ocrx_word' id='word_1_731' title='bbox 678 5749 794 5825; x_wconf 75' lang='grc'>(92)</span> <span class='ocrx_word' id='word_1_732' title='bbox 836 5750 1024 5825; x_wconf 77' lang='lat' dir='ltr'><strong>Neque</strong></span> <span class='ocrx_word' id='word_1_733' title='bbox 1052 5751 1157 5810; x_wconf 88' lang='lat' dir='ltr'><strong>hcc</strong></span> <span class='ocrx_word' id='word_1_734' title='bbox 1189 5752 1248 5809; x_wconf 89' lang='lat' dir='ltr'><strong>S.</strong></span> <span class='ocrx_word' id='word_1_735' title='bbox 1273 5752 1496 5810; x_wconf 71' lang='lat' dir='ltr'><strong>Joannis</strong></span> <span class='ocrx_word' id='word_1_736' title='bbox 1525 5770 1715 5830; x_wconf 75' lang='lat' dir='ltr'><strong>evang.</strong></span> <span class='ocrx_word' id='word_1_737' title='bbox 1755 5760 2193 5817; x_wconf 64' lang='lat' dir='ltr'><strong>crruoblumam-</strong></span> 
     </span>
    </p>
   </div>
   <div class='ocr_carea' id='block_1_106' title="bbox 2297 4566 3762 4640">
    <p class='ocr_par' dir='ltr' id='par_1_106' title="bbox 2297 4566 3762 4640">
     <span class='ocr_line' id='line_1_107' title="bbox 2297 4566 3762 4640; baseline -0.016 -10"><span class='ocrx_word' id='word_1_738' title='bbox 2297 4576 2575 4631; x_wconf 88' lang='lat' dir='ltr'><strong>discedere</strong></span> <span class='ocrx_word' id='word_1_739' title='bbox 2603 4574 2883 4639; x_wconf 91' lang='lat' dir='ltr'><strong>voluisset,</strong></span> <span class='ocrx_word' id='word_1_740' title='bbox 2932 4574 3223 4640; x_wconf 87' lang='lat' dir='ltr'><strong>intimavit,</strong></span> <span class='ocrx_word' id='word_1_741' title='bbox 3269 4581 3324 4628; x_wconf 90' lang='lat' dir='ltr'><strong>et</strong></span> <span class='ocrx_word' id='word_1_742' title='bbox 3366 4587 3428 4626; x_wconf 92' lang='lat' dir='ltr'><strong>ne</strong></span> <span class='ocrx_word' id='word_1_743' title='bbox 3465 4566 3652 4637; x_wconf 81' lang='lat' dir='ltr'><strong>regulari</strong></span> <span class='ocrx_word' id='word_1_744' title='bbox 3685 4571 3762 4610; x_wconf 75' lang='lat' dir='ltr'><strong>cn-</strong></span> 
     </span>
    </p>
   </div>
   <div class='ocr_carea' id='block_1_107' title="bbox 2295 4660 3760 4731">
    <p class='ocr_par' dir='ltr' id='par_1_107' title="bbox 2295 4660 3760 4731">
     <span class='ocr_line' id='line_1_108' title="bbox 2295 4660 3760 4731; baseline 0.001 -10"><span class='ocrx_word' id='word_1_745' title='bbox 2295 4666 2578 4721; x_wconf 90' lang='lat' dir='ltr'><strong>miuatioui</strong></span> <span class='ocrx_word' id='word_1_746' title='bbox 2625 4667 2900 4720; x_wconf 86' lang='lat' dir='ltr'><strong>contraire</strong></span> <span class='ocrx_word' id='word_1_747' title='bbox 2945 4666 3131 4731; x_wconf 87' lang='lat' dir='ltr'><strong>vellet,</strong></span> <span class='ocrx_word' id='word_1_748' title='bbox 3183 4666 3475 4721; x_wconf 88' lang='lat' dir='ltr'><strong>admonuit.</strong></span> <span class='ocrx_word' id='word_1_749' title='bbox 3520 4660 3602 4727; x_wconf 80' lang='lat' dir='ltr'><strong>Qui</strong></span> <span class='ocrx_word' id='word_1_750' title='bbox 3644 4660 3760 4723; x_wconf 54' lang='grc'><strong>1³0⁵³³</strong></span> 
     </span>
    </p>
   </div>
   <div class='ocr_carea' id='block_1_108' title="bbox 2294 4756 3758 4824">
    <p class='ocr_par' dir='ltr' id='par_1_108' title="bbox 2294 4756 3758 4824">
     <span class='ocr_line' id='line_1_109' title="bbox 2294 4756 3758 4824; baseline -0.01 -10"><span class='ocrx_word' id='word_1_751' title='bbox 2294 4758 2582 4815; x_wconf 89' lang='lat' dir='ltr'><strong>laudabilis</strong></span> <span class='ocrx_word' id='word_1_752' title='bbox 2610 4760 3045 4815; x_wconf 87' lang='lat' dir='ltr'><strong>conversationis</strong></span> <span class='ocrx_word' id='word_1_753' title='bbox 3090 4761 3317 4824; x_wconf 80' lang='lat' dir='ltr'><strong>exstitit,</strong></span> <span class='ocrx_word' id='word_1_754' title='bbox 3366 4768 3419 4814; x_wconf 90' lang='lat' dir='ltr'><strong>et</strong></span> <span class='ocrx_word' id='word_1_755' title='bbox 3458 4758 3565 4811; x_wconf 78' lang='lat' dir='ltr'><strong>vita:</strong></span> <span class='ocrx_word' id='word_1_756' title='bbox 3602 4756 3758 4805; x_wconf 66' lang='lat' dir='ltr'><strong>cursum.</strong></span> 
     </span>
    </p>
   </div>
   <div class='ocr_carea' id='block_1_109' title="bbox 2295 4902 3761 4987">
    <p class='ocr_par' dir='ltr' id='par_1_109' title="bbox 2295 4902 3761 4987">
     <span class='ocr_line' id='line_1_110' title="bbox 2295 4902 3761 4987; baseline -0.006 -20"><span class='ocrx_word' id='word_1_757' title='bbox 2295 4914 2437 4987; x_wconf 88' lang='lat' dir='ltr'><strong>plius</strong></span> <span class='ocrx_word' id='word_1_758' title='bbox 2460 4914 2697 4987; x_wconf 83' lang='lat' dir='ltr'><strong>Pictavis</strong></span> <span class='ocrx_word' id='word_1_759' title='bbox 2724 4925 2993 4987; x_wconf 82' lang='lat' dir='ltr'><strong>superest,</strong></span> <span class='ocrx_word' id='word_1_760' title='bbox 3025 4913 3291 4987; x_wconf 79' lang='lat' dir='ltr'><strong>nisiforte</strong></span> <span class='ocrx_word' id='word_1_761' title='bbox 3322 4911 3623 4968; x_wconf 61' lang='lat' dir='ltr'><strong>imminutum</strong></span> <span class='ocrx_word' id='word_1_762' title='bbox 3654 4902 3761 4968; x_wconf 46' lang='lat' dir='ltr'><strong>dig“?</strong></span> 
     </span>
    </p>
   </div>
   <div class='ocr_carea' id='block_1_110' title="bbox 2299 4984 3583 5061">
    <p class='ocr_par' dir='ltr' id='par_1_110' title="bbox 2299 4984 3583 5061">
     <span class='ocr_line' id='line_1_111' title="bbox 2299 4984 3583 5061; baseline -0.009 -21"><span class='ocrx_word' id='word_1_763' title='bbox 2299 4984 2408 5040; x_wconf 84' lang='lat' dir='ltr'><strong>tate</strong></span> <span class='ocrx_word' id='word_1_764' title='bbox 2437 4984 2609 5061; x_wconf 79' lang='lat' dir='ltr'><strong>aut_in</strong></span> <span class='ocrx_word' id='word_1_765' title='bbox 2635 4985 3001 5061; x_wconf 66' lang='lat' dir='ltr'><strong>parocltialeut</strong></span> <span class='ocrx_word' id='word_1_766' title='bbox 3033 4984 3318 5061; x_wconf 70' lang='lat' dir='ltr'><strong>ecclesiam</strong></span> <span class='ocrx_word' id='word_1_767' title='bbox 3352 4997 3583 5061; x_wconf 77' lang='lat' dir='ltr'><strong>versum._</strong></span> 
     </span>
    </p>
   </div>
   <div class='ocr_carea' id='block_1_111' title="bbox 2312 5051 3761 5132">
    <p class='ocr_par' dir='ltr' id='par_1_111' title="bbox 2312 5051 3761 5132">
     <span class='ocr_line' id='line_1_112' title="bbox 2312 5051 3761 5132; baseline 0.002 -21"><span class='ocrx_word' id='word_1_768' title='bbox 2312 5062 2316 5067; x_wconf 80' lang='grc'><strong>’</strong></span> <span class='ocrx_word' id='word_1_769' title='bbox 2370 5058 2486 5125; x_wconf 79' lang='grc'>(95)</span> <span class='ocrx_word' id='word_1_770' title='bbox 2508 5051 2827 5132; x_wconf 42' lang='lat' dir='ltr'><strong>&quot;Sitliuense</strong></span> <span class='ocrx_word' id='word_1_771' title='bbox 2950 5054 3151 5132; x_wconf 82' lang='lat' dir='ltr'><strong>Ber_t_i_ni</strong></span> <span class='ocrx_word' id='word_1_772' title='bbox 3185 5053 3549 5132; x_wconf 78' lang='lat' dir='ltr'><strong>monasterium</strong></span> 
     </span>
    </p>
   </div>
   <div class='ocr_carea' id='block_1_112' title="bbox 2298 5118 3761 5191">
    <p class='ocr_par' dir='ltr' id='par_1_112' title="bbox 2298 5118 3761 5191">
     <span class='ocr_line' id='line_1_113' title="bbox 2298 5118 3761 5191; baseline -0.008 -9"><span class='ocrx_word' id='word_1_773' title='bbox 2298 5118 2478 5183; x_wconf 80' lang='lat' dir='ltr'><strong>strum</strong></span> <span class='ocrx_word' id='word_1_774' title='bbox 2504 5127 2562 5181; x_wconf 87' lang='lat' dir='ltr'><strong>S.</strong></span> <span class='ocrx_word' id='word_1_775' title='bbox 2586 5124 2877 5181; x_wconf 27' lang='lat' dir='ltr'><strong>Audo‘mari</strong></span> <span class='ocrx_word' id='word_1_776' title='bbox 2906 5135 3015 5179; x_wconf 87' lang='lat' dir='ltr'><strong>tota</strong></span> <span class='ocrx_word' id='word_1_777' title='bbox 3045 5125 3296 5179; x_wconf 82' lang='lat' dir='ltr'><strong>Flandria</strong></span> <span class='ocrx_word' id='word_1_778' title='bbox 3325 5123 3643 5191; x_wconf 73' lang='lat' dir='ltr'><strong>notissinuun,</strong></span> <span class='ocrx_word' id='word_1_779' title='bbox 3668 5118 3761 5191; x_wconf 45' lang='lat' dir='ltr'><strong>cui}?</strong></span> 
     </span>
    </p>
   </div>
   <div class='ocr_carea' id='block_1_113' title="bbox 2298 5186 3759 5269">
    <p class='ocr_par' dir='ltr' id='par_1_113' title="bbox 2298 5186 3759 5269">
     <span class='ocr_line' id='line_1_114' title="bbox 2298 5186 3759 5269; baseline -0.012 -17"><span class='ocrx_word' id='word_1_780' title='bbox 2298 5200 2468 5253; x_wconf 85' lang='lat' dir='ltr'><strong>abbas</strong></span> <span class='ocrx_word' id='word_1_781' title='bbox 2493 5199 2701 5267; x_wconf 84' lang='lat' dir='ltr'><strong>lperius</strong></span> <span class='ocrx_word' id='word_1_782' title='bbox 2726 5197 3237 5269; x_wconf 71' lang='lat' dir='ltr'><strong>narrat,_quotuodo</strong></span> <span class='ocrx_word' id='word_1_783' title='bbox 3269 5194 3327 5269; x_wconf 69' lang='lat' dir='ltr'><strong>S.</strong></span> <span class='ocrx_word' id='word_1_784' title='bbox 3364 5194 3518 5269; x_wconf 75' lang='lat' dir='ltr'><strong>lingu,</strong></span> <span class='ocrx_word' id='word_1_785' title='bbox 3546 5191 3601 5269; x_wconf 81' lang='lat' dir='ltr'><strong>de</strong></span> 
     </span>
    </p>
   </div>
   <div class='ocr_carea' id='block_1_114' title="bbox 2298 5253 3762 5337">
    <p class='ocr_par' dir='ltr' id='par_1_114' title="bbox 2298 5253 3762 5337">
     <span class='ocr_line' id='line_1_115' title="bbox 2298 5253 3762 5337; baseline 0.01 -14"><span class='ocrx_word' id='word_1_786' title='bbox 2298 5253 2578 5323; x_wconf 57' lang='grc' dir='ltr'>ιδιιὼεῶ</span> <span class='ocrx_word' id='word_1_787' title='bbox 2606 5270 2877 5337; x_wconf 80' lang='lat' dir='ltr'><strong>episcopis</strong></span> <span class='ocrx_word' id='word_1_788' title='bbox 2908 5253 3261 5331; x_wconf 69' lang='lat' dir='ltr'><strong>Mdrinorum,</strong></span> <span class='ocrx_word' id='word_1_789' title='bbox 3296 5265 3361 5337; x_wconf 80' lang='lat' dir='ltr'><strong>de</strong></span> <span class='ocrx_word' id='word_1_790' title='bbox 3402 5253 3762 5337; x_wconf 44' lang='grc' dir='ltr'><strong>άῖνεῖξίδβίωῖῗ</strong></span> 
     </span>
    </p>
   </div>
   <div class='ocr_carea' id='block_1_115' title="bbox 2297 5326 3761 5410">
    <p class='ocr_par' dir='ltr' id='par_1_115' title="bbox 2297 5326 3761 5410">
     <span class='ocr_line' id='line_1_116' title="bbox 2297 5326 3761 5410; baseline -0.001 -17"><span class='ocrx_word' id='word_1_791' title='bbox 2297 5340 2544 5394; x_wconf 87' lang='lat' dir='ltr'><strong>censium</strong></span> <span class='ocrx_word' id='word_1_792' title='bbox 2585 5326 2933 5392; x_wconf 73' lang='lat' dir='ltr'><strong>monasteriis</strong></span> <span class='ocrx_word' id='word_1_793' title='bbox 2965 5326 3415 5410; x_wconf 41' lang='lat' dir='ltr'><strong>religiosos&#39;viros</strong></span> <span class='ocrx_word' id='word_1_794' title='bbox 3460 5326 3761 5410; x_wconf 45' lang='grc' dir='ltr'><strong>ιςιμίιιιίιέξξξξ</strong></span> 
     </span>
    </p>
   </div>
   <div class='ocr_carea' id='block_1_116' title="bbox 2298 5396 3759 5480">
    <p class='ocr_par' dir='ltr' id='par_1_116' title="bbox 2298 5396 3759 5480">
     <span class='ocr_line' id='line_1_117' title="bbox 2298 5396 3759 5480; baseline -0.009 -16"><span class='ocrx_word' id='word_1_795' title='bbox 2298 5411 2456 5476; x_wconf 76' lang='lat' dir='ltr'><strong>“Ui,</strong></span> <span class='ocrx_word' id='word_1_796' title='bbox 2489 5412 2685 5480; x_wconf 89' lang='lat' dir='ltr'><strong>quibus</strong></span> <span class='ocrx_word' id='word_1_797' title='bbox 2729 5410 3008 5480; x_wconf 11' lang='lat' dir='ltr'><strong>stricteget</strong></span> <span class='ocrx_word' id='word_1_798' title='bbox 3049 5396 3293 5480; x_wconf 58' lang='lat' dir='ltr'><strong>rEIigiuse</strong></span> <span class='ocrx_word' id='word_1_799' title='bbox 3324 5402 3597 5480; x_wconf 69' lang='lat' dir='ltr'><strong>viventibus</strong></span> <span class='ocrx_word' id='word_1_800' title='bbox 3631 5396 3759 5480; x_wconf 53' lang='grc' dir='ltr'><strong>τεξξξιξί</strong></span> 
     </span>
    </p>
   </div>
   <div class='ocr_carea' id='block_1_117' title="bbox 2298 5464 3757 5553">
    <p class='ocr_par' dir='ltr' id='par_1_117' title="bbox 2298 5464 3757 5553">
     <span class='ocr_line' id='line_1_118' title="bbox 2298 5464 3757 5553; baseline -0.01 -17"><span class='ocrx_word' id='word_1_801' title='bbox 2298 5464 2638 5553; x_wconf 64' lang='lat' dir='ltr'><strong>Sithiieiises,</strong></span> <span class='ocrx_word' id='word_1_802' title='bbox 2671 5489 2818 5534; x_wconf 90' lang='lat' dir='ltr'><strong>metu</strong></span> <span class='ocrx_word' id='word_1_803' title='bbox 2847 5477 3123 5553; x_wconf 70' lang='lat' dir='ltr'><strong>rigidioris</strong></span> <span class='ocrx_word' id='word_1_804' title='bbox 3148 5464 3465 5553; x_wconf 55' lang='lat' dir='ltr'><strong>disciplinae,</strong></span> <span class='ocrx_word' id='word_1_805' title='bbox 3492 5464 3757 5553; x_wconf 42' lang='lat' dir='ltr'><strong>dilapsi</strong></span> 
     </span>
    </p>
   </div>
   <div class='ocr_carea' id='block_1_118' title="bbox 2295 5536 3760 5639">
    <p class='ocr_par' dir='ltr' id='par_1_118' title="bbox 2295 5536 3760 5639">
     <span class='ocr_line' id='line_1_119' title="bbox 2295 5536 3760 5639; baseline -0.001 -31"><span class='ocrx_word' id='word_1_806' title='bbox 2295 5565 2353 5608; x_wconf 91' lang='lat' dir='ltr'><strong>et</strong></span> <span class='ocrx_word' id='word_1_807' title='bbox 2373 5551 2524 5635; x_wconf 70' lang='lat' dir='ltr'><strong>brevi</strong></span> <span class='ocrx_word' id='word_1_808' title='bbox 2552 5536 2833 5639; x_wconf 67' lang='lat' dir='ltr'><strong>plusquam</strong></span> <span class='ocrx_word' id='word_1_809' title='bbox 2988 5546 3186 5603; x_wconf 86' lang='lat' dir='ltr'><strong>fratres</strong></span> <span class='ocrx_word' id='word_1_810' title='bbox 3562 5536 3760 5639; x_wconf 47' lang='lat' dir='ltr'><strong>lli:</strong></span> 
     </span>
    </p>
   </div>
   <div class='ocr_carea' id='block_1_119' title="bbox 2298 5607 3745 5691">
    <p class='ocr_par' dir='ltr' id='par_1_119' title="bbox 2298 5607 3745 5691">
     <span class='ocr_line' id='line_1_120' title="bbox 2298 5607 3745 5691; baseline -0.018 -15"><span class='ocrx_word' id='word_1_811' title='bbox 2298 5607 2403 5676; x_wconf 83' lang='lat' dir='ltr'><strong>non</strong></span> <span class='ocrx_word' id='word_1_812' title='bbox 2438 5624 2528 5688; x_wconf 90' lang='lat' dir='ltr'><strong>sit,</strong></span> <span class='ocrx_word' id='word_1_813' title='bbox 2553 5607 2705 5691; x_wconf 77' lang='grc' dir='ltr'><strong>’ψιοὰ</strong></span> <span class='ocrx_word' id='word_1_814' title='bbox 2730 5619 2969 5691; x_wconf 83' lang='lat' dir='ltr'><strong>Hugonis</strong></span> <span class='ocrx_word' id='word_1_815' title='bbox 2995 5633 3274 5691; x_wconf 86' lang='lat' dir='ltr'><strong>successor</strong></span> <span class='ocrx_word' id='word_1_816' title='bbox 3314 5615 3523 5673; x_wconf 84' lang='lat' dir='ltr'><strong>Pontius</strong></span> <span class='ocrx_word' id='word_1_817' title='bbox 3561 5607 3745 5662; x_wconf 61' lang='lat' dir='ltr'><strong>tentatur!</strong></span> 
     </span>
    </p>
   </div>
   <div class='ocr_carea' id='block_1_120' title="bbox 2296 5688 3334 5762">
    <p class='ocr_par' dir='ltr' id='par_1_120' title="bbox 2296 5688 3334 5762">
     <span class='ocr_line' id='line_1_121' title="bbox 2296 5688 3334 5762; baseline -0.005 -12"><span class='ocrx_word' id='word_1_818' title='bbox 2296 5693 2438 5750; x_wconf 87' lang='lat' dir='ltr'><strong>hanc</strong></span> <span class='ocrx_word' id='word_1_819' title='bbox 2469 5688 2741 5750; x_wconf 79' lang='lat' dir='ltr'><strong>abbatiam</strong></span> <span class='ocrx_word' id='word_1_820' title='bbox 2769 5688 3026 5748; x_wconf 36' lang='lat' dir='ltr'><strong>Cl’uuiaco</strong></span> <span class='ocrx_word' id='word_1_821' title='bbox 3049 5690 3334 5762; x_wconf 77' lang='lat' dir='ltr'><strong>subjicere.</strong></span> 
     </span>
    </p>
   </div>
  </div>
