3928 6298
60 333 153 389 901

61 475 197 529 sicut
223 467 274 524 ei
305 467 354 523 in
379 466 495 537 ipso
524 464 712 520 mortis
742 462 970 520 articulo
1010 474 1103 532 per
1127 458 1385 515 visionem
1417 456 1631 511 cte'itus
1663 461 1713 517 Α

62 560 258 619 dictum
283 569 383 623 est,
414 556 643 613 feliciter
671 554 1091 611 consummavit.

129 654 216 707 18.
256 650 378 705 Fttit
406 663 622 719 quoque
648 648 736 702 vir
759 646 978 717 quidam
1006 645 1155 698 mira:
1196 639 1561 712 simplicitatis
1587 645 1644 693 et

61 745 266 815 gratiae,
309 742 529 795 nomine
570 739 879 802 Durannus,
924 736 1207 791 Tolosatis:
1250 734 1488 788 civitatis
1534 731 1667 800 epi-‘

60 850 273 904 scopus,
323 833 435 901 qui,
468 830 719 901 quamvis
761 830 1042 899 religiosus
1065 828 1173 882 vita
1207 826 1420 889 fuisset,
1461 832 1642 878 tamen

60 941 120 978 ex
166 922 332 976 animi
378 921 723 990 jncunditate
770 916 1064 988 aliquando
1105 916 1272 970 verba
1328 916 1492 968 risum
1529 927 1645 967 mo-

59 1016 229 1069 ventia
263 1012 593 1083 proferebat.
628 1012 715 1066 (De
743 1026 848 1080 qua
878 1024 956 1073 re,
989 1024 1111 1064 cum
1160 1007 1356 1078 smpius
1395 1022 1425 1059 a
1452 1012 1645 1059 sancto

61 1107 233 1169 Patre,
278 1106 429 1171 cujus
452 1112 506 1159 et
530 1104 829 1157 monachus
857 1111 996 1166 erat,
1034 1106 1377 1169 argueretur,
1406 1096 1641 1166 quadam

61 1193 142 1245 die
192 1191 245 1243 iu
295 1190 490 1259 spiritu
537 1188 790 1259 prmdixit
815 1188 866 1242 ei
916 1186 1064 1255 quia,
1102 1194 1387 1255 postquam
1424 1184 1493 1238 ab
1543 1184 1645 1236 hac

60 1283 160 1337 vita
184 1285 463 1353 migraret,
492 1297 587 1337 ore
614 1295 869 1350 spumoso
889 1294 986 1348 per
1014 1280 1188 1332 visum
1217 1276 1374 1331 alicui
1410 1274 1643 1328 fratrum

63 1383 347 1443 appareret
373 1392 385 1426 :
412 1374 556 1443 quod
580 1373 651 1426 ita
678 1372 880 1427 factum
914 1378 1016 1424 est.
1046 1368 1180 1422 Nam
1219 1368 1430 1422 cuidam
1467 1365 1645 1435 capel-

62 1467 179 1519 lano
206 1481 329 1529 suo,
354 1466 571 1519 nomine
601 1464 851 1533 lliguino,
882 1472 1003 1532 post
1026 1462 1321 1514 discessum
1372 1458 1643 1527 apparuit,

61 1569 236 1626 atque,
271 1567 333 1611 ut
372 1556 454 1610 vir
504 1556 594 1610 Dei
650 1556 993 1625 praedixerat,
1032 1567 1318 1622 spumosus
1347 1551 1497 1605 labra
1538 1550 1647 1603 fra-

63 1659 193 1700 trem
219 1647 416 1700 edocet
438 1645 505 1700 de
523 1645 635 1700 oris
671 1642 1035 1705 deformitate,
1072 1641 1281 1696 scilicet
1315 1641 1457 1709 quod
1493 1638 1644 1693 vani-

62 1737 219 1806 lo1uii
244 1737 406 1806 culpa
447 1732 638 1805 positas
670 1736 863 1801 lueret,
894 1744 955 1788 et
986 1743 1043 1786 ut
1090 1732 1241 1793 Patri
1287 1733 1375 1801 pio
1422 1746 1643 1786 causam

61 1802 173 1895 ejus
200 1802 416 1896 aperiat
441 1802 703 1896 deposcit.
736 1825 835 1881 Cui
891 1832 1175 1894 postquam
1222 1824 1459 1877 revelata
1510 1823 1648 1875 visio
1681 1802 1723 1857 Β

63 1930 157 1986 est,
184 1920 267 1974 vir
287 1919 481 1989 plenus
504 1919 707 1988 Spirito
741 1928 951 1981 sancto,
983 1927 1188 1987 septem
1218 1915 1477 1969 fratribus
1509 1914 1644 1969 heb-

66 2013 287 2068 domade
309 2027 419 2067 una
447 2012 725 2066 silentium
755 2009 970 2074 indixit,
1010 2010 1103 2063 sed
1144 2023 1283 2062 unus
1314 2022 1382 2060 ex
1414 2005 1497 2060 eis
1537 2006 1650 2059 vio-

64 2103 206 2168 lavit,
240 2103 388 2173 quod
438 2118 531 2157 sex
586 2101 851 2156 illibatum
908 2106 1286 2153 servaverunt.
1332 2095 1483 2150 Tunc
1533 2096 1650 2165 epi-

66 2211 253 2265 sc0pus
310 2196 509 2250 iterum
562 2193 823 2265 praedicto
876 2191 1055 2258 fratri,
1119 2206 1215 2245 ore
1256 2188 1472 2257 quidem
1532 2187 1648 2257 jam

68 2286 363 2350 mundiore,
413 2286 505 2341 sed
556 2300 584 2338 a
613 2293 774 2353 parte
816 2285 1049 2353 quadam
1086 2283 1264 2337 adhuc
1289 2280 1447 2352 quasi
1481 2279 1651 2335 saliva

69 2376 346 2441 deﬂuente,
399 2377 674 2447 apparuit,
728 2376 915 2431 dicens
960 2391 1020 2430 se
1065 2375 1371 2431 obedientia
1419 2375 1649 2426 fratrum

70 2468 150 2535 qni
177 2468 454 2523 silentium
488 2452 863 2532 bservaverant,
890 2475 1171 2536 purgatum
1200 2483 1216 2531 ;
1264 2465 1357 2521 sed
1388 2463 1650 2533 conqueri

73 2560 187 2628 quia
218 2560 467 2630 neglectu
497 2560 710 2628 septimi
744 2558 931 2613 fratris
959 2560 1203 2613 restabat
1244 2558 1332 2614 illa
1363 2574 1490 2628 pars
1516 2573 1651 2613 non-

77 2653 189 2706 dum
210 2662 424 2709 curata.
461 2652 671 2721 Itaque,
698 2667 819 2721 qua:
848 2652 961 2705 visa
992 2659 1119 2705 sunt
1145 2651 1320 2705 denuo
1349 2650 1495 2705 Patri
1525 2650 1652 2705 inti-

74 2752 299 2814 mantur,
324 2754 385 2799 et
411 2744 647 2799 fractura
672 2744 876 2799 silentii
922 2743 1091 2799 altera
1135 2744 1473 2799 hebdomada
1518 2743 1651 2799 soli-

77 2833 211 2901 data,
238 2836 404 2891 tertio
434 2836 646 2890 demum
670 2849 731 2891 se
754 2834 933 2890 eidem
960 2834 1140 2901 fratri,
1168 2834 1285 2891 sine
1328 2834 1435 2888 ulla
1465 2834 1651 2890 defor-

77 2926 140 2981 mi
164 2939 269 2993 ate,
294 2931 686 2987 manifestavit.

138 3019 221 3074 l9.
261 3020 401 3076 Illud
428 3039 641 3094 quoque
672 3025 949 3081 memoriae
990 3024 1478 3081 commendandum
1509 3022 1654 3078 arbi-

80 3117 200 3173 tror,
224 3113 374 3179 quod
402 3113 622 3181 quidam
663 3114 896 3170 clericus
950 3114 1319 3177 Flaudrensis,
1380 3113 1436 3167 S.
1468 3112 1653 3167 Ando-

82 3204 205 3258 mari
227 3202 562 3260 confessoris
588 3209 905 3274 canonicos,
931 3207 1251 3263 Lambertus
1278 3206 1655 3272 nomiue,cum

80 3293 259 3348 seculo
284 3297 604 3352 renuntiare
621 3308 679 3351 et
694 3299 838 3353 beati
868 3300 966 3353 viri
1000 3298 1311 3369 magisterio
1334 3313 1392 3354 se
1420 3298 1656 3353 subdere

78 3383 417 3453 decrevisset,
452 3390 518 3443 ab
547 3391 714 3458 ipsius
734 3392 917 3462 oppidi
949 3392 1261 3461 praeposito,
1292 3392 1340 3445 vi
1370 3402 1426 3447 et
1462 3392 1565 3446 sibi
1603 3400 1657 3447 et

81 3473 224 3529 rebus
252 3478 375 3531 suis
398 3477 562 3543 illata,
588 3481 841 3536 detentus
874 3493 979 3536 est.
1010 3484 1257 3550 Quadam
1303 3498 1433 3553 ergo
1469 3492 1652 3548 nocte,

74 3564 173 3633 jam
194 3568 378 3624 dictus
402 3573 723 3640 praepositus
748 3575 894 3629 videt
916 3575 1018 3629 sibi
1043 3575 1329 3630 advenisse
1364 3590 1653 3646 personam

84 3674 275 3730 magna;
303 3664 643 3729 severitatis,
682 3679 804 3720 cum
847 3666 1104 3735 pastorali
1136 3667 1321 3735 virga;
1367 3681 1487 3736 qua:
1531 3664 1656 3719 Clu-

83 3750 385 3806 niacensem
409 3753 660 3808 abbatem
688 3770 752 3809 se
788 3757 1095 3821 nominans,
1129 3757 1313 3812 multis
1342 3755 1657 3817 verberibus

80 3838 317 3896 clericum
382 3842 636 3914 exigebat
695 3860 819 3899 cum
875 3845 1039 3901 rebus
1090 3848 1224 3902 suis.
1282 3846 1524 3901 Tandem
1570 3846 1658 3901 die

83 3930 224 3984 terris
254 3931 490 3999 reddita,
515 3933 604 4001 qui
628 3945 855 3990 exactus
880 3935 1332 3999 fueratclericus,
1362 3948 1653 4003 evocatur;

82 4028 130 4072 et
167 4023 410 4092 exposita
437 4024 663 4092 visione,
695 4026 842 4081 vultu
894 4044 1111 4099 quoque
1156 4038 1213 4085 et
1263 4031 1450 4085 habitu
1482 4029 1655 4086 sancti

84 4109 244 4168 Patris
265 4115 571 4181 insinuato,
599 4131 724 4170 cum
754 4119 916 4173 rebus
947 4121 1061 4175 suis
1090 4119 1410 4183 absolvitur,
1439 4130 1493 4174 et
1533 4120 1660 4174 Clu-

85 4203 211 4258 uiaei
264 4207 569 4263 monachus
616 4206 861 4263 efﬁcitur:
913 4209 1046 4263 Erat
1073 4210 1314 4279 quidam,
1354 4209 1659 4265 Willelmus

86 4296 305 4363 nomine,
362 4300 457 4369 qui
511 4300 579 4355 ad
614 4302 901 4371 quamdam
964 4303 1323 4357 obedientiam
1372 4318 1409 4355 a
1467 4310 1659 4357 saneto

85 4382 233 4443 Patre
280 4390 482 4444 missus
519 4389 717 4459 fuerat,
766 4407 930 4462 quam
973 4408 1100 4447 mox
1154 4392 1208 4447 in
1252 4407 1415 4448 crure
1475 4402 1659 4448 tantus

84 4482 339 4545 percussit
365 4483 607 4550 morbus,
649 4494 709 4538 ut
763 4482 1018 4553 injuncue
1058 4485 1377 4541 obedientiam
1410 4502 1660 4542 succum-

82 4568 245 4639 beret,
276 4583 327 4629 et
356 4575 553 4629 timore
582 4586 845 4647 evagante
873 4578 1046 4648 ipsum
1074 4592 1199 4633 crus
1224 4576 1368 4633 ferre
1388 4579 1659 4649 nequiret.

88 4658 505 4736 Tuncconcepta
540 4668 682 4723 title:
727 4686 745 4720 ι
794 4667 1097 4735 Perillam,
1132 4670 1228 4732 ait,
1274 4669 1365 4739 qui
1418 4686 1503 4725 me
1558 4671 1663 4726 huc

83 4750 291 4821 direxit,
332 4757 431 4811 tibi
463 4758 606 4823 dico,
635 4759 823 4827 pestis,
861 4760 1327 4823 utobedientiam,
1369 4776 1489 4830 quae
1528 4761 1660 4815 mihi

84 4840 313 4911 injuncta
334 4855 442 4911 est,
462 4846 689 4916 implere
713 4864 798 4903 me
822 4850 993 4905 sinas.
1017 4869 1036 4901 ι
1064 4850 1231 4916 Dixit,
1259 4859 1315 4905 et
1336 4861 1494 4905 nocte
1521 4850 1665 4905 inse-

86 4944 222 5001 cuta,
274 4954 305 4992 a
345 4938 556 4994 duobus
595 4940 745 5003 viris,
777 4941 871 5010 qui
913 4957 972 4997 sc
1015 4943 1209 4997 missos
1260 4958 1289 4996 a
1331 4950 1520 4996 sancto
1549 4942 1665 4996 viro

87 5026 341 5096 dicerent,
370 5031 579 5086 visitari
616 5047 676 5088 se
705 5033 871 5097 vidit,
909 5043 964 5089 et
1013 5035 1066 5089 in
1112 5034 1293 5103 specie
1331 5034 1661 5088 medicorum

89 5116 151 5171 ab
172 5119 248 5175 eis
274 5123 531 5179 medicari
559 5133 614 5179 et
641 5127 841 5180 curari.
869 5125 1023 5182 Mane
1050 5137 1229 5182 autem
1253 5125 1664 5198 expergefactus

90 5222 270 5266 sanum
294 5230 355 5270 se
376 5216 443 5271 ab
467 5217 613 5272 omni
639 5217 947 5274 valetudine
972 5220 1260 5289 persensit.

153 5300 240 5356 20.
276 5305 433 5361 Alter
475 5322 627 5369 vero,
672 5308 892 5363 nomine
940 5308 1326 5375 Theodericus,
1378 5312 1430 5366 in
1472 5310 1667 5383 pollice

91 5393 231 5459 pedis
247 5398 403 5465 quasi
432 5399 670 5467 quodam
698 5400 820 5471 igne
842 5402 1129 5467 urebatur,
1163 5403 1234 5456 ita
1253 5412 1312 5456 ut
1336 5404 1419 5458 vix
1451 5419 1663 5469 somno,

92 5481 174 5535 vix
219 5485 381 5541 alicui
426 5491 671 5559 corporis
701 5490 867 5558 quieti
906 5492 1188 5563 indulgere
1235 5502 1439 5563 posset.
1490 5493 1668 5563 Rogat

93 5570 423 5641 inﬁrmorum
465 5594 898 5655 procuratorem,
933 5593 991 5637 ut
1032 5599 1250 5655 aquam,
1283 5586 1425 5640 unde
1471 5603 1668 5644 manus

94 5669 465 5730 sancti'Patris
494 5675 549 5731 in
573 5676 705 5732 hora
736 5677 916 5733 missm
944 5677 1314 5747 abluerentur,
1337 5690 1494 5735 caute
1528 5681 1669 5739 reci,-

95 5768 237 5828 peret
276 5775 341 5818 ac
368 5763 466 5822 sibi
496 5766 755 5825 deferret.
785 5768 1012 5845 Captata
1043 5770 1208 5847 igitur
1236 5772 1665 5849 opportunitate,

1530 384 1535 389 ,
1608 320 1789 376 vrri.
1824 386 1827 391 g

3228 327 3334 385 902

1740 470 1882 526 aqua
1910 457 1975 511 de
1998 472 2056 511 rm
2078 459 2254 525 nribus
2286 459 2579 529 suscipitur
2619 468 2676 515 et
2732 460 2944 516 ardenti
2990 462 3110 531 pedi
3154 463 3331 519 infun-

1666 564 1667 589 :
1745 546 1912 612 ditur,
1963 547 2149 618 sicque
2196 550 2381 605 statim
2411 550 2573 605 ardor
2614 551 2830 621 penitus
2876 554 3131 619 cessavit.
3178 555 3335 611 Miles

1745 636 1965 706 quidam
2018 639 2377 697 Arvernensis
2421 642 2737 698 vulneratus
2784 643 2837 698 in
2886 644 3073 712 pnelio
3129 644 3335 711 fuerat,

1744 738 1801 783 et
1830 729 2061 784 obducta
2086 788 2087 791 η
2110 731 2364 786 cicatrice
2412 734 2593 789 mintts
2620 743 2799 799 caute,
2832 736 3013 803 sanies
3060 735 3338 794 lethalitcr

1745 817 1955 874 inclusa
1992 826 2162 872 tozum
2190 836 2385 889 corpus
2406 823 2729 892 occupabat,
2762 826 3115 894 torquebatur
3138 827 3189 883 iu
3219 826 3336 881 dies

1746 910 2021 965 doloribus
2053 911 2353 977 immensis,
2380 921 2437 967 et
2466 914 2531 967 ad
2574 924 2802 968 mortem
2837 931 3007 986 usque
3045 919 3337 987 desperans

1747 1004 1955 1059 exitum
1983 1005 2108 1058 vitae
2145 1005 2580 1075 prarstolabatur.
2623 1007 2754 1062 Erat
2797 1010 2846 1063 ei
2894 1010 3065 1065 frater
3104 1010 3336 1065 clericus

1747 1098 1989 1167 quidam,
2022 1100 2318 1167 desperans
2342 1100 2559 1169 quidem
2603 1108 2659 1152 et
2696 1099 2811 1167 ipse
2843 1101 2908 1155 de
2933 1101 3136 1156 carnali
3167 1102 3338 1156 medi-

1747 1188 1890 1253 cina,
1937 1187 2031 1242 sed
2082 1188 2150 1241 de
2204 1186 2299 1242 Dei
2355 1187 2727 1242 misericordia
2780 1204 2887 1242 non
2932 1189 3204 1256 dillidens;
3244 1190 3336 1259 qui

1746 1279 1961 1334 beatum
1994 1280 2166 1333 virum
2192 1295 2290 1350 pro
2334 1280 2624 1350 languente
2654 1279 2823 1334 fratre
2852 1282 3063 1335 censuit
3086 1292 3341 1351 expeten—

1748 1370 1894 1424 dum.
1925 1370 2159 1424 Veniens
2183 1372 2346 1440 igitur
2380 1372 2445 1424 ad
2472 1372 2646 1425 virum
2680 1371 2795 1435 Dei,
2824 1372 3130 1426 consilium
3176 1387 3343 1440 super

1751 1470 1900 1515 tanta
1936 1460 2380 1515 incommoditate
2402 1460 2699 1531 ﬂagitabat,
2735 1472 2900 1531 utque
2929 1462 3011 1517 vel
3040 1461 3341 1531 fragmenta

1746 1553 1924 1621 aliqua
1953 1551 2199 1606 ciborum
2231 1567 2452 1608 suorum
2480 1554 2526 1605 ei
2553 1553 2814 1616 mitteret,
2845 1554 3204 1623 exposcehat;
3234 1554 3343 1622 spi-

1748 1660 1871 1698 nam
1921 1660 2137 1713 quoque
2191 1644 2420 1714 ligneam
2476 1643 2729 1709 rasilem,
2789 1659 2954 1713 quam
3015 1653 3143 1697 tunc
3197 1645 3343 1700 forte

1753 1752 1913 1790 manu
1947 1739 2029 1791 vir
2054 1736 2148 1792 Dei
2176 1738 2412 1800 tenebat,
2442 1738 2596 1807 petiit
2622 1746 2677 1789 et
2704 1738 2937 1804 accepit.
2973 1734 3119 1788 Tulit
3152 1736 3342 1803 itaque
3431 1794 3439 1807 ,

1752 1831 2076 1899 fragmenta,
2112 1841 2168 1885 et
2209 1830 2357 1884 fratri
2390 1830 2454 1883 ad
2486 1829 2753 1883 edendum
2783 1827 2990 1893 tribuit,
3025 1827 3339 1885 cicatricem

1753 1921 1905 1991 spina
1956 1920 2010 1974 iu
2069 1922 2247 1975 crucis
2298 1918 2576 1989 signaculo
2633 1920 2983 1987 consignatis,
3048 1919 3345 1985 statimque

1752 2010 1906 2066 dolor
1938 2011 2009 2064 ita
2060 2009 2277 2081 fugatus
2306 2016 2392 2064 est
2420 2017 2477 2061 ut
2506 2022 2667 2077 :eger,
2724 2008 2937 2062 cunctis
2975 2006 3065 2075 qui
3116 2006 3345 2060 aderant

1753 2101 2115 2172 stupentibus,
2159 2102 2473 2155 diuturnum
2525 2101 2800 2154 desereret
2829 2098 3051 2175 lectum.
3092 2105 3147 2151 et
3202 2096 3345 2151 ultra

1752 2196 1888 2252 nihil
1920 2194 2180 2251 molestiae
2210 2193 2424 2264 pristini
2447 2192 2725 2262 languoris
2753 2192 3005 2247 sentiret.

1823 2288 1913 2342 2|.
1957 2286 2097 2340 Puer
2140 2286 2358 2355 quidam
2404 2284 2701 2339 monachus
2745 2287 2887 2354 apud
2924 2283 3193 2347 Paredum
3226 2297 3344 2337 mo-

1754 2376 2078 2440 nasterium,
2106 2375 2233 2428 dum
2266 2376 2318 2427 in
2366 2374 2535 2453 choro
2558 2388 2679 2427 cum
2712 2372 2975 2427 fratribus
3003 2360 3204 2435 oraret,
3237 2384 3346 2425 una

1756 2469 1822 2524 de
1854 2467 2052 2522 tabulis
2077 2467 2327 2531 cadente,
2355 2481 2475 2535 quae
2500 2466 2553 2519 in
2588 2467 2828 2520 lacunari
2864 2466 3030 2519 turris
3053 2464 3348 2519 eminentis

1747 2559 2099 2630 iungebatur,
2130 2558 2400 2612 contritus
2427 2573 2455 2611 a
2490 2558 2694 2610 vertice
2724 2565 2826 2612 est.
2857 2556 3113 2610 Curritur
3159 2556 3225 2607 ad
3258 2570 3348 2609 ve-

1753 2651 2051 2709 nerabilem
2080 2650 2318 2713 Patrem,
2345 2649 2439 2718 qui
2467 2658 2592 2703 tunc
2620 2649 2757 2702 forte
2793 2648 2845 2701 in
2880 2647 3049 2700 altera
3081 2646 3342 2712 ecclesia,

1754 2742 1849 2798 Dei
1875 2742 2085 2798 scilicet
2129 2740 2446 2803 Genitricis,
2503 2739 2686 2794 divino
2730 2738 2881 2807 operi
2928 2737 3241 2801 insistebat;
3288 2747 3350 2791 et

1755 2844 1863 2888 tam
1892 2832 2071 2903 gravis
2114 2831 2321 2886 collisio
2376 2830 2552 2899 pueri,
2601 2829 2712 2897 jam
2765 2842 2902 2898 pene
2951 2827 3242 2893 exanimis,
3295 2826 3347 2880 ei

1754 2927 2059 2982 nuntiatur.
2095 2924 2195 2991 Qui
2240 2924 2328 2977 ubi
2373 2923 2611 2985 advenit,
2645 2937 2784 2990 aqua
2835 2920 3115 2975 benedicta
3150 2919 3349 2974 faciem

1755 3016 1873 3086 ejus
1901 3017 2061 3086 rigat,
2092 3026 2147 3069 et
2186 3015 2436 3070 oratione
2481 3015 2768 3068 subsecuta
2800 3012 3047 3082 spiritum
3091 3012 3180 3065 vix
3227 3010 3348 3079 pal-

1681 3150 1728 3214 C
1758 3111 2047 3181 pilantem,
2074 3117 2129 3164 et
2174 3108 2240 3163 ad
2278 3108 2486 3163 exitum
2523 3115 2903 3175 properantem
2937 3103 3188 3168 retinuit;
3222 3101 3351 3155 inde

1873 3203 1883 3214 .
1949 3204 1961 3214 .
2306 3200 2337 3214 ..
2461 3199 2473 3210 .
2512 3198 2543 3214 ο.
2684 3212 2725 3214 η
2900 3193 3114 3214 _..._,-.___
3186 3193 3346 3214 ιη--

1762 3203 2019 3274 paulatim
2078 3200 2371 3270 resumptis
2426 3198 2631 3253 viribus
2677 3212 2843 3255 sanus
2892 3193 3139 3261 effectus,
3186 3193 3353 3265 lotth

1762 3308 2004 3366 tempore
2026 3296 2350 3368 supervixit.
3048 3350 3051 3353 η

1830 3391 1922 3445 22.
1964 3389 2114 3443 Miles
2133 3399 2254 3443 erat
2278 3388 2329 3441 in
2373 3382 2715 3457 Lugduneusi
2750 3380 3046 3447 territorio,
3075 3378 3351 3434 Berardus

1758 3480 1999 3542 nomine,
2042 3478 2294 3532 dominus
2323 3476 2504 3531 Castri
2564 3472 2862 3537 Rehoterii,
2913 3471 3002 3541 qui
3054 3470 3228 3524 locum
3283 3466 3351 3521 Β.

1758 3569 1903 3624 Petri
1954 3568 2309 3623 Cavariacum
2356 3564 2700 3628 devastabat,
2756 3572 2812 3618 et
2872 3562 2938 3615 ad
2979 3576 3178 3631 pravos
3224 3572 3350 3611 usus

1758 3662 2009 3730 redigere
2045 3659 2341 3715 nitebatur.
2372 3657 2477 3713 Pro
2501 3672 2606 3725 qua
2644 3670 2701 3709 re
2737 3670 2861 3709 cum
2895 3667 2933 3723 a_
2970 3659 3160 3705 sancto
3190 3647 3351 3701 Patre

1761 3752 1958 3823 saepius
1976 3751 2367 3821 corriperetur,
2390 3760 2449 3804 et
2476 3748 2646 3818 magis
2679 3746 2961 3816 magisque
3000 3740 3201 3796 malitia
3232 3738 3350 3805 ejus

1759 3843 2119 3915 grassaretur,
2149 3828 2381 3912 quadam
2407 3841 2493 3895 die
2520 3840 2573 3893 iu
2604 3838 2911 3908 superbiam
2944 3832 3140 3895 elatus,
3176 3830 3351 3885 minas

1762 3935 1947 3991 intulit
1979 3945 2035 3989 et
2064 3935 2144 3988 sic
2163 3932 2241 3986 .ab
2266 3948 2332 3987 eo
2361 3930 2631 3985 discessit.
2682 3927 2776 3993 Ille
2803 3926 2869 3979 ad
2926 3923 3046 3977 fidei
3100 3935 3251 3975 arma
3288 3932 3349 3975 se

1761 4023 2068 4090 conferens,
2102 4022 2380 4079 Christum
2414 4021 2631 4074 invocat
2663 4023 3049 4087 protectorem,
3090 4020 3147 4064 et
3194 4007 3352 4063 Joan-

1761 4131 1885 4171 nem
1911 4114 2266 4184 Baptismam,
2293 4112 2349 4165 in
2381 4109 2536 4177 cujus
2559 4108 2767 4164 honore
2808 4104 2909 4159 loci
2930 4101 3173 4171 ejusdem
3207 4100 3352 4153 basi.

1761 4205 1866 4260 lica
1917 4212 2233 4260 c0nsecrata
2275 4210 2385 4265 est,
2417 4198 2761 4254 defensorem
2789 4193 3072 4264 elliagitat.
3125 4189 3245 4247 Mox
3296 4190 3351 4243 iu

1760 4297 1880 4366 ipso
1910 4295 2102 4350 itinere
2128 4292 2482 4349 Cavariacum
2508 4298 2561 4345 et
2597 4298 2835 4345 castrum
2860 4299 3016 4340 suum
3038 4281 3350 4345 LUSlelltll,

1764 4389 1947 4443 divino
1998 4386 2204 4457 judicio
2263 4397 2589 4455 percussus,
2644 4378 2937 4448 insanivit,
3007 4386 3061 4430 et
3127 4387 3351 4430 suorum

1688 4503 1737 4563 ι)
1766 4480 2016 4534 manibus
2068 4478 2350 4541 devectus,
2399 4474 2467 4529 ad
2534 4474 2731 4528 lectum
2774 4468 3135 4543 pertrahitur,
3194 4472 3353 4563 nocte

1766 4587 1981 4643 quoque
2014 4571 2125 4640 ipsa
2155 4571 2240 4624 vix
2272 4569 2340 4623 ab
2389 4566 2660 4630 incendio,
2691 4564 2857 4619 semel
2900 4570 3063 4629 atque
3113 4553 3354 4613 secundo

1767 4664 1964 4720 lectum
1990 4662 2107 4731 ejus
2153 4670 2473 4731 occupante,
2524 4658 2811 4721 liberatur,
2843 4654 2930 4705 vix
2955 4652 3021 4705 ad
3078 4643 3354 4715 sequentis

1767 4756 1872 4810 diei
1899 4754 2329 4813 satisfactionem
2363 4758 2691 4806 reservatur.
2724 4744 2838 4811 Qua
2874 4753 3052 4820 tamen
3091 4753 3159 4795 ex
3208 4733 3355 4788 arbi-

1770 4847 1873 4900 trio
1903 4844 2078 4901 sancti
2097 4844 2196 4899 viri
2217 4851 2463 4913 peracta,
2493 4840 2662 4910 ipsius
2686 4833 3027 4891 absolutione
3050 4828 3117 4883 ab
3143 4824 3353 4882 insania

1762 4937 1855 4993 illa
1887 4935 2109 5006 quievit.
2168 4948 2173 4953 ‘

1835 5026 1927 5081 25.
1966 5025 2209 5093 Quodam
2239 5027 2403 5082 etiam
2432 5032 2674 5091 tempore
2704 5019 2832 5073 dum
2869 5030 2975 5095 per
2996 5007 3349 5082 Aquitaniam

1758 5131 1868 5187 pro
1897 5117 2221 5187 quibusdam
2254 5115 2579 5172 utilitatibus
2608 5108 2865 5165 Ecclesia:
2903 5120 3014 5160 suae
3052 5104 3136 5156 vir
3164 5102 3360 5154 beatus

1768 5210 1872 5264 iter
1900 5215 2115 5278 ageret;
2149 5207 2368 5276 quidam
2397 5218 2641 5275 raptores
2674 5201 2740 5255 de
2765 5197 3012 5263 castello,
3041 5195 3129 5250 cui
3162 5191 3347 5247 Bride-

1766 5302 1910 5355 rium
1939 5313 2134 5353 nomen
2163 5307 2264 5363 est,
2316 5297 2369 5351 in
2397 5313 2520 5351 eum
2553 5294 2890 5364 irruperunt,
2927 5298 2982 5344 et
3019 5288 3197 5343 mulas
3238 5285 3353 5354 ejus

1763 5408 1891 5448 cum
1934 5388 2102 5446 multa
2139 5386 2470 5459 supellectile
2511 5386 2889 5446 abduxerunt;
2948 5379 3091 5454 quod
3140 5378 3355 5434 facinus

1767 5484 1905 5539 ultio
1932 5482 2113 5537 divina
2134 5491 2321 5536 secuta
2353 5488 2455 5534 est.
2472 5476 2607 5532 Nam
2630 5476 2820 5532 eodem
2850 5488 2994 5529 anno
3011 5482 3066 5527 et
3094 5473 3161 5527 ab
3184 5471 3355 5540 Aqui-

1770 5586 1896 5632 tano
1941 5577 2078 5635 duce
2119 5572 2386 5638 Guidoue,
2437 5572 2529 5642 qui
2579 5580 2632 5625 et
2676 5566 2979 5624 Willelmus
3031 5564 3333 5619 vocabatur

1762 5674 1955 5727 eorum
1984 5669 2241 5740 Oppidum
2269 5665 2589 5723 subversum
2633 5671 2736 5727 est,
2769 5669 2824 5717 et
2872 5659 3070 5714 divinte
3110 5656 3353 5711 ειιίιιιειυο

1768 5764 2035 5827 versionil
2097 5761 2224 5835 igne
2268 5766 2697 5832 gonerernatum.
2748 5755 2809 5818 in
2860 5751 3089 5815 consilio
3120 5759 3355 5823 quoque

3369 507 3389 573 '4
