3928 6298
597 312 701 387 ΜΒ

595 433 680 487 vir
730 430 821 485 Dei
864 434 1019 483 tanta
1067 427 1241 499 gratia
1291 426 1526 498 pollebat
1577 436 1639 482 ut
1686 429 2032 498 quicunque,
2068 437 2177 481 tam

597 527 651 580 in
696 522 893 579 divinis
939 535 1101 590 quam
1154 520 1319 574 etiam
1374 520 1661 574 mundanis
1729 520 1920 584 rebus,
1974 519 2187 574 consilii

594 628 756 668 causa
808 625 933 666 eum
983 618 1283 680 expeteret,
1340 609 1414 663 ita
1462 607 1610 664 fonte
1642 609 1882 665 emlestis
1926 610 2188 665 doctrina:

598 701 1047 771 imbuebatnr,nt
1078 701 1326 757 crederet
1372 718 1433 760 se
1478 702 1631 774 quasi
1681 704 1751 758 ab
1797 701 1990 771 angelo
2020 701 2187 755 infor-

596 806 823 852 matum.

663 888 755 942 9.4.
798 887 951 954 Quod
984 886 1045 942 S.
1080 886 1358 943 Michaelis
1381 886 1630 950 ecclesia,
1663 902 1785 956 qnze
1828 886 1881 941 in
1923 899 1985 939 ea
2031 894 2188 955 parte

596 979 881 1047 Cisalpina:
912 978 1120 1045 Galliae,
1152 992 1274 1047 qua:
1311 979 1472 1033 Clusa
1498 978 1719 1042 dicitur,
1761 980 1863 1033 sita
1900 985 2005 1042 est,
2051 977 2187 1030 satis

594 1072 649 1127 in
689 1070 972 1126 fulmimm
998 1071 1311 1140 depulsione
1350 1071 1621 1139 probavit.
1660 1069 1793 1123 Nam
1818 1070 1944 1125 dtnn
1976 1070 2187 1123 crebris

595 1163 1063 1219 fulminationibus
1090 1162 1238 1216 locus
1279 1161 1367 1215 ille
1391 1161 1663 1224 feriretur,
1706 1168 1761 1212 et
1797 1159 2183 1213 desolationem

594 1256 843 1312 cmnnbio
873 1265 1167 1323 tempeStas
1191 1254 1432 1318 horrida,
1465 1254 1533 1306 ob
1562 1252 1924 1322 quorumdam
1956 1251 2185 1304 fratrum

594 1348 897 1407 interitum.
947 1346 1271 1408 minaretur,
1324 1345 1540 1398 tandem
1587 1345 1671 1397 vir
1718 1345 1907 1397 beatus
1953 1344 2021 1397 de
2068 1359 2186 1396 mu-

596 1439 761 1491 tanda
818 1436 918 1492 loci
980 1437 1314 1490 habitatione
1361 1436 1680 1490 consulitur.
1739 1436 1889 1491 Tunc
1943 1436 2027 1489 vir
2079 1437 2185 1490 Deo

594 1529 788 1600 plenus
840 1529 1015 1584 locum
1076 1527 1433 1581 deserendum
1493 1542 1596 1579 non
1659 1542 1779 1581 csse
1858 1526 2179 1593 respondit,

595 1622 689 1675 sed
737 1620 796 1673 Β.
838 1619 1114 1677 Laurentii
1160 1617 1417 1687 martyris
1455 1617 1817 1687 patrocinium
1869 1616 2182 1683 quotidiana

593 1708 1103 1763 commemoratime
1128 1706 1546 1776 implorandum.
1575 1704 1741 1772 Cujus
1773 1704 1983 1759 consilii
2036 1714 2181 1757 tanta

593 1803 839 1876 apparuit
874 1802 1111 1857 efficacia
1150 1812 1228 1865 ut,
1262 1802 1328 1855 ab
1360 1800 1449 1853 illo
1479 1810 1744 1869 tempore.
1772 1798 1983 1853 merizis
2010 1797 2182 1851 sancti

592 1896 854 1967 martyris
881 1904 937 1949 et
964 1895 1069 1948 tide
1097 1892 1399 1949 beatissimi
1424 1892 1665 1955 Patris,a
1695 1890 1966 1944 fulmineis
1988 1890 2186 1944 ictibus

592 1989 900 2058 quiesceret
939 1987 1108 2041 locus.
1156 1984 1262 2040 Sed
1292 2000 1414 2039 cum
1456 1984 1577 2039 aliis
1626 1984 1680 2038 in
1733 1984 1962 2038 consilio
2012 1984 2182 2051 utilis,

595 2090 706 2134 tum
751 2079 852 2135 sibi
898 2087 1182 2149 promptus
1218 2088 1381 2147 atque
1423 2078 1682 2147 providus
1730 2086 1881 2139 erat;
1938 2078 2081 2146 quod
2132 2077 2185 2130 in

592 2170 779 2226 multis
830 2170 1065 2237 negotiis
1113 2168 1231 2237 ejus
1260 2170 1547 2224 ostendere
1592 2168 1808 2238 longum
1852 2176 1956 2223 est.
2006 2166 2183 2223 Pauca

594 2270 773 2321 tamen
797 2279 897 2335 pro
920 2263 999 2318 rei
1016 2262 1268 2331 exemplo
1292 2261 1535 2316 breviter
1571 2262 1870 2317 absolvam.

1203 2376 1434 2433 CAPUT
1477 2375 1566 2431 IV.

672 2469 966 2525 Concilium
1004 2469 1259 2524 Rcmense
1290 2470 1726 2532 concclebratum,
1775 2468 2115 2539 compositum

1032 2542 1257 2595 schismu
1295 2555 1313 2594 :
1357 2540 1486 2593 Pius
1526 2540 1718 2593 obitus.

666 2629 757 2683 25.
798 2628 1040 2696 Quodam
1067 2640 1306 2699 tempore
1338 2629 1593 2684 Romanae
1618 2629 1761 2683 sedis
1789 2627 2049 2697 pontifex,
2078 2628 2186 2684 Leo

591 2735 788 2785 nonus,
817 2723 886 2775 ob
929 2721 1165 2776 haereses
1196 2720 1633 2775 Simoniacorum
1689 2728 1743 2772 et
1794 2718 2185 2773 Nieolaitarum

591 2828 620 2866 a
656 2810 842 2867 Galliis
873 2813 1276 2882 exstirpandas,
1326 2812 1509 2867 llemis
1551 2813 1818 2882 synodum
1850 2811 2183 2876 celebrabat,

588 2916 647 2958 et
694 2905 947 2959 introitus
996 2904 1331 2975 singulorum
1391 2904 1611 2959 Patrum
1668 2905 2018 2959 discutiebat.
2079 2904 2184 2972 Qui

589 2998 717 3052 dum
764 2998 1077 3069 singillatim
1129 2998 1336 3055 de.suis
1381 2997 1739 3053 electionibns
1770 2998 2180 3067 responderent,

587 3090 674 3144 vir
724 3091 816 3146 Dei
847 3091 914 3145 de
962 3091 1290 3144 conscientia
1327 3090 1433 3143 tale
1480 3089 1652 3144 fertur
1693 3089 1902 3145 dedisse
1954 3105 2184 3161 respon-

590 3196 712 3235 sum
755 3198 767 3234 :
812 3198 832 3231 ‹
863 3180 1002 3234 Caro
1030 3181 1248 3249 quidem
1277 3181 1579 3244 consensit,
1610 3180 1702 3234 sed
1741 3180 1966 3249 spiritus
2012 3196 2182 3249 repu-

592 3272 799 3343 gnavit.
831 3290 849 3322 ι
890 3270 947 3324 lu
979 3286 1088 3340 quo
1118 3270 1284 3325 verbo
1333 3271 1474 3339 apud
1521 3284 1712 3325 omnes
1754 3279 1917 3324 tanta:
1947 3271 2185 3324 admira-

593 3366 727 3420 tioni
754 3350 1018 3435 etgratia:
1058 3365 1277 3420 habitus
1314 3374 1394 3419 est
1428 3374 1485 3419 ut
1527 3365 1668 3419 inter
1697 3373 1777 3419 tot
1805 3365 2186 3433 eloquentissi-

591 3472 712 3512 mos
739 3456 907 3520 viros,
931 3456 1071 3511 inter
1095 3464 1174 3510 tot
1201 3457 1449 3511 seniores
1496 3456 1610 3525 ipse
1636 3455 1814 3510 adlmc
1845 3455 2182 3521 adolescens,

590 3559 645 3601 ut
674 3563 983 3603 sermonem
1017 3550 1085 3602 ad
1116 3556 1281 3602 totam
1313 3547 1519 3603 faceret
1549 3549 1817 3618 synodum
1865 3547 2182 3618 eligeretur.

591 3637 761 3709 liujus
791 3639 1079 3695 consilium
1107 3654 1211 3693 non
1256 3639 1431 3693 solum
1462 3640 1529 3694 de
1557 3639 1771 3704 vicinis,
1804 3638 1897 3693 sed
1925 3639 2090 3693 etiam
2119 3640 2184 3693 de

596 3728 823 3784 remotis
871 3736 1139 3782 terrarum
1193 3728 1439 3797 partibus
1492 3730 1807 3799 petebatur;
1862 3742 1963 3782 nec
2010 3745 2037 3781 a
2069 3730 2183 3797 pri-

590 3820 728 3874 vatis
755 3818 1023 3873 duntaxat
1074 3819 1343 3889 personis,
1400 3818 1493 3873 sed
1545 3834 1576 3872 a
1631 3820 1839 3889 magnis
1873 3818 2181 3884 ordinibus,

588 3924 774 3981 regum
805 3949 821 3975 ,
885 3910 1315 3979 imperatorum,
1374 3910 1723 3980 pontificum,
1770 3917 1878 3963 tam
1926 3908 2184 3964 Romanae

589 4000 734 4056 sedis
762 4015 925 4070 quam
960 4000 1188 4054 aliarum
1227 3999 1519 4054 nmltarum
1561 4001 1802 4065 sedinm;
1837 3999 2032 4069 quibus
2057 4014 2181 4055 cum

591 4102 744 4149 tanta
796 4093 1172 4148 moderatione
1233 4093 1507 4162 aequitatis
1565 4092 1928 4163 respondebat
1996 4100 2061 4145 ut
2128 4100 2184 4149 et

592 4181 763 4237 Deum
820 4184 871 4236 in
916 4183 1172 4237 omnibus
1224 4192 1600 4252 anteponeret,
1649 4192 1705 4237 et
1750 4182 2073 4237 benevolum
2123 4197 2183 4237 se

590 4274 803 4328 cunctis
827 4275 1129 4329 exhiberet.
1177 4276 1328 4342 Quod
1369 4277 1421 4330 in
1469 4276 1764 4331 schismate
1815 4276 2033 4331 Henrici
2082 4279 2183 4330 im-

591 4365 863 4436 peratoris
915 4376 1105 4420 contra
1164 4366 1467 4421 Romanam
1522 4367 1822 4422 Ecelesiam
1899 4369 2182 4423 evidenter

590 4464 868 4511 ostensum
898 4464 1000 4511 €51.

663 4549 758 4604 26.
798 4548 881 4603 Ad
928 4547 1083 4616 cujus
1128 4549 1630 4605 reconciliationem
1690 4564 1813 4604 cum
1871 4564 1903 4603 a
1968 4565 2180 4607 summo

591 4646 843 4717 pontifice
874 4646 1138 4717 Gregorio
1162 4646 1393 4716 septimo
1423 4652 1681 4699 evocatus
1704 4642 1914 4711 fuisset,
1940 4652 1997 4699 et
2036 4644 2179 4698 limi-

591 4737 748 4811 nibus
798 4739 1164 4808 apostolorum
1212 4738 1358 4807 (quia
1416 4736 1488 4790 ibi
1533 4735 1716 4791 Ctesar
1760 4749 1881 4790 cum
1937 4736 2181 4790 exercitu

589 4842 689 4881 suo
714 4829 1025 4882 morabatur
1050 4828 1163 4897 (9i)
1212 4826 1566 4888 transmissis,
1623 4825 1709 4881 ad,
1739 4839 2009 4879 summum
2051 4840 2182 4895 pon-

588 4920 789 4975 tificem
820 4919 1147 4981 divertisset,
1193 4935 1286 4973 rex
1317 4918 1420 4974 hoc
1454 4926 1732 4987 comperto
1756 4917 2080 4987 legationem
2110 4917 2179 4971 ad

589 5010 713 5065 e‘um
746 5011 914 5075 misit,
949 5010 1429 5081 reprelrensibilem
1460 5024 1584 5064 eum
1619 5008 1869 5076 judicans
1905 5009 2049 5078 quod
2081 5022 2181 5076 pro

589 5103 806 5158 mortali
842 5103 1060 5158 homine
1092 5114 1516 5173 praetergressus
1567 5101 1778 5157 fuisset.
1836 5101 1907 5155 At
1955 5100 2040 5154 vir
2083 5098 2179 5155 Dei

662 5260 775 5329 (94)
818 5259 1076 5329 Spectant
1096 5260 1211 5314 bam
1240 5259 1307 5313 ad
1338 5274 1541 5312 annum
1576 5256 1716 5329 1085
1744 5265 1801 5310 et
1829 5263 2172 5325 sequentem,

587 5327 788 5400 quibus
834 5327 963 5385 urbe
1006 5332 1207 5399 potitus
1255 5330 1551 5394 sacrilegus
1599 5327 1916 5400 Guiliertum
1970 5330 2179 5400 antipa-

585 5396 713 5474 pam
753 5396 1157 5474 intbrpniiavit,
1209 5414 1260 5455 et
1298 5401 1411 5470 ipse
1431 5398 1687 5474 Avicissim
1727 5397 1795 5474 ab
1838 5411 1904 5474 eo
1963 5396 2178 5474 accepit

588 5467 849 5528 coronam
902 5471 1133 5539 imperii,
1190 5485 1285 5526 seu
1320 5467 1515 5541 potius
1544 5467 1910 5523 damnationis
1954 5480 2066 5519 sua:
2094 5468 2176 5535 pi-

626 5558 745 5597 IIUS.
1482 5574 1485 5579 -

586 5561 773 5680 εηξξὲ)
813 5611 989 5666 Distat
1030 5609 1212 5665 Sutria
1260 5610 1329 5664 ab
1368 5574 1499 5680 urbe
1556 5608 1728 5680 Roma
1778 5604 2173 5680 agd__2_5_p.-m.

656 5677 769 5755 (96)
811 5682 1097 5755 Odalricus
1125 5682 1212 5736 hic
1245 5680 1364 5755 fuit,
1398 5678 1488 5755 qui
1524 5679 1591 5732 ab
1623 5693 1769 5755 anno
1793 5677 1936 5755 1963.
1976 5677 2172 5755 Sedern

586 5747 925 5813 Brixiénsem
954 5753 1146 5820 tenuit,
1175 5760 1231 5807 et
1266 5752 1335 5805 ob
1361 5747 1599 5806 sc'bisma
1627 5763 1658 5804 a
1690 5748 1803 5804 suis
1839 5747 2009 5818 ipsius
2039 5748 2174 5803 civi-

1692 314 1749 371 S.
1778 312 2082 371 llUCO-NIS
2107 314 2393 373 ABBATIS
2422 316 2738 373 CLUNIAC.

3696 331 3768 389 953

2218 434 2265 491 Α
2295 444 2401 484 non
2429 443 2496 485 ex
2523 429 2796 500 neglectu,
2823 430 2918 486 sed
2944 447 3010 487 ex
3046 433 3185 489 bona
3215 434 3500 490 intentione
3530 450 3580 489 se
3618 452 3773 507 prata.

2291 519 2505 574 misisse
2551 519 2727 574 locum
2760 520 3058 590 respondit,
3086 522 3251 577 citius
3275 522 3343 577 ab
3367 526 3601 592 apostolis
3625 533 3772 587 veniam

2288 626 2354 665 se
2383 611 2900 681 impetraturum,si
2939 613 3009 668 ob
3056 612 3449 668 reformandam
3478 632 3636 684 pacem
3673 636 3773 674 sevc-

2289 717 2408 756 rum
2437 702 2747 773 pontiﬁcem
2790 704 3027 773 priorem
3054 706 3137 758 eis
3168 704 3425 759 adivisset
3447 722 3591 774 quam
3616 708 3657 760 in
3676 711 3771 778 ejus-

2289 792 2410 846 dem
2459 792 2732 862 pontilieis
2780 792 3011 862 gratiam
3068 794 3390 869 rediturum,
3438 803 3491 848 et
3529 797 3587 849 ad
3624 813 3772 851 causam

2290 885 2471 938 minus
2502 883 2867 954 profuturum,
2900 885 2945 938 si
2976 885 3077 938 sub
3122 884 3301 954 specie
3329 886 3593 951 orationis,
3630 889 3771 959 regium

2288 975 2580 1043 pontificali
2608 976 2885 1030 videretur
2919 974 3219 1044 praetulisse
3254 975 3582 1045 colloquium.
3612 977 3663 1031 Et
3695 979 3775 1032 hoc:

2288 1066 2345 1121 in
2373 1067 2719 1121 concordiam
2744 1068 2827 1121 vir
2856 1067 2950 1121 Dei
2979 1082 3073 1121 eos
3120 1082 3226 1121 non
3274 1068 3531 1137 potuisset
3563 1068 3771 1134 adducere,

2290 1165 2473 1212 tamen
2522 1159 2817 1228 imperator
2863 1158 3023 1227 paulo
3066 1158 3249 1213 mitior
3279 1157 3455 1212 factus
3498 1174 3559 1213 ex
3596 1170 3678 1211 tam
3717 1176 3772 1211 ra-

2291 1249 2530 1305 tionabili
2562 1265 2820 1320 responso
2865 1249 3106 1305 Snlriam
3132 1249 3268 1318 (95),
3297 1266 3365 1304 ne
3399 1250 3568 1304 Roma:
3589 1252 3773 1305 secundus

2289 1341 2520 1404 videret,
2568 1356 2728 1408 quem
2788 1341 2939 1410 prior
2983 1339 3170 1395 videre
3220 1356 3327 1395 non
3388 1343 3574 1411 potuit,
3619 1344 3670 1394 ad
3702 1343 3773 1406 ejus

2287 1434 2615 1502 colloquium
2668 1433 2857 1494 venit;
2913 1433 3004 1487 ubi
3067 1443 3191 1504 post
3240 1434 3469 1487 multum
3522 1434 3581 1488 ad
3618 1434 3770 1487 iuriam

2288 1523 2532 1577 habitum
2557 1522 2805 1586 verbum,
2864 1538 2958 1577 rex
3006 1539 3106 1592 pro
3158 1525 3395 1594 quodam
3454 1524 3668 1579 Brixiano
3704 1526 3771 1591 cpi

2287 1632 2451 1685 scopo
2477 1614 2611 1685 (95),
2645 1616 2737 1685 qui
2770 1616 2871 1684 ipsi
2899 1616 3016 1672 viro
3043 1616 3137 1675 Dei
3173 1616 3429 1686 injuriam
3455 1617 3770 1686 eaptionisllli).

2288 1712 2404 1766 zelo
2455 1712 2603 1782 regio
2639 1712 2855 1777 ductus,
2903 1711 3183 1778 intulerat,
3230 1712 3391 1768 ﬂexis
3441 1712 3636 1782 genibus
3672 1710 3774 1765 satis-

2288 1804 2436 1857 fecit.

2356 1895 2447 1949 27.
2488 1896 2565 1950 De
2598 1894 2928 1951 discretione
2955 1910 3085 1951 vero
3118 1895 3235 1966 ejus
3285 1894 3424 1951 satis
3466 1893 3639 1950 referre
3679 1901 3774 1945 tanto

2288 1989 2469 2044 minus
2495 2004 2713 2059 possum
2755 1998 2961 2059 quanto
3004 2005 3101 2060 per
3151 1988 3368 2059 singula
3414 2002 3563 2058 opera
3604 1986 3692 2056 ejus
3726 1985 3773 2037 ire

2288 2082 2661 2137 difﬁcillimum
2703 2092 2808 2138 est.
2855 2084 3129 2138 Caeterum
3175 2091 3235 2136 ut
3287 2083 3355 2137 de
3413 2082 3525 2136 aliis
3571 2080 3774 2133 rirtntibrs

2286 2174 2404 2244 ejus
2429 2175 2671 2231 breviter
2696 2176 2952 2243 disserui,
3002 2175 3087 2230 sic
3133 2184 3189 2231 et
3220 2174 3293 2230 de
3338 2173 3426 2228 illa
3468 2187 3574 2242 qua
3609 2170 3773 2225 omnes

2288 2275 2465 2322 mater
2508 2276 2611 2332 est,
2641 2276 2697 2321 et
2730 2268 2847 2323 sine
2869 2282 2977 2337 qua
3006 2266 3153 2321 nulla
3185 2266 3306 2335 ejus
3335 2266 3644 2335 reperiuntur
3664 2262 3773 2321 facta,

2286 2364 2475 2435 paucis
2505 2362 2809 2433 ertplicabo.
2845 2364 2911 2416 Et
2937 2362 3065 2431 quia
3120 2360 3494 2416 nullomelius
3529 2357 3686 2411 indicio
3718 2366 3772 2405 res

2287 2455 2625 2523 depromitur
2648 2468 2811 2523 quam
2841 2452 3118 2522 exemplo,
3151 2452 3359 2507 idcirco
3381 2449 3642 2519 Guigoncm
3654 2445 3775 2499 Albio-

2286 2559 2509 2599 nensem
2533 2544 2809 2608 comitem,
2837 2558 2975 2597 novo
3004 2557 3207 2614 genere
3241 2541 3571 2598 discretionis
3599 2554 3673 2608 per
3697 2552 3774 2589 cum

2287 2634 2582 2699 salvatum,
2635 2649 2742 2690 non
2798 2634 2867 2688 ab
2910 2648 2971 2689 re
3019 2635 3275 2689 duximus
3324 2629 3774 2689 commemorandum.

2286 2726 2389 2782 llic
2432 2727 2688 2782 nimirum
2734 2728 2862 2783 dum
2912 2727 3146 2797 quadam
3182 2727 3269 2782 die
3326 2742 3451 2782 cum
3484 2732 3643 2779 sancto
3675 2719 3776 2773 Patre

2286 2818 2768 2885 sermocinaretur,
2802 2819 2945 2873 inter
2972 2818 3073 2872 alia
3104 2821 3438 2873 monacham
3471 2832 3525 2871 se
3552 2830 3675 2885 posse
3697 2809 3770 2864 Ωσί

2287 2912 2591 2981 denegavit,
2632 2912 2733 2967 nisi
2760 2921 2911 2966 veste
2940 2910 3185 2965 saéeulari
3211 2910 3281 2965 ad
3330 2920 3508 2965 votum
3551 2917 3601 2961 ut
3634 2916 3775 2971 smper

2286 3000 2436 3057 indui
2460 3004 2903 3072 permitteretur;
2939 3004 3085 3074 quod
3125 3002 3215 3057 ubi
3265 3004 3357 3057 vir
3416 3001 3502 3057 Dei
3547 2998 3715 3057 audivit.
3743 3004 3775 3046 εί

2285 3092 2550 3149 voluntati
2605 3094 2724 3163 ejus
2770 3094 3173 3165 acquiescendo
3223 3086 3492 3150 satisfecit
3533 3101 3581 3147 et
3615 3089 3772 3143 animam

2285 3185 2401 3255 ejus
2433 3186 2543 3241 Deo
2582 3184 2870 3241 luerifecit.
2903 3185 3376 3245 Namtmonachus
3407 3184 3583 3247 factus.
3618 3180 3773 3251 primm

2285 3281 2627 3336 mollioribus
2676 3292 2734 3335 et
2778 3281 3192 3350 pretiosioribus
3230 3281 3475 3336 vestibus
3518 3292 3600 3332 sua
3636 3266 3772 3327 cum"!

2285 3371 2505 3426 indutus
2561 3372 2879 3439 incedebat;
2941 3372 3137 3427 deinde
3191 3387 3318 3426 cum
3376 3370 3568 3425 videret
3618 3362 3771 3417 fratrum

2285 3462 2672 3526 humilitatem,
2724 3462 2996 3533 simulque
3022 3462 3148 3516 vita:
3182 3460 3269 3515 vel
3312 3458 3521 3515 habitus
3544 3450 3772 3521 simplicita-

2286 3563 2418 3619 tem,
2462 3555 2690 3609 seinter
2727 3569 2855 3609 oves
2885 3554 3088 3609 Christi
3115 3553 3269 3624 quasi
3326 3552 3529 3608 leonem
3565 3540 3773 3614 nprehﬁ'

2286 3647 2443 3709 dens,
2472 3658 2667 3717 sponte
2694 3662 2790 3702 sua
2826 3646 3106 3701 secularia
3138 3655 3193 3698 et
3228 3658 3488 3714 pomposa
3509 3647 3690 3709 quaeque
3718 3629 3771 3683 ab-

2278 3736 2433 3807 jecit,
2461 3749 2516 3794 et
2543 3740 2622 3794 sic
2667 3739 2816 3794 brevi
2847 3738 3026 3807 spatio
3075 3736 3454 3793 conversionis
3498 3722 3773 3793 sancitum!

2284 3831 2475 3901 viginti
2504 3831 3091 3899 dierumcurriculnm,
3124 3830 3267 3885 bono
3302 3828 3411 3883 fine
3435 3823 3629 3897 quierit.

2354 3922 2445 3977 28.
2486 3924 2820 3995 Religionem
2863 3924 2915 3977 in
2956 3938 3021 3978 eo
3052 3933 3183 3977 tunc
3220 3921 3446 3976 demum
3471 3918 3609 3986 digne
3638 3917 3679 3963 ct
3712 3918 3770 3956 τεο

2282 4016 2483 4070 raciter
2521 4014 2940 4078 landaverimus,
2997 4014 3043 4068 si
3083 4012 3201 4081 ejus
3254 4013 3518 4073 habitum,
3566 4008 3769 4060 iactis“.

2285 4114 2517 4175 gestum,
2572 4104 2870 4174 eloquium,
2928 4104 2974 4157 si
3028 4103 3262 4171 denique
3318 4100 3496 4156 omnia
3538 4096 3634 4166 ejus
3665 4097 3769 4158 open

2283 4206 2475 4250 sancta
2506 4205 2562 4252 et
2600 4195 3097 4265 irreprebensibilia
3139 4196 3192 4249 in
3219 4195 3371 4249 omni
3414 4195 3517 4246 vita
3560 4202 3636 4243 sua
3662 4182 3769 4235 illis“

2286 4289 2604 4344 dixerimus.
2661 4288 2981 4344 Patientiam
3030 4303 3178 4351 vero,
3232 4287 3593 4343 humilitatem,
3629 4269 3769 4347 pmlid‘

2284 4380 2439 4443 tiam,
2456 4382 2831 4445 sobrietatem,
2860 4368 3192 4449 czeteraSque
3214 4380 3466 4441 virtutes,
3490 4388 3606 4444 quas
3628 4364 3764 4421 habuit.

2207 4476 2257 4536 υ
2283 4472 2592 4526 describere
2626 4486 2733 4525 non
2759 4480 2841 4526 est
2877 4484 3128 4535 necesse;
3172 4485 3295 4539 qum
3337 4467 3487 4537 quasi
3536 4466 3687 4517 innata
3720 4452 3764 4505 illi

2287 4562 2523 4627 inerant,
2556 4572 2610 4616 et
2635 4561 2751 4629 ejus
2774 4570 2927 4615 actus
2955 4561 3022 4614 ab
3048 4558 3180 4628 ipsis
3218 4558 3497 4615 cunabulis
3526 4551 3644 4609 omni
3666 4544 3766 4601 ωοῖὲο

2282 4652 2637 4707 decorabant.
2670 4651 2775 4706 Sed
2805 4651 2873 4707 de
2912 4651 3183 4706 charitate
3204 4650 3323 4720 ejus
3353 4663 3510 4702 unum
3536 4633 3765 4713 pratemil'

2283 4750 2400 4796 tere
2435 4742 2711 4813 indignum
2746 4741 3004 4804 arbitror,
3037 4741 3092 4794 in
3116 4790 3121 4797 .
3143 4755 3255 4809 quo
3310 4735 3642 4793 admirabilem
3671 4726 3765 4816 illul

2282 4830 2475 4895 fuisse,
2504 4812 2666 4885 nemo
2690 4830 2885 4899 estqui
2923 4829 3234 4883 dissentiat.
3265 4826 3402 4881 Nam
3437 4839 3547 4880 cum
3565 4822 3649 4873 duo
3674 4812 3765 4868 ωἰιὲο

2283 4931 2365 4976 tcs
2398 4937 2565 4977 unum
2590 4922 2658 4976 de
2688 4919 2951 4975 fratribus
2974 4918 3091 4988 ejus
3119 4919 3532 4979 interemissent,
3569 4909 3765 4970 ηιιηωςυε

2281 5014 2475 5085 rer"liii
2508 5015 2679 5079 locus,
2702 5013 2791 5067 ubi
2833 5029 2894 5069 se
2919 5014 2986 5067 ad
3022 5013 3254 5068 salutem
3299 5011 3597 5077 reciperent,
3638 5001 3696 5053 eis
3728 4993 3759 5085 it

2279 5102 2471 5160 Galliis
2499 5112 2733 5176 pateret,
2766 5103 2986 5173 isteyir
3022 5102 3214 5157 beatus
3237 5101 3292 5156 in
3327 5099 3475 5171 asylo
3513 5089 3762 5150 Cinciam:l

2220 1777 2260 1829 Β

2209 3133 2257 3197 C

2277 5258 2382 5315 bus
2428 5258 2632 5328 pulsus,
2670 5256 2922 5312 militavit
2970 5256 3045 5328 in_
3072 5256 3267 5311 castris
3314 5252 3544 5328 llenriei,
3584 5245 3625 5299 in

2318 5315 2444 5382 criit
2480 5315 2782 5398 pestilentia
2827 5344 2917 5381 an.
2950 5326 3112 5391 1088,
3162 5337 3221 5380 ut
3261 5326 3449 5380 scribit
3488 5315 3763 5374 Bernardiuus

2318 5346 2441 5382 erm
2480 5346 2782 5398 pestnenua
2827 5346 2917 5381 an.
2950 5346 3112 5391 ιυδδ,
3162 5346 3221 5380 ut
3261 5346 3449 5380 scrinii
3488 5346 3607 5374 ncu-

2278 5346 2853 5470 annusinsuoleo
2879 5398 3154 5451 Brixiano.
3285 5466 3296 5470 _
3340 5465 3351 5470 _
3416 5414 3423 5419 σ
3503 5462 3515 5470 ·
3587 5456 3612 5470 ί,

2351 5439 2854 5540 (stringam-"aa;
2879 5439 3386 5540 ῑιεςὲίῑιῑίέςρηιίεει.
3403 5439 3761 5540 νεηίεηιίδυὶθέ

2278 5529 2605 5605 concilium,
2636 5556 2663 5591 a
2697 5553 2833 5606 P3Pil
2878 5529 2943 5591 έΧ
2977 5538 3147 5606 ἱρείης
3178 5529 3387 5591 Ηυυίίεί
3419 5529 3762 5606 φ¹¹⁵⁸¹¹ῳκυῖἶίδ

2279 5621 2457 5675 ctum;
2486 5610 2551 5663 iis
2579 5604 2828 5663 videlicet
2848 5624 2876 5660 a
2900 5604 3131 5676 quorum
3161 5609 3369 5663 sincero
3395 5604 3507 5659 zelo
3529 5605 3668 5666 magis

2264 5679 2613 5738 ’scbismatici
2637 5680 2971 5735 metuebant.
