3928 6298
162 333 285 394 ωε

1784 331 1942 393 “TA
1954 377 1966 390 .

3292 394 3303 399 ς
3340 340 3445 409 ’95

144 462 247 504 eos
283 446 507 519 recepit,
540 456 597 501 et
630 430 926 502 monachos
961 446 1154 510 factos,
1188 462 1351 504 unum
1397 447 1497 501 sub
1534 446 1742 500 ordinis
1774 456 1815 509 Α
1847 451 2056 521 positus
2086 453 2326 519 videbat,
2373 462 2428 509 et
2454 452 2605 520 cujus
2647 468 2811 510 causa
2859 462 3032 510 totum
3059 455 3213 511 ποι-ει
3240 455 3445 511 intem-

144 539 441 596 ‘monastici
466 540 687 595 retinuit
716 554 907 594 norma
932 556 947 604 ;
980 539 1234 603 alterum,
1281 539 1373 610 qui
1402 548 1570 609 caput
1616 537 1742 593 mali

148 624 484 700 exstiterat,
540 631 663 702 fuga
717 631 925 702 lapsum
990 640 1046 686 et
1098 642 1283 701 postea
1339 629 1536 701 praedis
1583 640 1748 701 atque

150 722 364 792 rapinis
389 721 763 789 iutentum,ret
790 724 860 777 ob
889 723 990 777 hoc
1023 706 1173 777 male
1201 720 1570 786 interfectum,
1606 722 1742 776 ami-

148 816 247 870 sit.
276 814 344 870 Et
379 816 638 885 quoniam
685 825 794 873 tota
820 818 932 873 vita
966 818 1112 873 beati
1142 818 1241 872 viri
1275 833 1381 873 non
1410 817 1558 872 aliud
1585 831 1745 887 quam

149 907 330 962 virtus
360 908 483 974 fuit,
504 924 683 980 neque
713 909 925 980 singula
954 914 1024 966 ob
1064 911 1448 969 enormitatem
1492 910 1745 980 colligere

150 1013 469 1068 possumus,
502 1000 709 1056 idcirco
761 1000 925 1058 finem
964 1000 1124 1071 hujus
1155 1001 1338 1072 operis
1386 1001 1454 1057 de
1492 1002 1623 1056 tauti
1649 1000 1750 1056 Pa-

153 1092 261 1147 tris
291 1091 397 1147 fine
422 1092 708 1147 faciamus.

225 1182 322 1239 29.
363 1182 462 1238 Vir
489 1183 656 1253 igitur
691 1193 916 1240 sanctus
943 1199 1039 1255 per
1065 1183 1330 1255 gloriosos
1357 1184 1479 1238 vita:
1517 1181 1748 1247 labores.

152 1274 425 1343 cumjam
467 1277 654 1343 carnis
689 1276 957 1333 universm
994 1278 1138 1332 viam
1182 1277 1388 1348 ingredi
1431 1284 1538 1330 tota
1573 1284 1752 1331 mente

151 1368 515 1434 desideraret,
546 1376 605 1421 ut
648 1368 928 1438 praemium
958 1370 1028 1424 ab
1054 1368 1171 1439 ipso
1200 1368 1368 1440 Rege,
1411 1368 1499 1423 cui
1535 1382 1751 1436 semper

154 1458 512 1520 militaverat,
568 1458 619 1514 in
667 1468 868 1513 aeterna
920 1458 1254 1513 beatitudine
1294 1459 1589 1528 reciperet,
1640 1471 1748 1511 non

149 1548 408 1602 cessabat
445 1548 498 1602 in
542 1548 658 1604 dies
700 1547 872 1617 magis
900 1548 1177 1619 magisque
1205 1549 1347 1603 bona
1382 1563 1548 1617 opera
1592 1561 1751 1601 exer-

146 1654 317 1704 cere,
374 1641 761 1695 misericordire
817 1640 1072 1706 studere,
1126 1640 1434 1695 esurientes
1491 1654 1745 1711 pascere,

150 1735 336 1789 nudos
362 1734 560 1805 vestire
589 1734 812 1789 servitio
843 1733 935 1788 Dei
975 1744 1171 1789 cuncta
1203 1744 1551 1805 postponere,
1599 1734 1742 1803 rigo-

1850 543 2011 612 gebat
2041 544 2213 617 ‘Tunc
2260 555 2452 601 vocato
2502 544 2726 602 Rofensi
2782 547 3036 618 episcopo
3063 547 3280 603 domino
3334 546 3446 599 lio-

1850 636 2017 702 dulfo,
2051 638 2142 715 qui
2173 646 2299 693 tunc
2327 636 2777 694 Cantuariensem
2820 639 3120 696 Ecdesiam
3149 640 3214 695 de
3241 642 3505 725 rcccuty

1849 727 2002 782 obitu
2049 728 2254 783 domini
2299 728 2693 800 archiepiscopi
2740 729 2980 805 A‘nsclmi
3032 730 3439 795 consolabatur,

1850 816 2115 874 visionem
2136 820 2408 889 exposuit,
2435 828 2492 876 et
2531 830 2777 876 sanctum
2803 836 2987 878 senem
3017 821 3083 877 de
3109 820 3307 877 saeculo
3337 823 3439 876 mi-

1850 924 2040 980 grasse
2067 911 2337 981 praedixit.
2376 911 2544 981 Igitur
2584 923 2766 968 notata
2800 914 2884 969 die
2910 922 3074 983 atque
3114 915 3271 977 hora,
3322 923 3445 984 post

1851 983 1958 1056 non
1993 1002 2193 1057 multos
2221 1002 2339 1058 dies
2367 1013 2616 1057 sanctum
2648 1003 2820 1058 virum
2850 1004 3054 1059 obiissc
3104 1004 3296 1059 didicit
3388 1014 3445 1058 et

1855 1103 2097 1149 notatum
2122 1102 2335 1162 tempus
2358 1095 2514 1165 juxta
2546 1094 2809 1150 visionem
2838 1111 3001 1166 quam
3030 1095 3239 1150 viderat
3290 1096 3443 1150 inve-

1854 1186 1956 1241 nit.
1984 1186 2216 1254 Quidam
2268 1202 2487 1258 quoque
2539 1185 2708 1241 abbas
2756 1186 2823 1241 de
2877 1186 3259 1243 Cameraceusi
3300 1201 3441 1256 pago

1853 1278 1960 1333 dno
2004 1279 2229 1349 grabata
2284 1278 2353 1333 ad
2395 1277 2592 1333 malum
2655 1276 2855 1332 deferri
2903 1277 3153 1345 videbat;
3208 1294 3442 1347 quorum

1855 1387 2019 1427 unum
2045 1370 2442 1441 archiepiscopi
2494 1369 2920 1434 Cantuariensis,
2949 1368 3179 1423 alterum
3221 1368 3444 1429 Clunia-

1855 1465 2035 1519 censis
2088 1461 2299 1518 abbatis
2334 1475 2453 1517 esse
2506 1460 2834 1517 dicebatur:
2897 1476 3062 1515 unum
3120 1460 3446 1515 ascendebat

1854 1564 2050 1627 quarta
2099 1553 2232 1609 feria
2284 1553 2444 1609 unius
2485 1552 2860 1617 hebdomadze,
2911 1552 3144 1608 alterum
3197 1541 3447 1605 sim‘iiitcer

1855 1648 2080 1703 alterius
2106 1645 2455 1721 hebdomadze
2476 1645 2663 1699 eadem
2686 1644 2841 1699 feria.
2866 1644 3017 1712 Quod
3048 1645 3233 1715 paucis
3256 1653 3441 1699 trans-

1853 1741 2033 1798 cursis
2059 1740 2276 1803 diebus,
2317 1738 2404 1794 rei
2435 1738 2685 1809 probavit
2715 1746 2971 1801 eventus;
3021 1751 3146 1791 nam
3188 1736 3443 1790 dominus

147 1838 279 1880 rem
309 1826 516 1881 ordinis
542 1826 623 1882 sui
655 1826 1027 1883 inflexibiiiter
1058 1836 1262 1891 tenere,
1289 1827 1607 1899 religionem
1638 1835 1747 1882 tam
1783 1832 1825 1887 Β
1853 1833 2295 1904 archiepiscopus
2341 1839 2536 1902 quarta
2598 1830 2731 1885 feria
2764 1838 2889 1885 aute
2930 1827 3273 1885 Dominicam
3317 1826 3444 1882 Cte-

146 1918 213 1972 in
245 1932 303 1972 se
335 1932 496 1988 quam
536 1918 589 1972 in
613 1918 854 1974 subditis
894 1933 1112 1988 semper
1150 1918 1466 1981 obschare,
1520 1917 1749 1973 virtutes

150 2011 395 2080 denique
423 2023 614 2065 omnes
637 2010 903 2080 aemulari,
938 2010 1196 2081 amplecti
1221 2017 1276 2065 et
1298 2008 1569 2074 obtinere,
1592 2017 1648 2064 et
1670 2008 1751 2064 sic

144 2106 461 2161 vocationis
482 2121 591 2160 sua:
616 2105 759 2162 diem
786 2105 988 2176 jngiter
1015 2087 1351 2174 exspectare.
1389 2102 1597 2158 interea
1647 2102 1752 2157 Do-

150 2199 371 2255 minicz
400 2198 840 2255 Resurrectionis
868 2196 1137 2269 paschalis
1164 2196 1484 2253 solemnitas
1515 2196 1752 2252 advene-

152 2300 271 2357 rat,
304 2299 361 2346 et
388 2300 622 2347 sanctus
651 2304 817 2346 senex
856 2290 923 2344 de
954 2288 1139 2343 labore
1178 2288 1244 2343 ad
1284 2286 1528 2357 requiem
1578 2295 1753 2342 trans-

152 2382 359 2446 iturus,
390 2398 514 2437 cum
538 2383 589 2437 in
620 2384 735 2453 ipso
748 2382 932 2437 (Stena:
949 2380 1247 2436 Dominiere
1265 2380 1353 2434 die
1379 2378 1575 2435 fratres
1598 2392 1748 2446 suos,

153 2481 275 2528 tam
303 2473 556 2529 absentes
589 2489 750 2543 quam
796 2483 1113 2544 praesentes,
1158 2482 1386 2543 paterna
1424 2471 1753 2527 auctoritate

152 2564 506 2631 absolvisset,
554 2564 816 2623 Passione
847 2565 1060 2620 vivifica
1101 2578 1165 2619 ac
1207 2562 1626 2619 Resurrectione
1657 2577 1753 2619 ce-

153 2654 395 2719 lebrata,
426 2663 620 2724 quarta
654 2654 789 2709 feria
839 2653 953 2723 jam
1003 2654 1091 2710 die
1131 2652 1642 2722 advesperascente,
1699 2651 1753 2704 in

151 2747 407 2803 oratorio
435 2748 608 2803 beatae
640 2746 731 2803 Dei
758 2746 1075 2812 Genitricis,
1107 2745 1327 2800 beatum
1363 2742 1474 2798 Deo
1501 2741 1752 2814 Spiritum

154 2838 425 2904 reddidit,
467 2839 622 2909 cujus
644 2854 843 2910 corpus
876 2838 1214 2893 aromatibus
1239 2834 1550 2899 conditum,
1572 2834 1628 2888 in
1656 2834 1754 2889 ba-

150 2930 322 2987 silica
383 2946 520 2987 nova
556 2947 721 3002 quam
772 2933 888 3001 ipse
932 2930 1261 2995 construxit,
1311 2929 1379 2984 ad
1433 2926 1754 2985 orientalem

150 3024 377 3096 plagam
409 3024 680 3096 sepultum
708 3032 815 3079 est.
863 3046 874 3059 “

228 3116 326 3170 50.
366 3114 530 3182 Cujus
558 3113 879 3184 exsequias,
910 3115 1025 3186 ipsa
1068 3125 1227 3171 nocte
1258 3128 1365 3183 qua
1400 3109 1654 3182 migravit
1687 3110 1754 3164 ad

150 3208 476 3273 Dominum,
505 3205 675 3263 frater
701 3206 922 3276 quidam
977 3206 1285 3277 religiosus,
1324 3203 1620 3259 Balduiuus
1656 3217 1755 3256 no—
1783 3199 1804 3253 (

151 3300 335 3363 mine,
382 3298 509 3355 olim
551 3299 753 3355 domini
783 3297 1019 3353 Anselmi
1043 3296 1453 3352 Cantuariensis
1481 3292 1756 3362 archiepi-

151 3391 312 3461 scopi
338 3392 702 3462 dispensator,
748 3392 800 3446 in
827 3392 1045 3462 spiritu,
1084 3390 1227 3445 sicut
1270 3390 1386 3459 ipse
1428 3388 1559 3443 mihi
1618 3401 1753 3440 nar-

154 3482 322 3545 ravit,
367 3481 435 3536 ab
484 3482 674 3550 Anglia
726 3497 826 3552 per
874 3480 1123 3536 ordinem
1153 3480 1306 3535 vidit.
1363 3478 1499 3535 Nam
1551 3477 1754 3547 ubique

146 3576 343 3626 luctus
371 3572 832 3644 iucomparahilis,
866 3572 1067 3642 ubique
1087 3570 1343 3641 ejulatus,
1365 3570 1568 3639 ubique
1602 3568 1757 3635 plan-

1855 1946 1980 1985 nam
2028 1929 2116 1984 die
2168 1929 2517 1984 illucescente
2553 1926 2835 1998 migravit;
2866 1935 3089 1981 sanctus
3120 1940 3247 1981 vero
3275 1939 3443 1981 senex

1853 2021 2156 2085 Dominica,
2200 2029 2259 2076 ut
2311 2035 2475 2092 supra
2506 2020 2710 2075 dictum
2753 2028 2859 2084 cst,
2908 2027 3131 2088 peracta
3178 2006 3442 2074 Resurrc-

1857 2118 2041 2173 ctione
2080 2116 2272 2172 eadcm
2319 2114 2475 2177 feria,
2517 2124 2710 2170 octavo
2753 2112 2963 2169 scilicet
3004 2111 3091 2168 die
3123 2112 3445 2181 advespera-

1858 2217 2068 2274 scente,
2096 2221 2260 2263 carne
2284 2206 2494 2263 solutus
2519 2214 2623 2261 est.
2658 2203 2783 2262 llaec
2808 2205 2876 2260 de
2907 2203 3025 2259 Vita
3060 2203 3231 2259 sancti
3268 2202 3444 2256 Patris

1855 2305 2025 2361 nostri
2072 2302 2313 2375 Hugonis
2361 2300 2577 2355 abbatis
2621 2298 3017 2364 Cluuiacensis,
3066 2296 3209 2353 sicut
3237 2295 3441 2366 partim

1852 2398 1985 2465 vidi,
2027 2397 2222 2469 partim
2275 2394 2537 2449 relatione
2588 2390 2947 2461 probabilium
2979 2389 3222 2447 virorum
3250 2386 3441 2448 didici,

1852 2487 2292 2562 perstrinxerim,
2334 2486 2390 2541 in
2430 2484 2588 2555 cujus
2642 2480 2801 2541 laude
2832 2478 3130 2536 versiculos
3183 2476 3318 2532 istos
3364 2478 3444 2531 sic

1855 2584 2230 2639 decantemus.

1856 2716 2060 2788 Regula
2086 2714 2371 2777 virtutum,
2409 2710 2574 2766 Pater
2611 2707 2785 2781 ilngo,
2826 2707 2993 2762 decus
3028 2695 3444 2764 monachorum,

1856 2808 1994 2879 Spes
2024 2808 2262 2877 inopum,
2284 2811 2629 2873 contemptor
2657 2815 2842 2872 opum,
2871 2809 3061 2868 portus
3093 2797 3445 2857 miscrorum,

1861 2897 1967 2954 Vas
1990 2896 2355 2967 templumque
2389 2893 2505 2958 Dei,
2535 2892 2771 2946 libamen
2803 2899 2858 2944 et
2884 2887 3059 2942 hostia
3088 2885 3320 2950 Christi,

1856 2990 2036 3046 Carne
2059 2966 2271 3044 locatur
2296 2986 2466 3052 lmmi,
2491 2984 2584 3041 sed
2612 2974 2839 3054 spiritus
2863 2992 3010 3035 astra
3046 2966 3267 3050 petivit.

1857 3082 2049 3140 (Helix
2080 3081 2307 3137 currus!
2345 3079 2475 3134 felix
2504 3076 2690 3147 auriga
2722 3083 2935 3128 tuorum
2962 3072 2976 3125 !
3070 3066 3073 3067 ⁷

1858 3172 1966 3231 Fac
1990 3184 2050 3229 ut
2094 3175 2161 3229 ad
2189 3182 2339 3227 astra
2378 3171 2545 3226 vehas
2575 3183 2710 3240 quos
2742 3168 2830 3222 hic
2854 3164 3085 3219 vivendo
3116 3163 3365 3233 regebas.

1864 3264 2058 3321 [vltima
2089 3265 2183 3318 lux
2211 3264 2334 3317 vitze
2356 3260 2650 3331 penultima
2682 3258 2817 3313 luxit
2845 3255 3063 3327 Aprilis.

1861 3355 1975 3409 Lux
1998 3362 2228 3418 (eterna,
2259 3352 2398 3407 Deus
2426 3351 2521 3406 tibi
2546 3348 2727 3405 luceat
2756 3361 2919 3403 omne
2948 3360 3046 3417 per
3075 3358 3272 3399 κνοω.

1860 3486 2022 3542 Rexit
2049 3494 2232 3540 autem
2274 3483 2689 3539 Cluniacensem
2737 3480 3036 3538 Ecclesiam
3091 3478 3253 3534 annis
3288 3491 3442 3531 sexa-

1860 3579 2033 3649 ginta,
2065 3576 2266 3632 additis
2289 3583 2415 3631 octo
2443 3574 2636 3629 diebus
2663 3588 2727 3629 ac
2752 3572 2963 3628 duobus
3011 3570 3285 3626 mensibus
3312 3565 3446 3647 (98),

151 3670 288 3716 ctus
319 3662 706 3732 personabant,
742 3663 1004 3733 quidquid
1053 3662 1106 3716 in
1134 3659 1307 3716 sancti
1334 3658 1517 3713 Patris
1566 3657 1756 3711 funere
1849 3670 2011 3739 cujus
2043 3669 2235 3724 ,ηετίω
2283 3683 2384 3724 nos
2420 3669 2565 3738 apud
2618 3665 2786 3721 Deum
2832 3664 3092 3736 adiuvem
3141 3661 3196 3718 in
3246 3660 3446 3716 meum

149 3752 368 3807 doloris
404 3753 650 3810 Cluniaci
680 3755 967 3825 agebatur,
1019 3760 1188 3808 totum
1226 3750 1342 3822 ipse
1389 3748 1441 3803 in
1473 3746 1753 3803 Britannia

1858 3762 2199 3820 saeculorum.
2239 3760 2437 3816 Amen.

230 3952 356 4025 (98)
398 3953 542 4024 Ergo
569 3961 920 4025 consecratus
945 3967 1037 4025 an.
1067 3948 1207 4007 1049
1256 3948 1329 4004 22
1364 3911 1669 4009 Februarii,
1696 3945 1750 4000 in
1780 3942 1917 3998 festo
1933 3939 2207 3998 cathedrae
2233 3935 2297 3993 S.
2324 3934 2468 4003 Petri
2500 3931 2877 3997 Antiocheam,
2910 3936 3039 3982 tunc
3068 3925 3124 3981 in
3168 3921 3359 4014 feriam
3392 3936 3442 3977 tv

147 4023 411 4090 cadente,
440 4023 548 4094 qua
574 4024 708 4079 feria
730 4025 896 4079 etiam
921 4023 1076 4078 obiit.

154 4132 3443 4197 Mm

891 4257 1584 4435 SYNOPSIS
1662 4302 2063 4427 va
2146 4292 2830 4454 METRICA.

1233 4566 1480 4638 (Auctore
1508 4562 1686 4619 eodem
1716 4556 1993 4630 Raynahlo
2023 4572 2088 4611 ex
2114 4553 2252 4607 dicto
2283 4552 2403 4622 ms.)

149 4910 432 4980 insignem
462 4908 630 4963 titulis
655 4917 711 4962 ct
738 4906 947 4962 clarum
971 4904 1131 4959 laude
1161 4919 1257 4975 per
1282 4902 1472 4957 orbcm

225 5000 516 5072 nugonem
539 5001 805 5064 canimus,
842 5012 1016 5068 spem,
1035 4995 1319 5059 Cluniace,
1347 5002 1515 5047 luam.

150 5092 253 5150 Bis
280 5092 428 5148 Deus
454 5092 658 5163 aspiret
681 5090 894 5162 coeptis,
918 5089 1036 5144 haec
1056 5095 1179 5141 vota
1204 5083 1486 5147 secundet,

230 5190 305 5245 lit
334 5186 494 5241 Patre
522 5194 630 5240 tam
657 5192 845 5241 sancto
874 5182 1032 5250 digna
1061 5177 1205 5249 loqui
1235 5190 1464 5231 merear.

149 5281 307 5347 Quos
335 5277 523 5332 habuit
548 5289 803 5346 proceres
828 5269 1137 5342 Burgundia
1166 5265 1478 5328 nobiliores,

226 5372 466 5427 Germen
501 5369 664 5424 traxit
683 5366 750 5421 ab
777 5364 862 5420 his
885 5364 983 5418 iste
1012 5361 1095 5414 vir
1123 5357 1392 5430 egregius.

152 5461 296 5517 Nam
319 5471 471 5532 patre
505 5459 770 5514 Dalmatio
798 5456 871 5511 nil
900 5453 1100 5510 clarius
1125 5450 1297 5506 edidit
1324 5461 1587 5516 unquam,

228 5555 296 5609 Ni
324 5556 447 5625 quia
477 5553 595 5625 plus
620 5551 789 5606 nimio
815 5547 951 5602 bella
974 5542 1133 5614 sequi
1163 5540 1352 5596 voluit.

154 5644 331 5701 Mater
358 5644 738 5712 Aremburgis,
765 5655 871 5694 non
901 5638 1075 5705 impar
1104 5633 1274 5703 stirpe
1301 5629 1519 5694 marito,

229 5734 470 5791 Moribus
493 5728 717 5795 eil'nlsit,
742 5744 801 5785 se
822 5740 1037 5799 quoque
1066 5722 1320 5780 nobilior.

520 5828 788 5887 Ριτιιοι..
843 5819 1066 5881 CLlX.

1789 4877 1831 4934 ί)
1861 4894 1983 4948 "me
2014 4903 2277 4947 concussa
2304 4893 2474 4952 metu,
2504 4891 2695 4952 partus
2724 4879 2963 4933 instante
2994 4872 3216 4945 periclo.

1928 4986 2064 5042 Vota
2087 4980 2429 5039 sacerdotum
2455 4975 2667 5033 censuit
2693 4979 2974 5041 expetere.

1856 5079 1964 5135 Res
1989 5092 2129 5133 nova
2161 5083 2241 5129 tot
2261 5071 2446 5135 seclis,
2474 5068 2603 5124 dum
2627 5062 2970 5122 sacrificatur
2989 5059 3057 5114 ab
3079 5070 3210 5118 uno,

1924 5167 2154 5223 Infantis
2177 5164 2387 5235 species
2413 5158 2656 5217 cernitur
2686 5156 2739 5211 in
2771 5153 2967 5211 calice.

1855 5260 1987 5329 Quis
2012 5257 2153 5312 foret
2178 5265 2232 5311 et
2252 5262 2486 5323 quantus
2508 5249 2601 5321 qui
2643 5245 2965 5302 nascebatur
2992 5241 3297 5302 habendus.

1928 5351 1987 5407 In
2014 5359 2164 5405 tanto
2182 5343 2400 5417 speculo
2429 5343 2544 5397 visa
2576 5340 2745 5412 figura
2772 5338 2953 5393 docet.

1854 5446 1945 5501 Ille
1977 5439 2341 5498 sacramentis
2366 5444 2626 5493 consueto
2648 5445 2800 5487 more
2826 5428 3084 5500 peractis,

1923 5537 2094 5604 Quem
2118 5532 2319 5604 reperit
2345 5537 2556 5592 natum,
2583 5524 2838 5597 praedicat
2859 5521 3156 5585 eximium;
3182 5557 3189 5571 .

1853 5628 2006 5685 Unde
2031 5639 2187 5681 suum
2208 5630 2390 5676 vatem
2421 5618 2573 5689 pueri
2606 5631 2707 5671 nec
2732 5614 2844 5668 vita
2875 5611 3100 5675 fefellit;

1922 5716 2030 5773 Nec
2054 5714 2315 5786 juvenem
2349 5725 2526 5766 mores
2556 5711 2700 5766 hunc
2730 5705 2934 5761 violare
2961 5706 3190 5773 queunt.

2803 5794 2884 5861 29
