  <div class='ocr_page' id='page_1' title='image "/cluster/home/n/w/nwhite01/storage/ocr_20150623/159/hvd.32044024236648/461.png"; bbox 0 0 3928 6298; ppageno 0'>
   <div class='ocr_carea' id='block_1_1' title="bbox 611 345 715 401">
    <p class='ocr_par' dir='ltr' id='par_1_1' title="bbox 611 345 715 401">
     <span class='ocr_line' id='line_1_1' title="bbox 611 345 715 401; baseline -0.01 0"><span class='ocrx_word' id='word_1_1' title='bbox 611 345 715 401; x_wconf 74' lang='lat'><strong>007</strong></span> 
     </span>
    </p>
   </div>
   <div class='ocr_carea' id='block_1_2' title="bbox 618 441 2000 521">
    <p class='ocr_par' dir='ltr' id='par_1_2' title="bbox 618 441 2000 521">
     <span class='ocr_line' id='line_1_2' title="bbox 618 441 2000 521; baseline -0.01 -6"><span class='ocrx_word' id='word_1_2' title='bbox 618 460 721 515; x_wconf 79' lang='lat' dir='ltr'><strong>llic</strong></span> <span class='ocrx_word' id='word_1_3' title='bbox 744 441 967 521; x_wconf 73' lang='lat' dir='ltr'><strong>scholis,</strong></span> <span class='ocrx_word' id='word_1_4' title='bbox 1001 453 1088 511; x_wconf 89' lang='lat' dir='ltr'><strong>hic</strong></span> <span class='ocrx_word' id='word_1_5' title='bbox 1118 450 1363 509; x_wconf 75' lang='lat' dir='ltr'><strong>ecclesite</strong></span> <span class='ocrx_word' id='word_1_6' title='bbox 1386 449 1499 521; x_wconf 89' lang='lat' dir='ltr'><strong>jam</strong></span> <span class='ocrx_word' id='word_1_7' title='bbox 1525 459 1668 509; x_wconf 90' lang='lat' dir='ltr'><strong>totus</strong></span> <span class='ocrx_word' id='word_1_8' title='bbox 1693 450 2000 514; x_wconf 72' lang='lat' dir='ltr'><strong>adhaerens,</strong></span> 
     </span>
    </p>
   </div>
   <div class='ocr_carea' id='block_1_3' title="bbox 689 534 1795 617">
    <p class='ocr_par' dir='ltr' id='par_1_3' title="bbox 689 534 1795 617">
     <span class='ocr_line' id='line_1_3' title="bbox 689 534 1795 617; baseline -0.009 -11"><span class='ocrx_word' id='word_1_9' title='bbox 689 549 960 617; x_wconf 71' lang='lat' dir='ltr'><strong>Yirtutum</strong></span> <span class='ocrx_word' id='word_1_10' title='bbox 995 542 1412 600; x_wconf 85' lang='lat' dir='ltr'><strong>studiisludicra</strong></span> <span class='ocrx_word' id='word_1_11' title='bbox 1438 541 1761 611; x_wconf 84' lang='lat' dir='ltr'><strong>postposnit.</strong></span> <span class='ocrx_word' id='word_1_12' title='bbox 1794 534 1795 539; x_wconf 50' lang='grc'><em>“</em></span> 
     </span>
    </p>
   </div>
   <div class='ocr_carea' id='block_1_4' title="bbox 611 635 1906 704">
    <p class='ocr_par' dir='ltr' id='par_1_4' title="bbox 611 635 1906 704">
     <span class='ocr_line' id='line_1_4' title="bbox 611 635 1906 704; baseline -0.01 -6"><span class='ocrx_word' id='word_1_13' title='bbox 611 642 881 698; x_wconf 72' lang='lat' dir='ltr'><strong>Nobilium</strong></span> <span class='ocrx_word' id='word_1_14' title='bbox 913 647 1112 704; x_wconf 91' lang='lat' dir='ltr'><strong>vestes,</strong></span> <span class='ocrx_word' id='word_1_15' title='bbox 1154 635 1341 691; x_wconf 84' lang='lat' dir='ltr'><strong>humili</strong></span> <span class='ocrx_word' id='word_1_16' title='bbox 1368 650 1465 704; x_wconf 92' lang='lat' dir='ltr'><strong>pro</strong></span> <span class='ocrx_word' id='word_1_17' title='bbox 1492 643 1643 689; x_wconf 87' lang='lat' dir='ltr'><strong>veste</strong></span> <span class='ocrx_word' id='word_1_18' title='bbox 1666 642 1906 703; x_wconf 87' lang='lat' dir='ltr'><strong>recusat,</strong></span> 
     </span>
    </p>
   </div>
   <div class='ocr_carea' id='block_1_5' title="bbox 680 724 1876 798">
    <p class='ocr_par' dir='ltr' id='par_1_5' title="bbox 680 724 1876 798">
     <span class='ocr_line' id='line_1_5' title="bbox 680 724 1876 798; baseline -0.008 -12"><span class='ocrx_word' id='word_1_19' title='bbox 680 732 889 787; x_wconf 88' lang='lat' dir='ltr'><strong>Etcum</strong></span> <span class='ocrx_word' id='word_1_20' title='bbox 914 726 1247 798; x_wconf 84' lang='lat' dir='ltr'><strong>simplicibus</strong></span> <span class='ocrx_word' id='word_1_21' title='bbox 1272 724 1589 796; x_wconf 79' lang='lat' dir='ltr'><strong>simpliciter</strong></span> <span class='ocrx_word' id='word_1_22' title='bbox 1612 725 1876 796; x_wconf 76' lang='lat' dir='ltr'><strong>graditur.</strong></span> 
     </span>
    </p>
   </div>
   <div class='ocr_carea' id='block_1_6' title="bbox 607 812 2155 893">
    <p class='ocr_par' dir='ltr' id='par_1_6' title="bbox 607 812 2155 893">
     <span class='ocr_line' id='line_1_6' title="bbox 607 812 2155 893; baseline -0.005 -16"><span class='ocrx_word' id='word_1_23' title='bbox 607 822 677 878; x_wconf 86' lang='lat' dir='ltr'><strong>At</strong></span> <span class='ocrx_word' id='word_1_24' title='bbox 700 828 856 892; x_wconf 86' lang='lat' dir='ltr'><strong>pater</strong></span> <span class='ocrx_word' id='word_1_25' title='bbox 895 820 1021 874; x_wconf 92' lang='lat' dir='ltr'><strong>hinc</strong></span> <span class='ocrx_word' id='word_1_26' title='bbox 1050 826 1299 893; x_wconf 86' lang='lat' dir='ltr'><strong>metuens</strong></span> <span class='ocrx_word' id='word_1_27' title='bbox 1329 831 1400 871; x_wconf 91' lang='lat' dir='ltr'><strong>ne</strong></span> <span class='ocrx_word' id='word_1_28' title='bbox 1424 815 1503 871; x_wconf 91' lang='lat' dir='ltr'><strong>sic</strong></span> <span class='ocrx_word' id='word_1_29' title='bbox 1534 816 1836 870; x_wconf 76' lang='lat' dir='ltr'><strong>dissucscat</strong></span> <span class='ocrx_word' id='word_1_30' title='bbox 1872 812 1938 868; x_wconf 90' lang='lat' dir='ltr'><strong>ab</strong></span> <span class='ocrx_word' id='word_1_31' title='bbox 1970 814 2155 875; x_wconf 83' lang='lat' dir='ltr'><strong>armis,</strong></span> 
     </span>
    </p>
   </div>
   <div class='ocr_carea' id='block_1_7' title="bbox 678 906 1929 981">
    <p class='ocr_par' dir='ltr' id='par_1_7' title="bbox 678 906 1929 981">
     <span class='ocr_line' id='line_1_7' title="bbox 678 906 1929 981; baseline -0.009 -13"><span class='ocrx_word' id='word_1_32' title='bbox 678 911 917 981; x_wconf 86' lang='lat' dir='ltr'><strong>Corripit</strong></span> <span class='ocrx_word' id='word_1_33' title='bbox 942 911 1106 973; x_wconf 89' lang='lat' dir='ltr'><strong>hunc,</strong></span> <span class='ocrx_word' id='word_1_34' title='bbox 1140 916 1395 977; x_wconf 87' lang='lat' dir='ltr'><strong>tanquam</strong></span> <span class='ocrx_word' id='word_1_35' title='bbox 1421 906 1487 962; x_wconf 92' lang='lat' dir='ltr'><strong>de</strong></span> <span class='ocrx_word' id='word_1_36' title='bbox 1514 907 1716 977; x_wconf 77' lang='lat' dir='ltr'><strong>pietate</strong></span> <span class='ocrx_word' id='word_1_37' title='bbox 1749 920 1929 972; x_wconf 87' lang='lat' dir='ltr'><strong>rcuut,</strong></span> 
     </span>
    </p>
   </div>
   <div class='ocr_carea' id='block_1_8' title="bbox 607 999 1780 1066">
    <p class='ocr_par' dir='ltr' id='par_1_8' title="bbox 607 999 1780 1066">
     <span class='ocr_line' id='line_1_8' title="bbox 607 999 1780 1066; baseline -0.006 -7"><span class='ocrx_word' id='word_1_38' title='bbox 607 1004 758 1059; x_wconf 87' lang='lat' dir='ltr'><strong>Talia</strong></span> <span class='ocrx_word' id='word_1_39' title='bbox 785 1003 1012 1066; x_wconf 63' lang='lat' dir='ltr'><strong>militia),</strong></span> <span class='ocrx_word' id='word_1_40' title='bbox 1044 1002 1146 1057; x_wconf 89' lang='lat' dir='ltr'><strong>nisi</strong></span> <span class='ocrx_word' id='word_1_41' title='bbox 1174 999 1541 1063; x_wconf 90' lang='lat' dir='ltr'><strong>dediscantur,</strong></span> <span class='ocrx_word' id='word_1_42' title='bbox 1569 999 1780 1061; x_wconf 85' lang='lat' dir='ltr'><strong>obesse,</strong></span> 
     </span>
    </p>
   </div>
   <div class='ocr_carea' id='block_1_9' title="bbox 680 1087 1908 1158">
    <p class='ocr_par' dir='ltr' id='par_1_9' title="bbox 680 1087 1908 1158">
     <span class='ocr_line' id='line_1_9' title="bbox 680 1087 1908 1158; baseline -0.004 -10"><span class='ocrx_word' id='word_1_43' title='bbox 680 1093 780 1148; x_wconf 78' lang='lat' dir='ltr'><strong>Vix</strong></span> <span class='ocrx_word' id='word_1_44' title='bbox 804 1094 1029 1147; x_wconf 91' lang='lat' dir='ltr'><strong>horrere</strong></span> <span class='ocrx_word' id='word_1_45' title='bbox 1052 1105 1276 1157; x_wconf 87' lang='lat' dir='ltr'><strong>senem,~</strong></span> <span class='ocrx_word' id='word_1_46' title='bbox 1300 1103 1418 1158; x_wconf 78' lang='lat' dir='ltr'><strong>qua:</strong></span> <span class='ocrx_word' id='word_1_47' title='bbox 1450 1088 1635 1142; x_wconf 84' lang='lat' dir='ltr'><strong>didicit</strong></span> <span class='ocrx_word' id='word_1_48' title='bbox 1654 1087 1908 1155; x_wconf 76' lang='lat' dir='ltr'><strong>juvenis;</strong></span> 
     </span>
    </p>
   </div>
   <div class='ocr_carea' id='block_1_10' title="bbox 609 1179 2046 1245">
    <p class='ocr_par' dir='ltr' id='par_1_10' title="bbox 609 1179 2046 1245">
     <span class='ocr_line' id='line_1_10' title="bbox 609 1179 2046 1245; baseline -0.005 -5"><span class='ocrx_word' id='word_1_49' title='bbox 609 1185 767 1240; x_wconf 71' lang='lat' dir='ltr'><strong>Hunc</strong></span> <span class='ocrx_word' id='word_1_50' title='bbox 798 1183 966 1239; x_wconf 89' lang='lat' dir='ltr'><strong>semel</strong></span> <span class='ocrx_word' id='word_1_51' title='bbox 997 1180 1265 1236; x_wconf 72' lang='lat' dir='ltr'><strong>haeredcm</strong></span> <span class='ocrx_word' id='word_1_52' title='bbox 1296 1195 1354 1236; x_wconf 91' lang='lat' dir='ltr'><strong>se</strong></span> <span class='ocrx_word' id='word_1_53' title='bbox 1383 1179 1728 1234; x_wconf 91' lang='lat' dir='ltr'><strong>constituisse</strong></span> <span class='ocrx_word' id='word_1_54' title='bbox 1760 1180 2046 1245; x_wconf 89' lang='lat' dir='ltr'><strong>honorum,</strong></span> 
     </span>
    </p>
   </div>
   <div class='ocr_carea' id='block_1_11' title="bbox 683 1273 1927 1342">
    <p class='ocr_par' dir='ltr' id='par_1_11' title="bbox 683 1273 1927 1342">
     <span class='ocr_line' id='line_1_11' title="bbox 683 1273 1927 1342; baseline -0.005 -10"><span class='ocrx_word' id='word_1_55' title='bbox 683 1278 838 1332; x_wconf 85' lang='lat' dir='ltr'><strong>llunc</strong></span> <span class='ocrx_word' id='word_1_56' title='bbox 862 1277 1002 1331; x_wconf 91' lang='lat' dir='ltr'><strong>inter</strong></span> <span class='ocrx_word' id='word_1_57' title='bbox 1028 1274 1229 1328; x_wconf 76' lang='lat' dir='ltr'><strong>fratres</strong></span> <span class='ocrx_word' id='word_1_58' title='bbox 1257 1287 1469 1342; x_wconf 88' lang='lat' dir='ltr'><strong>semper</strong></span> <span class='ocrx_word' id='word_1_59' title='bbox 1499 1286 1708 1327; x_wconf 85' lang='lat' dir='ltr'><strong>amasse</strong></span> <span class='ocrx_word' id='word_1_60' title='bbox 1734 1273 1927 1341; x_wconf 83' lang='lat' dir='ltr'><strong>magis.</strong></span> 
     </span>
    </p>
   </div>
   <div class='ocr_carea' id='block_1_12' title="bbox 606 1362 2043 1437">
    <p class='ocr_par' dir='ltr' id='par_1_12' title="bbox 606 1362 2043 1437">
     <span class='ocr_line' id='line_1_12' title="bbox 606 1362 2043 1437; baseline -0.006 -12"><span class='ocrx_word' id='word_1_61' title='bbox 606 1367 755 1425; x_wconf 73' lang='lat' dir='ltr'><strong>“inc</strong></span> <span class='ocrx_word' id='word_1_62' title='bbox 778 1367 983 1437; x_wconf 91' lang='lat' dir='ltr'><strong>patrios</strong></span> <span class='ocrx_word' id='word_1_63' title='bbox 1016 1378 1219 1428; x_wconf 88' lang='lat' dir='ltr'><strong>mores,</strong></span> <span class='ocrx_word' id='word_1_64' title='bbox 1245 1362 1446 1432; x_wconf 89' lang='lat' dir='ltr'><strong>patrias</strong></span> <span class='ocrx_word' id='word_1_65' title='bbox 1477 1375 1690 1430; x_wconf 90' lang='lat' dir='ltr'><strong>quoque</strong></span> <span class='ocrx_word' id='word_1_66' title='bbox 1720 1362 2043 1417; x_wconf 81' lang='lat' dir='ltr'><strong>traditiones</strong></span> 
     </span>
    </p>
   </div>
   <div class='ocr_carea' id='block_1_13' title="bbox 684 1452 1889 1525">
    <p class='ocr_par' dir='ltr' id='par_1_13' title="bbox 684 1452 1889 1525">
     <span class='ocr_line' id='line_1_13' title="bbox 684 1452 1889 1525; baseline -0.004 -12"><span class='ocrx_word' id='word_1_67' title='bbox 684 1459 841 1514; x_wconf 84' lang='lat' dir='ltr'><strong>Hunc</strong></span> <span class='ocrx_word' id='word_1_68' title='bbox 866 1457 1062 1513; x_wconf 88' lang='lat' dir='ltr'><strong>debere</strong></span> <span class='ocrx_word' id='word_1_69' title='bbox 1092 1455 1265 1525; x_wconf 83' lang='lat' dir='ltr'><strong>sequi,</strong></span> <span class='ocrx_word' id='word_1_70' title='bbox 1295 1469 1363 1509; x_wconf 92' lang='lat' dir='ltr'><strong>ne</strong></span> <span class='ocrx_word' id='word_1_71' title='bbox 1385 1454 1541 1524; x_wconf 89' lang='lat' dir='ltr'><strong>quasi</strong></span> <span class='ocrx_word' id='word_1_72' title='bbox 1571 1452 1889 1524; x_wconf 81' lang='lat' dir='ltr'><strong>degeneret.</strong></span> 
     </span>
    </p>
   </div>
   <div class='ocr_carea' id='block_1_14' title="bbox 613 1546 2137 1618">
    <p class='ocr_par' dir='ltr' id='par_1_14' title="bbox 613 1546 2137 1618">
     <span class='ocr_line' id='line_1_14' title="bbox 613 1546 2137 1618; baseline -0.005 -10"><span class='ocrx_word' id='word_1_73' title='bbox 613 1553 741 1608; x_wconf 70' lang='lat' dir='ltr'><strong>&quot;me</strong></span> <span class='ocrx_word' id='word_1_74' title='bbox 774 1552 955 1606; x_wconf 87' lang='lat' dir='ltr'><strong>Pater.</strong></span> <span class='ocrx_word' id='word_1_75' title='bbox 984 1546 1284 1616; x_wconf 81' lang='lat' dir='ltr'><strong>Atjuvenis</strong></span> <span class='ocrx_word' id='word_1_76' title='bbox 1315 1546 1530 1602; x_wconf 84' lang='lat' dir='ltr'><strong>tandem</strong></span> <span class='ocrx_word' id='word_1_77' title='bbox 1565 1562 1685 1616; x_wconf 76' lang='lat' dir='ltr'><strong>qua:</strong></span> <span class='ocrx_word' id='word_1_78' title='bbox 1708 1556 1889 1602; x_wconf 88' lang='lat' dir='ltr'><strong>mente</strong></span> <span class='ocrx_word' id='word_1_79' title='bbox 1916 1547 2137 1618; x_wconf 81' lang='lat' dir='ltr'><strong>gerebat</strong></span> 
     </span>
    </p>
   </div>
   <div class='ocr_carea' id='block_1_15' title="bbox 691 1636 1839 1710">
    <p class='ocr_par' dir='ltr' id='par_1_15' title="bbox 691 1636 1839 1710">
     <span class='ocr_line' id='line_1_15' title="bbox 691 1636 1839 1710; baseline -0.003 -14"><span class='ocrx_word' id='word_1_80' title='bbox 691 1640 880 1706; x_wconf 82' lang='lat' dir='ltr'><strong>Efficit,</strong></span> <span class='ocrx_word' id='word_1_81' title='bbox 901 1648 953 1695; x_wconf 93' lang='lat' dir='ltr'><strong>et</strong></span> <span class='ocrx_word' id='word_1_82' title='bbox 980 1638 1242 1710; x_wconf 78' lang='lat' dir='ltr'><strong>profugus</strong></span> <span class='ocrx_word' id='word_1_83' title='bbox 1276 1648 1352 1704; x_wconf 88' lang='lat' dir='ltr'><strong>te,</strong></span> <span class='ocrx_word' id='word_1_84' title='bbox 1377 1636 1659 1706; x_wconf 80' lang='lat' dir='ltr'><strong>Cluniace,</strong></span> <span class='ocrx_word' id='word_1_85' title='bbox 1681 1639 1839 1708; x_wconf 88' lang='lat' dir='ltr'><strong>petit.</strong></span> 
     </span>
    </p>
   </div>
   <div class='ocr_carea' id='block_1_16' title="bbox 610 1718 2100 1801">
    <p class='ocr_par' dir='ltr' id='par_1_16' title="bbox 610 1718 2100 1801">
     <span class='ocr_line' id='line_1_16' title="bbox 610 1718 2100 1801; baseline -0.002 -12"><span class='ocrx_word' id='word_1_86' title='bbox 610 1735 765 1790; x_wconf 92' lang='lat' dir='ltr'><strong>llunc</strong></span> <span class='ocrx_word' id='word_1_87' title='bbox 804 1718 961 1789; x_wconf 83' lang='lat' dir='ltr'><strong>0dilo</strong></span> <span class='ocrx_word' id='word_1_88' title='bbox 991 1732 1074 1786; x_wconf 91' lang='lat' dir='ltr'><strong>vir</strong></span> <span class='ocrx_word' id='word_1_89' title='bbox 1098 1730 1437 1800; x_wconf 84' lang='lat' dir='ltr'><strong>magnificus,</strong></span> <span class='ocrx_word' id='word_1_90' title='bbox 1470 1739 1595 1785; x_wconf 91' lang='lat' dir='ltr'><strong>tunc</strong></span> <span class='ocrx_word' id='word_1_91' title='bbox 1618 1738 1804 1801; x_wconf 88' lang='lat' dir='ltr'><strong>pastor</strong></span> <span class='ocrx_word' id='word_1_92' title='bbox 1826 1739 1881 1785; x_wconf 92' lang='lat' dir='ltr'><strong>et</strong></span> <span class='ocrx_word' id='word_1_93' title='bbox 1910 1730 2100 1796; x_wconf 83' lang='lat' dir='ltr'><strong>abbas,</strong></span> 
     </span>
    </p>
   </div>
   <div class='ocr_carea' id='block_1_17' title="bbox 680 1819 1851 1895">
    <p class='ocr_par' dir='ltr' id='par_1_17' title="bbox 680 1819 1851 1895">
     <span class='ocr_line' id='line_1_17' title="bbox 680 1819 1851 1895; baseline -0.005 -14"><span class='ocrx_word' id='word_1_94' title='bbox 680 1825 921 1895; x_wconf 85' lang='lat' dir='ltr'><strong>Suscipit</strong></span> <span class='ocrx_word' id='word_1_95' title='bbox 952 1825 1094 1879; x_wconf 90' lang='lat' dir='ltr'><strong>inter</strong></span> <span class='ocrx_word' id='word_1_96' title='bbox 1120 1838 1269 1888; x_wconf 82' lang='lat' dir='ltr'><strong>oves,</strong></span> <span class='ocrx_word' id='word_1_97' title='bbox 1295 1822 1475 1878; x_wconf 89' lang='lat' dir='ltr'><strong>erudit</strong></span> <span class='ocrx_word' id='word_1_98' title='bbox 1496 1830 1658 1891; x_wconf 90' lang='lat' dir='ltr'><strong>atque</strong></span> <span class='ocrx_word' id='word_1_99' title='bbox 1681 1819 1851 1887; x_wconf 87' lang='lat' dir='ltr'><strong>fovet;</strong></span> 
     </span>
    </p>
   </div>
   <div class='ocr_carea' id='block_1_18' title="bbox 607 1913 1879 1988">
    <p class='ocr_par' dir='ltr' id='par_1_18' title="bbox 607 1913 1879 1988">
     <span class='ocr_line' id='line_1_18' title="bbox 607 1913 1879 1988; baseline -0.004 -16"><span class='ocrx_word' id='word_1_100' title='bbox 607 1919 771 1988; x_wconf 85' lang='lat' dir='ltr'><strong>lnque</strong></span> <span class='ocrx_word' id='word_1_101' title='bbox 798 1916 947 1972; x_wconf 85' lang='lat' dir='ltr'><strong>brevi</strong></span> <span class='ocrx_word' id='word_1_102' title='bbox 978 1916 1152 1985; x_wconf 88' lang='lat' dir='ltr'><strong>spatio</strong></span> <span class='ocrx_word' id='word_1_103' title='bbox 1182 1913 1259 1969; x_wconf 91' lang='lat' dir='ltr'><strong>sic</strong></span> <span class='ocrx_word' id='word_1_104' title='bbox 1286 1914 1351 1968; x_wconf 89' lang='lat' dir='ltr'><strong>de</strong></span> <span class='ocrx_word' id='word_1_105' title='bbox 1381 1914 1580 1969; x_wconf 88' lang='lat' dir='ltr'><strong>virtute</strong></span> <span class='ocrx_word' id='word_1_106' title='bbox 1607 1913 1879 1983; x_wconf 86' lang='lat' dir='ltr'><strong>probavit,</strong></span> 
     </span>
    </p>
   </div>
   <div class='ocr_carea' id='block_1_19' title="bbox 679 2002 1850 2077">
    <p class='ocr_par' dir='ltr' id='par_1_19' title="bbox 679 2002 1850 2077">
     <span class='ocr_line' id='line_1_19' title="bbox 679 2002 1850 2077; baseline -0.003 -14"><span class='ocrx_word' id='word_1_107' title='bbox 679 2008 965 2077; x_wconf 85' lang='lat' dir='ltr'><strong>Fratribus</strong></span> <span class='ocrx_word' id='word_1_108' title='bbox 999 2014 1058 2059; x_wconf 92' lang='lat' dir='ltr'><strong>ut</strong></span> <span class='ocrx_word' id='word_1_109' title='bbox 1078 2006 1289 2060; x_wconf 86' lang='lat' dir='ltr'><strong>cunctis</strong></span> <span class='ocrx_word' id='word_1_110' title='bbox 1315 2005 1506 2059; x_wconf 91' lang='lat' dir='ltr'><strong>ordine</strong></span> <span class='ocrx_word' id='word_1_111' title='bbox 1528 2002 1850 2074; x_wconf 64' lang='lat' dir='ltr'><strong>praeficeret.</strong></span> 
     </span>
    </p>
   </div>
   <div class='ocr_carea' id='block_1_20' title="bbox 608 2093 1874 2171">
    <p class='ocr_par' dir='ltr' id='par_1_20' title="bbox 608 2093 1874 2171">
     <span class='ocr_line' id='line_1_20' title="bbox 608 2093 1874 2171; baseline 0 -20"><span class='ocrx_word' id='word_1_112' title='bbox 608 2100 748 2171; x_wconf 82' lang='lat' dir='ltr'><strong>Quin</strong></span> <span class='ocrx_word' id='word_1_113' title='bbox 778 2107 833 2154; x_wconf 93' lang='lat' dir='ltr'><strong>et</strong></span> <span class='ocrx_word' id='word_1_114' title='bbox 854 2097 1125 2169; x_wconf 74' lang='lat' dir='ltr'><strong>praepositi</strong></span> <span class='ocrx_word' id='word_1_115' title='bbox 1148 2104 1268 2167; x_wconf 88' lang='lat' dir='ltr'><strong>post</strong></span> <span class='ocrx_word' id='word_1_116' title='bbox 1293 2093 1601 2150; x_wconf 82' lang='lat' dir='ltr'><strong>sublimavit</strong></span> <span class='ocrx_word' id='word_1_117' title='bbox 1635 2096 1874 2163; x_wconf 81' lang='lat' dir='ltr'><strong>honore;</strong></span> 
     </span>
    </p>
   </div>
   <div class='ocr_carea' id='block_1_21' title="bbox 683 2188 1828 2267">
    <p class='ocr_par' dir='ltr' id='par_1_21' title="bbox 683 2188 1828 2267">
     <span class='ocr_line' id='line_1_21' title="bbox 683 2188 1828 2267; baseline -0.005 -21"><span class='ocrx_word' id='word_1_118' title='bbox 683 2191 751 2247; x_wconf 90' lang='lat' dir='ltr'><strong>Ut</strong></span> <span class='ocrx_word' id='word_1_119' title='bbox 777 2191 1103 2267; x_wconf 83' lang='lat' dir='ltr'><strong>quandoque</strong></span> <span class='ocrx_word' id='word_1_120' title='bbox 1131 2204 1258 2244; x_wconf 86' lang='lat' dir='ltr'><strong>suas</strong></span> <span class='ocrx_word' id='word_1_121' title='bbox 1288 2188 1402 2259; x_wconf 88' lang='lat' dir='ltr'><strong>ipse</strong></span> <span class='ocrx_word' id='word_1_122' title='bbox 1428 2189 1573 2243; x_wconf 82' lang='lat' dir='ltr'><strong>vices</strong></span> <span class='ocrx_word' id='word_1_123' title='bbox 1597 2198 1828 2258; x_wconf 81' lang='lat' dir='ltr'><strong>gereret.</strong></span> 
     </span>
    </p>
   </div>
   <div class='ocr_carea' id='block_1_22' title="bbox 609 2272 2122 2350">
    <p class='ocr_par' dir='ltr' id='par_1_22' title="bbox 609 2272 2122 2350">
     <span class='ocr_line' id='line_1_22' title="bbox 609 2272 2122 2350; baseline -0.003 -11"><span class='ocrx_word' id='word_1_124' title='bbox 609 2285 701 2339; x_wconf 88' lang='lat' dir='ltr'><strong>Sic</strong></span> <span class='ocrx_word' id='word_1_125' title='bbox 728 2283 968 2349; x_wconf 89' lang='lat' dir='ltr'><strong>humilis,</strong></span> <span class='ocrx_word' id='word_1_126' title='bbox 991 2282 1238 2345; x_wconf 86' lang='lat' dir='ltr'><strong>blandus,</strong></span> <span class='ocrx_word' id='word_1_127' title='bbox 1272 2282 1348 2335; x_wconf 90' lang='lat' dir='ltr'><strong>sic</strong></span> <span class='ocrx_word' id='word_1_128' title='bbox 1377 2272 1615 2346; x_wconf 83' lang='lat' dir='ltr'><strong>fervens,</strong></span> <span class='ocrx_word' id='word_1_129' title='bbox 1644 2280 1830 2350; x_wconf 89' lang='lat' dir='ltr'><strong>sicque</strong></span> <span class='ocrx_word' id='word_1_130' title='bbox 1874 2296 2122 2344; x_wconf 82' lang='lat' dir='ltr'><strong>severus,</strong></span> 
     </span>
    </p>
   </div>
   <div class='ocr_carea' id='block_1_23' title="bbox 682 2371 1760 2445">
    <p class='ocr_par' dir='ltr' id='par_1_23' title="bbox 682 2371 1760 2445">
     <span class='ocr_line' id='line_1_23' title="bbox 682 2371 1760 2445; baseline -0.006 -13"><span class='ocrx_word' id='word_1_131' title='bbox 682 2374 751 2432; x_wconf 89' lang='lat' dir='ltr'><strong>Ut</strong></span> <span class='ocrx_word' id='word_1_132' title='bbox 772 2376 935 2445; x_wconf 84' lang='lat' dir='ltr'><strong>Patre</strong></span> <span class='ocrx_word' id='word_1_133' title='bbox 969 2373 1223 2429; x_wconf 88' lang='lat' dir='ltr'><strong>defuncto</strong></span> <span class='ocrx_word' id='word_1_134' title='bbox 1246 2376 1369 2443; x_wconf 87' lang='lat' dir='ltr'><strong>jure</strong></span> <span class='ocrx_word' id='word_1_135' title='bbox 1398 2371 1559 2427; x_wconf 83' lang='lat' dir='ltr'><strong>Pater</strong></span> <span class='ocrx_word' id='word_1_136' title='bbox 1584 2373 1760 2428; x_wconf 89' lang='lat' dir='ltr'><strong>fieret.</strong></span> 
     </span>
    </p>
   </div>
   <div class='ocr_carea' id='block_1_24' title="bbox 610 2463 1922 2522">
    <p class='ocr_par' dir='ltr' id='par_1_24' title="bbox 610 2463 1922 2522">
     <span class='ocr_line' id='line_1_24' title="bbox 610 2463 1922 2522; baseline -0.003 -1"><span class='ocrx_word' id='word_1_137' title='bbox 610 2465 655 2521; x_wconf 95' lang='grc' dir='ltr'><strong>Ο</strong></span> <span class='ocrx_word' id='word_1_138' title='bbox 684 2467 941 2522; x_wconf 82' lang='lat' dir='ltr'><strong>concors!</strong></span> <span class='ocrx_word' id='word_1_139' title='bbox 982 2480 1014 2519; x_wconf 91' lang='grc' dir='ltr'>ο</span> <span class='ocrx_word' id='word_1_140' title='bbox 1036 2463 1310 2519; x_wconf 87' lang='lat' dir='ltr'><strong>unanimis</strong></span> <span class='ocrx_word' id='word_1_141' title='bbox 1340 2463 1608 2518; x_wconf 89' lang='lat' dir='ltr'><strong>sententia</strong></span> <span class='ocrx_word' id='word_1_142' title='bbox 1648 2464 1875 2518; x_wconf 82' lang='lat' dir='ltr'><strong>fratrum</strong></span> <span class='ocrx_word' id='word_1_143' title='bbox 1906 2465 1922 2517; x_wconf 76' lang='grc' dir='ltr'><strong>ε</strong></span> 
     </span>
    </p>
   </div>
   <div class='ocr_carea' id='block_1_25' title="bbox 681 2554 1807 2625">
    <p class='ocr_par' dir='ltr' id='par_1_25' title="bbox 681 2554 1807 2625">
     <span class='ocr_line' id='line_1_25' title="bbox 681 2554 1807 2625; baseline -0.002 -14"><span class='ocrx_word' id='word_1_144' title='bbox 681 2555 817 2611; x_wconf 81' lang='lat' dir='ltr'><strong>Nam</strong></span> <span class='ocrx_word' id='word_1_145' title='bbox 846 2571 950 2611; x_wconf 80' lang='lat' dir='ltr'><strong>vox</strong></span> <span class='ocrx_word' id='word_1_146' title='bbox 967 2572 1072 2610; x_wconf 90' lang='lat' dir='ltr'><strong>una</strong></span> <span class='ocrx_word' id='word_1_147' title='bbox 1101 2554 1474 2625; x_wconf 87' lang='lat' dir='ltr'><strong>fuitquidquid</strong></span> <span class='ocrx_word' id='word_1_148' title='bbox 1506 2554 1575 2609; x_wconf 90' lang='lat' dir='ltr'><strong>ibi</strong></span> <span class='ocrx_word' id='word_1_149' title='bbox 1606 2554 1807 2609; x_wconf 91' lang='lat' dir='ltr'><strong>sonuit.</strong></span> 
     </span>
    </p>
   </div>
   <div class='ocr_carea' id='block_1_26' title="bbox 615 2643 1978 2715">
    <p class='ocr_par' dir='ltr' id='par_1_26' title="bbox 615 2643 1978 2715">
     <span class='ocr_line' id='line_1_26' title="bbox 615 2643 1978 2715; baseline -0.003 -12"><span class='ocrx_word' id='word_1_150' title='bbox 615 2648 867 2703; x_wconf 82' lang='lat' dir='ltr'><strong>Fratrem</strong></span> <span class='ocrx_word' id='word_1_151' title='bbox 901 2655 1009 2702; x_wconf 90' lang='lat' dir='ltr'><strong>tota</strong></span> <span class='ocrx_word' id='word_1_152' title='bbox 1048 2645 1277 2715; x_wconf 79' lang='lat' dir='ltr'><strong>phalanx</strong></span> <span class='ocrx_word' id='word_1_153' title='bbox 1302 2643 1553 2699; x_wconf 90' lang='lat' dir='ltr'><strong>abbatem</strong></span> <span class='ocrx_word' id='word_1_154' title='bbox 1582 2643 1788 2715; x_wconf 86' lang='lat' dir='ltr'><strong>flagitat</strong></span> <span class='ocrx_word' id='word_1_155' title='bbox 1812 2644 1978 2701; x_wconf 91' lang='lat' dir='ltr'><strong>illum.</strong></span> 
     </span>
    </p>
   </div>
   <div class='ocr_carea' id='block_1_27' title="bbox 678 2732 1931 2806">
    <p class='ocr_par' dir='ltr' id='par_1_27' title="bbox 678 2732 1931 2806">
     <span class='ocr_line' id='line_1_27' title="bbox 678 2732 1931 2806; baseline -0.002 -13"><span class='ocrx_word' id='word_1_156' title='bbox 678 2735 838 2806; x_wconf 88' lang='lat' dir='ltr'><strong>Optio</strong></span> <span class='ocrx_word' id='word_1_157' title='bbox 870 2735 1015 2791; x_wconf 91' lang='lat' dir='ltr'><strong>nulla</strong></span> <span class='ocrx_word' id='word_1_158' title='bbox 1041 2734 1287 2797; x_wconf 86' lang='lat' dir='ltr'><strong>Patrum,</strong></span> <span class='ocrx_word' id='word_1_159' title='bbox 1314 2733 1408 2789; x_wconf 90' lang='lat' dir='ltr'><strong>sed</strong></span> <span class='ocrx_word' id='word_1_160' title='bbox 1436 2732 1599 2787; x_wconf 79' lang='lat' dir='ltr'><strong>Pater</strong></span> <span class='ocrx_word' id='word_1_161' title='bbox 1628 2732 1782 2804; x_wconf 84' lang='lat' dir='ltr'><strong>Hugo</strong></span> <span class='ocrx_word' id='word_1_162' title='bbox 1806 2733 1931 2792; x_wconf 87' lang='lat' dir='ltr'><strong>fuit.</strong></span> 
     </span>
    </p>
   </div>
   <div class='ocr_carea' id='block_1_28' title="bbox 538 2824 1913 2896">
    <p class='ocr_par' dir='ltr' id='par_1_28' title="bbox 538 2824 1913 2896">
     <span class='ocr_line' id='line_1_28' title="bbox 538 2824 1913 2896; baseline 0.001 -17"><span class='ocrx_word' id='word_1_163' title='bbox 538 2856 539 2859; x_wconf 60' lang='grc' dir='ltr'><strong>η</strong></span> <span class='ocrx_word' id='word_1_164' title='bbox 606 2829 753 2896; x_wconf 80' lang='lat' dir='ltr'><strong>Quas</strong></span> <span class='ocrx_word' id='word_1_165' title='bbox 780 2828 973 2883; x_wconf 80' lang='lat' dir='ltr'><strong>exinde</strong></span> <span class='ocrx_word' id='word_1_166' title='bbox 996 2841 1188 2883; x_wconf 86' lang='lat' dir='ltr'><strong>cruces</strong></span> <span class='ocrx_word' id='word_1_167' title='bbox 1215 2825 1318 2881; x_wconf 89' lang='lat' dir='ltr'><strong>sibi</strong></span> <span class='ocrx_word' id='word_1_168' title='bbox 1346 2838 1470 2881; x_wconf 90' lang='lat' dir='ltr'><strong>mov</strong></span> <span class='ocrx_word' id='word_1_169' title='bbox 1490 2824 1748 2880; x_wconf 81' lang='lat' dir='ltr'><strong>indixerit</strong></span> <span class='ocrx_word' id='word_1_170' title='bbox 1778 2826 1913 2896; x_wconf 87' lang='lat' dir='ltr'><strong>ipse,</strong></span> 
     </span>
    </p>
   </div>
   <div class='ocr_carea' id='block_1_29' title="bbox 685 2917 1831 2990">
    <p class='ocr_par' dir='ltr' id='par_1_29' title="bbox 685 2917 1831 2990">
     <span class='ocr_line' id='line_1_29' title="bbox 685 2917 1831 2990; baseline -0.003 -15"><span class='ocrx_word' id='word_1_171' title='bbox 685 2923 780 2976; x_wconf 84' lang='lat' dir='ltr'><strong>Dat</strong></span> <span class='ocrx_word' id='word_1_172' title='bbox 808 2921 974 2977; x_wconf 89' lang='lat' dir='ltr'><strong>lorica</strong></span> <span class='ocrx_word' id='word_1_173' title='bbox 1006 2920 1189 2986; x_wconf 87' lang='lat' dir='ltr'><strong>fidem,</strong></span> <span class='ocrx_word' id='word_1_174' title='bbox 1217 2934 1321 2990; x_wconf 87' lang='lat' dir='ltr'><strong>qua</strong></span> <span class='ocrx_word' id='word_1_175' title='bbox 1346 2919 1485 2974; x_wconf 88' lang='lat' dir='ltr'><strong>bene</strong></span> <span class='ocrx_word' id='word_1_176' title='bbox 1511 2933 1572 2972; x_wconf 89' lang='lat' dir='ltr'><strong>se</strong></span> <span class='ocrx_word' id='word_1_177' title='bbox 1602 2917 1831 2972; x_wconf 89' lang='lat' dir='ltr'><strong>domuit.</strong></span> 
     </span>
    </p>
   </div>
   <div class='ocr_carea' id='block_1_30' title="bbox 610 3008 2119 3079">
    <p class='ocr_par' dir='ltr' id='par_1_30' title="bbox 610 3008 2119 3079">
     <span class='ocr_line' id='line_1_30' title="bbox 610 3008 2119 3079; baseline -0.001 -14"><span class='ocrx_word' id='word_1_178' title='bbox 610 3012 761 3065; x_wconf 88' lang='lat' dir='ltr'><strong>llanc</strong></span> <span class='ocrx_word' id='word_1_179' title='bbox 794 3011 920 3065; x_wconf 90' lang='lat' dir='ltr'><strong>tulit</strong></span> <span class='ocrx_word' id='word_1_180' title='bbox 943 3011 1008 3064; x_wconf 91' lang='lat' dir='ltr'><strong>ad</strong></span> <span class='ocrx_word' id='word_1_181' title='bbox 1033 3025 1278 3075; x_wconf 87' lang='lat' dir='ltr'><strong>carnem,</strong></span> <span class='ocrx_word' id='word_1_182' title='bbox 1314 3009 1441 3063; x_wconf 90' lang='lat' dir='ltr'><strong>dum</strong></span> <span class='ocrx_word' id='word_1_183' title='bbox 1482 3008 1629 3079; x_wconf 81' lang='lat' dir='ltr'><strong>luget</strong></span> <span class='ocrx_word' id='word_1_184' title='bbox 1649 3009 1888 3077; x_wconf 19' lang='lat' dir='ltr'><strong>“crimina</strong></span> <span class='ocrx_word' id='word_1_185' title='bbox 1917 3011 2119 3079; x_wconf 87' lang='lat' dir='ltr'><strong>patris;</strong></span> 
     </span>
    </p>
   </div>
   <div class='ocr_carea' id='block_1_31' title="bbox 683 3100 2134 3165">
    <p class='ocr_par' dir='ltr' id='par_1_31' title="bbox 683 3100 2134 3165">
     <span class='ocr_line' id='line_1_31' title="bbox 683 3100 2134 3165; baseline 0 -9"><span class='ocrx_word' id='word_1_186' title='bbox 683 3102 835 3158; x_wconf 81' lang='lat' dir='ltr'><strong>lianc</strong></span> <span class='ocrx_word' id='word_1_187' title='bbox 858 3102 979 3156; x_wconf 88' lang='lat' dir='ltr'><strong>tulit</strong></span> <span class='ocrx_word' id='word_1_188' title='bbox 1005 3103 1073 3155; x_wconf 90' lang='lat' dir='ltr'><strong>ad</strong></span> <span class='ocrx_word' id='word_1_189' title='bbox 1104 3114 1347 3165; x_wconf 88' lang='lat' dir='ltr'><strong>carnem,</strong></span> <span class='ocrx_word' id='word_1_190' title='bbox 1376 3100 1503 3154; x_wconf 91' lang='lat' dir='ltr'><strong>dum</strong></span> <span class='ocrx_word' id='word_1_191' title='bbox 1532 3114 1629 3154; x_wconf 91' lang='lat' dir='ltr'><strong>sua</strong></span> <span class='ocrx_word' id='word_1_192' title='bbox 1661 3100 1903 3155; x_wconf 88' lang='lat' dir='ltr'><strong>membra</strong></span> <span class='ocrx_word' id='word_1_193' title='bbox 1932 3102 2134 3157; x_wconf 82' lang='lat' dir='ltr'><strong>domat.</strong></span> 
     </span>
    </p>
   </div>
   <div class='ocr_carea' id='block_1_32' title="bbox 610 3192 1977 3261">
    <p class='ocr_par' dir='ltr' id='par_1_32' title="bbox 610 3192 1977 3261">
     <span class='ocr_line' id='line_1_32' title="bbox 610 3192 1977 3261; baseline -0.001 -14"><span class='ocrx_word' id='word_1_194' title='bbox 610 3193 759 3248; x_wconf 84' lang='lat' dir='ltr'><strong>Pene</strong></span> <span class='ocrx_word' id='word_1_195' title='bbox 780 3194 865 3247; x_wconf 91' lang='lat' dir='ltr'><strong>vel</strong></span> <span class='ocrx_word' id='word_1_196' title='bbox 899 3202 1144 3247; x_wconf 88' lang='lat' dir='ltr'><strong>orantem</strong></span> <span class='ocrx_word' id='word_1_197' title='bbox 1167 3193 1252 3245; x_wconf 85' lang='lat' dir='ltr'><strong>vel</strong></span> <span class='ocrx_word' id='word_1_198' title='bbox 1277 3206 1493 3259; x_wconf 86' lang='lat' dir='ltr'><strong>semper</strong></span> <span class='ocrx_word' id='word_1_199' title='bbox 1524 3206 1661 3261; x_wconf 86' lang='lat' dir='ltr'><strong>pene</strong></span> <span class='ocrx_word' id='word_1_200' title='bbox 1686 3192 1977 3261; x_wconf 78' lang='lat' dir='ltr'><strong>legentem,</strong></span> 
     </span>
    </p>
   </div>
   <div class='ocr_carea' id='block_1_33' title="bbox 684 3283 2013 3353">
    <p class='ocr_par' dir='ltr' id='par_1_33' title="bbox 684 3283 2013 3353">
     <span class='ocr_line' id='line_1_33' title="bbox 684 3283 2013 3353; baseline 0 -14"><span class='ocrx_word' id='word_1_201' title='bbox 684 3285 857 3351; x_wconf 79' lang='lat' dir='ltr'><strong>Crede</strong></span> <span class='ocrx_word' id='word_1_202' title='bbox 880 3283 1048 3339; x_wconf 91' lang='lat' dir='ltr'><strong>fuisse</strong></span> <span class='ocrx_word' id='word_1_203' title='bbox 1077 3284 1271 3348; x_wconf 87' lang='lat' dir='ltr'><strong>virum,</strong></span> <span class='ocrx_word' id='word_1_204' title='bbox 1312 3284 1439 3337; x_wconf 91' lang='lat' dir='ltr'><strong>dum</strong></span> <span class='ocrx_word' id='word_1_205' title='bbox 1466 3283 1709 3353; x_wconf 83' lang='lat' dir='ltr'><strong>regimen</strong></span> <span class='ocrx_word' id='word_1_206' title='bbox 1736 3285 1942 3350; x_wconf 87' lang='lat' dir='ltr'><strong>tenuit;</strong></span> <span class='ocrx_word' id='word_1_207' title='bbox 2010 3334 2013 3339; x_wconf 38' lang='lat'><strong>.</strong></span> 
     </span>
    </p>
   </div>
   <div class='ocr_carea' id='block_1_34' title="bbox 612 3376 1948 3438">
    <p class='ocr_par' dir='ltr' id='par_1_34' title="bbox 612 3376 1948 3438">
     <span class='ocr_line' id='line_1_34' title="bbox 612 3376 1948 3438; baseline 0.001 -9"><span class='ocrx_word' id='word_1_208' title='bbox 612 3377 766 3432; x_wconf 85' lang='lat' dir='ltr'><strong>Nunc</strong></span> <span class='ocrx_word' id='word_1_209' title='bbox 788 3377 1006 3432; x_wconf 84' lang='lat' dir='ltr'><strong>audisse</strong></span> <span class='ocrx_word' id='word_1_210' title='bbox 1032 3379 1216 3438; x_wconf 88' lang='lat' dir='ltr'><strong>Deum,</strong></span> <span class='ocrx_word' id='word_1_211' title='bbox 1248 3390 1391 3431; x_wconf 89' lang='lat' dir='ltr'><strong>nunc</strong></span> <span class='ocrx_word' id='word_1_212' title='bbox 1419 3376 1566 3430; x_wconf 91' lang='lat' dir='ltr'><strong>illum</strong></span> <span class='ocrx_word' id='word_1_213' title='bbox 1589 3377 1948 3432; x_wconf 85' lang='lat' dir='ltr'><strong>consuluisse.</strong></span> 
     </span>
    </p>
   </div>
   <div class='ocr_carea' id='block_1_35' title="bbox 689 3464 1996 3537">
    <p class='ocr_par' dir='ltr' id='par_1_35' title="bbox 689 3464 1996 3537">
     <span class='ocr_line' id='line_1_35' title="bbox 689 3464 1996 3537; baseline 0.001 -17"><span class='ocrx_word' id='word_1_214' title='bbox 689 3466 827 3521; x_wconf 85' lang='lat' dir='ltr'><strong>iliuc</strong></span> <span class='ocrx_word' id='word_1_215' title='bbox 848 3480 994 3537; x_wconf 90' lang='lat' dir='ltr'><strong>spes,</strong></span> <span class='ocrx_word' id='word_1_216' title='bbox 1023 3464 1146 3520; x_wconf 90' lang='lat' dir='ltr'><strong>inde</strong></span> <span class='ocrx_word' id='word_1_217' title='bbox 1174 3464 1332 3531; x_wconf 87' lang='lat' dir='ltr'><strong>fides,</strong></span> <span class='ocrx_word' id='word_1_218' title='bbox 1359 3472 1591 3535; x_wconf 90' lang='lat' dir='ltr'><strong>utraque</strong></span> <span class='ocrx_word' id='word_1_219' title='bbox 1622 3465 1792 3520; x_wconf 78' lang='lat' dir='ltr'><strong>nectit</strong></span> <span class='ocrx_word' id='word_1_220' title='bbox 1822 3481 1996 3521; x_wconf 90' lang='lat' dir='ltr'><strong>amor.</strong></span> 
     </span>
    </p>
   </div>
   <div class='ocr_carea' id='block_1_36' title="bbox 616 3548 1945 3629">
    <p class='ocr_par' dir='ltr' id='par_1_36' title="bbox 616 3548 1945 3629">
     <span class='ocr_line' id='line_1_36' title="bbox 616 3548 1945 3629; baseline 0.003 -20"><span class='ocrx_word' id='word_1_221' title='bbox 616 3557 693 3612; x_wconf 84' lang='lat' dir='ltr'><strong>De</strong></span> <span class='ocrx_word' id='word_1_222' title='bbox 719 3548 919 3629; x_wconf 84' lang='lat' dir='ltr'><strong>pietate</strong></span> <span class='ocrx_word' id='word_1_223' title='bbox 940 3556 1118 3613; x_wconf 89' lang='lat' dir='ltr'><strong>Patris</strong></span> <span class='ocrx_word' id='word_1_224' title='bbox 1140 3556 1385 3612; x_wconf 85' lang='lat' dir='ltr'><strong>scribens</strong></span> <span class='ocrx_word' id='word_1_225' title='bbox 1414 3573 1537 3612; x_wconf 88' lang='lat' dir='ltr'><strong>reus</strong></span> <span class='ocrx_word' id='word_1_226' title='bbox 1565 3572 1683 3613; x_wconf 84' lang='lat' dir='ltr'><strong>esse</strong></span> <span class='ocrx_word' id='word_1_227' title='bbox 1706 3559 1945 3625; x_wconf 84' lang='lat' dir='ltr'><strong>videbor,</strong></span> 
     </span>
    </p>
   </div>
   <div class='ocr_carea' id='block_1_37' title="bbox 689 3647 1733 3720">
    <p class='ocr_par' dir='ltr' id='par_1_37' title="bbox 689 3647 1733 3720">
     <span class='ocr_line' id='line_1_37' title="bbox 689 3647 1733 3720; baseline -0.005 -15"><span class='ocrx_word' id='word_1_228' title='bbox 689 3649 749 3705; x_wconf 76' lang='lat' dir='ltr'><strong>Si</strong></span> <span class='ocrx_word' id='word_1_229' title='bbox 772 3650 859 3720; x_wconf 87' lang='lat' dir='ltr'><strong>qui</strong></span> <span class='ocrx_word' id='word_1_230' title='bbox 886 3663 945 3705; x_wconf 84' lang='lat' dir='ltr'><strong>re</strong></span> <span class='ocrx_word' id='word_1_231' title='bbox 966 3648 1095 3703; x_wconf 90' lang='lat' dir='ltr'><strong>nulli</strong></span> <span class='ocrx_word' id='word_1_232' title='bbox 1118 3647 1274 3703; x_wconf 85' lang='lat' dir='ltr'><strong>laude</strong></span> <span class='ocrx_word' id='word_1_233' title='bbox 1297 3648 1564 3703; x_wconf 88' lang='lat' dir='ltr'><strong>secundus</strong></span> <span class='ocrx_word' id='word_1_234' title='bbox 1593 3658 1733 3713; x_wconf 90' lang='lat' dir='ltr'><strong>erat,</strong></span> 
     </span>
    </p>
   </div>
   <div class='ocr_carea' id='block_1_38' title="bbox 615 3738 2064 3810">
    <p class='ocr_par' dir='ltr' id='par_1_38' title="bbox 615 3738 2064 3810">
     <span class='ocr_line' id='line_1_38' title="bbox 615 3738 2064 3810; baseline -0.005 -10"><span class='ocrx_word' id='word_1_235' title='bbox 615 3741 680 3800; x_wconf 79' lang='lat' dir='ltr'><strong>Ei</strong></span> <span class='ocrx_word' id='word_1_236' title='bbox 707 3742 961 3807; x_wconf 89' lang='lat' dir='ltr'><strong>referam,</strong></span> <span class='ocrx_word' id='word_1_237' title='bbox 1003 3754 1139 3810; x_wconf 89' lang='lat' dir='ltr'><strong>quas</strong></span> <span class='ocrx_word' id='word_1_238' title='bbox 1158 3738 1289 3794; x_wconf 89' lang='lat' dir='ltr'><strong>fudit</strong></span> <span class='ocrx_word' id='word_1_239' title='bbox 1320 3754 1453 3808; x_wconf 89' lang='lat' dir='ltr'><strong>opes</strong></span> <span class='ocrx_word' id='word_1_240' title='bbox 1486 3739 1539 3793; x_wconf 87' lang='lat' dir='ltr'><strong>in</strong></span> <span class='ocrx_word' id='word_1_241' title='bbox 1568 3753 1805 3809; x_wconf 86' lang='lat' dir='ltr'><strong>paupere</strong></span> <span class='ocrx_word' id='word_1_242' title='bbox 1826 3738 2064 3806; x_wconf 80' lang='lat' dir='ltr'><strong>Clu-isto,</strong></span> 
     </span>
    </p>
   </div>
   <div class='ocr_carea' id='block_1_39' title="bbox 690 3832 1911 3901">
    <p class='ocr_par' dir='ltr' id='par_1_39' title="bbox 690 3832 1911 3901">
     <span class='ocr_line' id='line_1_39' title="bbox 690 3832 1911 3901; baseline -0.005 -11"><span class='ocrx_word' id='word_1_243' title='bbox 690 3834 989 3895; x_wconf 77' lang='lat' dir='ltr'><strong>Memodus</strong></span> <span class='ocrx_word' id='word_1_244' title='bbox 1016 3832 1247 3896; x_wconf 77' lang='lat' dir='ltr'><strong>excedit,</strong></span> <span class='ocrx_word' id='word_1_245' title='bbox 1272 3848 1357 3887; x_wconf 92' lang='lat' dir='ltr'><strong>me</strong></span> <span class='ocrx_word' id='word_1_246' title='bbox 1382 3847 1641 3886; x_wconf 88' lang='lat' dir='ltr'><strong>numerus</strong></span> <span class='ocrx_word' id='word_1_247' title='bbox 1671 3840 1911 3901; x_wconf 89' lang='lat' dir='ltr'><strong>supcrat.</strong></span> 
     </span>
    </p>
   </div>
   <div class='ocr_carea' id='block_1_40' title="bbox 617 3923 2008 3995">
    <p class='ocr_par' dir='ltr' id='par_1_40' title="bbox 617 3923 2008 3995">
     <span class='ocr_line' id='line_1_40' title="bbox 617 3923 2008 3995; baseline -0.006 -12"><span class='ocrx_word' id='word_1_248' title='bbox 617 3927 856 3983; x_wconf 80' lang='lat' dir='ltr'><strong>Dilliuire</strong></span> <span class='ocrx_word' id='word_1_249' title='bbox 881 3936 1060 3981; x_wconf 86' lang='lat' dir='ltr'><strong>tamen</strong></span> <span class='ocrx_word' id='word_1_250' title='bbox 1092 3924 1507 3994; x_wconf 89' lang='lat' dir='ltr'><strong>breviter,quod</strong></span> <span class='ocrx_word' id='word_1_251' title='bbox 1534 3923 1728 3989; x_wconf 86' lang='lat' dir='ltr'><strong>sentio,</strong></span> <span class='ocrx_word' id='word_1_252' title='bbox 1755 3938 1972 3995; x_wconf 86' lang='lat' dir='ltr'><strong>possunt</strong></span> <span class='ocrx_word' id='word_1_253' title='bbox 1996 3940 2008 3987; x_wconf 90' lang='lat'><strong>;</strong></span> 
     </span>
    </p>
   </div>
   <div class='ocr_carea' id='block_1_41' title="bbox 696 4012 1813 4089">
    <p class='ocr_par' dir='ltr' id='par_1_41' title="bbox 696 4012 1813 4089">
     <span class='ocr_line' id='line_1_41' title="bbox 696 4012 1813 4089; baseline -0.006 -16"><span class='ocrx_word' id='word_1_254' title='bbox 696 4018 961 4089; x_wconf 83' lang='lat' dir='ltr'><strong>Tempore</strong></span> <span class='ocrx_word' id='word_1_255' title='bbox 986 4031 1144 4071; x_wconf 92' lang='lat' dir='ltr'><strong>nemo</strong></span> <span class='ocrx_word' id='word_1_256' title='bbox 1175 4030 1272 4070; x_wconf 91' lang='lat' dir='ltr'><strong>suo</strong></span> <span class='ocrx_word' id='word_1_257' title='bbox 1301 4014 1580 4069; x_wconf 90' lang='lat' dir='ltr'><strong>distribuit</strong></span> <span class='ocrx_word' id='word_1_258' title='bbox 1603 4012 1813 4067; x_wconf 89' lang='lat' dir='ltr'><strong>melius.</strong></span> 
     </span>
    </p>
   </div>
   <div class='ocr_carea' id='block_1_42' title="bbox 612 4105 1953 4175">
    <p class='ocr_par' dir='ltr' id='par_1_42' title="bbox 612 4105 1953 4175">
     <span class='ocr_line' id='line_1_42' title="bbox 612 4105 1953 4175; baseline -0.006 -12"><span class='ocrx_word' id='word_1_259' title='bbox 612 4111 695 4165; x_wconf 81' lang='lat' dir='ltr'><strong>Ad</strong></span> <span class='ocrx_word' id='word_1_260' title='bbox 724 4109 845 4165; x_wconf 75' lang='lat' dir='ltr'><strong>fidei</strong></span> <span class='ocrx_word' id='word_1_261' title='bbox 877 4108 1063 4164; x_wconf 89' lang='lat' dir='ltr'><strong>titulos</strong></span> <span class='ocrx_word' id='word_1_262' title='bbox 1090 4106 1204 4175; x_wconf 87' lang='lat' dir='ltr'><strong>jam</strong></span> <span class='ocrx_word' id='word_1_263' title='bbox 1230 4120 1373 4160; x_wconf 90' lang='lat' dir='ltr'><strong>nunc</strong></span> <span class='ocrx_word' id='word_1_264' title='bbox 1402 4107 1617 4159; x_wconf 88' lang='lat' dir='ltr'><strong>tandem</strong></span> <span class='ocrx_word' id='word_1_265' title='bbox 1656 4105 1953 4158; x_wconf 84' lang='lat' dir='ltr'><strong>veniamus.</strong></span> 
     </span>
    </p>
   </div>
   <div class='ocr_carea' id='block_1_43' title="bbox 685 4196 1915 4266">
    <p class='ocr_par' dir='ltr' id='par_1_43' title="bbox 685 4196 1915 4266">
     <span class='ocr_line' id='line_1_43' title="bbox 685 4196 1915 4266; baseline -0.005 -13"><span class='ocrx_word' id='word_1_266' title='bbox 685 4200 925 4255; x_wconf 85' lang='lat' dir='ltr'><strong>Primum</strong></span> <span class='ocrx_word' id='word_1_267' title='bbox 950 4200 1015 4253; x_wconf 90' lang='lat' dir='ltr'><strong>de</strong></span> <span class='ocrx_word' id='word_1_268' title='bbox 1047 4198 1260 4253; x_wconf 87' lang='lat' dir='ltr'><strong>Christo</strong></span> <span class='ocrx_word' id='word_1_269' title='bbox 1281 4197 1435 4266; x_wconf 87' lang='lat' dir='ltr'><strong>signa</strong></span> <span class='ocrx_word' id='word_1_270' title='bbox 1464 4196 1642 4251; x_wconf 90' lang='lat' dir='ltr'><strong>locum</strong></span> <span class='ocrx_word' id='word_1_271' title='bbox 1678 4203 1915 4251; x_wconf 89' lang='lat' dir='ltr'><strong>teneant.</strong></span> 
     </span>
    </p>
   </div>
   <div class='ocr_carea' id='block_1_44' title="bbox 616 4288 1911 4360">
    <p class='ocr_par' dir='ltr' id='par_1_44' title="bbox 616 4288 1911 4360">
     <span class='ocr_line' id='line_1_44' title="bbox 616 4288 1911 4360; baseline -0.002 -16"><span class='ocrx_word' id='word_1_272' title='bbox 616 4290 795 4345; x_wconf 86' lang='lat' dir='ltr'><strong>Testis</strong></span> <span class='ocrx_word' id='word_1_273' title='bbox 817 4290 1004 4345; x_wconf 89' lang='lat' dir='ltr'><strong>adesto</strong></span> <span class='ocrx_word' id='word_1_274' title='bbox 1034 4291 1131 4352; x_wconf 89' lang='lat' dir='ltr'><strong>rei,</strong></span> <span class='ocrx_word' id='word_1_275' title='bbox 1168 4298 1222 4343; x_wconf 91' lang='lat' dir='ltr'><strong>tu</strong></span> <span class='ocrx_word' id='word_1_276' title='bbox 1248 4289 1476 4360; x_wconf 86' lang='lat' dir='ltr'><strong>septime</strong></span> <span class='ocrx_word' id='word_1_277' title='bbox 1500 4303 1635 4360; x_wconf 88' lang='lat' dir='ltr'><strong>papa</strong></span> <span class='ocrx_word' id='word_1_278' title='bbox 1665 4288 1911 4359; x_wconf 86' lang='lat' dir='ltr'><strong>Gregori.</strong></span> 
     </span>
    </p>
   </div>
   <div class='ocr_carea' id='block_1_45' title="bbox 689 4362 1967 4448">
    <p class='ocr_par' dir='ltr' id='par_1_45' title="bbox 689 4362 1967 4448">
     <span class='ocr_line' id='line_1_45' title="bbox 689 4362 1967 4448; baseline -0.002 -15"><span class='ocrx_word' id='word_1_279' title='bbox 689 4378 814 4434; x_wconf 65' lang='lat' dir='ltr'><strong>llaec</strong></span> <span class='ocrx_word' id='word_1_280' title='bbox 841 4387 1051 4433; x_wconf 88' lang='lat' dir='ltr'><strong>secreta</strong></span> <span class='ocrx_word' id='word_1_281' title='bbox 1073 4362 1466 4433; x_wconf 15' lang='lat' dir='ltr'><strong>Deus‘cernere</strong></span> <span class='ocrx_word' id='word_1_282' title='bbox 1494 4393 1654 4448; x_wconf 89' lang='lat' dir='ltr'><strong>quem</strong></span> <span class='ocrx_word' id='word_1_283' title='bbox 1684 4374 1872 4433; x_wconf 84' lang='lat' dir='ltr'><strong>voluit.</strong></span> <span class='ocrx_word' id='word_1_284' title='bbox 1964 4442 1967 4443; x_wconf 19' lang='grc' dir='ltr'><em>ν</em></span> 
     </span>
    </p>
   </div>
   <div class='ocr_carea' id='block_1_46' title="bbox 617 4469 1996 4540">
    <p class='ocr_par' dir='ltr' id='par_1_46' title="bbox 617 4469 1996 4540">
     <span class='ocr_line' id='line_1_46' title="bbox 617 4469 1996 4540; baseline -0.006 -13"><span class='ocrx_word' id='word_1_285' title='bbox 617 4473 756 4527; x_wconf 86' lang='lat' dir='ltr'><strong>Dum</strong></span> <span class='ocrx_word' id='word_1_286' title='bbox 790 4471 951 4527; x_wconf 90' lang='lat' dir='ltr'><strong>Pater</strong></span> <span class='ocrx_word' id='word_1_287' title='bbox 973 4470 1197 4540; x_wconf 82' lang='lat' dir='ltr'><strong>insignis</strong></span> <span class='ocrx_word' id='word_1_288' title='bbox 1225 4469 1421 4524; x_wconf 83' lang='lat' dir='ltr'><strong>fratres</strong></span> <span class='ocrx_word' id='word_1_289' title='bbox 1450 4469 1736 4538; x_wconf 88' lang='lat' dir='ltr'><strong>aliquando</strong></span> <span class='ocrx_word' id='word_1_290' title='bbox 1758 4469 1996 4535; x_wconf 83' lang='lat' dir='ltr'><strong>doceret,</strong></span> 
     </span>
    </p>
   </div>
   <div class='ocr_carea' id='block_1_47' title="bbox 690 4560 1735 4627">
    <p class='ocr_par' dir='ltr' id='par_1_47' title="bbox 690 4560 1735 4627">
     <span class='ocr_line' id='line_1_47' title="bbox 690 4560 1735 4627; baseline -0.009 -7"><span class='ocrx_word' id='word_1_291' title='bbox 690 4564 867 4620; x_wconf 77' lang='lat' dir='ltr'><strong>Mores</strong></span> <span class='ocrx_word' id='word_1_292' title='bbox 889 4564 1203 4627; x_wconf 84' lang='lat' dir='ltr'><strong>discuteret,</strong></span> <span class='ocrx_word' id='word_1_293' title='bbox 1227 4560 1390 4615; x_wconf 80' lang='lat' dir='ltr'><strong>noxia</strong></span> <span class='ocrx_word' id='word_1_294' title='bbox 1417 4560 1735 4622; x_wconf 88' lang='lat' dir='ltr'><strong>destrueret,</strong></span> 
     </span>
    </p>
   </div>
   <div class='ocr_carea' id='block_1_48' title="bbox 617 4653 1914 4731">
    <p class='ocr_par' dir='ltr' id='par_1_48' title="bbox 617 4653 1914 4731">
     <span class='ocr_line' id='line_1_48' title="bbox 617 4653 1914 4731; baseline -0.009 -13"><span class='ocrx_word' id='word_1_295' title='bbox 617 4663 721 4720; x_wconf 87' lang='lat' dir='ltr'><strong>Iste</strong></span> <span class='ocrx_word' id='word_1_296' title='bbox 750 4661 833 4716; x_wconf 91' lang='lat' dir='ltr'><strong>vir</strong></span> <span class='ocrx_word' id='word_1_297' title='bbox 858 4658 1127 4731; x_wconf 86' lang='lat' dir='ltr'><strong>egregius,</strong></span> <span class='ocrx_word' id='word_1_298' title='bbox 1162 4664 1287 4711; x_wconf 91' lang='lat' dir='ltr'><strong>tunc</strong></span> <span class='ocrx_word' id='word_1_299' title='bbox 1317 4654 1725 4725; x_wconf 89' lang='lat' dir='ltr'><strong>hypodiaconus</strong></span> <span class='ocrx_word' id='word_1_300' title='bbox 1765 4653 1914 4707; x_wconf 80' lang='lat' dir='ltr'><strong>urbis</strong></span> 
     </span>
    </p>
   </div>
   <div class='ocr_carea' id='block_1_49' title="bbox 683 4742 1907 4815">
    <p class='ocr_par' dir='ltr' id='par_1_49' title="bbox 683 4742 1907 4815">
     <span class='ocr_line' id='line_1_49' title="bbox 683 4742 1907 4815; baseline -0.01 -9"><span class='ocrx_word' id='word_1_301' title='bbox 683 4750 1040 4806; x_wconf 86' lang='lat' dir='ltr'><strong>lldehrannus</strong></span> <span class='ocrx_word' id='word_1_302' title='bbox 1064 4746 1259 4810; x_wconf 90' lang='lat' dir='ltr'><strong>adhuc,</strong></span> <span class='ocrx_word' id='word_1_303' title='bbox 1287 4755 1408 4815; x_wconf 87' lang='lat' dir='ltr'><strong>post</strong></span> <span class='ocrx_word' id='word_1_304' title='bbox 1439 4745 1523 4797; x_wconf 87' lang='lat' dir='ltr'><strong>vir</strong></span> <span class='ocrx_word' id='word_1_305' title='bbox 1554 4742 1907 4813; x_wconf 86' lang='lat' dir='ltr'><strong>apostolicus,</strong></span> 
     </span>
    </p>
   </div>
   <div class='ocr_carea' id='block_1_50' title="bbox 616 4835 2105 4907">
    <p class='ocr_par' dir='ltr' id='par_1_50' title="bbox 616 4835 2105 4907">
     <span class='ocr_line' id='line_1_50' title="bbox 616 4835 2105 4907; baseline -0.005 -10"><span class='ocrx_word' id='word_1_306' title='bbox 616 4843 768 4898; x_wconf 89' lang='lat' dir='ltr'><strong>Tune</strong></span> <span class='ocrx_word' id='word_1_307' title='bbox 792 4840 972 4896; x_wconf 88' lang='lat' dir='ltr'><strong>Patris</strong></span> <span class='ocrx_word' id='word_1_308' title='bbox 1000 4852 1243 4894; x_wconf 88' lang='lat' dir='ltr'><strong>assessor</strong></span> <span class='ocrx_word' id='word_1_309' title='bbox 1266 4836 1526 4907; x_wconf 70' lang='lat' dir='ltr'><strong>respexit,</strong></span> <span class='ocrx_word' id='word_1_310' title='bbox 1554 4843 1608 4890; x_wconf 93' lang='lat' dir='ltr'><strong>et</strong></span> <span class='ocrx_word' id='word_1_311' title='bbox 1625 4849 1753 4891; x_wconf 89' lang='lat' dir='ltr'><strong>ecce</strong></span> <span class='ocrx_word' id='word_1_312' title='bbox 1774 4835 2105 4905; x_wconf 81' lang='lat' dir='ltr'><strong>Redemptor</strong></span> 
     </span>
    </p>
   </div>
   <div class='ocr_carea' id='block_1_51' title="bbox 686 4928 1757 4993">
    <p class='ocr_par' dir='ltr' id='par_1_51' title="bbox 686 4928 1757 4993">
     <span class='ocr_line' id='line_1_51' title="bbox 686 4928 1757 4993; baseline -0.007 -3"><span class='ocrx_word' id='word_1_313' title='bbox 686 4932 1013 4990; x_wconf 89' lang='lat' dir='ltr'><strong>Consedisse</strong></span> <span class='ocrx_word' id='word_1_314' title='bbox 1043 4930 1192 4985; x_wconf 86' lang='lat' dir='ltr'><strong>Patri</strong></span> <span class='ocrx_word' id='word_1_315' title='bbox 1221 4929 1464 4985; x_wconf 87' lang='lat' dir='ltr'><strong>cernitur</strong></span> <span class='ocrx_word' id='word_1_316' title='bbox 1492 4944 1521 4982; x_wconf 89' lang='lat' dir='ltr'><strong>a</strong></span> <span class='ocrx_word' id='word_1_317' title='bbox 1552 4928 1757 4993; x_wconf 82' lang='lat' dir='ltr'><strong>late:e;</strong></span> 
     </span>
    </p>
   </div>
   <div class='ocr_carea' id='block_1_52' title="bbox 616 5018 1893 5096">
    <p class='ocr_par' dir='ltr' id='par_1_52' title="bbox 616 5018 1893 5096">
     <span class='ocr_line' id='line_1_52' title="bbox 616 5018 1893 5096; baseline -0.01 -15"><span class='ocrx_word' id='word_1_318' title='bbox 616 5027 683 5081; x_wconf 87' lang='lat' dir='ltr'><strong>Et</strong></span> <span class='ocrx_word' id='word_1_319' title='bbox 714 5024 868 5096; x_wconf 90' lang='lat' dir='ltr'><strong>quasi</strong></span> <span class='ocrx_word' id='word_1_320' title='bbox 895 5023 1113 5095; x_wconf 87' lang='lat' dir='ltr'><strong>judieiis</strong></span> <span class='ocrx_word' id='word_1_321' title='bbox 1144 5021 1334 5076; x_wconf 87' lang='lat' dir='ltr'><strong>habitu</strong></span> <span class='ocrx_word' id='word_1_322' title='bbox 1364 5020 1622 5088; x_wconf 84' lang='lat' dir='ltr'><strong>vultuque</strong></span> <span class='ocrx_word' id='word_1_323' title='bbox 1653 5018 1893 5083; x_wconf 68' lang='lat' dir='ltr'><strong>faveret,</strong></span> 
     </span>
    </p>
   </div>
   <div class='ocr_carea' id='block_1_53' title="bbox 692 5111 2033 5183">
    <p class='ocr_par' dir='ltr' id='par_1_53' title="bbox 692 5111 2033 5183">
     <span class='ocr_line' id='line_1_53' title="bbox 692 5111 2033 5183; baseline -0.004 -13"><span class='ocrx_word' id='word_1_324' title='bbox 692 5116 783 5170; x_wconf 92' lang='lat' dir='ltr'><strong>Sic</strong></span> <span class='ocrx_word' id='word_1_325' title='bbox 814 5114 1026 5180; x_wconf 91' lang='lat' dir='ltr'><strong>hilaris,</strong></span> <span class='ocrx_word' id='word_1_326' title='bbox 1053 5113 1319 5183; x_wconf 88' lang='lat' dir='ltr'><strong>placidus,</strong></span> <span class='ocrx_word' id='word_1_327' title='bbox 1347 5111 1539 5182; x_wconf 82' lang='lat' dir='ltr'><strong>sicque</strong></span> <span class='ocrx_word' id='word_1_328' title='bbox 1567 5126 1789 5167; x_wconf 87' lang='lat' dir='ltr'><strong>serenus</strong></span> <span class='ocrx_word' id='word_1_329' title='bbox 1812 5122 1959 5167; x_wconf 54' lang='lat' dir='ltr'><strong>erat.»</strong></span> <span class='ocrx_word' id='word_1_330' title='bbox 2028 5150 2033 5151; x_wconf 44' lang='grc' dir='ltr'><em>κ</em></span> 
     </span>
    </p>
   </div>
   <div class='ocr_carea' id='block_1_54' title="bbox 619 5204 2099 5276">
    <p class='ocr_par' dir='ltr' id='par_1_54' title="bbox 619 5204 2099 5276">
     <span class='ocr_line' id='line_1_54' title="bbox 619 5204 2099 5276; baseline -0.003 -15"><span class='ocrx_word' id='word_1_331' title='bbox 619 5207 715 5261; x_wconf 83' lang='lat' dir='ltr'><strong>Cui</strong></span> <span class='ocrx_word' id='word_1_332' title='bbox 743 5206 825 5259; x_wconf 91' lang='lat' dir='ltr'><strong>vir</strong></span> <span class='ocrx_word' id='word_1_333' title='bbox 860 5205 949 5261; x_wconf 93' lang='lat' dir='ltr'><strong>hic</strong></span> <span class='ocrx_word' id='word_1_334' title='bbox 973 5220 1287 5276; x_wconf 84' lang='lat' dir='ltr'><strong>assurgens,</strong></span> <span class='ocrx_word' id='word_1_335' title='bbox 1305 5204 1535 5258; x_wconf 85' lang='lat' dir='ltr'><strong>fratrum</strong></span> <span class='ocrx_word' id='word_1_336' title='bbox 1560 5205 1796 5259; x_wconf 87' lang='lat' dir='ltr'><strong>mirante</strong></span> <span class='ocrx_word' id='word_1_337' title='bbox 1816 5212 2056 5270; x_wconf 81' lang='lat' dir='ltr'><strong>caterva,</strong></span> <span class='ocrx_word' id='word_1_338' title='bbox 2098 5246 2099 5249; x_wconf 55' lang='grc' dir='ltr'><strong>η</strong></span> 
     </span>
    </p>
   </div>
   <div class='ocr_carea' id='block_1_55' title="bbox 690 5295 1727 5351">
    <p class='ocr_par' dir='ltr' id='par_1_55' title="bbox 690 5295 1727 5351">
     <span class='ocr_line' id='line_1_55' title="bbox 690 5295 1727 5351; baseline 0 -2"><span class='ocrx_word' id='word_1_339' title='bbox 690 5296 747 5349; x_wconf 87' lang='lat' dir='ltr'><strong>In</strong></span> <span class='ocrx_word' id='word_1_340' title='bbox 772 5296 945 5350; x_wconf 85' lang='lat' dir='ltr'><strong>media</strong></span> <span class='ocrx_word' id='word_1_341' title='bbox 970 5297 1136 5351; x_wconf 90' lang='lat' dir='ltr'><strong>voluit</strong></span> <span class='ocrx_word' id='word_1_342' title='bbox 1166 5295 1293 5351; x_wconf 90' lang='lat' dir='ltr'><strong>sede</strong></span> <span class='ocrx_word' id='word_1_343' title='bbox 1314 5296 1427 5349; x_wconf 88' lang='lat' dir='ltr'><strong>loca</strong></span> <span class='ocrx_word' id='word_1_344' title='bbox 1439 5311 1495 5349; x_wconf 91' lang='lat' dir='ltr'><strong>re</strong></span> <span class='ocrx_word' id='word_1_345' title='bbox 1515 5296 1683 5350; x_wconf 90' lang='lat' dir='ltr'><strong>Deum</strong></span> <span class='ocrx_word' id='word_1_346' title='bbox 1714 5313 1727 5349; x_wconf 86' lang='lat'><strong>:</strong></span> 
     </span>
    </p>
   </div>
   <div class='ocr_carea' id='block_1_56' title="bbox 620 5386 1977 5457">
    <p class='ocr_par' dir='ltr' id='par_1_56' title="bbox 620 5386 1977 5457">
     <span class='ocr_line' id='line_1_56' title="bbox 620 5386 1977 5457; baseline -0.001 -14"><span class='ocrx_word' id='word_1_347' title='bbox 620 5388 775 5443; x_wconf 87' lang='lat' dir='ltr'><strong>Unde</strong></span> <span class='ocrx_word' id='word_1_348' title='bbox 811 5388 1124 5456; x_wconf 86' lang='lat' dir='ltr'><strong>requisitus,</strong></span> <span class='ocrx_word' id='word_1_349' title='bbox 1155 5402 1401 5457; x_wconf 60' lang='lat' dir='ltr'><strong>quaenam</strong></span> <span class='ocrx_word' id='word_1_350' title='bbox 1428 5386 1529 5443; x_wconf 88' lang='lat' dir='ltr'><strong>sibi</strong></span> <span class='ocrx_word' id='word_1_351' title='bbox 1569 5403 1731 5443; x_wconf 87' lang='lat' dir='ltr'><strong>causa</strong></span> <span class='ocrx_word' id='word_1_352' title='bbox 1765 5387 1977 5455; x_wconf 86' lang='lat' dir='ltr'><strong>fuisset,</strong></span> 
     </span>
    </p>
   </div>
   <div class='ocr_carea' id='block_1_57' title="bbox 691 5479 1909 5536">
    <p class='ocr_par' dir='ltr' id='par_1_57' title="bbox 691 5479 1909 5536">
     <span class='ocr_line' id='line_1_57' title="bbox 691 5479 1909 5536; baseline -0.002 -1"><span class='ocrx_word' id='word_1_353' title='bbox 691 5480 873 5535; x_wconf 87' lang='lat' dir='ltr'><strong>Patris</strong></span> <span class='ocrx_word' id='word_1_354' title='bbox 902 5479 1017 5534; x_wconf 90' lang='lat' dir='ltr'><strong>visa</strong></span> <span class='ocrx_word' id='word_1_355' title='bbox 1042 5480 1207 5535; x_wconf 90' lang='lat' dir='ltr'><strong>refert</strong></span> <span class='ocrx_word' id='word_1_356' title='bbox 1229 5482 1909 5536; x_wconf 79' lang='lat' dir='ltr'><strong>ordine&#39;commemorans.</strong></span> 
     </span>
    </p>
   </div>
   <div class='ocr_carea' id='block_1_58' title="bbox 623 5570 1803 5635">
    <p class='ocr_par' dir='ltr' id='par_1_58' title="bbox 623 5570 1803 5635">
     <span class='ocr_line' id='line_1_58' title="bbox 623 5570 1803 5635; baseline -0.006 -4"><span class='ocrx_word' id='word_1_357' title='bbox 623 5576 762 5631; x_wconf 82' lang='lat' dir='ltr'><strong>Urbs</strong></span> <span class='ocrx_word' id='word_1_358' title='bbox 789 5580 870 5628; x_wconf 85' lang='lat' dir='ltr'><strong>est</strong></span> <span class='ocrx_word' id='word_1_359' title='bbox 893 5570 1074 5633; x_wconf 62' lang='lat' dir='ltr'><strong>italiae,</strong></span> <span class='ocrx_word' id='word_1_360' title='bbox 1111 5571 1382 5627; x_wconf 86' lang='lat' dir='ltr'><strong>Florentia</strong></span> <span class='ocrx_word' id='word_1_361' title='bbox 1406 5572 1620 5628; x_wconf 86' lang='lat' dir='ltr'><strong>nomine</strong></span> <span class='ocrx_word' id='word_1_362' title='bbox 1641 5573 1803 5635; x_wconf 86' lang='lat' dir='ltr'><strong>dicta,</strong></span> 
     </span>
    </p>
   </div>
   <div class='ocr_carea' id='block_1_59' title="bbox 688 5662 1983 5735">
    <p class='ocr_par' dir='ltr' id='par_1_59' title="bbox 688 5662 1983 5735">
     <span class='ocr_line' id='line_1_59' title="bbox 688 5662 1983 5735; baseline -0.005 -12"><span class='ocrx_word' id='word_1_363' title='bbox 688 5666 791 5723; x_wconf 82' lang='lat' dir='ltr'><strong>Hic</strong></span> <span class='ocrx_word' id='word_1_364' title='bbox 818 5662 1159 5735; x_wconf 88' lang='lat' dir='ltr'><strong>Stephanum</strong></span> <span class='ocrx_word' id='word_1_365' title='bbox 1194 5678 1388 5733; x_wconf 88' lang='lat' dir='ltr'><strong>papam</strong></span> <span class='ocrx_word' id='word_1_366' title='bbox 1422 5663 1566 5718; x_wconf 90' lang='lat' dir='ltr'><strong>fama</strong></span> <span class='ocrx_word' id='word_1_367' title='bbox 1594 5665 1730 5718; x_wconf 91' lang='lat' dir='ltr'><strong>mori</strong></span> <span class='ocrx_word' id='word_1_368' title='bbox 1763 5663 1983 5719; x_wconf 84' lang='lat' dir='ltr'><strong>fuerat:</strong></span> 
     </span>
    </p>
   </div>
   <div class='ocr_carea' id='block_1_60' title="bbox 550 5736 2162 5833">
    <p class='ocr_par' dir='ltr' id='par_1_60' title="bbox 550 5736 2162 5833">
     <span class='ocr_line' id='line_1_60' title="bbox 550 5736 2162 5833; baseline -0.008 -13"><span class='ocrx_word' id='word_1_369' title='bbox 550 5736 553 5739; x_wconf 5' lang='grc' dir='ltr'>ἤ</span> <span class='ocrx_word' id='word_1_370' title='bbox 614 5760 816 5819; x_wconf 71' lang='lat' dir='ltr'><strong>Yisitat</strong></span> <span class='ocrx_word' id='word_1_371' title='bbox 847 5756 993 5813; x_wconf 89' lang='lat' dir='ltr'><strong>hunc</strong></span> <span class='ocrx_word' id='word_1_372' title='bbox 1014 5762 1269 5833; x_wconf 80' lang='lat' dir='ltr'><strong>sanetus,</strong></span> <span class='ocrx_word' id='word_1_373' title='bbox 1314 5751 1558 5809; x_wconf 83' lang='lat' dir='ltr'><strong>medicus</strong></span> <span class='ocrx_word' id='word_1_374' title='bbox 1584 5756 1803 5823; x_wconf 80' lang='lat' dir='ltr'><strong>sapiens</strong></span> <span class='ocrx_word' id='word_1_375' title='bbox 1831 5757 2162 5821; x_wconf 79' lang='lat' dir='ltr'><strong>animarum,</strong></span> 
     </span>
    </p>
   </div>
   <div class='ocr_carea' id='block_1_61' title="bbox 1674 332 2749 391">
    <p class='ocr_par' dir='ltr' id='par_1_61' title="bbox 1674 332 2749 391">
     <span class='ocr_line' id='line_1_61' title="bbox 1674 332 2749 391; baseline -0.003 0"><span class='ocrx_word' id='word_1_376' title='bbox 1674 337 1711 391; x_wconf 80' lang='lat' dir='ltr'><strong>S</strong></span> <span class='ocrx_word' id='word_1_377' title='bbox 1774 334 2079 391; x_wconf 71' lang='lat' dir='ltr'><strong>“[360le</strong></span> <span class='ocrx_word' id='word_1_378' title='bbox 2102 332 2390 389; x_wconf 71' lang='lat' dir='ltr'><strong>ABBATIS</strong></span> <span class='ocrx_word' id='word_1_379' title='bbox 2429 332 2749 388; x_wconf 66' lang='lat' dir='ltr'><strong>CLUNIAC.</strong></span> 
     </span>
    </p>
   </div>
   <div class='ocr_carea' id='block_1_62' title="bbox 2226 444 3386 516">
    <p class='ocr_par' dir='ltr' id='par_1_62' title="bbox 2226 444 3386 516">
     <span class='ocr_line' id='line_1_62' title="bbox 2226 444 3386 516; baseline 0.002 -16"><span class='ocrx_word' id='word_1_380' title='bbox 2226 453 2271 509; x_wconf 83' lang='grc' dir='ltr'><strong>Α</strong></span> <span class='ocrx_word' id='word_1_381' title='bbox 2374 446 2439 500; x_wconf 82' lang='grc' dir='ltr'><strong>Εῑ</strong></span> <span class='ocrx_word' id='word_1_382' title='bbox 2467 446 2587 501; x_wconf 72' lang='lat' dir='ltr'><strong>vita:</strong></span> <span class='ocrx_word' id='word_1_383' title='bbox 2614 446 2834 500; x_wconf 87' lang='lat' dir='ltr'><strong>verbum</strong></span> <span class='ocrx_word' id='word_1_384' title='bbox 2860 462 3003 516; x_wconf 63' lang='lat' dir='ltr'><strong>scrpe</strong></span> <span class='ocrx_word' id='word_1_385' title='bbox 3020 444 3288 503; x_wconf 86' lang='lat' dir='ltr'><strong>ministrat</strong></span> <span class='ocrx_word' id='word_1_386' title='bbox 3317 450 3386 504; x_wconf 87' lang='lat' dir='ltr'><strong>ei.</strong></span> 
     </span>
    </p>
   </div>
   <div class='ocr_carea' id='block_1_63' title="bbox 2296 535 3580 607">
    <p class='ocr_par' dir='ltr' id='par_1_63' title="bbox 2296 535 3580 607">
     <span class='ocr_line' id='line_1_63' title="bbox 2296 535 3580 607; baseline 0.006 -18"><span class='ocrx_word' id='word_1_387' title='bbox 2296 537 2364 589; x_wconf 84' lang='lat' dir='ltr'><strong>At</strong></span> <span class='ocrx_word' id='word_1_388' title='bbox 2394 536 2607 605; x_wconf 87' lang='lat' dir='ltr'><strong>generis</strong></span> <span class='ocrx_word' id='word_1_389' title='bbox 2637 535 2804 590; x_wconf 81' lang='lat' dir='ltr'><strong>nostri</strong></span> <span class='ocrx_word' id='word_1_390' title='bbox 2830 536 3065 591; x_wconf 87' lang='lat' dir='ltr'><strong>crudelis</strong></span> <span class='ocrx_word' id='word_1_391' title='bbox 3091 546 3146 592; x_wconf 85' lang='lat' dir='ltr'><strong>et</strong></span> <span class='ocrx_word' id='word_1_392' title='bbox 3179 539 3388 594; x_wconf 80' lang='lat' dir='ltr'><strong>invidus</strong></span> <span class='ocrx_word' id='word_1_393' title='bbox 3420 542 3580 607; x_wconf 84' lang='lat' dir='ltr'><strong>hostis,</strong></span> 
     </span>
    </p>
   </div>
   <div class='ocr_carea' id='block_1_64' title="bbox 2365 625 3624 702">
    <p class='ocr_par' dir='ltr' id='par_1_64' title="bbox 2365 625 3624 702">
     <span class='ocr_line' id='line_1_64' title="bbox 2365 625 3624 702; baseline 0.009 -21"><span class='ocrx_word' id='word_1_394' title='bbox 2365 625 2501 681; x_wconf 87' lang='lat' dir='ltr'><strong>Cum</strong></span> <span class='ocrx_word' id='word_1_395' title='bbox 2538 627 2620 681; x_wconf 86' lang='lat' dir='ltr'><strong>vir</strong></span> <span class='ocrx_word' id='word_1_396' title='bbox 2650 636 2875 689; x_wconf 86' lang='lat' dir='ltr'><strong>sanctus</strong></span> <span class='ocrx_word' id='word_1_397' title='bbox 2901 629 3074 694; x_wconf 88' lang='lat' dir='ltr'><strong>abest,</strong></span> <span class='ocrx_word' id='word_1_398' title='bbox 3101 630 3214 698; x_wconf 91' lang='lat' dir='ltr'><strong>ipse</strong></span> <span class='ocrx_word' id='word_1_399' title='bbox 3242 630 3452 687; x_wconf 88' lang='lat' dir='ltr'><strong>dolosus</strong></span> <span class='ocrx_word' id='word_1_400' title='bbox 3486 637 3624 702; x_wconf 85' lang='lat' dir='ltr'><strong>adest,</strong></span> 
     </span>
    </p>
   </div>
   <div class='ocr_carea' id='block_1_65' title="bbox 2296 718 3606 793">
    <p class='ocr_par' dir='ltr' id='par_1_65' title="bbox 2296 718 3606 793">
     <span class='ocr_line' id='line_1_65' title="bbox 2296 718 3606 793; baseline 0.005 -20"><span class='ocrx_word' id='word_1_401' title='bbox 2296 718 2489 773; x_wconf 88' lang='lat' dir='ltr'><strong>Terret</strong></span> <span class='ocrx_word' id='word_1_402' title='bbox 2514 719 2847 788; x_wconf 87' lang='lat' dir='ltr'><strong>pontificem,</strong></span> <span class='ocrx_word' id='word_1_403' title='bbox 2878 718 3101 774; x_wconf 85' lang='lat' dir='ltr'><strong>turbans</strong></span> <span class='ocrx_word' id='word_1_404' title='bbox 3128 721 3351 777; x_wconf 86' lang='lat' dir='ltr'><strong>horrore</strong></span> <span class='ocrx_word' id='word_1_405' title='bbox 3376 733 3606 793; x_wconf 86' lang='lat' dir='ltr'><strong>tuentem;</strong></span> 
     </span>
    </p>
   </div>
   <div class='ocr_carea' id='block_1_66' title="bbox 2368 809 3608 881">
    <p class='ocr_par' dir='ltr' id='par_1_66' title="bbox 2368 809 3608 881">
     <span class='ocr_line' id='line_1_66' title="bbox 2368 809 3608 881; baseline 0.006 -18"><span class='ocrx_word' id='word_1_406' title='bbox 2368 809 2500 863; x_wconf 80' lang='lat' dir='ltr'><strong>Cum</strong></span> <span class='ocrx_word' id='word_1_407' title='bbox 2533 810 2612 863; x_wconf 83' lang='lat' dir='ltr'><strong>vir</strong></span> <span class='ocrx_word' id='word_1_408' title='bbox 2638 819 2863 864; x_wconf 83' lang='lat' dir='ltr'><strong>sanctus</strong></span> <span class='ocrx_word' id='word_1_409' title='bbox 2884 811 3056 877; x_wconf 85' lang='lat' dir='ltr'><strong>adest,</strong></span> <span class='ocrx_word' id='word_1_410' title='bbox 3092 811 3204 881; x_wconf 85' lang='lat' dir='ltr'><strong>ipse</strong></span> <span class='ocrx_word' id='word_1_411' title='bbox 3228 812 3440 868; x_wconf 88' lang='lat' dir='ltr'><strong>dolosus</strong></span> <span class='ocrx_word' id='word_1_412' title='bbox 3466 817 3608 871; x_wconf 87' lang='lat' dir='ltr'><strong>abest.</strong></span> 
     </span>
    </p>
   </div>
   <div class='ocr_carea' id='block_1_67' title="bbox 2300 900 3600 974">
    <p class='ocr_par' dir='ltr' id='par_1_67' title="bbox 2300 900 3600 974">
     <span class='ocr_line' id='line_1_67' title="bbox 2300 900 3600 974; baseline 0.008 -20"><span class='ocrx_word' id='word_1_413' title='bbox 2300 900 2499 970; x_wconf 80' lang='lat' dir='ltr'><strong>Sicque</strong></span> <span class='ocrx_word' id='word_1_414' title='bbox 2521 910 2795 971; x_wconf 86' lang='lat' dir='ltr'><strong>protracta</strong></span> <span class='ocrx_word' id='word_1_415' title='bbox 2832 902 2919 955; x_wconf 85' lang='lat' dir='ltr'><strong>ditt</strong></span> <span class='ocrx_word' id='word_1_416' title='bbox 2947 902 3047 957; x_wconf 92' lang='lat' dir='ltr'><strong>fuit</strong></span> <span class='ocrx_word' id='word_1_417' title='bbox 3075 903 3360 961; x_wconf 90' lang='lat' dir='ltr'><strong>alternatio</strong></span> <span class='ocrx_word' id='word_1_418' title='bbox 3384 922 3600 974; x_wconf 66' lang='lat' dir='ltr'><strong>praesens.</strong></span> 
     </span>
    </p>
   </div>
   <div class='ocr_carea' id='block_1_68' title="bbox 2369 992 3643 1066">
    <p class='ocr_par' dir='ltr' id='par_1_68' title="bbox 2369 992 3643 1066">
     <span class='ocr_line' id='line_1_68' title="bbox 2369 992 3643 1066; baseline 0.008 -21"><span class='ocrx_word' id='word_1_419' title='bbox 2369 992 2503 1046; x_wconf 89' lang='lat' dir='ltr'><strong>Tum</strong></span> <span class='ocrx_word' id='word_1_420' title='bbox 2538 994 2689 1063; x_wconf 79' lang='lat' dir='ltr'><strong>regat</strong></span> <span class='ocrx_word' id='word_1_421' title='bbox 2716 994 2942 1049; x_wconf 87' lang='lat' dir='ltr'><strong>antistes</strong></span> <span class='ocrx_word' id='word_1_422' title='bbox 2970 1009 3183 1066; x_wconf 89' lang='lat' dir='ltr'><strong>semper</strong></span> <span class='ocrx_word' id='word_1_423' title='bbox 3211 998 3400 1052; x_wconf 85' lang='lat' dir='ltr'><strong>adesse</strong></span> <span class='ocrx_word' id='word_1_424' title='bbox 3425 998 3605 1055; x_wconf 86' lang='lat' dir='ltr'><strong>Patrem</strong></span> <span class='ocrx_word' id='word_1_425' title='bbox 3631 1021 3643 1055; x_wconf 89' lang='lat'><strong>:</strong></span> 
     </span>
    </p>
   </div>
   <div class='ocr_carea' id='block_1_69' title="bbox 2296 1085 3651 1160">
    <p class='ocr_par' dir='ltr' id='par_1_69' title="bbox 2296 1085 3651 1160">
     <span class='ocr_line' id='line_1_69' title="bbox 2296 1085 3651 1160; baseline 0.008 -21"><span class='ocrx_word' id='word_1_426' title='bbox 2296 1085 2624 1154; x_wconf 85' lang='lat' dir='ltr'><strong>Obsequitur</strong></span> <span class='ocrx_word' id='word_1_427' title='bbox 2648 1087 2920 1155; x_wconf 88' lang='lat' dir='ltr'><strong>precibus,</strong></span> <span class='ocrx_word' id='word_1_428' title='bbox 2950 1104 3049 1143; x_wconf 92' lang='lat' dir='ltr'><strong>nec</strong></span> <span class='ocrx_word' id='word_1_429' title='bbox 3077 1090 3125 1143; x_wconf 87' lang='lat' dir='ltr'><strong>ei</strong></span> <span class='ocrx_word' id='word_1_430' title='bbox 3159 1104 3219 1145; x_wconf 91' lang='lat' dir='ltr'><strong>se</strong></span> <span class='ocrx_word' id='word_1_431' title='bbox 3245 1090 3500 1146; x_wconf 85' lang='lat' dir='ltr'><strong>subtrahit</strong></span> <span class='ocrx_word' id='word_1_432' title='bbox 3526 1094 3651 1160; x_wconf 76' lang='lat' dir='ltr'><strong>ultra,</strong></span> 
     </span>
    </p>
   </div>
   <div class='ocr_carea' id='block_1_70' title="bbox 2366 1177 3509 1254">
    <p class='ocr_par' dir='ltr' id='par_1_70' title="bbox 2366 1177 3509 1254">
     <span class='ocr_line' id='line_1_70' title="bbox 2366 1177 3509 1254; baseline 0.007 -24"><span class='ocrx_word' id='word_1_433' title='bbox 2366 1177 2546 1233; x_wconf 84' lang='lat' dir='ltr'><strong>[‘ouec</strong></span> <span class='ocrx_word' id='word_1_434' title='bbox 2565 1177 2745 1234; x_wconf 88' lang='lat' dir='ltr'><strong>obisse</strong></span> <span class='ocrx_word' id='word_1_435' title='bbox 2770 1179 2938 1244; x_wconf 73' lang='lat' dir='ltr'><strong>videt,</strong></span> <span class='ocrx_word' id='word_1_436' title='bbox 2964 1181 3134 1235; x_wconf 91' lang='lat' dir='ltr'><strong>donec</strong></span> <span class='ocrx_word' id='word_1_437' title='bbox 3164 1197 3287 1237; x_wconf 91' lang='lat' dir='ltr'><strong>eum</strong></span> <span class='ocrx_word' id='word_1_438' title='bbox 3314 1185 3509 1254; x_wconf 77' lang='lat' dir='ltr'><strong>sepelit.</strong></span> 
     </span>
    </p>
   </div>
   <div class='ocr_carea' id='block_1_71' title="bbox 2296 1266 3657 1346">
    <p class='ocr_par' dir='ltr' id='par_1_71' title="bbox 2296 1266 3657 1346">
     <span class='ocr_line' id='line_1_71' title="bbox 2296 1266 3657 1346; baseline 0.009 -26"><span class='ocrx_word' id='word_1_439' title='bbox 2296 1266 2404 1322; x_wconf 83' lang='lat' dir='ltr'><strong>Nec</strong></span> <span class='ocrx_word' id='word_1_440' title='bbox 2432 1268 2645 1323; x_wconf 90' lang='lat' dir='ltr'><strong>mireris</strong></span> <span class='ocrx_word' id='word_1_441' title='bbox 2672 1284 2793 1322; x_wconf 90' lang='lat' dir='ltr'><strong>eum</strong></span> <span class='ocrx_word' id='word_1_442' title='bbox 2829 1280 3063 1325; x_wconf 85' lang='lat' dir='ltr'><strong>veterem</strong></span> <span class='ocrx_word' id='word_1_443' title='bbox 3094 1273 3364 1343; x_wconf 87' lang='lat' dir='ltr'><strong>pepulisse</strong></span> <span class='ocrx_word' id='word_1_444' title='bbox 3398 1287 3657 1346; x_wconf 82' lang='lat' dir='ltr'><strong>tyrannum,</strong></span> 
     </span>
    </p>
   </div>
   <div class='ocr_carea' id='block_1_72' title="bbox 2370 1357 3551 1436">
    <p class='ocr_par' dir='ltr' id='par_1_72' title="bbox 2370 1357 3551 1436">
     <span class='ocr_line' id='line_1_72' title="bbox 2370 1357 3551 1436; baseline 0.008 -23"><span class='ocrx_word' id='word_1_445' title='bbox 2370 1357 2535 1428; x_wconf 85' lang='lat' dir='ltr'><strong>Cujus</strong></span> <span class='ocrx_word' id='word_1_446' title='bbox 2565 1358 2875 1415; x_wconf 69' lang='lat' dir='ltr'><strong>atlltterebat</strong></span> <span class='ocrx_word' id='word_1_447' title='bbox 2902 1378 3053 1417; x_wconf 91' lang='lat' dir='ltr'><strong>mens</strong></span> <span class='ocrx_word' id='word_1_448' title='bbox 3078 1366 3397 1436; x_wconf 83' lang='lat' dir='ltr'><strong>animusque</strong></span> <span class='ocrx_word' id='word_1_449' title='bbox 3428 1368 3551 1436; x_wconf 87' lang='lat' dir='ltr'><strong>Deo;</strong></span> 
     </span>
    </p>
   </div>
   <div class='ocr_carea' id='block_1_73' title="bbox 2296 1449 3597 1526">
    <p class='ocr_par' dir='ltr' id='par_1_73' title="bbox 2296 1449 3597 1526">
     <span class='ocr_line' id='line_1_73' title="bbox 2296 1449 3597 1526; baseline 0.008 -21"><span class='ocrx_word' id='word_1_450' title='bbox 2296 1449 2362 1505; x_wconf 86' lang='lat' dir='ltr'><strong>Et</strong></span> <span class='ocrx_word' id='word_1_451' title='bbox 2390 1451 2477 1505; x_wconf 88' lang='lat' dir='ltr'><strong>cui</strong></span> <span class='ocrx_word' id='word_1_452' title='bbox 2519 1451 2658 1507; x_wconf 77' lang='lat' dir='ltr'><strong>fixus</strong></span> <span class='ocrx_word' id='word_1_453' title='bbox 2684 1462 2823 1519; x_wconf 89' lang='lat' dir='ltr'><strong>erat,</strong></span> <span class='ocrx_word' id='word_1_454' title='bbox 2848 1452 2935 1508; x_wconf 89' lang='lat' dir='ltr'><strong>cui</strong></span> <span class='ocrx_word' id='word_1_455' title='bbox 2978 1464 3136 1509; x_wconf 90' lang='lat' dir='ltr'><strong>nocte</strong></span> <span class='ocrx_word' id='word_1_456' title='bbox 3160 1457 3353 1526; x_wconf 87' lang='lat' dir='ltr'><strong>dieque</strong></span> <span class='ocrx_word' id='word_1_457' title='bbox 3381 1461 3597 1525; x_wconf 79' lang='lat' dir='ltr'><strong>vacabat,</strong></span> 
     </span>
    </p>
   </div>
   <div class='ocr_carea' id='block_1_74' title="bbox 2284 1540 3638 1616">
    <p class='ocr_par' dir='ltr' id='par_1_74' title="bbox 2284 1540 3638 1616">
     <span class='ocr_line' id='line_1_74' title="bbox 2284 1540 3638 1616; baseline 0.009 -20"><span class='ocrx_word' id='word_1_458' title='bbox 2284 1540 2287 1543; x_wconf 80' lang='grc'><em>’</em></span> <span class='ocrx_word' id='word_1_459' title='bbox 2371 1541 2523 1598; x_wconf 83' lang='lat' dir='ltr'><strong>Hune</strong></span> <span class='ocrx_word' id='word_1_460' title='bbox 2554 1545 2621 1597; x_wconf 90' lang='lat' dir='ltr'><strong>ah</strong></span> <span class='ocrx_word' id='word_1_461' title='bbox 2654 1560 2719 1599; x_wconf 87' lang='lat' dir='ltr'><strong>eo</strong></span> <span class='ocrx_word' id='word_1_462' title='bbox 2751 1545 2946 1611; x_wconf 88' lang='lat' dir='ltr'><strong>visum,</strong></span> <span class='ocrx_word' id='word_1_463' title='bbox 2984 1547 3109 1601; x_wconf 92' lang='lat' dir='ltr'><strong>dum</strong></span> <span class='ocrx_word' id='word_1_464' title='bbox 3152 1549 3302 1605; x_wconf 86' lang='lat' dir='ltr'><strong>locus</strong></span> <span class='ocrx_word' id='word_1_465' title='bbox 3327 1560 3431 1616; x_wconf 86' lang='lat' dir='ltr'><strong>est,</strong></span> <span class='ocrx_word' id='word_1_466' title='bbox 3452 1552 3638 1608; x_wconf 84' lang='lat' dir='ltr'><strong>referam</strong></span> 
     </span>
    </p>
   </div>
   <div class='ocr_carea' id='block_1_75' title="bbox 2297 1632 3626 1716">
    <p class='ocr_par' dir='ltr' id='par_1_75' title="bbox 2297 1632 3626 1716">
     <span class='ocr_line' id='line_1_75' title="bbox 2297 1632 3626 1716; baseline 0.01 -31"><span class='ocrx_word' id='word_1_467' title='bbox 2297 1632 2566 1689; x_wconf 88' lang='lat' dir='ltr'><strong>Psallebat</strong></span> <span class='ocrx_word' id='word_1_468' title='bbox 2603 1637 2828 1691; x_wconf 86' lang='lat' dir='ltr'><strong>Domino</strong></span> <span class='ocrx_word' id='word_1_469' title='bbox 2853 1638 3020 1695; x_wconf 89' lang='lat' dir='ltr'><strong>frater</strong></span> <span class='ocrx_word' id='word_1_470' title='bbox 3050 1634 3274 1709; x_wconf 78' lang='lat' dir='ltr'><strong>cherus,</strong></span> <span class='ocrx_word' id='word_1_471' title='bbox 3302 1642 3519 1698; x_wconf 88' lang='lat' dir='ltr'><strong>etPater</strong></span> <span class='ocrx_word' id='word_1_472' title='bbox 3539 1646 3626 1716; x_wconf 75' lang='lat' dir='ltr'><strong>ipse</strong></span> 
     </span>
    </p>
   </div>
   <div class='ocr_carea' id='block_1_76' title="bbox 2366 1725 3542 1801">
    <p class='ocr_par' dir='ltr' id='par_1_76' title="bbox 2366 1725 3542 1801">
     <span class='ocr_line' id='line_1_76' title="bbox 2366 1725 3542 1801; baseline 0.011 -21"><span class='ocrx_word' id='word_1_473' title='bbox 2366 1725 2595 1797; x_wconf 84' lang='lat' dir='ltr'><strong>Aspexit</strong></span> <span class='ocrx_word' id='word_1_474' title='bbox 2618 1728 2892 1785; x_wconf 88' lang='lat' dir='ltr'><strong>Christum</strong></span> <span class='ocrx_word' id='word_1_475' title='bbox 2922 1733 3153 1801; x_wconf 86' lang='lat' dir='ltr'><strong>psallere</strong></span> <span class='ocrx_word' id='word_1_476' title='bbox 3176 1750 3301 1790; x_wconf 90' lang='lat' dir='ltr'><strong>cum</strong></span> <span class='ocrx_word' id='word_1_477' title='bbox 3328 1738 3542 1793; x_wconf 72' lang='lat' dir='ltr'><strong>cithara.</strong></span> 
     </span>
    </p>
   </div>
   <div class='ocr_carea' id='block_1_77' title="bbox 2224 1808 3483 1893">
    <p class='ocr_par' dir='ltr' id='par_1_77' title="bbox 2224 1808 3483 1893">
     <span class='ocr_line' id='line_1_77' title="bbox 2224 1808 3483 1893; baseline 0.012 -27"><span class='ocrx_word' id='word_1_478' title='bbox 2224 1808 2270 1866; x_wconf 79' lang='grc' dir='ltr'><strong>Β</strong></span> <span class='ocrx_word' id='word_1_479' title='bbox 2299 1813 2724 1886; x_wconf 85' lang='lat' dir='ltr'><strong>Quisingillatitu</strong></span> <span class='ocrx_word' id='word_1_480' title='bbox 2742 1819 2791 1873; x_wconf 87' lang='lat' dir='ltr'><strong>vi</strong></span> <span class='ocrx_word' id='word_1_481' title='bbox 2824 1836 2886 1874; x_wconf 91' lang='lat' dir='ltr'><strong>us</strong></span> <span class='ocrx_word' id='word_1_482' title='bbox 2913 1832 3135 1876; x_wconf 88' lang='lat' dir='ltr'><strong>cantare</strong></span> <span class='ocrx_word' id='word_1_483' title='bbox 3162 1840 3260 1893; x_wconf 88' lang='lat' dir='ltr'><strong>per</strong></span> <span class='ocrx_word' id='word_1_484' title='bbox 3284 1841 3483 1890; x_wconf 88' lang='lat' dir='ltr'><strong>omnes,</strong></span> 
     </span>
    </p>
   </div>
   <div class='ocr_carea' id='block_1_78' title="bbox 2370 1908 3608 1989">
    <p class='ocr_par' dir='ltr' id='par_1_78' title="bbox 2370 1908 3608 1989">
     <span class='ocr_line' id='line_1_78' title="bbox 2370 1908 3608 1989; baseline 0.008 -26"><span class='ocrx_word' id='word_1_485' title='bbox 2370 1908 2560 1979; x_wconf 84' lang='lat' dir='ltr'><strong>Implet</strong></span> <span class='ocrx_word' id='word_1_486' title='bbox 2586 1910 2751 1967; x_wconf 86' lang='lat' dir='ltr'><strong>odore</strong></span> <span class='ocrx_word' id='word_1_487' title='bbox 2781 1914 2983 1981; x_wconf 82' lang='lat' dir='ltr'><strong>locum,</strong></span> <span class='ocrx_word' id='word_1_488' title='bbox 3017 1915 3263 1971; x_wconf 87' lang='lat' dir='ltr'><strong>balsama</strong></span> <span class='ocrx_word' id='word_1_489' title='bbox 3288 1919 3378 1987; x_wconf 88' lang='lat' dir='ltr'><strong>qui</strong></span> <span class='ocrx_word' id='word_1_490' title='bbox 3403 1930 3608 1989; x_wconf 83' lang='lat' dir='ltr'><strong>supcrat.</strong></span> 
     </span>
    </p>
   </div>
   <div class='ocr_carea' id='block_1_79' title="bbox 2299 1997 3653 2078">
    <p class='ocr_par' dir='ltr' id='par_1_79' title="bbox 2299 1997 3653 2078">
     <span class='ocr_line' id='line_1_79' title="bbox 2299 1997 3653 2078; baseline 0.007 -25"><span class='ocrx_word' id='word_1_491' title='bbox 2299 1997 2409 2075; x_wconf 74' lang='lat' dir='ltr'><strong>Nec</strong></span> <span class='ocrx_word' id='word_1_492' title='bbox 2439 2009 2490 2055; x_wconf 91' lang='lat' dir='ltr'><strong>te</strong></span> <span class='ocrx_word' id='word_1_493' title='bbox 2514 2013 2856 2069; x_wconf 74' lang='lat' dir='ltr'><strong>przeteream,</strong></span> <span class='ocrx_word' id='word_1_494' title='bbox 2884 2003 3115 2073; x_wconf 86' lang='lat' dir='ltr'><strong>languor</strong></span> <span class='ocrx_word' id='word_1_495' title='bbox 3139 2004 3398 2061; x_wconf 86' lang='lat' dir='ltr'><strong>simulate</strong></span> <span class='ocrx_word' id='word_1_496' title='bbox 3423 2023 3509 2078; x_wconf 82' lang='lat' dir='ltr'><strong>per</strong></span> <span class='ocrx_word' id='word_1_497' title='bbox 3530 2008 3653 2071; x_wconf 87' lang='lat' dir='ltr'><strong>iram,</strong></span> 
     </span>
    </p>
   </div>
   <div class='ocr_carea' id='block_1_80' title="bbox 2369 2090 3549 2158">
    <p class='ocr_par' dir='ltr' id='par_1_80' title="bbox 2369 2090 3549 2158">
     <span class='ocr_line' id='line_1_80' title="bbox 2369 2090 3549 2158; baseline 0.01 -16"><span class='ocrx_word' id='word_1_498' title='bbox 2369 2090 2540 2158; x_wconf 83' lang='lat' dir='ltr'><strong>Quem</strong></span> <span class='ocrx_word' id='word_1_499' title='bbox 2570 2093 2788 2147; x_wconf 84' lang='lat' dir='ltr'><strong>simulat</strong></span> <span class='ocrx_word' id='word_1_500' title='bbox 2816 2094 3015 2149; x_wconf 85' lang='lat' dir='ltr'><strong>frustra</strong></span> <span class='ocrx_word' id='word_1_501' title='bbox 3054 2096 3283 2153; x_wconf 80' lang='lat' dir='ltr'><strong>Pontius</strong></span> <span class='ocrx_word' id='word_1_502' title='bbox 3305 2099 3391 2154; x_wconf 92' lang='lat' dir='ltr'><strong>ille</strong></span> <span class='ocrx_word' id='word_1_503' title='bbox 3423 2117 3549 2155; x_wconf 82' lang='lat' dir='ltr'><strong>reus.</strong></span> 
     </span>
    </p>
   </div>
   <div class='ocr_carea' id='block_1_81' title="bbox 2299 2181 3602 2260">
    <p class='ocr_par' dir='ltr' id='par_1_81' title="bbox 2299 2181 3602 2260">
     <span class='ocr_line' id='line_1_81' title="bbox 2299 2181 3602 2260; baseline 0.008 -23"><span class='ocrx_word' id='word_1_504' title='bbox 2299 2181 2399 2237; x_wconf 86' lang='lat' dir='ltr'><strong>llic</strong></span> <span class='ocrx_word' id='word_1_505' title='bbox 2424 2184 2717 2253; x_wconf 87' lang='lat' dir='ltr'><strong>aliquando</strong></span> <span class='ocrx_word' id='word_1_506' title='bbox 2737 2185 2918 2242; x_wconf 88' lang='lat' dir='ltr'><strong>Patris</strong></span> <span class='ocrx_word' id='word_1_507' title='bbox 2943 2204 3010 2243; x_wconf 92' lang='lat' dir='ltr'><strong>ue</strong></span> <span class='ocrx_word' id='word_1_508' title='bbox 3038 2188 3313 2259; x_wconf 85' lang='lat' dir='ltr'><strong>colloquio</strong></span> <span class='ocrx_word' id='word_1_509' title='bbox 3344 2192 3602 2260; x_wconf 88' lang='lat' dir='ltr'><strong>frueretur,</strong></span> 
     </span>
    </p>
   </div>
   <div class='ocr_carea' id='block_1_82' title="bbox 2370 2276 3649 2351">
    <p class='ocr_par' dir='ltr' id='par_1_82' title="bbox 2370 2276 3649 2351">
     <span class='ocr_line' id='line_1_82' title="bbox 2370 2276 3649 2351; baseline 0.005 -19"><span class='ocrx_word' id='word_1_510' title='bbox 2370 2276 2623 2348; x_wconf 85' lang='lat' dir='ltr'><strong>Confugit</strong></span> <span class='ocrx_word' id='word_1_511' title='bbox 2652 2279 2718 2333; x_wconf 88' lang='lat' dir='ltr'><strong>ad</strong></span> <span class='ocrx_word' id='word_1_512' title='bbox 2759 2280 2981 2347; x_wconf 91' lang='lat' dir='ltr'><strong>lectum,</strong></span> <span class='ocrx_word' id='word_1_513' title='bbox 3005 2282 3190 2351; x_wconf 89' lang='lat' dir='ltr'><strong>sicque</strong></span> <span class='ocrx_word' id='word_1_514' title='bbox 3218 2284 3417 2338; x_wconf 89' lang='lat' dir='ltr'><strong>malum</strong></span> <span class='ocrx_word' id='word_1_515' title='bbox 3444 2286 3649 2340; x_wconf 86' lang='lat' dir='ltr'><strong>simulat:</strong></span> 
     </span>
    </p>
   </div>
   <div class='ocr_carea' id='block_1_83' title="bbox 2317 2366 3722 2449">
    <p class='ocr_par' dir='ltr' id='par_1_83' title="bbox 2317 2366 3722 2449">
     <span class='ocr_line' id='line_1_83' title="bbox 2317 2366 3722 2449; baseline 0.008 -28"><span class='ocrx_word' id='word_1_516' title='bbox 2317 2366 2431 2422; x_wconf 78' lang='lat' dir='ltr'><strong>Non</strong></span> <span class='ocrx_word' id='word_1_517' title='bbox 2465 2370 2680 2439; x_wconf 88' lang='lat' dir='ltr'><strong>impune</strong></span> <span class='ocrx_word' id='word_1_518' title='bbox 2716 2378 2927 2437; x_wconf 86' lang='lat' dir='ltr'><strong>tamen;</strong></span> <span class='ocrx_word' id='word_1_519' title='bbox 2966 2388 3087 2427; x_wconf 91' lang='lat' dir='ltr'><strong>nam</strong></span> <span class='ocrx_word' id='word_1_520' title='bbox 3120 2390 3249 2430; x_wconf 73' lang='lat' dir='ltr'><strong>mox</strong></span> <span class='ocrx_word' id='word_1_521' title='bbox 3278 2376 3349 2430; x_wconf 87' lang='lat' dir='ltr'><strong>ita</strong></span> <span class='ocrx_word' id='word_1_522' title='bbox 3388 2379 3595 2433; x_wconf 88' lang='lat' dir='ltr'><strong>redditur</strong></span> <span class='ocrx_word' id='word_1_523' title='bbox 3614 2393 3722 2449; x_wconf 68' lang='lat' dir='ltr'><strong>aget,</strong></span> 
     </span>
    </p>
   </div>
   <div class='ocr_carea' id='block_1_84' title="bbox 2376 2458 3432 2533">
    <p class='ocr_par' dir='ltr' id='par_1_84' title="bbox 2376 2458 3432 2533">
     <span class='ocr_line' id='line_1_84' title="bbox 2376 2458 3432 2533; baseline 0.008 -20"><span class='ocrx_word' id='word_1_524' title='bbox 2376 2458 2441 2514; x_wconf 89' lang='lat' dir='ltr'><strong>Ut</strong></span> <span class='ocrx_word' id='word_1_525' title='bbox 2467 2459 2578 2530; x_wconf 88' lang='lat' dir='ltr'><strong>jam</strong></span> <span class='ocrx_word' id='word_1_526' title='bbox 2607 2458 2864 2516; x_wconf 81' lang='lat' dir='ltr'><strong>deficeret</strong></span> <span class='ocrx_word' id='word_1_527' title='bbox 2889 2478 3025 2532; x_wconf 85' lang='lat' dir='ltr'><strong>pene</strong></span> <span class='ocrx_word' id='word_1_528' title='bbox 3050 2463 3265 2533; x_wconf 86' lang='lat' dir='ltr'><strong>loquela</strong></span> <span class='ocrx_word' id='word_1_529' title='bbox 3289 2467 3390 2521; x_wconf 91' lang='lat' dir='ltr'><strong>sibi</strong></span> <span class='ocrx_word' id='word_1_530' title='bbox 3419 2486 3432 2520; x_wconf 93' lang='lat'><strong>:</strong></span> 
     </span>
    </p>
   </div>
   <div class='ocr_carea' id='block_1_85' title="bbox 2276 2548 3572 2629">
    <p class='ocr_par' dir='ltr' id='par_1_85' title="bbox 2276 2548 3572 2629">
     <span class='ocr_line' id='line_1_85' title="bbox 2276 2548 3572 2629; baseline 0.008 -28"><span class='ocrx_word' id='word_1_531' title='bbox 2276 2548 2373 2629; x_wconf 75' lang='lat' dir='ltr'><strong>Et</strong></span> <span class='ocrx_word' id='word_1_532' title='bbox 2404 2551 2503 2603; x_wconf 90' lang='lat' dir='ltr'><strong>nisi</strong></span> <span class='ocrx_word' id='word_1_533' title='bbox 2525 2551 2605 2603; x_wconf 88' lang='lat' dir='ltr'><strong>vir</strong></span> <span class='ocrx_word' id='word_1_534' title='bbox 2641 2563 2867 2608; x_wconf 89' lang='lat' dir='ltr'><strong>sanctus</strong></span> <span class='ocrx_word' id='word_1_535' title='bbox 2886 2551 3148 2610; x_wconf 89' lang='lat' dir='ltr'><strong>festinans</strong></span> <span class='ocrx_word' id='word_1_536' title='bbox 3185 2556 3393 2613; x_wconf 87' lang='lat' dir='ltr'><strong>viseret</strong></span> <span class='ocrx_word' id='word_1_537' title='bbox 3425 2559 3572 2625; x_wconf 89' lang='lat' dir='ltr'><strong>illum,</strong></span> 
     </span>
    </p>
   </div>
   <div class='ocr_carea' id='block_1_86' title="bbox 2371 2639 3406 2717">
    <p class='ocr_par' dir='ltr' id='par_1_86' title="bbox 2371 2639 3406 2717">
     <span class='ocr_line' id='line_1_86' title="bbox 2371 2639 3406 2717; baseline 0.01 -22"><span class='ocrx_word' id='word_1_538' title='bbox 2371 2639 2507 2712; x_wconf 86' lang='lat' dir='ltr'><strong>Spes</strong></span> <span class='ocrx_word' id='word_1_539' title='bbox 2529 2643 2691 2697; x_wconf 89' lang='lat' dir='ltr'><strong>etiam</strong></span> <span class='ocrx_word' id='word_1_540' title='bbox 2721 2643 2840 2698; x_wconf 73' lang='lat' dir='ltr'><strong>vita:</strong></span> <span class='ocrx_word' id='word_1_541' title='bbox 2861 2645 3009 2700; x_wconf 87' lang='lat' dir='ltr'><strong>nulla</strong></span> <span class='ocrx_word' id='word_1_542' title='bbox 3039 2648 3406 2717; x_wconf 87' lang='lat' dir='ltr'><strong>superfuerat.</strong></span> 
     </span>
    </p>
   </div>
   <div class='ocr_carea' id='block_1_87' title="bbox 2300 2728 3617 2805">
    <p class='ocr_par' dir='ltr' id='par_1_87' title="bbox 2300 2728 3617 2805">
     <span class='ocr_line' id='line_1_87' title="bbox 2300 2728 3617 2805; baseline 0.008 -18"><span class='ocrx_word' id='word_1_543' title='bbox 2300 2728 2370 2787; x_wconf 83' lang='lat' dir='ltr'><strong>Ut</strong></span> <span class='ocrx_word' id='word_1_544' title='bbox 2400 2740 2581 2786; x_wconf 89' lang='lat' dir='ltr'><strong>tamen</strong></span> <span class='ocrx_word' id='word_1_545' title='bbox 2606 2746 2636 2786; x_wconf 90' lang='lat' dir='ltr'><strong>a</strong></span> <span class='ocrx_word' id='word_1_546' title='bbox 2667 2732 2840 2804; x_wconf 90' lang='lat' dir='ltr'><strong>culpis</strong></span> <span class='ocrx_word' id='word_1_547' title='bbox 2872 2728 3172 2791; x_wconf 87' lang='lat' dir='ltr'><strong>absolvitur</strong></span> <span class='ocrx_word' id='word_1_548' title='bbox 3195 2754 3227 2792; x_wconf 91' lang='lat' dir='ltr'><strong>a</strong></span> <span class='ocrx_word' id='word_1_549' title='bbox 3261 2738 3421 2795; x_wconf 89' lang='lat' dir='ltr'><strong>Patre</strong></span> <span class='ocrx_word' id='word_1_550' title='bbox 3443 2752 3617 2805; x_wconf 81' lang='lat' dir='ltr'><strong>sancto,</strong></span> 
     </span>
    </p>
   </div>
   <div class='ocr_carea' id='block_1_88' title="bbox 2369 2822 3509 2901">
    <p class='ocr_par' dir='ltr' id='par_1_88' title="bbox 2369 2822 3509 2901">
     <span class='ocr_line' id='line_1_88' title="bbox 2369 2822 3509 2901; baseline 0.01 -24"><span class='ocrx_word' id='word_1_551' title='bbox 2369 2822 2491 2879; x_wconf 73' lang='lat' dir='ltr'><strong>Mox</strong></span> <span class='ocrx_word' id='word_1_552' title='bbox 2520 2823 2745 2880; x_wconf 91' lang='lat' dir='ltr'><strong>redeunt</strong></span> <span class='ocrx_word' id='word_1_553' title='bbox 2775 2827 2940 2893; x_wconf 89' lang='lat' dir='ltr'><strong>vires,</strong></span> <span class='ocrx_word' id='word_1_554' title='bbox 2971 2828 3085 2899; x_wconf 91' lang='lat' dir='ltr'><strong>ipsa</strong></span> <span class='ocrx_word' id='word_1_555' title='bbox 3116 2829 3334 2901; x_wconf 91' lang='lat' dir='ltr'><strong>loquela</strong></span> <span class='ocrx_word' id='word_1_556' title='bbox 3366 2836 3509 2889; x_wconf 87' lang='lat' dir='ltr'><strong>redit.</strong></span> 
     </span>
    </p>
   </div>
   <div class='ocr_carea' id='block_1_89' title="bbox 2302 2908 3674 2991">
    <p class='ocr_par' dir='ltr' id='par_1_89' title="bbox 2302 2908 3674 2991">
     <span class='ocr_line' id='line_1_89' title="bbox 2302 2908 3674 2991; baseline 0.006 -22"><span class='ocrx_word' id='word_1_557' title='bbox 2302 2914 2377 2970; x_wconf 87' lang='lat' dir='ltr'><strong>Te</strong></span> <span class='ocrx_word' id='word_1_558' title='bbox 2400 2932 2636 2987; x_wconf 84' lang='lat' dir='ltr'><strong>quoque,</strong></span> <span class='ocrx_word' id='word_1_559' title='bbox 2657 2908 2747 2988; x_wconf 78' lang='lat' dir='ltr'><strong>qui</strong></span> <span class='ocrx_word' id='word_1_560' title='bbox 2778 2920 2977 2975; x_wconf 83' lang='lat' dir='ltr'><strong>solidos</strong></span> <span class='ocrx_word' id='word_1_561' title='bbox 3014 2921 3255 2991; x_wconf 82' lang='lat' dir='ltr'><strong>injussus</strong></span> <span class='ocrx_word' id='word_1_562' title='bbox 3285 2926 3479 2981; x_wconf 81' lang='lat' dir='ltr'><strong>habere</strong></span> <span class='ocrx_word' id='word_1_563' title='bbox 3507 2927 3674 2989; x_wconf 76' lang='lat' dir='ltr'><strong>dedisti,</strong></span> 
     </span>
    </p>
   </div>
   <div class='ocr_carea' id='block_1_90' title="bbox 2370 3006 3551 3081">
    <p class='ocr_par' dir='ltr' id='par_1_90' title="bbox 2370 3006 3551 3081">
     <span class='ocr_line' id='line_1_90' title="bbox 2370 3006 3551 3081; baseline 0.009 -19"><span class='ocrx_word' id='word_1_564' title='bbox 2370 3006 2446 3063; x_wconf 89' lang='lat' dir='ltr'><strong>Te</strong></span> <span class='ocrx_word' id='word_1_565' title='bbox 2468 3009 2646 3065; x_wconf 76' lang='lat' dir='ltr'><strong>I‘atris</strong></span> <span class='ocrx_word' id='word_1_566' title='bbox 2671 3021 2952 3081; x_wconf 82' lang='lat' dir='ltr'><strong>expertum</strong></span> <span class='ocrx_word' id='word_1_567' title='bbox 2980 3015 3234 3071; x_wconf 84' lang='lat' dir='ltr'><strong>novimus</strong></span> <span class='ocrx_word' id='word_1_568' title='bbox 3265 3019 3509 3073; x_wconf 79' lang='lat' dir='ltr'><strong>auxilium</strong></span> <span class='ocrx_word' id='word_1_569' title='bbox 3540 3037 3551 3072; x_wconf 88' lang='lat'><strong>:</strong></span> 
     </span>
    </p>
   </div>
   <div class='ocr_carea' id='block_1_91' title="bbox 2300 3096 3709 3177">
    <p class='ocr_par' dir='ltr' id='par_1_91' title="bbox 2300 3096 3709 3177">
     <span class='ocr_line' id='line_1_91' title="bbox 2300 3096 3709 3177; baseline 0.007 -26"><span class='ocrx_word' id='word_1_570' title='bbox 2300 3096 2435 3152; x_wconf 83' lang='lat' dir='ltr'><strong>Nam</strong></span> <span class='ocrx_word' id='word_1_571' title='bbox 2468 3098 2754 3155; x_wconf 88' lang='lat' dir='ltr'><strong>defunctus</strong></span> <span class='ocrx_word' id='word_1_572' title='bbox 2783 3117 2927 3171; x_wconf 85' lang='lat' dir='ltr'><strong>eras,</strong></span> <span class='ocrx_word' id='word_1_573' title='bbox 2952 3104 3047 3158; x_wconf 88' lang='lat' dir='ltr'><strong>sed</strong></span> <span class='ocrx_word' id='word_1_574' title='bbox 3075 3107 3318 3162; x_wconf 68' lang='lat' dir='ltr'><strong>nondum</strong></span> <span class='ocrx_word' id='word_1_575' title='bbox 3347 3121 3497 3163; x_wconf 83' lang='lat' dir='ltr'><strong>carne</strong></span> <span class='ocrx_word' id='word_1_576' title='bbox 3516 3107 3709 3177; x_wconf 68' lang='lat' dir='ltr'><strong>sepultus,</strong></span> 
     </span>
    </p>
   </div>
   <div class='ocr_carea' id='block_1_92' title="bbox 2377 3190 3469 3253">
    <p class='ocr_par' dir='ltr' id='par_1_92' title="bbox 2377 3190 3469 3253">
     <span class='ocr_line' id='line_1_92' title="bbox 2377 3190 3469 3253; baseline 0.007 -9"><span class='ocrx_word' id='word_1_577' title='bbox 2377 3190 2522 3246; x_wconf 82' lang='lat' dir='ltr'><strong>Visio</strong></span> <span class='ocrx_word' id='word_1_578' title='bbox 2542 3207 2663 3246; x_wconf 93' lang='lat' dir='ltr'><strong>cum</strong></span> <span class='ocrx_word' id='word_1_579' title='bbox 2696 3192 2894 3248; x_wconf 86' lang='lat' dir='ltr'><strong>fratres</strong></span> <span class='ocrx_word' id='word_1_580' title='bbox 2919 3210 3025 3248; x_wconf 88' lang='lat' dir='ltr'><strong>una</strong></span> <span class='ocrx_word' id='word_1_581' title='bbox 3061 3196 3200 3252; x_wconf 86' lang='lat' dir='ltr'><strong>duos</strong></span> <span class='ocrx_word' id='word_1_582' title='bbox 3223 3200 3429 3253; x_wconf 84' lang='lat' dir='ltr'><strong>monuit</strong></span> <span class='ocrx_word' id='word_1_583' title='bbox 3457 3216 3469 3252; x_wconf 92' lang='lat'>:</span> 
     </span>
    </p>
   </div>
   <div class='ocr_carea' id='block_1_93' title="bbox 2301 3278 3565 3358">
    <p class='ocr_par' dir='ltr' id='par_1_93' title="bbox 2301 3278 3565 3358">
     <span class='ocr_line' id='line_1_93' title="bbox 2301 3278 3565 3358; baseline 0.007 -25"><span class='ocrx_word' id='word_1_584' title='bbox 2301 3278 2377 3333; x_wconf 90' lang='lat' dir='ltr'><strong>Te</strong></span> <span class='ocrx_word' id='word_1_585' title='bbox 2410 3282 2557 3349; x_wconf 82' lang='lat' dir='ltr'><strong>prius</strong></span> <span class='ocrx_word' id='word_1_586' title='bbox 2585 3280 2788 3336; x_wconf 84' lang='lat' dir='ltr'><strong>absolvi</strong></span> <span class='ocrx_word' id='word_1_587' title='bbox 2820 3284 3117 3352; x_wconf 87' lang='lat' dir='ltr'><strong>deposcere</strong></span> <span class='ocrx_word' id='word_1_588' title='bbox 3145 3301 3312 3356; x_wconf 88' lang='lat' dir='ltr'><strong>quam</strong></span> <span class='ocrx_word' id='word_1_589' title='bbox 3349 3289 3565 3358; x_wconf 85' lang='lat' dir='ltr'><strong>sepeliri,</strong></span> 
     </span>
    </p>
   </div>
   <div class='ocr_carea' id='block_1_94' title="bbox 2374 3368 3464 3441">
    <p class='ocr_par' dir='ltr' id='par_1_94' title="bbox 2374 3368 3464 3441">
     <span class='ocr_line' id='line_1_94' title="bbox 2374 3368 3464 3441; baseline 0.006 -18"><span class='ocrx_word' id='word_1_590' title='bbox 2374 3368 2469 3423; x_wconf 93' lang='lat' dir='ltr'><strong>Sin</strong></span> <span class='ocrx_word' id='word_1_591' title='bbox 2502 3369 2655 3434; x_wconf 86' lang='lat' dir='ltr'><strong>alias,</strong></span> <span class='ocrx_word' id='word_1_592' title='bbox 2687 3372 2886 3424; x_wconf 88' lang='lat' dir='ltr'><strong>donum</strong></span> <span class='ocrx_word' id='word_1_593' title='bbox 2920 3385 3077 3441; x_wconf 92' lang='lat' dir='ltr'><strong>posse</strong></span> <span class='ocrx_word' id='word_1_594' title='bbox 3108 3388 3310 3431; x_wconf 89' lang='lat' dir='ltr'><strong>nocere</strong></span> <span class='ocrx_word' id='word_1_595' title='bbox 3333 3378 3421 3431; x_wconf 88' lang='lat' dir='ltr'><strong>tibi</strong></span> <span class='ocrx_word' id='word_1_596' title='bbox 3451 3396 3464 3430; x_wconf 89' lang='lat'>:</span> 
     </span>
    </p>
   </div>
   <div class='ocr_carea' id='block_1_95' title="bbox 2306 3460 3551 3536">
    <p class='ocr_par' dir='ltr' id='par_1_95' title="bbox 2306 3460 3551 3536">
     <span class='ocr_line' id='line_1_95' title="bbox 2306 3460 3551 3536; baseline 0.005 -20"><span class='ocrx_word' id='word_1_597' title='bbox 2306 3460 2486 3531; x_wconf 89' lang='lat' dir='ltr'><strong>thue</strong></span> <span class='ocrx_word' id='word_1_598' title='bbox 2516 3461 2648 3516; x_wconf 86' lang='lat' dir='ltr'><strong>fides</strong></span> <span class='ocrx_word' id='word_1_599' title='bbox 2674 3463 2833 3517; x_wconf 90' lang='lat' dir='ltr'><strong>dictis</strong></span> <span class='ocrx_word' id='word_1_600' title='bbox 2863 3464 3112 3521; x_wconf 85' lang='lat' dir='ltr'><strong>adhiberi</strong></span> <span class='ocrx_word' id='word_1_601' title='bbox 3149 3478 3339 3536; x_wconf 87' lang='lat' dir='ltr'><strong>posset</strong></span> <span class='ocrx_word' id='word_1_602' title='bbox 3361 3470 3426 3523; x_wconf 87' lang='lat' dir='ltr'><strong>ab</strong></span> <span class='ocrx_word' id='word_1_603' title='bbox 3445 3468 3551 3531; x_wconf 80' lang='lat' dir='ltr'><strong>illis,</strong></span> 
     </span>
    </p>
   </div>
   <div class='ocr_carea' id='block_1_96' title="bbox 2376 3553 3606 3626">
    <p class='ocr_par' dir='ltr' id='par_1_96' title="bbox 2376 3553 3606 3626">
     <span class='ocr_line' id='line_1_96' title="bbox 2376 3553 3606 3626; baseline 0.005 -19"><span class='ocrx_word' id='word_1_604' title='bbox 2376 3553 2470 3607; x_wconf 74' lang='lat' dir='ltr'><strong>Vir</strong></span> <span class='ocrx_word' id='word_1_605' title='bbox 2498 3568 2715 3623; x_wconf 88' lang='lat' dir='ltr'><strong>quoque</strong></span> <span class='ocrx_word' id='word_1_606' title='bbox 2737 3555 3028 3626; x_wconf 90' lang='lat' dir='ltr'><strong>detegitur,</strong></span> <span class='ocrx_word' id='word_1_607' title='bbox 3050 3559 3138 3611; x_wconf 84' lang='lat' dir='ltr'><strong>cui</strong></span> <span class='ocrx_word' id='word_1_608' title='bbox 3168 3559 3376 3616; x_wconf 88' lang='lat' dir='ltr'><strong>solidos</strong></span> <span class='ocrx_word' id='word_1_609' title='bbox 3397 3561 3606 3615; x_wconf 76' lang='lat' dir='ltr'><strong>dederas.</strong></span> 
     </span>
    </p>
   </div>
   <div class='ocr_carea' id='block_1_97' title="bbox 2302 3644 3762 3723">
    <p class='ocr_par' dir='ltr' id='par_1_97' title="bbox 2302 3644 3762 3723">
     <span class='ocr_line' id='line_1_97' title="bbox 2302 3644 3762 3723; baseline 0.007 -26"><span class='ocrx_word' id='word_1_610' title='bbox 2302 3644 2429 3698; x_wconf 84' lang='lat' dir='ltr'><strong>ll:ce</strong></span> <span class='ocrx_word' id='word_1_611' title='bbox 2466 3646 2554 3699; x_wconf 88' lang='lat' dir='ltr'><strong>tthi</strong></span> <span class='ocrx_word' id='word_1_612' title='bbox 2592 3655 2715 3700; x_wconf 91' lang='lat' dir='ltr'><strong>sunt</strong></span> <span class='ocrx_word' id='word_1_613' title='bbox 2750 3658 3027 3719; x_wconf 87' lang='lat' dir='ltr'><strong>comperta</strong></span> <span class='ocrx_word' id='word_1_614' title='bbox 3052 3650 3226 3715; x_wconf 84' lang='lat' dir='ltr'><strong>Patri,</strong></span> <span class='ocrx_word' id='word_1_615' title='bbox 3260 3667 3386 3723; x_wconf 71' lang='lat' dir='ltr'><strong>quae</strong></span> <span class='ocrx_word' id='word_1_616' title='bbox 3410 3661 3522 3707; x_wconf 73' lang='lat' dir='ltr'><strong>vota</strong></span> <span class='ocrx_word' id='word_1_617' title='bbox 3548 3658 3762 3719; x_wconf 71' lang='grc' dir='ltr'><strong>ιαιιιυικυτ.</strong></span> 
     </span>
    </p>
   </div>
   <div class='ocr_carea' id='block_1_98' title="bbox 2372 3736 3512 3806">
    <p class='ocr_par' dir='ltr' id='par_1_98' title="bbox 2372 3736 3512 3806">
     <span class='ocr_line' id='line_1_98' title="bbox 2372 3736 3512 3806; baseline 0.005 -17"><span class='ocrx_word' id='word_1_618' title='bbox 2372 3736 2451 3790; x_wconf 86' lang='lat' dir='ltr'><strong>Tu</strong></span> <span class='ocrx_word' id='word_1_619' title='bbox 2486 3737 2676 3793; x_wconf 90' lang='lat' dir='ltr'><strong>melius</strong></span> <span class='ocrx_word' id='word_1_620' title='bbox 2701 3740 2865 3806; x_wconf 92' lang='lat' dir='ltr'><strong>nosti,</strong></span> <span class='ocrx_word' id='word_1_621' title='bbox 2886 3740 2971 3795; x_wconf 90' lang='lat' dir='ltr'><strong>cui</strong></span> <span class='ocrx_word' id='word_1_622' title='bbox 3002 3738 3161 3796; x_wconf 88' lang='lat' dir='ltr'><strong>datur</strong></span> <span class='ocrx_word' id='word_1_623' title='bbox 3188 3742 3323 3799; x_wconf 83' lang='lat' dir='ltr'><strong>hinc</strong></span> <span class='ocrx_word' id='word_1_624' title='bbox 3353 3743 3512 3798; x_wconf 82' lang='lat' dir='ltr'><strong>venia.</strong></span> 
     </span>
    </p>
   </div>
   <div class='ocr_carea' id='block_1_99' title="bbox 2303 3829 3579 3905">
    <p class='ocr_par' dir='ltr' id='par_1_99' title="bbox 2303 3829 3579 3905">
     <span class='ocr_line' id='line_1_99' title="bbox 2303 3829 3579 3905; baseline 0.002 -22"><span class='ocrx_word' id='word_1_625' title='bbox 2303 3829 2399 3883; x_wconf 85' lang='lat' dir='ltr'><strong>Est</strong></span> <span class='ocrx_word' id='word_1_626' title='bbox 2426 3830 2651 3885; x_wconf 82' lang='lat' dir='ltr'><strong>reticere</strong></span> <span class='ocrx_word' id='word_1_627' title='bbox 2676 3829 2828 3886; x_wconf 87' lang='lat' dir='ltr'><strong>nefas</strong></span> <span class='ocrx_word' id='word_1_628' title='bbox 2848 3842 3097 3887; x_wconf 90' lang='lat' dir='ltr'><strong>curatum</strong></span> <span class='ocrx_word' id='word_1_629' title='bbox 3131 3843 3289 3889; x_wconf 86' lang='lat' dir='ltr'><strong>veste</strong></span> <span class='ocrx_word' id='word_1_630' title='bbox 3319 3836 3579 3905; x_wconf 86' lang='lat' dir='ltr'><strong>leprosum,</strong></span> 
     </span>
    </p>
   </div>
   <div class='ocr_carea' id='block_1_100' title="bbox 2374 3922 3610 3996">
    <p class='ocr_par' dir='ltr' id='par_1_100' title="bbox 2374 3922 3610 3996">
     <span class='ocr_line' id='line_1_100' title="bbox 2374 3922 3610 3996; baseline 0 -20"><span class='ocrx_word' id='word_1_631' title='bbox 2374 3922 2544 3989; x_wconf 86' lang='lat' dir='ltr'><strong>Quam</strong></span> <span class='ocrx_word' id='word_1_632' title='bbox 2570 3922 2791 3977; x_wconf 89' lang='lat' dir='ltr'><strong>dederat</strong></span> <span class='ocrx_word' id='word_1_633' title='bbox 2820 3933 3041 3979; x_wconf 88' lang='lat' dir='ltr'><strong>sanctus</strong></span> <span class='ocrx_word' id='word_1_634' title='bbox 3062 3930 3402 3996; x_wconf 87' lang='lat' dir='ltr'><strong>eompatiens</strong></span> <span class='ocrx_word' id='word_1_635' title='bbox 3428 3927 3610 3981; x_wconf 86' lang='lat' dir='ltr'><strong>misero.</strong></span> 
     </span>
    </p>
   </div>
   <div class='ocr_carea' id='block_1_101' title="bbox 2303 4008 3591 4086">
    <p class='ocr_par' dir='ltr' id='par_1_101' title="bbox 2303 4008 3591 4086">
     <span class='ocr_line' id='line_1_101' title="bbox 2303 4008 3591 4086; baseline 0 -19"><span class='ocrx_word' id='word_1_636' title='bbox 2303 4013 2412 4069; x_wconf 76' lang='lat' dir='ltr'><strong>Nec</strong></span> <span class='ocrx_word' id='word_1_637' title='bbox 2436 4008 2671 4069; x_wconf 84' lang='lat' dir='ltr'><strong>mentem</strong></span> <span class='ocrx_word' id='word_1_638' title='bbox 2706 4014 2839 4086; x_wconf 83' lang='lat' dir='ltr'><strong>fugit</strong></span> <span class='ocrx_word' id='word_1_639' title='bbox 2864 4018 3244 4073; x_wconf 80' lang='lat' dir='ltr'><strong>memorabilis</strong></span> <span class='ocrx_word' id='word_1_640' title='bbox 3267 4017 3433 4073; x_wconf 77' lang='lat' dir='ltr'><strong>infula</strong></span> <span class='ocrx_word' id='word_1_641' title='bbox 3452 4018 3591 4081; x_wconf 82' lang='lat' dir='ltr'><strong>Petri,</strong></span> 
     </span>
    </p>
   </div>
   <div class='ocr_carea' id='block_1_102' title="bbox 2376 4107 3603 4179">
    <p class='ocr_par' dir='ltr' id='par_1_102' title="bbox 2376 4107 3603 4179">
     <span class='ocr_line' id='line_1_102' title="bbox 2376 4107 3603 4179; baseline 0 -20"><span class='ocrx_word' id='word_1_642' title='bbox 2376 4107 2489 4173; x_wconf 80' lang='lat' dir='ltr'><strong>Qua</strong></span> <span class='ocrx_word' id='word_1_643' title='bbox 2520 4122 2615 4177; x_wconf 89' lang='lat' dir='ltr'><strong>per</strong></span> <span class='ocrx_word' id='word_1_644' title='bbox 2636 4122 2757 4163; x_wconf 91' lang='lat' dir='ltr'><strong>eum</strong></span> <span class='ocrx_word' id='word_1_645' title='bbox 2782 4108 3049 4179; x_wconf 88' lang='lat' dir='ltr'><strong>languens</strong></span> <span class='ocrx_word' id='word_1_646' title='bbox 3070 4110 3318 4166; x_wconf 83' lang='lat' dir='ltr'><strong>redditur</strong></span> <span class='ocrx_word' id='word_1_647' title='bbox 3338 4109 3603 4168; x_wconf 66' lang='lat' dir='ltr'><strong>incolumis.</strong></span> 
     </span>
    </p>
   </div>
   <div class='ocr_carea' id='block_1_103' title="bbox 2306 4198 3577 4263">
    <p class='ocr_par' dir='ltr' id='par_1_103' title="bbox 2306 4198 3577 4263">
     <span class='ocr_line' id='line_1_103' title="bbox 2306 4198 3577 4263; baseline 0.002 -12"><span class='ocrx_word' id='word_1_648' title='bbox 2306 4198 2459 4252; x_wconf 85' lang='lat' dir='ltr'><strong>Unde</strong></span> <span class='ocrx_word' id='word_1_649' title='bbox 2482 4199 2668 4253; x_wconf 83' lang='lat' dir='ltr'><strong>decem</strong></span> <span class='ocrx_word' id='word_1_650' title='bbox 2699 4198 2900 4255; x_wconf 82' lang='lat' dir='ltr'><strong>solidos</strong></span> <span class='ocrx_word' id='word_1_651' title='bbox 2920 4200 3263 4257; x_wconf 69' lang='lat' dir='ltr'><strong>decies‘auro</strong></span> <span class='ocrx_word' id='word_1_652' title='bbox 3295 4204 3577 4263; x_wconf 87' lang='lat' dir='ltr'><strong>retributos,</strong></span> 
     </span>
    </p>
   </div>
   <div class='ocr_carea' id='block_1_104' title="bbox 2377 4289 3552 4362">
    <p class='ocr_par' dir='ltr' id='par_1_104' title="bbox 2377 4289 3552 4362">
     <span class='ocr_line' id='line_1_104' title="bbox 2377 4289 3552 4362; baseline 0.002 -20"><span class='ocrx_word' id='word_1_653' title='bbox 2377 4289 2468 4343; x_wconf 86' lang='lat' dir='ltr'><strong>Vel</strong></span> <span class='ocrx_word' id='word_1_654' title='bbox 2492 4304 2592 4359; x_wconf 91' lang='lat' dir='ltr'><strong>pro</strong></span> <span class='ocrx_word' id='word_1_655' title='bbox 2627 4289 2783 4345; x_wconf 88' lang='lat' dir='ltr'><strong>laude</strong></span> <span class='ocrx_word' id='word_1_656' title='bbox 2806 4299 2916 4358; x_wconf 89' lang='lat' dir='ltr'><strong>tua,</strong></span> <span class='ocrx_word' id='word_1_657' title='bbox 2952 4291 3065 4345; x_wconf 78' lang='lat' dir='ltr'><strong>Rex</strong></span> <span class='ocrx_word' id='word_1_658' title='bbox 3101 4292 3347 4362; x_wconf 89' lang='lat' dir='ltr'><strong>inopum,</strong></span> <span class='ocrx_word' id='word_1_659' title='bbox 3380 4293 3552 4347; x_wconf 89' lang='lat' dir='ltr'><strong>refero.</strong></span> 
     </span>
    </p>
   </div>
   <div class='ocr_carea' id='block_1_105' title="bbox 2164 4370 3681 4455">
    <p class='ocr_par' dir='ltr' id='par_1_105' title="bbox 2164 4370 3681 4455">
     <span class='ocr_line' id='line_1_105' title="bbox 2164 4370 3681 4455; baseline 0.003 -22"><span class='ocrx_word' id='word_1_660' title='bbox 2164 4382 2167 4385; x_wconf 85' lang='grc'><em>’</em></span> <span class='ocrx_word' id='word_1_661' title='bbox 2252 4390 2255 4393; x_wconf 71' lang='lat'><strong><em>‘</em></strong></span> <span class='ocrx_word' id='word_1_662' title='bbox 2304 4379 2379 4435; x_wconf 86' lang='lat' dir='ltr'><strong>Te</strong></span> <span class='ocrx_word' id='word_1_663' title='bbox 2400 4380 2561 4436; x_wconf 87' lang='lat' dir='ltr'><strong>Petre</strong></span> <span class='ocrx_word' id='word_1_664' title='bbox 2584 4370 2706 4437; x_wconf 87' lang='lat' dir='ltr'><strong>eum</strong></span> <span class='ocrx_word' id='word_1_665' title='bbox 2737 4381 2904 4437; x_wconf 88' lang='lat' dir='ltr'><strong>Paulo</strong></span> <span class='ocrx_word' id='word_1_666' title='bbox 2933 4372 3105 4438; x_wconf 81' lang='lat' dir='ltr'><strong>Patris</strong></span> <span class='ocrx_word' id='word_1_667' title='bbox 3136 4386 3299 4455; x_wconf 89' lang='lat' dir='ltr'><strong>hujus</strong></span> <span class='ocrx_word' id='word_1_668' title='bbox 3328 4385 3531 4455; x_wconf 87' lang='lat' dir='ltr'><strong>epistola</strong></span> <span class='ocrx_word' id='word_1_669' title='bbox 3557 4378 3681 4437; x_wconf 79' lang='lat' dir='ltr'><strong>flctit.</strong></span> 
     </span>
    </p>
   </div>
   <div class='ocr_carea' id='block_1_106' title="bbox 2225 4473 3719 4567">
    <p class='ocr_par' dir='ltr' id='par_1_106' title="bbox 2225 4473 3719 4567">
     <span class='ocr_line' id='line_1_106' title="bbox 2225 4473 3719 4567; baseline 0.003 -43"><span class='ocrx_word' id='word_1_670' title='bbox 2225 4507 2276 4567; x_wconf 68' lang='grc' dir='ltr'><strong>ι)</strong></span> <span class='ocrx_word' id='word_1_671' title='bbox 2378 4473 2553 4526; x_wconf 79' lang='lat' dir='ltr'><strong>Flexit</strong></span> <span class='ocrx_word' id='word_1_672' title='bbox 2576 4482 2885 4544; x_wconf 74' lang='lat' dir='ltr'><strong>aegestatem</strong></span> <span class='ocrx_word' id='word_1_673' title='bbox 2911 4490 3051 4546; x_wconf 67' lang='lat' dir='ltr'><strong>saepe</strong></span> <span class='ocrx_word' id='word_1_674' title='bbox 3084 4475 3265 4531; x_wconf 88' lang='lat' dir='ltr'><strong>levare</strong></span> <span class='ocrx_word' id='word_1_675' title='bbox 3293 4493 3458 4532; x_wconf 90' lang='lat' dir='ltr'><strong>suam.</strong></span> <span class='ocrx_word' id='word_1_676' title='bbox 3713 4554 3719 4559; x_wconf 74' lang='lat'><em>_</em></span> 
     </span>
    </p>
   </div>
   <div class='ocr_carea' id='block_1_107' title="bbox 2308 4558 3759 4635">
    <p class='ocr_par' dir='ltr' id='par_1_107' title="bbox 2308 4558 3759 4635">
     <span class='ocr_line' id='line_1_107' title="bbox 2308 4558 3759 4635; baseline -0.008 -20"><span class='ocrx_word' id='word_1_677' title='bbox 2308 4563 2523 4633; x_wconf 75' lang='lat' dir='ltr'><strong>Vosque</strong></span> <span class='ocrx_word' id='word_1_678' title='bbox 2553 4579 2751 4619; x_wconf 91' lang='lat' dir='ltr'><strong>novum</strong></span> <span class='ocrx_word' id='word_1_679' title='bbox 2780 4565 3038 4635; x_wconf 90' lang='lat' dir='ltr'><strong>templum</strong></span> <span class='ocrx_word' id='word_1_680' title='bbox 3062 4566 3295 4621; x_wconf 90' lang='lat' dir='ltr'><strong>fundare</strong></span> <span class='ocrx_word' id='word_1_681' title='bbox 3324 4567 3521 4621; x_wconf 86' lang='lat' dir='ltr'><strong>Patrem</strong></span> <span class='ocrx_word' id='word_1_682' title='bbox 3543 4558 3759 4615; x_wconf 67' lang='lat' dir='ltr'><strong>monuisch</strong></span> 
     </span>
    </p>
   </div>
   <div class='ocr_carea' id='block_1_108' title="bbox 2374 4654 3578 4727">
    <p class='ocr_par' dir='ltr' id='par_1_108' title="bbox 2374 4654 3578 4727">
     <span class='ocr_line' id='line_1_108' title="bbox 2374 4654 3578 4727; baseline 0.002 -21"><span class='ocrx_word' id='word_1_683' title='bbox 2374 4654 2609 4723; x_wconf 84' lang='lat' dir='ltr'><strong>Fuitque</strong></span> <span class='ocrx_word' id='word_1_684' title='bbox 2638 4668 2734 4723; x_wconf 89' lang='lat' dir='ltr'><strong>per</strong></span> <span class='ocrx_word' id='word_1_685' title='bbox 2774 4656 2873 4710; x_wconf 84' lang='lat' dir='ltr'><strong>hos</strong></span> <span class='ocrx_word' id='word_1_686' title='bbox 2905 4671 3090 4727; x_wconf 85' lang='lat' dir='ltr'><strong>sospes</strong></span> <span class='ocrx_word' id='word_1_687' title='bbox 3122 4659 3349 4712; x_wconf 90' lang='lat' dir='ltr'><strong>nttntius</strong></span> <span class='ocrx_word' id='word_1_688' title='bbox 3374 4660 3479 4726; x_wconf 87' lang='lat' dir='ltr'><strong>ipse</strong></span> <span class='ocrx_word' id='word_1_689' title='bbox 3499 4654 3578 4709; x_wconf 85' lang='lat' dir='ltr'><strong>rei.</strong></span> 
     </span>
    </p>
   </div>
   <div class='ocr_carea' id='block_1_109' title="bbox 2302 4737 3719 4819">
    <p class='ocr_par' dir='ltr' id='par_1_109' title="bbox 2302 4737 3719 4819">
     <span class='ocr_line' id='line_1_109' title="bbox 2302 4737 3719 4819; baseline -0.006 -22"><span class='ocrx_word' id='word_1_690' title='bbox 2302 4744 2419 4809; x_wconf 89' lang='lat' dir='ltr'><strong>Die,</strong></span> <span class='ocrx_word' id='word_1_691' title='bbox 2442 4743 2721 4810; x_wconf 88' lang='lat' dir='ltr'><strong>Cluuiace,</strong></span> <span class='ocrx_word' id='word_1_692' title='bbox 2744 4754 2944 4800; x_wconf 87' lang='lat' dir='ltr'><strong>statum</strong></span> <span class='ocrx_word' id='word_1_693' title='bbox 2977 4762 3084 4816; x_wconf 92' lang='lat' dir='ltr'><strong>quo</strong></span> <span class='ocrx_word' id='word_1_694' title='bbox 3126 4755 3178 4801; x_wconf 92' lang='lat' dir='ltr'><strong>te</strong></span> <span class='ocrx_word' id='word_1_695' title='bbox 3210 4747 3374 4819; x_wconf 85' lang='lat' dir='ltr'><strong>Pater</strong></span> <span class='ocrx_word' id='word_1_696' title='bbox 3403 4745 3537 4814; x_wconf 74' lang='lat' dir='ltr'><strong>Hugo</strong></span> <span class='ocrx_word' id='word_1_697' title='bbox 3571 4737 3719 4793; x_wconf 70' lang='grc' dir='ltr'><strong>Ιυςιτίι.</strong></span> 
     </span>
    </p>
   </div>
   <div class='ocr_carea' id='block_1_110' title="bbox 2375 4836 3713 4907">
    <p class='ocr_par' dir='ltr' id='par_1_110' title="bbox 2375 4836 3713 4907">
     <span class='ocr_line' id='line_1_110' title="bbox 2375 4836 3713 4907; baseline -0.007 -17"><span class='ocrx_word' id='word_1_698' title='bbox 2375 4837 2470 4890; x_wconf 84' lang='lat' dir='ltr'><strong>Dic</strong></span> <span class='ocrx_word' id='word_1_699' title='bbox 2494 4851 2778 4890; x_wconf 91' lang='lat' dir='ltr'><strong>numerum</strong></span> <span class='ocrx_word' id='word_1_700' title='bbox 2805 4836 3058 4901; x_wconf 80' lang='lat' dir='ltr'><strong>fratrum,</strong></span> <span class='ocrx_word' id='word_1_701' title='bbox 3088 4853 3248 4907; x_wconf 91' lang='lat' dir='ltr'><strong>quem</strong></span> <span class='ocrx_word' id='word_1_702' title='bbox 3273 4839 3417 4893; x_wconf 89' lang='lat' dir='ltr'><strong>dedit</strong></span> <span class='ocrx_word' id='word_1_703' title='bbox 3438 4840 3713 4892; x_wconf 81' lang='lat' dir='ltr'><strong>innumerum.</strong></span> 
     </span>
    </p>
   </div>
   <div class='ocr_carea' id='block_1_111' title="bbox 2304 4928 3583 5000">
    <p class='ocr_par' dir='ltr' id='par_1_111' title="bbox 2304 4928 3583 5000">
     <span class='ocr_line' id='line_1_111' title="bbox 2304 4928 3583 5000; baseline -0.002 -19"><span class='ocrx_word' id='word_1_704' title='bbox 2304 4928 2399 4984; x_wconf 86' lang='lat' dir='ltr'><strong>Dic</strong></span> <span class='ocrx_word' id='word_1_705' title='bbox 2426 4928 2617 4996; x_wconf 72' lang='lat' dir='ltr'><strong>cellas,</strong></span> <span class='ocrx_word' id='word_1_706' title='bbox 2636 4929 2722 4984; x_wconf 91' lang='lat' dir='ltr'><strong>die</strong></span> <span class='ocrx_word' id='word_1_707' title='bbox 2749 4929 3010 4985; x_wconf 86' lang='lat' dir='ltr'><strong>ecclesias</strong></span> <span class='ocrx_word' id='word_1_708' title='bbox 3044 4947 3179 5000; x_wconf 77' lang='lat' dir='ltr'><strong>quas</strong></span> <span class='ocrx_word' id='word_1_709' title='bbox 3214 4932 3451 4987; x_wconf 91' lang='lat' dir='ltr'><strong>condidit</strong></span> <span class='ocrx_word' id='word_1_710' title='bbox 3474 4932 3583 4999; x_wconf 85' lang='lat' dir='ltr'><strong>ipse.</strong></span> 
     </span>
    </p>
   </div>
   <div class='ocr_carea' id='block_1_112' title="bbox 2374 5026 3456 5097">
    <p class='ocr_par' dir='ltr' id='par_1_112' title="bbox 2374 5026 3456 5097">
     <span class='ocr_line' id='line_1_112' title="bbox 2374 5026 3456 5097; baseline -0.003 -15"><span class='ocrx_word' id='word_1_711' title='bbox 2374 5027 2469 5082; x_wconf 90' lang='lat' dir='ltr'><strong>Dic</strong></span> <span class='ocrx_word' id='word_1_712' title='bbox 2489 5042 2609 5097; x_wconf 72' lang='lat' dir='ltr'><strong>qua:</strong></span> <span class='ocrx_word' id='word_1_713' title='bbox 2636 5028 2873 5083; x_wconf 90' lang='lat' dir='ltr'><strong>restituit</strong></span> <span class='ocrx_word' id='word_1_714' title='bbox 2912 5026 3077 5081; x_wconf 88' lang='lat' dir='ltr'><strong>multa</strong></span> <span class='ocrx_word' id='word_1_715' title='bbox 3117 5029 3456 5083; x_wconf 81' lang='lat' dir='ltr'><strong>monasteria.</strong></span> 
     </span>
    </p>
   </div>
   <div class='ocr_carea' id='block_1_113' title="bbox 2305 5115 3675 5189">
    <p class='ocr_par' dir='ltr' id='par_1_113' title="bbox 2305 5115 3675 5189">
     <span class='ocr_line' id='line_1_113' title="bbox 2305 5115 3675 5189; baseline -0.008 -18"><span class='ocrx_word' id='word_1_716' title='bbox 2305 5118 2449 5172; x_wconf 89' lang='lat' dir='ltr'><strong>lntcr</strong></span> <span class='ocrx_word' id='word_1_717' title='bbox 2473 5127 2669 5172; x_wconf 90' lang='lat' dir='ltr'><strong>cuncta</strong></span> <span class='ocrx_word' id='word_1_718' title='bbox 2695 5126 2898 5182; x_wconf 84' lang='lat' dir='ltr'><strong>tamen,</strong></span> <span class='ocrx_word' id='word_1_719' title='bbox 2930 5119 3134 5184; x_wconf 88' lang='lat' dir='ltr'><strong>foveas,</strong></span> <span class='ocrx_word' id='word_1_720' title='bbox 3161 5134 3310 5189; x_wconf 93' lang='lat' dir='ltr'><strong>rogo,</strong></span> <span class='ocrx_word' id='word_1_721' title='bbox 3337 5115 3675 5171; x_wconf 78' lang='lat' dir='ltr'><strong>Marciniacum.</strong></span> 
     </span>
    </p>
   </div>
   <div class='ocr_carea' id='block_1_114' title="bbox 2377 5207 3490 5279">
    <p class='ocr_par' dir='ltr' id='par_1_114' title="bbox 2377 5207 3490 5279">
     <span class='ocr_line' id='line_1_114' title="bbox 2377 5207 3490 5279; baseline -0.001 -19"><span class='ocrx_word' id='word_1_722' title='bbox 2377 5208 2531 5262; x_wconf 82' lang='lat' dir='ltr'><strong>Hunc</strong></span> <span class='ocrx_word' id='word_1_723' title='bbox 2560 5208 2613 5261; x_wconf 88' lang='lat' dir='ltr'><strong>itt</strong></span> <span class='ocrx_word' id='word_1_724' title='bbox 2639 5207 2763 5276; x_wconf 91' lang='lat' dir='ltr'><strong>jure</strong></span> <span class='ocrx_word' id='word_1_725' title='bbox 2786 5207 2964 5262; x_wconf 89' lang='lat' dir='ltr'><strong>locum</strong></span> <span class='ocrx_word' id='word_1_726' title='bbox 2995 5210 3280 5264; x_wconf 87' lang='lat' dir='ltr'><strong>constituit</strong></span> <span class='ocrx_word' id='word_1_727' title='bbox 3306 5207 3490 5279; x_wconf 88' lang='lat' dir='ltr'><strong>patrio.</strong></span> 
     </span>
    </p>
   </div>
   <div class='ocr_carea' id='block_1_115' title="bbox 2304 5298 3526 5363">
    <p class='ocr_par' dir='ltr' id='par_1_115' title="bbox 2304 5298 3526 5363">
     <span class='ocr_line' id='line_1_115' title="bbox 2304 5298 3526 5363; baseline 0.002 -11"><span class='ocrx_word' id='word_1_728' title='bbox 2304 5298 2429 5352; x_wconf 70' lang='lat' dir='ltr'><strong>Haec</strong></span> <span class='ocrx_word' id='word_1_729' title='bbox 2452 5300 2641 5354; x_wconf 89' lang='lat' dir='ltr'><strong>statuit</strong></span> <span class='ocrx_word' id='word_1_730' title='bbox 2660 5301 2868 5356; x_wconf 89' lang='lat' dir='ltr'><strong>servire</strong></span> <span class='ocrx_word' id='word_1_731' title='bbox 2891 5300 3003 5357; x_wconf 88' lang='lat' dir='ltr'><strong>Deo</strong></span> <span class='ocrx_word' id='word_1_732' title='bbox 3029 5314 3245 5358; x_wconf 89' lang='lat' dir='ltr'><strong>sanctas</strong></span> <span class='ocrx_word' id='word_1_733' title='bbox 3274 5303 3526 5363; x_wconf 81' lang='lat' dir='ltr'><strong>mulieres,</strong></span> 
     </span>
    </p>
   </div>
   <div class='ocr_carea' id='block_1_116' title="bbox 2376 5386 3349 5447">
    <p class='ocr_par' dir='ltr' id='par_1_116' title="bbox 2376 5386 3349 5447">
     <span class='ocr_line' id='line_1_116' title="bbox 2376 5386 3349 5447; baseline 0.005 -5"><span class='ocrx_word' id='word_1_734' title='bbox 2376 5389 2440 5442; x_wconf 85' lang='lat' dir='ltr'><strong>Et</strong></span> <span class='ocrx_word' id='word_1_735' title='bbox 2475 5386 2599 5444; x_wconf 83' lang='lat' dir='ltr'><strong>Jesu</strong></span> <span class='ocrx_word' id='word_1_736' title='bbox 2625 5389 2782 5443; x_wconf 82' lang='lat' dir='ltr'><strong>Matri</strong></span> <span class='ocrx_word' id='word_1_737' title='bbox 2806 5392 3127 5446; x_wconf 89' lang='lat' dir='ltr'><strong>continuare</strong></span> <span class='ocrx_word' id='word_1_738' title='bbox 3161 5392 3349 5447; x_wconf 89' lang='lat' dir='ltr'><strong>melos.</strong></span> 
     </span>
    </p>
   </div>
   <div class='ocr_carea' id='block_1_117' title="bbox 2304 5477 3633 5555">
    <p class='ocr_par' dir='ltr' id='par_1_117' title="bbox 2304 5477 3633 5555">
     <span class='ocr_line' id='line_1_117' title="bbox 2304 5477 3633 5555; baseline -0.008 -20"><span class='ocrx_word' id='word_1_739' title='bbox 2304 5482 2383 5535; x_wconf 89' lang='lat' dir='ltr'><strong>Tu</strong></span> <span class='ocrx_word' id='word_1_740' title='bbox 2407 5496 2623 5551; x_wconf 86' lang='lat' dir='ltr'><strong>quoque</strong></span> <span class='ocrx_word' id='word_1_741' title='bbox 2653 5482 2939 5552; x_wconf 80' lang='lat' dir='ltr'><strong>Spirituum</strong></span> <span class='ocrx_word' id='word_1_742' title='bbox 2963 5485 3247 5553; x_wconf 89' lang='lat' dir='ltr'><strong>discretor,</strong></span> <span class='ocrx_word' id='word_1_743' title='bbox 3272 5483 3489 5555; x_wconf 88' lang='lat' dir='ltr'><strong>Spiritus</strong></span> <span class='ocrx_word' id='word_1_744' title='bbox 3507 5477 3633 5537; x_wconf 80' lang='lat' dir='ltr'><strong>alme,</strong></span> 
     </span>
    </p>
   </div>
   <div class='ocr_carea' id='block_1_118' title="bbox 2374 5576 3701 5660">
    <p class='ocr_par' dir='ltr' id='par_1_118' title="bbox 2374 5576 3701 5660">
     <span class='ocr_line' id='line_1_118' title="bbox 2374 5576 3701 5660; baseline 0.003 -31"><span class='ocrx_word' id='word_1_745' title='bbox 2374 5576 2429 5630; x_wconf 91' lang='lat' dir='ltr'><strong>ln</strong></span> <span class='ocrx_word' id='word_1_746' title='bbox 2454 5576 2826 5633; x_wconf 87' lang='lat' dir='ltr'><strong>discernendis</strong></span> <span class='ocrx_word' id='word_1_747' title='bbox 2856 5594 2961 5633; x_wconf 91' lang='lat' dir='ltr'><strong>non</strong></span> <span class='ocrx_word' id='word_1_748' title='bbox 2990 5579 3181 5635; x_wconf 85' lang='lat' dir='ltr'><strong>deeras</strong></span> <span class='ocrx_word' id='word_1_749' title='bbox 3201 5580 3407 5634; x_wconf 89' lang='lat' dir='ltr'><strong>animis.</strong></span> <span class='ocrx_word' id='word_1_750' title='bbox 3692 5650 3701 5660; x_wconf 38' lang='lat'>.</span> 
     </span>
    </p>
   </div>
   <div class='ocr_carea' id='block_1_119' title="bbox 2304 5659 3714 5742">
    <p class='ocr_par' dir='ltr' id='par_1_119' title="bbox 2304 5659 3714 5742">
     <span class='ocr_line' id='line_1_119' title="bbox 2304 5659 3714 5742; baseline -0.011 -21"><span class='ocrx_word' id='word_1_751' title='bbox 2304 5667 2442 5725; x_wconf 78' lang='lat' dir='ltr'><strong>llittc</strong></span> <span class='ocrx_word' id='word_1_752' title='bbox 2466 5678 2549 5724; x_wconf 83' lang='lat' dir='ltr'><strong>est</strong></span> <span class='ocrx_word' id='word_1_753' title='bbox 2578 5671 2720 5739; x_wconf 88' lang='lat' dir='ltr'><strong>quod</strong></span> <span class='ocrx_word' id='word_1_754' title='bbox 2750 5680 2973 5727; x_wconf 86' lang='lat' dir='ltr'><strong>sanctus</strong></span> <span class='ocrx_word' id='word_1_755' title='bbox 2995 5673 3210 5728; x_wconf 88' lang='lat' dir='ltr'><strong>cuidam</strong></span> <span class='ocrx_word' id='word_1_756' title='bbox 3233 5682 3384 5742; x_wconf 88' lang='lat' dir='ltr'><strong>negat</strong></span> <span class='ocrx_word' id='word_1_757' title='bbox 3405 5666 3561 5725; x_wconf 80' lang='lat' dir='ltr'><strong>oscula</strong></span> <span class='ocrx_word' id='word_1_758' title='bbox 3596 5659 3714 5711; x_wconf 74' lang='lat' dir='ltr'><strong>fratri.</strong></span> 
     </span>
    </p>
   </div>
   <div class='ocr_carea' id='block_1_120' title="bbox 2381 5755 3628 5831">
    <p class='ocr_par' dir='ltr' id='par_1_120' title="bbox 2381 5755 3628 5831">
     <span class='ocr_line' id='line_1_120' title="bbox 2381 5755 3628 5831; baseline -0.002 -18"><span class='ocrx_word' id='word_1_759' title='bbox 2381 5760 2549 5825; x_wconf 86' lang='lat' dir='ltr'><strong>Quem</strong></span> <span class='ocrx_word' id='word_1_760' title='bbox 2588 5776 2692 5816; x_wconf 85' lang='lat' dir='ltr'><strong>non</strong></span> <span class='ocrx_word' id='word_1_761' title='bbox 2721 5762 3095 5831; x_wconf 86' lang='lat' dir='ltr'><strong>presbyterum</strong></span> <span class='ocrx_word' id='word_1_762' title='bbox 3119 5763 3439 5818; x_wconf 81' lang='lat' dir='ltr'><strong>sacrificasse</strong></span> <span class='ocrx_word' id='word_1_763' title='bbox 3456 5755 3628 5827; x_wconf 64' lang='lat' dir='ltr'><strong>proba!-</strong></span> 
     </span>
    </p>
   </div>
  </div>
