3928 6298
155 306 251 361 909
1034 318 1035 323 ‘
1674 310 1855 367 VITA.
2064 348 2111 368 υ
3312 317 3419 371 9i"

158 419 285 475 liinc
328 420 392 474 de
428 419 750 491 pauperibus
780 420 984 476 zelatus
1014 422 1446 493 corripitfunum,

219 511 316 565 Cui
340 509 705 565 damnabatur
731 510 889 567 luxus
913 520 965 565 et
994 512 1246 567 ebrietas.

158 600 283 655 Tum
314 601 570 655 meditate
598 599 801 670 fugam,
826 616 987 670 quem
1011 594 1271 671 prmvenit
1302 602 1414 673 ipse
1446 605 1657 665 beatus,

222 691 357 746 Hinc
380 706 596 761 quoque
614 693 832 747 sensisti
853 707 951 747 cor
982 695 1217 761 patuisse
1238 704 1412 750 tuum.

154 784 240 838 llle
275 782 555 838 Tolosame
586 784 874 839 Durannus
894 785 1181 857 episcopus
1200 787 1373 850 urbis,

218 872 261 927 A
285 884 437 944 patre
459 883 579 943 post
612 874 842 941 obitum,
868 875 997 945 quid
1019 875 1210 941 lueret,
1235 877 1441 933 didicit.

151 965 476 1034 Spumosum
512 966 690 1030 labiis,
716 966 786 1020 ob
807 968 968 1022 verba
1001 969 1270 1024 moventia
1295 968 1490 1034 risum,

218 1056 291 1112 Se
321 1055 436 1113 fore
465 1058 1047 1123 cernendumcuilibet,
1072 1058 1314 1115 edidicit.

154 1148 248 1213 Qui
272 1148 431 1205 simul
468 1165 530 1203 ac
570 1149 727 1214 obiit,
755 1150 970 1205 cuidam
1000 1150 1066 1203 de
1097 1160 1252 1206 nocte
1276 1150 1520 1223 Siguino,

219 1240 492 1310 Spumeus
518 1250 762 1311 apparet,
794 1243 937 1298 dicta
960 1242 1139 1299 Patris
1164 1259 1493 1302 memorans.

150 1332 214 1386 At
247 1333 371 1403 pius
396 1342 451 1386 et
476 1332 691 1402 sapiens
712 1334 1059 1405 medieasque
1083 1351 1249 1408 sagax
1273 1337 1598 1402 animarum,

216 1422 523 1490 Fratribus,
548 1432 606 1478 ut
636 1424 852 1489 sileant,
887 1425 1142 1496 imperat,
1176 1428 1590 1485 hebdomadam.

151 1516 432 1571 Fratribus
457 1517 558 1571 hoc
578 1525 786 1585 septem
810 1518 1028 1585 statuit;
1068 1519 1161 1574 sed
1185 1519 1399 1590 negligit
1429 1534 1571 1573 unus

215 1606 372 1674 Quod
397 1607 589 1676 reliqui
620 1618 861 1673 servant,
901 1624 1001 1665 nec
1041 1618 1225 1667 tamen
1258 1610 1360 1665 hoc
1384 1609 1561 1664 latuit.

150 1695 360 1751 Rursus
384 1697 527 1751 enim
558 1698 753 1767 praesul
780 1697 1003 1756 fratrem
1036 1701 1286 1770 repetivit
1315 1702 1586 1763 eumdem,

214 1789 287 1843 Et
314 1797 649 1861 transgressa
680 1790 857 1846 Patris
877 1791 1000 1861 jura
1038 1803 1237 1849 statuta
1263 1794 1450 1851 refert.

148 1880 219 1935 Se
245 1883 387 1939 satis
408 1882 652 1950 adjutum
689 1884 832 1955 quod
853 1900 948 1940 sex
979 1897 1195 1943 tacuere
1220 1887 1426 1953 ﬁdeles,

1761 431 1806 488 Α
1835 424 1912 479 Te
1944 426 2076 481 satis
2105 425 2203 481 bos
2231 426 2377 497 ignes
2403 426 2634 483 afﬁrmat
2661 442 2819 498 posse
2850 425 3056 497 fugam

1906 514 2071 573 Nocte
2095 518 2287 587 dieque
2318 528 2465 573 tuum
2493 519 2535 573 si
2563 519 2831 575 celebrent
2857 520 3127 575 meritum.

1826 607 2186 679 Complentur
2216 612 2464 667 mandata
2496 610 2695 676 Patris,
2736 627 2857 667 mox
2892 610 3113 665 fulmina
3143 615 3382 671 cursant,

1906 699 1975 753 Et
1994 699 2073 755 sic
2098 699 2189 754 ille
2210 699 2360 755 locus
2386 710 2662 771 permanet
2690 702 2894 773 absque
2926 710 3091 756 metu.

1837 790 1964 857 Qua:
1988 791 2069 845 vel
2094 800 2291 862 quanta
2323 793 2410 862 pio
2434 792 2593 847 fuerit
2616 794 2869 849 discretio
2893 794 3060 848 Patri.

1911 881 2061 936 Unus
2087 884 2152 937 de
2185 882 2368 937 multis
2395 883 2568 953 Guigo
2594 900 2778 939 comes
2811 884 3077 954 perhibet.

1841 973 1937 1028 Hic
1962 975 2283 1031 monachum
2310 975 2423 1030 fieri
2441 974 2634 1043 jurans
2658 991 2716 1030 se
2746 992 2905 1045 posse
2930 977 3176 1047 negabat,

1909 1065 1970 1118 Ni
1997 1064 2156 1120 liceat
2184 1074 2386 1121 vestem
2421 1065 2559 1121 ferre
2585 1066 2731 1121 velut
2760 1066 2995 1122 comitis.

1838 1157 2073 1212 Praebuit
2103 1173 2386 1213 assensum
2415 1168 2657 1224 sanctus,
2685 1159 3045 1221 comitemque
3072 1158 3330 1211 lncratur.

1911 1247 2002 1302 Ille
2024 1247 2173 1302 brevi
2206 1248 2383 1317 spatio
2407 1249 2472 1302 sit
2502 1249 2805 1305 monachus
2833 1248 3086 1311 moritur,

1838 1338 2017 1410 {itque
2043 1340 2162 1395 viro
2194 1349 2383 1396 sancto
2414 1340 2674 1411 perfectio
2707 1340 2849 1395 nulla
2881 1340 3111 1395 deesset.

1910 1433 2025 1503 Ipse
2049 1442 2419 1504 peremptores
2438 1434 2612 1488 fertur
2638 1448 2849 1488 amasse
2874 1432 3063 1503 patris,

1843 1525 2013 1581 Morte
2038 1527 2336 1583 cruentatis
2366 1525 2607 1581 fraterna
2639 1525 2815 1582 iactus
2843 1525 3077 1595 asylum,

1808 1688 1811 1691 ἤ
1912 1616 2086 1672 Credo
2112 1632 2209 1673 nec
2234 1618 2333 1673 hoc
2360 1616 2506 1673 facto
2533 1632 2659 1687 rege
2685 1617 2852 1671 David
2883 1616 3062 1670 minor
3084 1623 3187 1669 est.

1846 1708 1919 1761 De
1950 1708 2126 1764 Patris
2146 1709 2262 1763 haec
2285 1708 2517 1773 meritis,
2539 1708 2655 1762 haec
2681 1706 2747 1760 de
2770 1705 3060 1759 virtutibus
3083 1700 3222 1773 ejus,

1773 1787 1814 1842 Β
1913 1796 2066 1850 Edita
2096 1795 2396 1861 sulliciaut;
2440 1811 2585 1850 nunc
2622 1796 2828 1851 obitum
2865 1795 3121 1848 releram.

1841 1887 1975 1942 Cum
1999 1886 2404 1942 celebrarentur
2430 1886 2709 1942 Paschalis
2738 1885 2872 1940 festa
2898 1884 3182 1953 triumphi,

215 1973 326 2028 Sed
350 1976 495 2044 quod
522 1976 700 2030 adhuc
730 1984 925 2039 restat,
954 1977 1220 2046 septimus
1260 1978 1523 2048 impediit.

153 2066 245 2122 llis
270 2065 432 2120 Pater
452 2067 713 2135 acceptis,
736 2066 931 2122 solidat
954 2084 1073 2137 qua:
1108 2068 1277 2124 fracta
1309 2070 1547 2137 fuerunt,

214 2156 327 2210 Per
357 2156 577 2212 totidem
605 2157 802 2213 fratres
838 2167 1001 2228 atque
1023 2174 1119 2230 per
1144 2160 1556 2216 hebdomadam.

153 2244 302 2300 Tunc
333 2247 469 2302 redit
494 2248 738 2314 antistes,
769 2263 870 2303 nec
898 2247 1008 2316 jam
1034 2250 1315 2316 deformis,
1342 2262 1399 2304 ut
1421 2261 1569 2316 ante,
1618 2320 1623 2323 1

212 2336 334 2392 Sed
360 2339 538 2408 specie
563 2341 801 2397 retinens
823 2353 986 2414 atque
1009 2343 1235 2398 decorus
1256 2354 1376 2401 erat
1406 2364 1418 2397 :

62 2437 65 2440 ‘
151 2428 226 2484 Ne.
264 2433 566 2488 monachus
597 2432 775 2499 fieres,
806 2450 839 2491 o
878 2435 1098 2498 clerice,
1123 2452 1344 2491 carcere
1382 2437 1560 2492 truse!

218 2521 325 2586 Te,
355 2520 537 2589 Pater,
567 2523 811 2595 angelico
830 2525 1032 2582 liberat
1050 2527 1271 2579 auxilio.

150 2610 329 2677 Quem
358 2629 545 2683 parere
578 2616 722 2670 Patri
753 2619 929 2673 cruris
968 2618 1119 2673 dolor
1144 2619 1492 2687 impediebat,

217 2702 400 2774 Ipsius
442 2706 507 2759 ad
538 2720 730 2761 nomen
762 2708 995 2777 propulit
1026 2708 1140 2778 ipse
1170 2707 1389 2764 malum.

151 2792 356 2847 Mensa:
380 2795 620 2865 reliquiis
644 2797 841 2853 multos
869 2813 1090 2854 curasse
1120 2800 1376 2862 refertur,

217 2883 336 2939 Res
359 2900 424 2938 ea
446 2901 611 2955 quam
639 2888 828 2959 tetegit
851 2903 995 2959 sepe
1019 2889 1225 2943 medela
1263 2890 1385 2945 fuit.

150 2974 249 3041 Tu,
280 2978 523 3031 contrito
544 2994 697 3048 puer,
731 2983 823 3049 qui
846 2982 934 3035 vix
958 2982 1168 3051 spirare
1196 2981 1435 3045 valebas,

217 3067 304 3121 Tu
340 3068 588 3136 precibus
611 3068 793 3125 Patris
814 3070 986 3127 factus
1008 3086 1068 3127 es
1091 3070 1393 3127 incolumis.

146 3162 330 3228 Quem
359 3163 597 3232 requiem
627 3165 827 3219 nullam
844 3168 1002 3236 pedis
1023 3168 1188 3223 ardor
1218 3169 1417 3223 habere
1444 3166 1677 3229 sinebat,

213 3256 345 3323 Qua
370 3255 531 3311 Pater
562 3267 647 3312 est
673 3257 814 3313 lotus
838 3260 1113 3314 convaluit
1141 3274 1237 3329 per
1264 3275 1483 3330 aquam.

146 3349 332 3417 Quam
356 3350 552 3405 frustra
576 3361 785 3418 sancto,
813 3351 966 3406 miles
989 3353 1244 3413 Berarde,
1276 3353 1528 3406 minaris!

214 3441 382 3507 Orat,
414 3450 469 3497 et
493 3443 718 3508 insanis,
748 3444 872 3499 dum
900 3444 1113 3498 veniam
1146 3445 1353 3499 tribuit.

146 3522 291 3596 Quid
329 3530 443 3596 tibi,
477 3530 800 3598 Briderium,
828 3533 959 3602 quid
993 3532 1196 3601 profuit
1230 3532 1317 3586 illa
1351 3531 1572 3603 rapina?

216 3620 345 3688 Qua
373 3622 583 3676 meritis
609 3624 783 3677 sancti
812 3622 1027 3678 coalitus
1053 3622 1175 3692 igne
1203 3622 1370 3692 peris.

147 3710 311 3766 Nunc
335 3711 386 3763 in
404 3712 632 3767 consilio
664 3725 901 3782 quantus
930 3714 1028 3767 fuit
1057 3714 1159 3768 iste
1189 3712 1404 3774 beatus,

215 3800 527 3870 Expediam
552 3802 809 3868 breviter,
837 3818 1073 3873 namque
1102 3804 1279 3874 placet
1307 3802 1567 3857 brevitas.

147 3890 407 3945 Fulmina
434 3891 627 3946 crebra
660 3892 748 3948 diu
780 3893 1072 3949 Clusenses
1105 3894 1508 3963 perentiebant,

218 3985 414 4052 Atque
438 3980 602 4036 Pater
626 3992 845 4039 sanctus
875 3985 1177 4040 consulitur
1200 3999 1367 4054 super
1396 3986 1497 4041 his.

146 4071 246 4138 Te,
294 4074 441 4128 bone
471 4072 749 4139 Laurenti,
783 4085 855 4141 te,
881 4085 1101 4145 propter
1130 4076 1362 4132 Caesaris
1388 4076 1539 4145 ignes

1914 1980 1991 2032 Ex
2020 1994 2125 2048 quo
2153 1977 2315 2049 Virgo
2338 1979 2505 2035 Deum
2533 1994 2697 2033 carne
2722 1988 2897 2033 satum
2926 1977 3159 2048 peperit,

1841 2069 2070 2124 Iiillenis
2102 2070 2256 2125 anuis
2285 2078 2611 2139 centumque
2639 2084 2941 2138 novemque
2968 2067 3226 2139 peractis,

1912 2158 2062 2214 Felix
2100 2159 2188 2215 ille
2210 2174 2372 2215 senex
2400 2161 2614 2215 transiit
2636 2161 2702 2214 ad
2733 2161 2997 2229 requiem.

1840 2251 2004 2321 Cujus
2027 2251 2095 2305 ad
2118 2253 2405 2321 exsequias
2430 2254 2514 2307 vir
2541 2254 2761 2322 quidam
2793 2252 3105 2324 religiosus,

1913 2343 2091 2400 Mente
2118 2345 2337 2414 quidem
2370 2347 2594 2416 rapitur,
2627 2347 2719 2401 sed
2759 2348 2945 2417 procul
2970 2346 3083 2416 ipse
3106 2360 3353 2401 mancus.

1843 2433 2015 2491 Trans
2050 2450 2220 2503 mare,
2254 2435 2656 2494 Nortlunannos
2686 2438 2831 2509 quod
2874 2438 3064 2495 dividit
3104 2446 3266 2507 atque
3307 2435 3426 2491 Bri-

3133 2541 3357 2593 tannos,

1908 2618 2026 2674 lloc
2061 2620 2273 2690 positus
2304 2620 2456 2688 vidit,
2483 2622 2623 2690 quod
2656 2620 2949 2683 Cluniacus
2977 2529 3117 2690 agit?

1838 2710 2043 2767 Luctus
2065 2713 2268 2782 ubique
2283 2723 2461 2778 sonat,
2485 2728 2749 2782 nusquam
2773 2712 2874 2767 nisi
2900 2710 3145 2781 planctus
3172 2708 3432 2764 habetur.

1916 2802 1996 2856 Nil
2019 2803 2135 2859 sine
2156 2804 2391 2874 singultu
2425 2804 2667 2858 cernitur
2696 2813 2788 2858 aut
2814 2802 3036 2872 gemitu.

1843 2893 2079 2949 Adnotat
2104 2911 2230 2967 ergo
2260 2896 2423 2957 diem,
2452 2908 2560 2963 quo
2595 2902 2818 2948 sanctus
2844 2892 3020 2948 obisse
3050 2899 3289 2961 putatur,

1918 2985 2179 3054 lluncque
2201 2986 2351 3041 brevi
2382 2984 2556 3054 spatio
2586 2982 2903 3054 comprobat
2930 2996 3050 3036 esse
3075 2982 3235 3042 diem,

1851 3074 2003 3130 Unde
2029 3075 2253 3145 grabata
2279 3074 2405 3138 duo,
2432 3089 2550 3142 quae
2575 3074 2932 3143 portabantur
2950 3071 3024 3124 ad
3058 3080 3230 3133 astra,

1922 3167 1990 3223 Ut
2018 3168 2201 3222 senior
2219 3167 2437 3237 quidam
2466 3165 2578 3220 visa
2609 3167 2795 3227 refert,
2830 3179 3149 3219 memorem.

1848 3256 2097 3313 Prmsulis
2120 3257 2384 3321 Anselmi,
2408 3272 2514 3327 quo
2533 3255 2761 3326 praesule
2796 3255 2987 3310 Cantia
3003 3256 3223 3323 gaudet,

1920 3349 2055 3404 Esse
2078 3347 2373 3414 ferebatur,
2400 3348 2491 3417 qui
2524 3347 2671 3417 prior
2699 3358 2784 3402 est
2802 3345 3044 3410 loculus;

1847 3439 2057 3508 Quique
2080 3438 2351 3494 secundus
2381 3446 2520 3504 erat,
2552 3438 2724 3494 sancti
2760 3436 2937 3491 Patris
2959 3449 3080 3491 esse
3110 3434 3324 3488 futurus

1921 3530 2315 3594 lnsinuubatur,
2340 3538 2465 3598 post
2494 3538 2672 3583 tamen
2695 3538 2817 3584 octo
2840 3528 2970 3583 dies.

1854 3622 1976 3675 Visa
2011 3622 2141 3675 tidcs
2165 3622 2427 3689 sequitur,
2454 3635 2578 3674 nam
2605 3629 2888 3690 postquam
2918 3617 3113 3688 praesul
3143 3615 3334 3673 obivit.

1920 3709 2121 3766 Octavo
2151 3720 2396 3766 sanctum
2424 3718 2641 3765 constat
2663 3710 2841 3764 obisse
2863 3708 2972 3764 die.

1852 3802 1952 3857 llic
1987 3804 2225 3873 regimen
2252 3817 2469 3856 sacrum
2488 3800 2675 3856 lustris
2701 3800 2875 3855 tenuit
2900 3797 3182 3860 duodenis,

1924 3895 2075 3949 Adde
2098 3895 2231 3950 duos
2253 3909 2484 3957 menses,
2509 3894 2735 3963 insuper
2762 3900 2887 3946 octo
2908 3890 3044 3946 dies.

1856 3986 2001 4050 llaec,
2030 3986 2193 4042 Pater
2216 3986 2386 4056 llngo,
2421 3986 2492 4039 tui
2520 3984 2773 4039 Rainaldi
2798 3984 2938 4039 dicta
2964 3981 3198 4051 nepotis,

1925 4078 2171 4150 Suscipe,
2203 4094 2403 4149 quaso,
2429 4078 2512 4148 pie
2537 4092 2728 4147 meque
2752 4086 2920 4143 tuere,
2952 4075 3128 4131 Pater.

220 4166 385 4231 Quos
408 4164 546 4220 bene
578 4166 778 4233 vicisu,
810 4166 1029 4235 tejubet
1055 4168 1141 4223 hic
1166 4167 1353 4224 recoli.

1289 4488 1916 4603 EPITOME
2001 4489 2399 4607 VlT/E

141 4706 245 4765 Ab
295 4704 580 4767 Ezelone
616 4713 808 4786 atque
848 4708 1082 4771 Cilone
1122 4687 1451 4771 monachis
1482 4709 2028 4773 Cluniacensibns
2083 4710 2372 4789 proxime
2424 4711 2505 4772 ab
2539 4713 2719 4775 obitu
2768 4692 2974 4772 sancti
3005 4709 3281 4788 scriptae,
3321 4725 3435 4788 per

1405 4805 1798 4866 unonymum
1839 4801 2159 4868 excerpta.

666 4948 773 5019 (Ex
805 4967 902 5003 ms.
935 4949 1224 5004 Bodecensi
1255 4950 1306 5002 in
1350 4949 1555 5003 dictum“
1586 4946 2009 5004 I‘adcrbomeusi
2057 4961 2207 5007 eruta
2247 4970 2278 5005 τι
2301 4951 2511 5007 Joanne
2537 4951 2730 5006 Cumas
2844 4950 2925 5021 Ι.)

224 5268 281 5320 ι.
331 5264 528 5319 Beatus
565 5264 717 5335 lingo
760 5264 925 5319 abbas
968 5264 1359 5329 Cluniacensis,
1404 5266 1743 5336 Augusmdu-
1782 5262 1827 5319 D
1858 5267 2143 5320 missarum
2169 5264 2429 5320 solemnia
2454 5264 2716 5320 attentius
2753 5272 3053 5334 peroraret,
3088 5272 3160 5329 et
3218 5279 3266 5317 In
3313 5278 3443 5319 con-

138 5358 348 5415 nensis
394 5355 639 5425 indigena
683 5356 805 5421 fuit,
838 5356 999 5412 nobili
1046 5372 1263 5428 genere,
1293 5366 1443 5426 patre
1487 5357 1752 5412 Dalmatia
1857 5357 2205 5426 templatione
2244 5371 2561 5426 suspensus,
2587 5370 2751 5425 super
2797 5357 3147 5424 semetipsum
3188 5354 3442 5409 sustolle-

137 5447 459 5511 eonsulari,
492 5449 605 5502 viro
657 5448 865 5503 bellicis
912 5450 1072 5503 rebus
1110 5451 1339 5504 intento;
1366 5448 1537 5518 Hujus
1576 5458 1750 5503 mater
1858 5460 2025 5517 retur,
2062 5450 2260 5505 vidisse
2284 5451 2335 5505 in
2362 5448 2531 5505 calice
2561 5448 2752 5516 fertur,
2788 5449 2874 5503 cui
2905 5446 3185 5502 ardentius
3229 5446 3438 5499 incum-

100 5574 105 5577 »
138 5541 411 5613 gravida,
440 5554 562 5595 cum
592 5540 643 5594 in
693 5551 849 5611 partu
877 5541 1113 5612 graviter
1136 5540 1430 5606 laboraret,
1458 5542 1745 5611 quemdam
1854 5541 2041 5607 bebat,
2066 5542 2301 5611 speciem
2344 5539 2669 5603 infantilem,
2694 5555 2857 5610 super
2894 5538 3187 5593 humanum
3219 5537 3441 5590 modum

138 5632 501 5687 sacerdotem
533 5631 863 5699 religiosum,
904 5647 1003 5701 pro
1040 5632 1121 5686 sui
1148 5631 1465 5687 liberatione
1495 5633 1752 5687 etnasci-
1854 5634 2179 5687 radfantem.
2222 5634 2389 5701 Digna
2438 5648 2659 5701 prorsus
2706 5632 2863 5695 visio,
2916 5639 2970 5683 et
3016 5643 3142 5683 vere
3194 5640 3439 5696 prmsaga

139 5726 261 5779 turi
317 5722 515 5789 salute,
560 5723 780 5779 missam
835 5724 1116 5781 celebrare
1165 5724 1427 5780 exoravit.
1475 5723 1575 5793 Qui
1623 5725 1750 5781 dum
1855 5724 2121 5792 futuri,iu
2143 5724 2311 5780 calice
2341 5725 2586 5796 apparuit
2616 5724 2851 5780 nondum
2876 5729 3055 5785 natus,
3087 5717 3179 5788 qui
3208 5718 3277 5771 ab
3307 5717 3439 5771 alo-
