  <div class='ocr_page' id='page_1' title='image "/cluster/home/n/w/nwhite01/storage/ocr_20150623/159/hvd.32044024236648/464.png"; bbox 0 0 3928 6298; ppageno 0'>
   <div class='ocr_carea' id='block_1_1' title="bbox 115 285 222 343">
    <p class='ocr_par' dir='ltr' id='par_1_1' title="bbox 115 285 222 343">
     <span class='ocr_line' id='line_1_1' title="bbox 115 285 222 343; baseline -0.028 1"><span class='ocrx_word' id='word_1_1' title='bbox 115 285 222 343; x_wconf 74' lang='grc'><strong>913</strong></span> 
     </span>
    </p>
   </div>
   <div class='ocr_carea' id='block_1_2' title="bbox 1676 274 1853 330">
    <p class='ocr_par' dir='ltr' id='par_1_2' title="bbox 1676 274 1853 330">
     <span class='ocr_line' id='line_1_2' title="bbox 1676 274 1853 330; baseline 0 -2"><span class='ocrx_word' id='word_1_2' title='bbox 1676 274 1853 330; x_wconf 72' lang='lat' dir='ltr'><strong>VlTA.</strong></span> 
     </span>
    </p>
   </div>
   <div class='ocr_carea' id='block_1_3' title="bbox 3289 271 3394 325">
    <p class='ocr_par' dir='ltr' id='par_1_3' title="bbox 3289 271 3394 325">
     <span class='ocr_line' id='line_1_3' title="bbox 3289 271 3394 325; baseline 0 0"><span class='ocrx_word' id='word_1_3' title='bbox 3289 271 3394 325; x_wconf 70' lang='lat' dir='ltr'><strong>9H</strong></span> 
     </span>
    </p>
   </div>
   <div class='ocr_carea' id='block_1_4' title="bbox 108 384 3400 459">
    <p class='ocr_par' dir='ltr' id='par_1_4' title="bbox 108 384 3400 459">
     <span class='ocr_line' id='line_1_4' title="bbox 108 384 3400 459; baseline -0.005 -3"><span class='ocrx_word' id='word_1_4' title='bbox 108 399 371 457; x_wconf 82' lang='lat' dir='ltr'><strong>severitas</strong></span> <span class='ocrx_word' id='word_1_5' title='bbox 412 395 682 450; x_wconf 77' lang='lat' dir='ltr'><strong>excedens</strong></span> <span class='ocrx_word' id='word_1_6' title='bbox 730 392 1042 446; x_wconf 73' lang='lat' dir='ltr'><strong>haberetur.</strong></span> <span class='ocrx_word' id='word_1_7' title='bbox 1078 387 1285 459; x_wconf 89' lang='lat' dir='ltr'><strong>Spiritu</strong></span> <span class='ocrx_word' id='word_1_8' title='bbox 1315 401 1450 442; x_wconf 84' lang='lat' dir='ltr'><strong>vero</strong></span> <span class='ocrx_word' id='word_1_9' title='bbox 1481 390 1710 458; x_wconf 88' lang='lat' dir='ltr'><strong>prophc-</strong></span> <span class='ocrx_word' id='word_1_10' title='bbox 1741 393 1787 451; x_wconf 81' lang='grc' dir='ltr'><strong>Λ</strong></span> <span class='ocrx_word' id='word_1_11' title='bbox 1819 386 1967 453; x_wconf 87' lang='lat' dir='ltr'><strong>dam,</strong></span> <span class='ocrx_word' id='word_1_12' title='bbox 2004 386 2239 458; x_wconf 84' lang='lat' dir='ltr'><strong>seipsum</strong></span> <span class='ocrx_word' id='word_1_13' title='bbox 2269 387 2322 442; x_wconf 90' lang='lat' dir='ltr'><strong>in</strong></span> <span class='ocrx_word' id='word_1_14' title='bbox 2352 385 2584 457; x_wconf 88' lang='lat' dir='ltr'><strong>quadam</strong></span> <span class='ocrx_word' id='word_1_15' title='bbox 2609 385 2742 441; x_wconf 87' lang='lat' dir='ltr'><strong>silva</strong></span> <span class='ocrx_word' id='word_1_16' title='bbox 2777 384 3022 450; x_wconf 87' lang='lat' dir='ltr'><strong>necavit;</strong></span> <span class='ocrx_word' id='word_1_17' title='bbox 3051 393 3166 439; x_wconf 90' lang='lat' dir='ltr'><strong>erat</strong></span> <span class='ocrx_word' id='word_1_18' title='bbox 3217 393 3400 440; x_wconf 84' lang='lat' dir='ltr'><strong>tamen</strong></span> 
     </span>
    </p>
   </div>
   <div class='ocr_carea' id='block_1_5' title="bbox 112 478 1697 549">
    <p class='ocr_par' dir='ltr' id='par_1_5' title="bbox 112 478 1697 549">
     <span class='ocr_line' id='line_1_5' title="bbox 112 478 1697 549; baseline -0.01 -2"><span class='ocrx_word' id='word_1_19' title='bbox 112 495 198 548; x_wconf 71' lang='lat' dir='ltr'><strong>tize</strong></span> <span class='ocrx_word' id='word_1_20' title='bbox 248 492 556 546; x_wconf 82' lang='lat' dir='ltr'><strong>discernere</strong></span> <span class='ocrx_word' id='word_1_21' title='bbox 591 486 644 541; x_wconf 92' lang='lat' dir='ltr'><strong>in</strong></span> <span class='ocrx_word' id='word_1_22' title='bbox 695 482 928 538; x_wconf 35' lang='lat' dir='ltr'><strong>novitiis.</strong></span> <span class='ocrx_word' id='word_1_23' title='bbox 963 481 1192 544; x_wconf 79' lang='lat' dir='ltr'><strong>solebat,</strong></span> <span class='ocrx_word' id='word_1_24' title='bbox 1221 478 1314 549; x_wconf 86' lang='lat' dir='ltr'><strong>qui</strong></span> <span class='ocrx_word' id='word_1_25' title='bbox 1359 487 1540 534; x_wconf 80' lang='lat' dir='ltr'><strong>essent</strong></span> <span class='ocrx_word' id='word_1_26' title='bbox 1587 478 1697 532; x_wconf 75' lang='lat' dir='ltr'><strong>fru-</strong></span> 
     </span>
    </p>
   </div>
   <div class='ocr_carea' id='block_1_6' title="bbox 112 570 1702 642">
    <p class='ocr_par' dir='ltr' id='par_1_6' title="bbox 112 570 1702 642">
     <span class='ocr_line' id='line_1_6' title="bbox 112 570 1702 642; baseline -0.008 -4"><span class='ocrx_word' id='word_1_27' title='bbox 112 582 284 638; x_wconf 89' lang='lat' dir='ltr'><strong>menti</strong></span> <span class='ocrx_word' id='word_1_28' title='bbox 327 578 628 635; x_wconf 72' lang='lat' dir='ltr'><strong>stabilitate</strong></span> <span class='ocrx_word' id='word_1_29' title='bbox 661 573 948 638; x_wconf 82' lang='lat' dir='ltr'><strong>solidandi,</strong></span> <span class='ocrx_word' id='word_1_30' title='bbox 993 580 1049 627; x_wconf 90' lang='lat' dir='ltr'><strong>et</strong></span> <span class='ocrx_word' id='word_1_31' title='bbox 1090 571 1184 641; x_wconf 90' lang='lat' dir='ltr'><strong>qui</strong></span> <span class='ocrx_word' id='word_1_32' title='bbox 1230 579 1486 642; x_wconf 79' lang='lat' dir='ltr'><strong>tanquam</strong></span> <span class='ocrx_word' id='word_1_33' title='bbox 1535 570 1702 640; x_wconf 71' lang='lat' dir='ltr'><strong>palen:</strong></span> 
     </span>
    </p>
   </div>
   <div class='ocr_carea' id='block_1_7' title="bbox 109 663 1698 745">
    <p class='ocr_par' dir='ltr' id='par_1_7' title="bbox 109 663 1698 745">
     <span class='ocr_line' id='line_1_7' title="bbox 109 663 1698 745; baseline -0.009 -15"><span class='ocrx_word' id='word_1_34' title='bbox 109 675 302 745; x_wconf 77' lang='lat' dir='ltr'><strong>spiritu</strong></span> <span class='ocrx_word' id='word_1_35' title='bbox 333 671 567 740; x_wconf 89' lang='lat' dir='ltr'><strong>maligno</strong></span> <span class='ocrx_word' id='word_1_36' title='bbox 598 665 914 723; x_wconf 76' lang='lat' dir='ltr'><strong>ventilandi.</strong></span> <span class='ocrx_word' id='word_1_37' title='bbox 946 663 1191 732; x_wconf 83' lang='lat' dir='ltr'><strong>Quodam</strong></span> <span class='ocrx_word' id='word_1_38' title='bbox 1239 677 1367 717; x_wconf 90' lang='lat' dir='ltr'><strong>vero</strong></span> <span class='ocrx_word' id='word_1_39' title='bbox 1425 671 1698 731; x_wconf 87' lang='lat' dir='ltr'><strong>tempore,</strong></span> 
     </span>
    </p>
   </div>
   <div class='ocr_carea' id='block_1_8' title="bbox 107 751 1700 832">
    <p class='ocr_par' dir='ltr' id='par_1_8' title="bbox 107 751 1700 832">
     <span class='ocr_line' id='line_1_8' title="bbox 107 751 1700 832; baseline -0.013 -9"><span class='ocrx_word' id='word_1_40' title='bbox 107 783 233 824; x_wconf 86' lang='lat' dir='ltr'><strong>cum</strong></span> <span class='ocrx_word' id='word_1_41' title='bbox 265 772 408 820; x_wconf 87' lang='lat' dir='ltr'><strong>esset</strong></span> <span class='ocrx_word' id='word_1_42' title='bbox 431 761 572 832; x_wconf 89' lang='lat' dir='ltr'><strong>apud</strong></span> <span class='ocrx_word' id='word_1_43' title='bbox 592 757 1004 817; x_wconf 81' lang='lat' dir='ltr'><strong>Marciniacum,</strong></span> <span class='ocrx_word' id='word_1_44' title='bbox 1032 753 1288 823; x_wconf 86' lang='lat' dir='ltr'><strong>adjuncto</strong></span> <span class='ocrx_word' id='word_1_45' title='bbox 1305 751 1406 808; x_wconf 90' lang='lat' dir='ltr'><strong>sibi</strong></span> <span class='ocrx_word' id='word_1_46' title='bbox 1437 751 1700 822; x_wconf 85' lang='lat' dir='ltr'><strong>praeclaro</strong></span> 
     </span>
    </p>
   </div>
   <div class='ocr_carea' id='block_1_9' title="bbox 107 841 1703 914">
    <p class='ocr_par' dir='ltr' id='par_1_9' title="bbox 107 841 1703 914">
     <span class='ocr_line' id='line_1_9' title="bbox 107 841 1703 914; baseline -0.011 -2"><span class='ocrx_word' id='word_1_47' title='bbox 107 857 365 912; x_wconf 78' lang='lat' dir='ltr'><strong>Ansclmo</strong></span> <span class='ocrx_word' id='word_1_48' title='bbox 408 849 788 909; x_wconf 87' lang='lat' dir='ltr'><strong>Cantuariensi</strong></span> <span class='ocrx_word' id='word_1_49' title='bbox 845 844 1288 914; x_wconf 83' lang='lat' dir='ltr'><strong>archiepiscopo,</strong></span> <span class='ocrx_word' id='word_1_50' title='bbox 1339 841 1432 912; x_wconf 92' lang='lat' dir='ltr'><strong>qui</strong></span> <span class='ocrx_word' id='word_1_51' title='bbox 1484 851 1703 911; x_wconf 80' lang='lat' dir='ltr'><strong>propter</strong></span> 
     </span>
    </p>
   </div>
   <div class='ocr_carea' id='block_1_10' title="bbox 105 932 1704 1019">
    <p class='ocr_par' dir='ltr' id='par_1_10' title="bbox 105 932 1704 1019">
     <span class='ocr_line' id='line_1_10' title="bbox 105 932 1704 1019; baseline -0.011 -16"><span class='ocrx_word' id='word_1_52' title='bbox 105 948 376 1019; x_wconf 84' lang='lat' dir='ltr'><strong>justit&#39;am</strong></span> <span class='ocrx_word' id='word_1_53' title='bbox 409 945 477 1000; x_wconf 87' lang='lat' dir='ltr'><strong>ab</strong></span> <span class='ocrx_word' id='word_1_54' title='bbox 506 941 979 1011; x_wconf 72' lang='lat' dir='ltr'><strong>archiepiscopatu</strong></span> <span class='ocrx_word' id='word_1_55' title='bbox 1023 944 1265 992; x_wconf 87' lang='lat' dir='ltr'><strong>semotus</strong></span> <span class='ocrx_word' id='word_1_56' title='bbox 1301 932 1704 1002; x_wconf 87' lang='lat' dir='ltr'><strong>jucundahatur</strong></span> 
     </span>
    </p>
   </div>
   <div class='ocr_carea' id='block_1_11' title="bbox 107 1029 1701 1105">
    <p class='ocr_par' dir='ltr' id='par_1_11' title="bbox 107 1029 1701 1105">
     <span class='ocr_line' id='line_1_11' title="bbox 107 1029 1701 1105; baseline -0.009 -9"><span class='ocrx_word' id='word_1_57' title='bbox 107 1041 229 1103; x_wconf 57' lang='lat' dir='ltr'><strong>eius</strong></span> <span class='ocrx_word' id='word_1_58' title='bbox 261 1039 477 1105; x_wconf 87' lang='lat' dir='ltr'><strong>solatio,</strong></span> <span class='ocrx_word' id='word_1_59' title='bbox 523 1035 702 1092; x_wconf 89' lang='lat' dir='ltr'><strong>divina</strong></span> <span class='ocrx_word' id='word_1_60' title='bbox 733 1033 1068 1089; x_wconf 89' lang='lat' dir='ltr'><strong>revelatione</strong></span> <span class='ocrx_word' id='word_1_61' title='bbox 1107 1029 1434 1094; x_wconf 82' lang='lat' dir='ltr'><strong>admonitus,</strong></span> <span class='ocrx_word' id='word_1_62' title='bbox 1472 1035 1701 1083; x_wconf 90' lang='lat' dir='ltr'><strong>mortem</strong></span> 
     </span>
    </p>
   </div>
   <div class='ocr_carea' id='block_1_12' title="bbox 106 1118 1697 1199">
    <p class='ocr_par' dir='ltr' id='par_1_12' title="bbox 106 1118 1697 1199">
     <span class='ocr_line' id='line_1_12' title="bbox 106 1118 1697 1199; baseline -0.011 -13"><span class='ocrx_word' id='word_1_63' title='bbox 106 1129 403 1186; x_wconf 79' lang='lat' dir='ltr'><strong>Wdlhelmi</strong></span> <span class='ocrx_word' id='word_1_64' title='bbox 429 1127 574 1199; x_wconf 87' lang='lat' dir='ltr'><strong>regis</strong></span> <span class='ocrx_word' id='word_1_65' title='bbox 599 1124 806 1197; x_wconf 61' lang='lat' dir='ltr'><strong>Anglia;</strong></span> <span class='ocrx_word' id='word_1_66' title='bbox 830 1129 1267 1180; x_wconf 87' lang='lat' dir='ltr'><strong>momentaneam</strong></span> <span class='ocrx_word' id='word_1_67' title='bbox 1281 1118 1697 1190; x_wconf 68' lang='lat' dir='ltr'><strong>praenuntiavit;</strong></span> 
     </span>
    </p>
   </div>
   <div class='ocr_carea' id='block_1_13' title="bbox 107 1210 1702 1293">
    <p class='ocr_par' dir='ltr' id='par_1_13' title="bbox 107 1210 1702 1293">
     <span class='ocr_line' id='line_1_13' title="bbox 107 1210 1702 1293; baseline -0.007 -16"><span class='ocrx_word' id='word_1_68' title='bbox 107 1235 161 1278; x_wconf 85' lang='lat' dir='ltr'><strong>et</strong></span> <span class='ocrx_word' id='word_1_69' title='bbox 186 1232 248 1277; x_wconf 90' lang='lat' dir='ltr'><strong>ut</strong></span> <span class='ocrx_word' id='word_1_70' title='bbox 304 1222 652 1293; x_wconf 69' lang='lat' dir='ltr'><strong>prmdixerat,</strong></span> <span class='ocrx_word' id='word_1_71' title='bbox 699 1219 917 1274; x_wconf 88' lang='lat' dir='ltr'><strong>accidit.</strong></span> <span class='ocrx_word' id='word_1_72' title='bbox 947 1216 1080 1272; x_wconf 79' lang='lat' dir='ltr'><strong>Nam</strong></span> <span class='ocrx_word' id='word_1_73' title='bbox 1110 1216 1236 1271; x_wconf 90' lang='lat' dir='ltr'><strong>dum</strong></span> <span class='ocrx_word' id='word_1_74' title='bbox 1271 1214 1360 1270; x_wconf 90' lang='lat' dir='ltr'><strong>ille</strong></span> <span class='ocrx_word' id='word_1_75' title='bbox 1389 1228 1488 1284; x_wconf 88' lang='lat' dir='ltr'><strong>per</strong></span> <span class='ocrx_word' id='word_1_76' title='bbox 1531 1210 1702 1267; x_wconf 88' lang='lat' dir='ltr'><strong>saltus</strong></span> 
     </span>
    </p>
   </div>
   <div class='ocr_carea' id='block_1_14' title="bbox 107 1301 1703 1386">
    <p class='ocr_par' dir='ltr' id='par_1_14' title="bbox 107 1301 1703 1386">
     <span class='ocr_line' id='line_1_14' title="bbox 107 1301 1703 1386; baseline -0.013 -12"><span class='ocrx_word' id='word_1_77' title='bbox 107 1315 328 1386; x_wconf 79' lang='lat' dir='ltr'><strong>fugaces</strong></span> <span class='ocrx_word' id='word_1_78' title='bbox 365 1328 554 1369; x_wconf 88' lang='lat' dir='ltr'><strong>servos</strong></span> <span class='ocrx_word' id='word_1_79' title='bbox 602 1312 867 1378; x_wconf 80' lang='lat' dir='ltr'><strong>sagittare</strong></span> <span class='ocrx_word' id='word_1_80' title='bbox 917 1307 1174 1380; x_wconf 85' lang='lat' dir='ltr'><strong>gestiret‘,</strong></span> <span class='ocrx_word' id='word_1_81' title='bbox 1227 1305 1479 1376; x_wconf 82' lang='lat' dir='ltr'><strong>sagittam</strong></span> <span class='ocrx_word' id='word_1_82' title='bbox 1524 1301 1703 1358; x_wconf 91' lang='lat' dir='ltr'><strong>subito</strong></span> 
     </span>
    </p>
   </div>
   <div class='ocr_carea' id='block_1_15' title="bbox 108 1391 1701 1473">
    <p class='ocr_par' dir='ltr' id='par_1_15' title="bbox 108 1391 1701 1473">
     <span class='ocr_line' id='line_1_15' title="bbox 108 1391 1701 1473; baseline -0.011 -12"><span class='ocrx_word' id='word_1_83' title='bbox 108 1408 160 1462; x_wconf 92' lang='lat' dir='ltr'><strong>in</strong></span> <span class='ocrx_word' id='word_1_84' title='bbox 188 1406 356 1461; x_wconf 90' lang='lat' dir='ltr'><strong>corde</strong></span> <span class='ocrx_word' id='word_1_85' title='bbox 386 1404 626 1473; x_wconf 88' lang='lat' dir='ltr'><strong>suscepit</strong></span> <span class='ocrx_word' id='word_1_86' title='bbox 654 1417 758 1473; x_wconf 89' lang='lat' dir='ltr'><strong>qua</strong></span> <span class='ocrx_word' id='word_1_87' title='bbox 789 1401 944 1456; x_wconf 80' lang='lat' dir='ltr'><strong>miles</strong></span> <span class='ocrx_word' id='word_1_88' title='bbox 973 1414 1104 1455; x_wconf 90' lang='lat' dir='ltr'><strong>suus</strong></span> <span class='ocrx_word' id='word_1_89' title='bbox 1129 1411 1353 1453; x_wconf 90' lang='lat' dir='ltr'><strong>cervum</strong></span> <span class='ocrx_word' id='word_1_90' title='bbox 1386 1391 1701 1464; x_wconf 86' lang='lat' dir='ltr'><strong>impetebat.</strong></span> 
     </span>
    </p>
   </div>
   <div class='ocr_carea' id='block_1_16' title="bbox 98 1480 1702 1566">
    <p class='ocr_par' dir='ltr' id='par_1_16' title="bbox 98 1480 1702 1566">
     <span class='ocr_line' id='line_1_16' title="bbox 98 1480 1702 1566; baseline -0.011 -15"><span class='ocrx_word' id='word_1_91' title='bbox 98 1497 225 1552; x_wconf 72' lang='lat' dir='ltr'><strong>.Alio</strong></span> <span class='ocrx_word' id='word_1_92' title='bbox 275 1506 541 1566; x_wconf 88' lang='lat' dir='ltr'><strong>tempore,</strong></span> <span class='ocrx_word' id='word_1_93' title='bbox 585 1507 708 1550; x_wconf 89' lang='lat' dir='ltr'><strong>cum</strong></span> <span class='ocrx_word' id='word_1_94' title='bbox 745 1490 1008 1547; x_wconf 91' lang='lat' dir='ltr'><strong>dormiret</strong></span> <span class='ocrx_word' id='word_1_95' title='bbox 1058 1488 1200 1543; x_wconf 90' lang='lat' dir='ltr'><strong>idem</strong></span> <span class='ocrx_word' id='word_1_96' title='bbox 1245 1484 1428 1550; x_wconf 82' lang='lat' dir='ltr'><strong>Pater,</strong></span> <span class='ocrx_word' id='word_1_97' title='bbox 1479 1481 1614 1551; x_wconf 88' lang='lat' dir='ltr'><strong>vidit</strong></span> <span class='ocrx_word' id='word_1_98' title='bbox 1649 1480 1702 1535; x_wconf 90' lang='lat' dir='ltr'><strong>in</strong></span> 
     </span>
    </p>
   </div>
   <div class='ocr_carea' id='block_1_17' title="bbox 107 1571 1704 1657">
    <p class='ocr_par' dir='ltr' id='par_1_17' title="bbox 107 1571 1704 1657">
     <span class='ocr_line' id='line_1_17' title="bbox 107 1571 1704 1657; baseline -0.014 -11"><span class='ocrx_word' id='word_1_99' title='bbox 107 1605 301 1646; x_wconf 80' lang='lat' dir='ltr'><strong>somno</strong></span> <span class='ocrx_word' id='word_1_100' title='bbox 331 1588 432 1643; x_wconf 91' lang='lat' dir='ltr'><strong>sub</strong></span> <span class='ocrx_word' id='word_1_101' title='bbox 475 1585 653 1657; x_wconf 87' lang='lat' dir='ltr'><strong>capite</strong></span> <span class='ocrx_word' id='word_1_102' title='bbox 680 1598 780 1640; x_wconf 90' lang='lat' dir='ltr'><strong>suo</strong></span> <span class='ocrx_word' id='word_1_103' title='bbox 807 1581 1011 1638; x_wconf 84' lang='lat' dir='ltr'><strong>cubare</strong></span> <span class='ocrx_word' id='word_1_104' title='bbox 1036 1577 1372 1648; x_wconf 86' lang='lat' dir='ltr'><strong>serpentium</strong></span> <span class='ocrx_word' id='word_1_105' title='bbox 1403 1571 1704 1628; x_wconf 84' lang='lat' dir='ltr'><strong>multitudi-</strong></span> 
     </span>
    </p>
   </div>
   <div class='ocr_carea' id='block_1_18' title="bbox 109 1663 1700 1746">
    <p class='ocr_par' dir='ltr' id='par_1_18' title="bbox 109 1663 1700 1746">
     <span class='ocr_line' id='line_1_18' title="bbox 109 1663 1700 1746; baseline -0.013 -10"><span class='ocrx_word' id='word_1_106' title='bbox 109 1689 300 1737; x_wconf 89' lang='lat' dir='ltr'><strong>nemet</strong></span> <span class='ocrx_word' id='word_1_107' title='bbox 325 1679 595 1744; x_wconf 88' lang='lat' dir='ltr'><strong>ferarum;</strong></span> <span class='ocrx_word' id='word_1_108' title='bbox 630 1676 722 1746; x_wconf 88' lang='lat' dir='ltr'><strong>qui</strong></span> <span class='ocrx_word' id='word_1_109' title='bbox 751 1675 852 1730; x_wconf 90' lang='lat' dir='ltr'><strong>sub</strong></span> <span class='ocrx_word' id='word_1_110' title='bbox 877 1673 1056 1742; x_wconf 87' lang='lat' dir='ltr'><strong>capite</strong></span> <span class='ocrx_word' id='word_1_111' title='bbox 1099 1669 1383 1728; x_wconf 77' lang='lat' dir='ltr'><strong>excutiens</strong></span> <span class='ocrx_word' id='word_1_112' title='bbox 1411 1675 1466 1722; x_wconf 88' lang='lat' dir='ltr'><strong>ct</strong></span> <span class='ocrx_word' id='word_1_113' title='bbox 1509 1663 1700 1733; x_wconf 81' lang='lat' dir='ltr'><strong>exqui-</strong></span> 
     </span>
    </p>
   </div>
   <div class='ocr_carea' id='block_1_19' title="bbox 1806 475 3397 549">
    <p class='ocr_par' dir='ltr' id='par_1_19' title="bbox 1806 475 3397 549">
     <span class='ocr_line' id='line_1_19' title="bbox 1806 475 3397 549; baseline -0.001 -15"><span class='ocrx_word' id='word_1_114' title='bbox 1806 478 2108 536; x_wconf 71' lang='lat' dir='ltr'><strong>iracundite</strong></span> <span class='ocrx_word' id='word_1_115' title='bbox 2147 478 2349 549; x_wconf 79' lang='lat' dir='ltr'><strong>gravis,</strong></span> <span class='ocrx_word' id='word_1_116' title='bbox 2391 492 2497 548; x_wconf 87' lang='lat' dir='ltr'><strong>qua</strong></span> <span class='ocrx_word' id='word_1_117' title='bbox 2553 476 2668 546; x_wconf 88' lang='lat' dir='ltr'><strong>ejus</strong></span> <span class='ocrx_word' id='word_1_118' title='bbox 2715 475 3109 547; x_wconf 88' lang='lat' dir='ltr'><strong>complectione</strong></span> <span class='ocrx_word' id='word_1_119' title='bbox 3162 483 3397 532; x_wconf 83' lang='lat' dir='ltr'><strong>tentator</strong></span> 
     </span>
    </p>
   </div>
   <div class='ocr_carea' id='block_1_20' title="bbox 1801 565 3397 639">
    <p class='ocr_par' dir='ltr' id='par_1_20' title="bbox 1801 565 3397 639">
     <span class='ocr_line' id='line_1_20' title="bbox 1801 565 3397 639; baseline -0.003 -14"><span class='ocrx_word' id='word_1_120' title='bbox 1801 569 2096 636; x_wconf 76' lang='lat' dir='ltr'><strong>excitatus,</strong></span> <span class='ocrx_word' id='word_1_121' title='bbox 2124 569 2264 624; x_wconf 90' lang='lat' dir='ltr'><strong>forte</strong></span> <span class='ocrx_word' id='word_1_122' title='bbox 2293 568 2594 639; x_wconf 67' lang='lat' dir='ltr'><strong>praevaluit.</strong></span> <span class='ocrx_word' id='word_1_123' title='bbox 2624 566 2794 637; x_wconf 83' lang='lat' dir='ltr'><strong>Hujus</strong></span> <span class='ocrx_word' id='word_1_124' title='bbox 2824 568 3004 623; x_wconf 87' lang='lat' dir='ltr'><strong>anima</strong></span> <span class='ocrx_word' id='word_1_125' title='bbox 3033 567 3099 622; x_wconf 89' lang='lat' dir='ltr'><strong>ad</strong></span> <span class='ocrx_word' id='word_1_126' title='bbox 3131 565 3397 637; x_wconf 84' lang='lat' dir='ltr'><strong>judicium</strong></span> 
     </span>
    </p>
   </div>
   <div class='ocr_carea' id='block_1_21' title="bbox 1804 658 3396 732">
    <p class='ocr_par' dir='ltr' id='par_1_21' title="bbox 1804 658 3396 732">
     <span class='ocr_line' id='line_1_21' title="bbox 1804 658 3396 732; baseline -0.001 -17"><span class='ocrx_word' id='word_1_127' title='bbox 1804 671 1978 732; x_wconf 89' lang='lat' dir='ltr'><strong>rapta,</strong></span> <span class='ocrx_word' id='word_1_128' title='bbox 2048 670 2453 730; x_wconf 85' lang='lat' dir='ltr'><strong>accusatorem,</strong></span> <span class='ocrx_word' id='word_1_129' title='bbox 2495 661 2915 732; x_wconf 61' lang='lat' dir='ltr'><strong>prwtendentem</strong></span> <span class='ocrx_word' id='word_1_130' title='bbox 2944 660 3091 732; x_wconf 79' lang='grc'><strong>(107)</strong></span> <span class='ocrx_word' id='word_1_131' title='bbox 3123 658 3396 716; x_wconf 89' lang='lat' dir='ltr'><strong>cultellum</strong></span> 
     </span>
    </p>
   </div>
   <div class='ocr_carea' id='block_1_22' title="bbox 1803 750 3397 822">
    <p class='ocr_par' dir='ltr' id='par_1_22' title="bbox 1803 750 3397 822">
     <span class='ocr_line' id='line_1_22' title="bbox 1803 750 3397 822; baseline 0 -14"><span class='ocrx_word' id='word_1_132' title='bbox 1803 753 2172 819; x_wconf 87' lang='lat' dir='ltr'><strong>necatorium,</strong></span> <span class='ocrx_word' id='word_1_133' title='bbox 2215 751 2472 807; x_wconf 80' lang='lat' dir='ltr'><strong>infestant</strong></span> <span class='ocrx_word' id='word_1_134' title='bbox 2513 751 2723 808; x_wconf 88' lang='lat' dir='ltr'><strong>habuit.</strong></span> <span class='ocrx_word' id='word_1_135' title='bbox 2774 751 2937 808; x_wconf 85' lang='lat' dir='ltr'><strong>Miser</strong></span> <span class='ocrx_word' id='word_1_136' title='bbox 2977 767 3086 807; x_wconf 82' lang='lat' dir='ltr'><strong>suae</strong></span> <span class='ocrx_word' id='word_1_137' title='bbox 3143 750 3397 822; x_wconf 87' lang='lat' dir='ltr'><strong>prodigus</strong></span> 
     </span>
    </p>
   </div>
   <div class='ocr_carea' id='block_1_23' title="bbox 1803 842 3397 914">
    <p class='ocr_par' dir='ltr' id='par_1_23' title="bbox 1803 842 3397 914">
     <span class='ocr_line' id='line_1_23' title="bbox 1803 842 3397 914; baseline 0 -16"><span class='ocrx_word' id='word_1_138' title='bbox 1803 845 2020 908; x_wconf 65' lang='lat' dir='ltr'><strong>animai,</strong></span> <span class='ocrx_word' id='word_1_139' title='bbox 2076 852 2276 899; x_wconf 82' lang='lat' dir='ltr'><strong>exutus</strong></span> <span class='ocrx_word' id='word_1_140' title='bbox 2329 857 2359 896; x_wconf 90' lang='lat' dir='ltr'><strong>a</strong></span> <span class='ocrx_word' id='word_1_141' title='bbox 2402 842 2638 909; x_wconf 89' lang='lat' dir='ltr'><strong>cuculla,</strong></span> <span class='ocrx_word' id='word_1_142' title='bbox 2681 843 2977 914; x_wconf 88' lang='lat' dir='ltr'><strong>apostolica</strong></span> <span class='ocrx_word' id='word_1_143' title='bbox 3009 842 3397 902; x_wconf 81' lang='lat' dir='ltr'><strong>intercessione</strong></span> 
     </span>
    </p>
   </div>
   <div class='ocr_carea' id='block_1_24' title="bbox 1803 932 3398 1006">
    <p class='ocr_par' dir='ltr' id='par_1_24' title="bbox 1803 932 3398 1006">
     <span class='ocr_line' id='line_1_24' title="bbox 1803 932 3398 1006; baseline -0.005 -12"><span class='ocrx_word' id='word_1_144' title='bbox 1803 936 2040 994; x_wconf 88' lang='lat' dir='ltr'><strong>obtinuit</strong></span> <span class='ocrx_word' id='word_1_145' title='bbox 2072 946 2338 1006; x_wconf 87' lang='lat' dir='ltr'><strong>quatenus</strong></span> <span class='ocrx_word' id='word_1_146' title='bbox 2391 946 2521 992; x_wconf 91' lang='lat' dir='ltr'><strong>ante</strong></span> <span class='ocrx_word' id='word_1_147' title='bbox 2572 936 2856 992; x_wconf 90' lang='lat' dir='ltr'><strong>introitum</strong></span> <span class='ocrx_word' id='word_1_148' title='bbox 2906 933 3126 991; x_wconf 88' lang='lat' dir='ltr'><strong>claustri</strong></span> <span class='ocrx_word' id='word_1_149' title='bbox 3179 932 3398 989; x_wconf 89' lang='lat' dir='ltr'><strong>Clunia-</strong></span> 
     </span>
    </p>
   </div>
   <div class='ocr_carea' id='block_1_25' title="bbox 1803 1023 3396 1096">
    <p class='ocr_par' dir='ltr' id='par_1_25' title="bbox 1803 1023 3396 1096">
     <span class='ocr_line' id='line_1_25' title="bbox 1803 1023 3396 1096; baseline -0.005 -12"><span class='ocrx_word' id='word_1_150' title='bbox 1803 1028 1984 1086; x_wconf 91' lang='lat' dir='ltr'><strong>censis</strong></span> <span class='ocrx_word' id='word_1_151' title='bbox 2011 1038 2123 1083; x_wconf 89' lang='lat' dir='ltr'><strong>tam</strong></span> <span class='ocrx_word' id='word_1_152' title='bbox 2147 1028 2237 1084; x_wconf 89' lang='lat' dir='ltr'><strong>diu</strong></span> <span class='ocrx_word' id='word_1_153' title='bbox 2270 1037 2536 1096; x_wconf 87' lang='lat' dir='ltr'><strong>maneret,</strong></span> <span class='ocrx_word' id='word_1_154' title='bbox 2577 1027 2848 1083; x_wconf 89' lang='lat' dir='ltr'><strong>cucullam</strong></span> <span class='ocrx_word' id='word_1_155' title='bbox 2885 1027 3099 1082; x_wconf 89' lang='lat' dir='ltr'><strong>habens</strong></span> <span class='ocrx_word' id='word_1_156' title='bbox 3131 1025 3183 1079; x_wconf 93' lang='lat' dir='ltr'><strong>in</strong></span> <span class='ocrx_word' id='word_1_157' title='bbox 3224 1023 3396 1079; x_wconf 82' lang='lat' dir='ltr'><strong>mani-</strong></span> 
     </span>
    </p>
   </div>
   <div class='ocr_carea' id='block_1_26' title="bbox 1803 1114 3394 1191">
    <p class='ocr_par' dir='ltr' id='par_1_26' title="bbox 1803 1114 3394 1191">
     <span class='ocr_line' id='line_1_26' title="bbox 1803 1114 3394 1191; baseline -0.004 -15"><span class='ocrx_word' id='word_1_158' title='bbox 1803 1119 1925 1188; x_wconf 88' lang='lat' dir='ltr'><strong>bus,</strong></span> <span class='ocrx_word' id='word_1_159' title='bbox 1953 1120 2126 1177; x_wconf 84' lang='lat' dir='ltr'><strong>donec</strong></span> <span class='ocrx_word' id='word_1_160' title='bbox 2166 1119 2421 1191; x_wconf 88' lang='lat' dir='ltr'><strong>precibus</strong></span> <span class='ocrx_word' id='word_1_161' title='bbox 2472 1117 2528 1173; x_wconf 90' lang='lat' dir='ltr'><strong>S.</strong></span> <span class='ocrx_word' id='word_1_162' title='bbox 2585 1117 2827 1188; x_wconf 71' lang='lat' dir='ltr'><strong>i—lugonis</strong></span> <span class='ocrx_word' id='word_1_163' title='bbox 2879 1125 2933 1172; x_wconf 87' lang='lat' dir='ltr'><strong>et</strong></span> <span class='ocrx_word' id='word_1_164' title='bbox 2983 1116 3210 1171; x_wconf 83' lang='lat' dir='ltr'><strong>fratrum</strong></span> <span class='ocrx_word' id='word_1_165' title='bbox 3249 1114 3394 1170; x_wconf 90' lang='lat' dir='ltr'><strong>illam</strong></span> 
     </span>
    </p>
   </div>
   <div class='ocr_carea' id='block_1_27' title="bbox 1807 1204 3396 1276">
    <p class='ocr_par' dir='ltr' id='par_1_27' title="bbox 1807 1204 3396 1276">
     <span class='ocr_line' id='line_1_27' title="bbox 1807 1204 3396 1276; baseline -0.004 -10"><span class='ocrx_word' id='word_1_166' title='bbox 1807 1220 2107 1266; x_wconf 89' lang='lat' dir='ltr'><strong>mereretur</strong></span> <span class='ocrx_word' id='word_1_167' title='bbox 2145 1211 2368 1266; x_wconf 83' lang='lat' dir='ltr'><strong>induere</strong></span> <span class='ocrx_word' id='word_1_168' title='bbox 2392 1217 2448 1266; x_wconf 85' lang='lat' dir='ltr'><strong>et</strong></span> <span class='ocrx_word' id='word_1_169' title='bbox 2480 1209 2725 1264; x_wconf 86' lang='lat' dir='ltr'><strong>ordinem</strong></span> <span class='ocrx_word' id='word_1_170' title='bbox 2771 1222 2928 1262; x_wconf 91' lang='lat' dir='ltr'><strong>suum</strong></span> <span class='ocrx_word' id='word_1_171' title='bbox 2972 1208 3232 1276; x_wconf 89' lang='lat' dir='ltr'><strong>recipere.</strong></span> <span class='ocrx_word' id='word_1_172' title='bbox 3265 1204 3396 1273; x_wconf 79' lang='lat' dir='ltr'><strong>Qua:</strong></span> 
     </span>
    </p>
   </div>
   <div class='ocr_carea' id='block_1_28' title="bbox 1806 1293 3393 1367">
    <p class='ocr_par' dir='ltr' id='par_1_28' title="bbox 1806 1293 3393 1367">
     <span class='ocr_line' id='line_1_28' title="bbox 1806 1293 3393 1367; baseline -0.003 -13"><span class='ocrx_word' id='word_1_173' title='bbox 1806 1300 2034 1356; x_wconf 87' lang='lat' dir='ltr'><strong>dicimus</strong></span> <span class='ocrx_word' id='word_1_174' title='bbox 2071 1299 2241 1354; x_wconf 82' lang='lat' dir='ltr'><strong>frater</strong></span> <span class='ocrx_word' id='word_1_175' title='bbox 2285 1298 2505 1367; x_wconf 89' lang='lat' dir='ltr'><strong>quidam</strong></span> <span class='ocrx_word' id='word_1_176' title='bbox 2554 1297 2608 1352; x_wconf 92' lang='lat' dir='ltr'><strong>in</strong></span> <span class='ocrx_word' id='word_1_177' title='bbox 2642 1297 2850 1352; x_wconf 86' lang='lat' dir='ltr'><strong>visione</strong></span> <span class='ocrx_word' id='word_1_178' title='bbox 2893 1293 3254 1363; x_wconf 80' lang='lat' dir='ltr'><strong>conspiciens,</strong></span> <span class='ocrx_word' id='word_1_179' title='bbox 3296 1295 3393 1350; x_wconf 83' lang='lat' dir='ltr'><strong>do—</strong></span> 
     </span>
    </p>
   </div>
   <div class='ocr_carea' id='block_1_29' title="bbox 1807 1385 3392 1458">
    <p class='ocr_par' dir='ltr' id='par_1_29' title="bbox 1807 1385 3392 1458">
     <span class='ocr_line' id='line_1_29' title="bbox 1807 1385 3392 1458; baseline -0.006 -11"><span class='ocrx_word' id='word_1_180' title='bbox 1807 1391 1954 1447; x_wconf 88' lang='lat' dir='ltr'><strong>mino</strong></span> <span class='ocrx_word' id='word_1_181' title='bbox 1981 1391 2160 1446; x_wconf 85' lang='lat' dir='ltr'><strong>abbati</strong></span> <span class='ocrx_word' id='word_1_182' title='bbox 2190 1388 2486 1458; x_wconf 87' lang='lat' dir='ltr'><strong>nuntiavit;</strong></span> <span class='ocrx_word' id='word_1_183' title='bbox 2519 1403 2625 1444; x_wconf 91' lang='lat' dir='ltr'><strong>non</strong></span> <span class='ocrx_word' id='word_1_184' title='bbox 2658 1398 2835 1443; x_wconf 88' lang='lat' dir='ltr'><strong>tamen</strong></span> <span class='ocrx_word' id='word_1_185' title='bbox 2879 1389 3061 1442; x_wconf 87' lang='lat' dir='ltr'><strong>statim</strong></span> <span class='ocrx_word' id='word_1_186' title='bbox 3094 1393 3150 1441; x_wconf 91' lang='lat' dir='ltr'><strong>ut</strong></span> <span class='ocrx_word' id='word_1_187' title='bbox 3188 1385 3392 1440; x_wconf 90' lang='lat' dir='ltr'><strong>debuit.</strong></span> 
     </span>
    </p>
   </div>
   <div class='ocr_carea' id='block_1_30' title="bbox 1805 1463 3397 1554">
    <p class='ocr_par' dir='ltr' id='par_1_30' title="bbox 1805 1463 3397 1554">
     <span class='ocr_line' id='line_1_30' title="bbox 1805 1463 3397 1554; baseline -0.003 -20"><span class='ocrx_word' id='word_1_188' title='bbox 1805 1479 2068 1554; x_wconf 82' lang='lat' dir='ltr'><strong>Quocirca</strong></span> <span class='ocrx_word' id='word_1_189' title='bbox 2124 1478 2178 1533; x_wconf 91' lang='lat' dir='ltr'><strong>in</strong></span> <span class='ocrx_word' id='word_1_190' title='bbox 2236 1487 2478 1546; x_wconf 90' lang='lat' dir='ltr'><strong>tempore</strong></span> <span class='ocrx_word' id='word_1_191' title='bbox 2521 1463 2908 1548; x_wconf 82' lang='lat' dir='ltr'><strong>Rogationum,</strong></span> <span class='ocrx_word' id='word_1_192' title='bbox 2971 1475 3224 1547; x_wconf 84' lang='lat' dir='ltr'><strong>quoniam</strong></span> <span class='ocrx_word' id='word_1_193' title='bbox 3277 1489 3397 1544; x_wconf 73' lang='lat' dir='ltr'><strong>qua:</strong></span> 
     </span>
    </p>
   </div>
   <div class='ocr_carea' id='block_1_31' title="bbox 1807 1563 3399 1634">
    <p class='ocr_par' dir='ltr' id='par_1_31' title="bbox 1807 1563 3399 1634">
     <span class='ocr_line' id='line_1_31' title="bbox 1807 1563 3399 1634; baseline -0.003 -12"><span class='ocrx_word' id='word_1_194' title='bbox 1807 1570 2016 1625; x_wconf 86' lang='lat' dir='ltr'><strong>viderat</strong></span> <span class='ocrx_word' id='word_1_195' title='bbox 2057 1568 2306 1623; x_wconf 89' lang='lat' dir='ltr'><strong>nuntiare</strong></span> <span class='ocrx_word' id='word_1_196' title='bbox 2344 1565 2668 1632; x_wconf 89' lang='lat' dir='ltr'><strong>distulerat,</strong></span> <span class='ocrx_word' id='word_1_197' title='bbox 2721 1566 3043 1621; x_wconf 84' lang='lat' dir='ltr'><strong>verberibus</strong></span> <span class='ocrx_word' id='word_1_198' title='bbox 3095 1565 3282 1634; x_wconf 89' lang='lat' dir='ltr'><strong>utique</strong></span> <span class='ocrx_word' id='word_1_199' title='bbox 3330 1563 3399 1618; x_wconf 88' lang='lat' dir='ltr'><strong>ad</strong></span> 
     </span>
    </p>
   </div>
   <div class='ocr_carea' id='block_1_32' title="bbox 1805 1655 3396 1730">
    <p class='ocr_par' dir='ltr' id='par_1_32' title="bbox 1805 1655 3396 1730">
     <span class='ocr_line' id='line_1_32' title="bbox 1805 1655 3396 1730; baseline -0.004 -16"><span class='ocrx_word' id='word_1_200' title='bbox 1805 1659 2196 1730; x_wconf 90' lang='lat' dir='ltr'><strong>propalandum</strong></span> <span class='ocrx_word' id='word_1_201' title='bbox 2239 1657 2547 1729; x_wconf 89' lang='lat' dir='ltr'><strong>compulsus</strong></span> <span class='ocrx_word' id='word_1_202' title='bbox 2573 1665 2684 1722; x_wconf 90' lang='lat' dir='ltr'><strong>est;</strong></span> <span class='ocrx_word' id='word_1_203' title='bbox 2731 1656 2942 1713; x_wconf 64' lang='lat' dir='ltr'><strong>caeteris</strong></span> <span class='ocrx_word' id='word_1_204' title='bbox 2971 1655 3038 1712; x_wconf 90' lang='lat' dir='ltr'><strong>ad</strong></span> <span class='ocrx_word' id='word_1_205' title='bbox 3090 1655 3396 1726; x_wconf 87' lang='lat' dir='ltr'><strong>processio-</strong></span> 
     </span>
    </p>
   </div>
   <div class='ocr_carea' id='block_1_33' title="bbox 111 1739 3398 1842">
    <p class='ocr_par' dir='ltr' id='par_1_33' title="bbox 111 1739 3398 1842">
     <span class='ocr_line' id='line_1_33' title="bbox 111 1739 3398 1842; baseline -0.01 -12"><span class='ocrx_word' id='word_1_206' title='bbox 111 1787 236 1830; x_wconf 88' lang='lat' dir='ltr'><strong>rcns</strong></span> <span class='ocrx_word' id='word_1_207' title='bbox 282 1770 584 1842; x_wconf 88' lang='lat' dir='ltr'><strong>supposita,</strong></span> <span class='ocrx_word' id='word_1_208' title='bbox 638 1765 848 1822; x_wconf 91' lang='lat' dir='ltr'><strong>invenit</strong></span> <span class='ocrx_word' id='word_1_209' title='bbox 899 1739 1096 1821; x_wconf 88' lang='lat' dir='ltr'><strong>librum</strong></span> <span class='ocrx_word' id='word_1_210' title='bbox 1151 1759 1390 1816; x_wconf 86' lang='lat' dir='ltr'><strong>Maronis</strong></span> <span class='ocrx_word' id='word_1_211' title='bbox 1444 1757 1582 1812; x_wconf 84' lang='lat' dir='ltr'><strong>forte</strong></span> <span class='ocrx_word' id='word_1_212' title='bbox 1631 1755 1703 1808; x_wconf 90' lang='lat' dir='ltr'><strong>ibi</strong></span> <span class='ocrx_word' id='word_1_213' title='bbox 1738 1748 1779 1806; x_wconf 85' lang='grc' dir='ltr'><strong><em>Β</em></strong></span> <span class='ocrx_word' id='word_1_214' title='bbox 1810 1766 1933 1807; x_wconf 88' lang='lat' dir='ltr'><strong>nem</strong></span> <span class='ocrx_word' id='word_1_215' title='bbox 1987 1739 2262 1816; x_wconf 87' lang='lat' dir='ltr'><strong>euntibus,</strong></span> <span class='ocrx_word' id='word_1_216' title='bbox 2315 1748 2463 1805; x_wconf 91' lang='lat' dir='ltr'><strong>solus</strong></span> <span class='ocrx_word' id='word_1_217' title='bbox 2523 1751 2574 1804; x_wconf 94' lang='lat' dir='ltr'><strong>in</strong></span> <span class='ocrx_word' id='word_1_218' title='bbox 2631 1747 2800 1804; x_wconf 92' lang='lat' dir='ltr'><strong>choro</strong></span> <span class='ocrx_word' id='word_1_219' title='bbox 2859 1745 3151 1810; x_wconf 84' lang='lat' dir='ltr'><strong>remansit,</strong></span> <span class='ocrx_word' id='word_1_220' title='bbox 3214 1751 3398 1813; x_wconf 90' lang='lat' dir='ltr'><strong>utpote</strong></span> 
     </span>
    </p>
   </div>
   <div class='ocr_carea' id='block_1_34' title="bbox 110 1846 1704 1926">
    <p class='ocr_par' dir='ltr' id='par_1_34' title="bbox 110 1846 1704 1926">
     <span class='ocr_line' id='line_1_34' title="bbox 110 1846 1704 1926; baseline -0.013 -8"><span class='ocrx_word' id='word_1_221' title='bbox 110 1864 458 1919; x_wconf 79' lang='lat' dir='ltr'><strong>collocatum.</strong></span> <span class='ocrx_word' id='word_1_222' title='bbox 511 1859 634 1915; x_wconf 79' lang='lat' dir='ltr'><strong>Mox</strong></span> <span class='ocrx_word' id='word_1_223' title='bbox 669 1856 884 1926; x_wconf 86' lang='lat' dir='ltr'><strong>abjecto</strong></span> <span class='ocrx_word' id='word_1_224' title='bbox 933 1853 1185 1910; x_wconf 71' lang='lat' dir='ltr'><strong>saeculari</strong></span> <span class='ocrx_word' id='word_1_225' title='bbox 1235 1851 1422 1906; x_wconf 86' lang='lat' dir='ltr'><strong>codice</strong></span> <span class='ocrx_word' id='word_1_226' title='bbox 1472 1846 1525 1902; x_wconf 89' lang='lat' dir='ltr'><strong>in</strong></span> <span class='ocrx_word' id='word_1_227' title='bbox 1571 1859 1704 1918; x_wconf 88' lang='lat' dir='ltr'><strong>pace</strong></span> 
     </span>
    </p>
   </div>
   <div class='ocr_carea' id='block_1_35' title="bbox 111 1936 1703 2026">
    <p class='ocr_par' dir='ltr' id='par_1_35' title="bbox 111 1936 1703 2026">
     <span class='ocr_line' id='line_1_35' title="bbox 111 1936 1703 2026; baseline -0.009 -20"><span class='ocrx_word' id='word_1_228' title='bbox 111 1955 337 2026; x_wconf 82' lang='lat' dir='ltr'><strong>quievit,</strong></span> <span class='ocrx_word' id='word_1_229' title='bbox 387 1952 748 2024; x_wconf 88' lang='lat' dir='ltr'><strong>cognovitqne</strong></span> <span class='ocrx_word' id='word_1_230' title='bbox 798 1947 1018 2004; x_wconf 88' lang='lat' dir='ltr'><strong>modum</strong></span> <span class='ocrx_word' id='word_1_231' title='bbox 1045 1943 1290 2000; x_wconf 66' lang='lat' dir='ltr'><strong>materiae</strong></span> <span class='ocrx_word' id='word_1_232' title='bbox 1329 1940 1477 2004; x_wconf 91' lang='lat' dir='ltr'><strong>libri,</strong></span> <span class='ocrx_word' id='word_1_233' title='bbox 1509 1936 1703 1993; x_wconf 85' lang='lat' dir='ltr'><strong>visieni</strong></span> 
     </span>
    </p>
   </div>
   <div class='ocr_carea' id='block_1_36' title="bbox 115 2025 1707 2114">
    <p class='ocr_par' dir='ltr' id='par_1_36' title="bbox 115 2025 1707 2114">
     <span class='ocr_line' id='line_1_36' title="bbox 115 2025 1707 2114; baseline -0.014 -16"><span class='ocrx_word' id='word_1_234' title='bbox 115 2025 387 2114; x_wconf 66' lang='lat' dir='ltr'><strong>congruae,</strong></span> <span class='ocrx_word' id='word_1_235' title='bbox 413 2054 597 2111; x_wconf 90' lang='lat' dir='ltr'><strong>quem,</strong></span> <span class='ocrx_word' id='word_1_236' title='bbox 637 2034 1066 2094; x_wconf 89' lang='lat' dir='ltr'><strong>obscenitatibus</strong></span> <span class='ocrx_word' id='word_1_237' title='bbox 1100 2041 1154 2088; x_wconf 90' lang='lat' dir='ltr'><strong>et</strong></span> <span class='ocrx_word' id='word_1_238' title='bbox 1196 2029 1475 2102; x_wconf 84' lang='lat' dir='ltr'><strong>gentilium</strong></span> <span class='ocrx_word' id='word_1_239' title='bbox 1511 2025 1707 2080; x_wconf 91' lang='lat' dir='ltr'><strong>ritibus</strong></span> 
     </span>
    </p>
   </div>
   <div class='ocr_carea' id='block_1_37' title="bbox 113 2116 1699 2205">
    <p class='ocr_par' dir='ltr' id='par_1_37' title="bbox 113 2116 1699 2205">
     <span class='ocr_line' id='line_1_37' title="bbox 113 2116 1699 2205; baseline -0.011 -19"><span class='ocrx_word' id='word_1_240' title='bbox 113 2136 350 2205; x_wconf 86' lang='lat' dir='ltr'><strong>plenum,</strong></span> <span class='ocrx_word' id='word_1_241' title='bbox 401 2130 680 2202; x_wconf 86' lang='lat' dir='ltr'><strong>indignum</strong></span> <span class='ocrx_word' id='word_1_242' title='bbox 722 2136 844 2184; x_wconf 88' lang='lat' dir='ltr'><strong>erat</strong></span> <span class='ocrx_word' id='word_1_243' title='bbox 893 2125 1144 2182; x_wconf 90' lang='lat' dir='ltr'><strong>cubiculo</strong></span> <span class='ocrx_word' id='word_1_244' title='bbox 1194 2121 1371 2178; x_wconf 87' lang='lat' dir='ltr'><strong>sancti</strong></span> <span class='ocrx_word' id='word_1_245' title='bbox 1418 2119 1520 2174; x_wconf 86' lang='lat' dir='ltr'><strong>viri</strong></span> <span class='ocrx_word' id='word_1_246' title='bbox 1573 2116 1699 2172; x_wconf 87' lang='lat' dir='ltr'><strong>sub-</strong></span> 
     </span>
    </p>
   </div>
   <div class='ocr_carea' id='block_1_38' title="bbox 111 2208 1708 2292">
    <p class='ocr_par' dir='ltr' id='par_1_38' title="bbox 111 2208 1708 2292">
     <span class='ocr_line' id='line_1_38' title="bbox 111 2208 1708 2292; baseline -0.012 -9"><span class='ocrx_word' id='word_1_247' title='bbox 111 2225 298 2283; x_wconf 82' lang='lat' dir='ltr'><strong>sterni.</strong></span> <span class='ocrx_word' id='word_1_248' title='bbox 337 2223 567 2292; x_wconf 84' lang='lat' dir='ltr'><strong>Quidam</strong></span> <span class='ocrx_word' id='word_1_249' title='bbox 621 2221 820 2286; x_wconf 81' lang='lat' dir='ltr'><strong>frater,</strong></span> <span class='ocrx_word' id='word_1_250' title='bbox 856 2218 1082 2274; x_wconf 86' lang='lat' dir='ltr'><strong>nomine</strong></span> <span class='ocrx_word' id='word_1_251' title='bbox 1124 2216 1413 2271; x_wconf 89' lang='lat' dir='ltr'><strong>Durannus</strong></span> <span class='ocrx_word' id='word_1_252' title='bbox 1463 2211 1530 2266; x_wconf 92' lang='lat' dir='ltr'><strong>de</strong></span> <span class='ocrx_word' id='word_1_253' title='bbox 1578 2208 1708 2264; x_wconf 86' lang='lat' dir='ltr'><strong>Bro-</strong></span> 
     </span>
    </p>
   </div>
   <div class='ocr_carea' id='block_1_39' title="bbox 114 2300 1708 2386">
    <p class='ocr_par' dir='ltr' id='par_1_39' title="bbox 114 2300 1708 2386">
     <span class='ocr_line' id='line_1_39' title="bbox 114 2300 1708 2386; baseline -0.004 -14"><span class='ocrx_word' id='word_1_254' title='bbox 114 2319 212 2372; x_wconf 90' lang='lat' dir='ltr'><strong>don</strong></span> <span class='ocrx_word' id='word_1_255' title='bbox 267 2314 444 2386; x_wconf 72' lang='grc'><strong>(104),</strong></span> <span class='ocrx_word' id='word_1_256' title='bbox 473 2313 625 2385; x_wconf 87' lang='lat' dir='ltr'><strong>prius</strong></span> <span class='ocrx_word' id='word_1_257' title='bbox 683 2312 846 2367; x_wconf 84' lang='lat' dir='ltr'><strong>idiota</strong></span> <span class='ocrx_word' id='word_1_258' title='bbox 877 2323 1167 2380; x_wconf 89' lang='lat' dir='ltr'><strong>apparens,</strong></span> <span class='ocrx_word' id='word_1_259' title='bbox 1194 2303 1534 2378; x_wconf 84' lang='lat' dir='ltr'><strong>postmodum</strong></span> <span class='ocrx_word' id='word_1_260' title='bbox 1563 2300 1708 2370; x_wconf 63' lang='lat' dir='ltr'><strong>M0)“</strong></span> 
     </span>
    </p>
   </div>
   <div class='ocr_carea' id='block_1_40' title="bbox 116 2394 1707 2472">
    <p class='ocr_par' dir='ltr' id='par_1_40' title="bbox 116 2394 1707 2472">
     <span class='ocr_line' id='line_1_40' title="bbox 116 2394 1707 2472; baseline -0.013 -10"><span class='ocrx_word' id='word_1_261' title='bbox 116 2426 142 2464; x_wconf 72' lang='grc' dir='ltr'><strong><em>ι</em></strong></span> <span class='ocrx_word' id='word_1_262' title='bbox 176 2407 292 2462; x_wconf 89' lang='lat' dir='ltr'><strong>nsis</strong></span> <span class='ocrx_word' id='word_1_263' title='bbox 343 2406 512 2461; x_wconf 88' lang='lat' dir='ltr'><strong>ahhas</strong></span> <span class='ocrx_word' id='word_1_264' title='bbox 556 2420 661 2458; x_wconf 92' lang='lat' dir='ltr'><strong>non</strong></span> <span class='ocrx_word' id='word_1_265' title='bbox 689 2403 1037 2472; x_wconf 77' lang='lat' dir='ltr'><strong>incongruus,</strong></span> <span class='ocrx_word' id='word_1_266' title='bbox 1065 2398 1261 2454; x_wconf 90' lang='lat' dir='ltr'><strong>dehinc</strong></span> <span class='ocrx_word' id='word_1_267' title='bbox 1286 2394 1354 2450; x_wconf 91' lang='lat' dir='ltr'><strong>ad</strong></span> <span class='ocrx_word' id='word_1_268' title='bbox 1384 2394 1707 2448; x_wconf 87' lang='lat' dir='ltr'><strong>Tolosanum</strong></span> 
     </span>
    </p>
   </div>
   <div class='ocr_carea' id='block_1_41' title="bbox 116 2485 1710 2569">
    <p class='ocr_par' dir='ltr' id='par_1_41' title="bbox 116 2485 1710 2569">
     <span class='ocr_line' id='line_1_41' title="bbox 116 2485 1710 2569; baseline -0.012 -14"><span class='ocrx_word' id='word_1_269' title='bbox 116 2501 488 2569; x_wconf 84' lang='lat' dir='ltr'><strong>episcopatum</strong></span> <span class='ocrx_word' id='word_1_270' title='bbox 515 2495 796 2566; x_wconf 63' lang='lat' dir='ltr'><strong>sapientia:</strong></span> <span class='ocrx_word' id='word_1_271' title='bbox 824 2491 1181 2564; x_wconf 67' lang='lat' dir='ltr'><strong>praerogativa</strong></span> <span class='ocrx_word' id='word_1_272' title='bbox 1231 2495 1534 2560; x_wconf 91' lang='lat' dir='ltr'><strong>promotus,</strong></span> <span class='ocrx_word' id='word_1_273' title='bbox 1567 2485 1710 2540; x_wconf 89' lang='lat' dir='ltr'><strong>inter</strong></span> 
     </span>
    </p>
   </div>
   <div class='ocr_carea' id='block_1_42' title="bbox 115 2576 1714 2661">
    <p class='ocr_par' dir='ltr' id='par_1_42' title="bbox 115 2576 1714 2661">
     <span class='ocr_line' id='line_1_42' title="bbox 115 2576 1714 2661; baseline -0.012 -15"><span class='ocrx_word' id='word_1_274' title='bbox 115 2590 396 2661; x_wconf 88' lang='lat' dir='ltr'><strong>operarios</strong></span> <span class='ocrx_word' id='word_1_275' title='bbox 437 2586 783 2655; x_wconf 79' lang='lat' dir='ltr'><strong>agriculturae</strong></span> <span class='ocrx_word' id='word_1_276' title='bbox 828 2583 922 2640; x_wconf 90' lang='lat' dir='ltr'><strong>Dei</strong></span> <span class='ocrx_word' id='word_1_277' title='bbox 976 2581 1174 2639; x_wconf 91' lang='lat' dir='ltr'><strong>merito</strong></span> <span class='ocrx_word' id='word_1_278' title='bbox 1214 2576 1595 2637; x_wconf 90' lang='lat' dir='ltr'><strong>sollicitudinis</strong></span> <span class='ocrx_word' id='word_1_279' title='bbox 1635 2576 1714 2629; x_wconf 87' lang='lat' dir='ltr'><strong>in-</strong></span> 
     </span>
    </p>
   </div>
   <div class='ocr_carea' id='block_1_43' title="bbox 117 2668 1708 2744">
    <p class='ocr_par' dir='ltr' id='par_1_43' title="bbox 117 2668 1708 2744">
     <span class='ocr_line' id='line_1_43' title="bbox 117 2668 1708 2744; baseline -0.008 -9"><span class='ocrx_word' id='word_1_280' title='bbox 117 2681 316 2736; x_wconf 90' lang='lat' dir='ltr'><strong>dustria</strong></span> <span class='ocrx_word' id='word_1_281' title='bbox 349 2680 566 2736; x_wconf 87' lang='lat' dir='ltr'><strong>claruit.</strong></span> <span class='ocrx_word' id='word_1_282' title='bbox 594 2677 716 2742; x_wconf 80' lang='lat' dir='ltr'><strong>Hic,</strong></span> <span class='ocrx_word' id='word_1_283' title='bbox 739 2676 1165 2744; x_wconf 90' lang='lat' dir='ltr'><strong>circumspectus</strong></span> <span class='ocrx_word' id='word_1_284' title='bbox 1187 2687 1285 2742; x_wconf 88' lang='lat' dir='ltr'><strong>per</strong></span> <span class='ocrx_word' id='word_1_285' title='bbox 1309 2679 1526 2734; x_wconf 74' lang='lat' dir='ltr'><strong>caetera,</strong></span> <span class='ocrx_word' id='word_1_286' title='bbox 1544 2668 1708 2735; x_wconf 83' lang='lat' dir='ltr'><strong>verba</strong></span> 
     </span>
    </p>
   </div>
   <div class='ocr_carea' id='block_1_44' title="bbox 118 2756 1714 2836">
    <p class='ocr_par' dir='ltr' id='par_1_44' title="bbox 118 2756 1714 2836">
     <span class='ocr_line' id='line_1_44' title="bbox 118 2756 1714 2836; baseline -0.008 -12"><span class='ocrx_word' id='word_1_287' title='bbox 118 2771 281 2825; x_wconf 87' lang='lat' dir='ltr'><strong>risum</strong></span> <span class='ocrx_word' id='word_1_288' title='bbox 319 2767 598 2824; x_wconf 82' lang='lat' dir='ltr'><strong>moventia</strong></span> <span class='ocrx_word' id='word_1_289' title='bbox 649 2780 793 2836; x_wconf 54' lang='lat' dir='ltr'><strong>saepe</strong></span> <span class='ocrx_word' id='word_1_290' title='bbox 834 2763 1104 2820; x_wconf 88' lang='lat' dir='ltr'><strong>incautius</strong></span> <span class='ocrx_word' id='word_1_291' title='bbox 1130 2758 1462 2832; x_wconf 79' lang='lat' dir='ltr'><strong>proferebat.</strong></span> <span class='ocrx_word' id='word_1_292' title='bbox 1499 2757 1617 2826; x_wconf 85' lang='lat' dir='ltr'><strong>Qua</strong></span> <span class='ocrx_word' id='word_1_293' title='bbox 1648 2756 1714 2812; x_wconf 90' lang='lat' dir='ltr'><strong>de</strong></span> 
     </span>
    </p>
   </div>
   <div class='ocr_carea' id='block_1_45' title="bbox 124 2851 1710 2927">
    <p class='ocr_par' dir='ltr' id='par_1_45' title="bbox 124 2851 1710 2927">
     <span class='ocr_line' id='line_1_45' title="bbox 124 2851 1710 2927; baseline -0.009 -11"><span class='ocrx_word' id='word_1_294' title='bbox 124 2877 178 2916; x_wconf 89' lang='lat' dir='ltr'><strong>re</strong></span> <span class='ocrx_word' id='word_1_295' title='bbox 203 2859 552 2917; x_wconf 84' lang='lat' dir='ltr'><strong>venerandus</strong></span> <span class='ocrx_word' id='word_1_296' title='bbox 580 2859 746 2914; x_wconf 86' lang='lat' dir='ltr'><strong>Pater</strong></span> <span class='ocrx_word' id='word_1_297' title='bbox 772 2857 926 2927; x_wconf 72' lang='lat' dir='ltr'><strong>[lngo</strong></span> <span class='ocrx_word' id='word_1_298' title='bbox 947 2853 1224 2910; x_wconf 83' lang='lat' dir='ltr'><strong>multoties</strong></span> <span class='ocrx_word' id='word_1_299' title='bbox 1243 2866 1369 2909; x_wconf 91' lang='lat' dir='ltr'><strong>eum</strong></span> <span class='ocrx_word' id='word_1_300' title='bbox 1399 2851 1710 2918; x_wconf 87' lang='lat' dir='ltr'><strong>increpans,</strong></span> 
     </span>
    </p>
   </div>
   <div class='ocr_carea' id='block_1_46' title="bbox 122 2938 1709 3022">
    <p class='ocr_par' dir='ltr' id='par_1_46' title="bbox 122 2938 1709 3022">
     <span class='ocr_line' id='line_1_46' title="bbox 122 2938 1709 3022; baseline -0.012 -13"><span class='ocrx_word' id='word_1_301' title='bbox 122 2967 216 3009; x_wconf 87' lang='lat' dir='ltr'><strong>nec</strong></span> <span class='ocrx_word' id='word_1_302' title='bbox 242 2953 386 3008; x_wconf 73' lang='lat' dir='ltr'><strong>satis</strong></span> <span class='ocrx_word' id='word_1_303' title='bbox 410 2950 727 3022; x_wconf 82' lang='lat' dir='ltr'><strong>proﬁciens,</strong></span> <span class='ocrx_word' id='word_1_304' title='bbox 756 2947 825 3003; x_wconf 89' lang='lat' dir='ltr'><strong>de</strong></span> <span class='ocrx_word' id='word_1_305' title='bbox 865 2945 1048 3002; x_wconf 90' lang='lat' dir='ltr'><strong>futuro</strong></span> <span class='ocrx_word' id='word_1_306' title='bbox 1087 2944 1448 2999; x_wconf 88' lang='lat' dir='ltr'><strong>interminans</strong></span> <span class='ocrx_word' id='word_1_307' title='bbox 1479 2938 1709 3010; x_wconf 91' lang='lat' dir='ltr'><strong>prophe-</strong></span> 
     </span>
    </p>
   </div>
   <div class='ocr_carea' id='block_1_47' title="bbox 125 3027 1708 3113">
    <p class='ocr_par' dir='ltr' id='par_1_47' title="bbox 125 3027 1708 3113">
     <span class='ocr_line' id='line_1_47' title="bbox 125 3027 1708 3113; baseline -0.009 -17"><span class='ocrx_word' id='word_1_308' title='bbox 125 3043 222 3101; x_wconf 88' lang='lat' dir='ltr'><strong>tice</strong></span> <span class='ocrx_word' id='word_1_309' title='bbox 263 3043 351 3101; x_wconf 87' lang='lat' dir='ltr'><strong>sic</strong></span> <span class='ocrx_word' id='word_1_310' title='bbox 407 3041 628 3113; x_wconf 90' lang='lat' dir='ltr'><strong>inquit:</strong></span> <span class='ocrx_word' id='word_1_311' title='bbox 681 3058 702 3092; x_wconf 72' lang='grc' dir='ltr'>ι</span> <span class='ocrx_word' id='word_1_312' title='bbox 753 3037 937 3103; x_wconf 87' lang='lat' dir='ltr'><strong>Certe,</strong></span> <span class='ocrx_word' id='word_1_313' title='bbox 995 3034 1171 3090; x_wconf 78' lang='lat' dir='ltr'><strong>frater.</strong></span> <span class='ocrx_word' id='word_1_314' title='bbox 1212 3031 1554 3097; x_wconf 89' lang='lat' dir='ltr'><strong>charissime,</strong></span> <span class='ocrx_word' id='word_1_315' title='bbox 1607 3027 1708 3083; x_wconf 89' lang='lat' dir='ltr'><strong>nisi</strong></span> 
     </span>
    </p>
   </div>
   <div class='ocr_carea' id='block_1_48' title="bbox 123 3121 1714 3198">
    <p class='ocr_par' dir='ltr' id='par_1_48' title="bbox 123 3121 1714 3198">
     <span class='ocr_line' id='line_1_48' title="bbox 123 3121 1714 3198; baseline -0.006 -13"><span class='ocrx_word' id='word_1_316' title='bbox 123 3131 324 3188; x_wconf 86' lang='lat' dir='ltr'><strong>ludicra</strong></span> <span class='ocrx_word' id='word_1_317' title='bbox 357 3132 546 3198; x_wconf 89' lang='lat' dir='ltr'><strong>verba,</strong></span> <span class='ocrx_word' id='word_1_318' title='bbox 596 3129 866 3186; x_wconf 86' lang='lat' dir='ltr'><strong>monacho</strong></span> <span class='ocrx_word' id='word_1_319' title='bbox 895 3141 1121 3198; x_wconf 89' lang='lat' dir='ltr'><strong>prorsus</strong></span> <span class='ocrx_word' id='word_1_320' title='bbox 1164 3125 1476 3190; x_wconf 88' lang='lat' dir='ltr'><strong>interdicta,</strong></span> <span class='ocrx_word' id='word_1_321' title='bbox 1525 3121 1714 3176; x_wconf 86' lang='lat' dir='ltr'><strong>vivens</strong></span> 
     </span>
    </p>
   </div>
   <div class='ocr_carea' id='block_1_49' title="bbox 124 3211 1715 3293">
    <p class='ocr_par' dir='ltr' id='par_1_49' title="bbox 124 3211 1715 3293">
     <span class='ocr_line' id='line_1_49' title="bbox 124 3211 1715 3293; baseline -0.009 -13"><span class='ocrx_word' id='word_1_322' title='bbox 124 3224 414 3289; x_wconf 75' lang='lat' dir='ltr'><strong>dimiseris,</strong></span> <span class='ocrx_word' id='word_1_323' title='bbox 447 3231 571 3293; x_wconf 88' lang='lat' dir='ltr'><strong>post</strong></span> <span class='ocrx_word' id='word_1_324' title='bbox 615 3231 846 3277; x_wconf 88' lang='lat' dir='ltr'><strong>mortem</strong></span> <span class='ocrx_word' id='word_1_325' title='bbox 883 3217 1174 3288; x_wconf 86' lang='lat' dir='ltr'><strong>apparebis</strong></span> <span class='ocrx_word' id='word_1_326' title='bbox 1210 3214 1530 3282; x_wconf 87' lang='lat' dir='ltr'><strong>enormiter.</strong></span> <span class='ocrx_word' id='word_1_327' title='bbox 1560 3211 1715 3280; x_wconf 85' lang='lat' dir='ltr'><strong>Quod</strong></span> 
     </span>
    </p>
   </div>
   <div class='ocr_carea' id='block_1_50' title="bbox 124 3301 1718 3382">
    <p class='ocr_par' dir='ltr' id='par_1_50' title="bbox 124 3301 1718 3382">
     <span class='ocr_line' id='line_1_50' title="bbox 124 3301 1718 3382; baseline -0.008 -13"><span class='ocrx_word' id='word_1_328' title='bbox 124 3327 245 3371; x_wconf 85' lang='lat' dir='ltr'><strong>sane</strong></span> <span class='ocrx_word' id='word_1_329' title='bbox 273 3314 597 3370; x_wconf 72' lang='lat' dir='ltr'><strong>vaticinium</strong></span> <span class='ocrx_word' id='word_1_330' title='bbox 625 3327 692 3369; x_wconf 90' lang='lat' dir='ltr'><strong>eo</strong></span> <span class='ocrx_word' id='word_1_331' title='bbox 744 3312 1016 3382; x_wconf 74' lang='lat' dir='ltr'><strong>migrante</strong></span> <span class='ocrx_word' id='word_1_332' title='bbox 1061 3314 1278 3365; x_wconf 88' lang='lat' dir='ltr'><strong>constat</strong></span> <span class='ocrx_word' id='word_1_333' title='bbox 1319 3320 1440 3362; x_wconf 88' lang='lat' dir='ltr'><strong>esse</strong></span> <span class='ocrx_word' id='word_1_334' title='bbox 1482 3301 1718 3374; x_wconf 82' lang='lat' dir='ltr'><strong>comple-</strong></span> 
     </span>
    </p>
   </div>
   <div class='ocr_carea' id='block_1_51' title="bbox 128 3394 1717 3472">
    <p class='ocr_par' dir='ltr' id='par_1_51' title="bbox 128 3394 1717 3472">
     <span class='ocr_line' id='line_1_51' title="bbox 128 3394 1717 3472; baseline -0.009 -13"><span class='ocrx_word' id='word_1_335' title='bbox 128 3415 256 3460; x_wconf 90' lang='lat' dir='ltr'><strong>tum.</strong></span> <span class='ocrx_word' id='word_1_336' title='bbox 287 3405 432 3461; x_wconf 82' lang='lat' dir='ltr'><strong>Nam</strong></span> <span class='ocrx_word' id='word_1_337' title='bbox 487 3403 716 3472; x_wconf 83' lang='lat' dir='ltr'><strong>Signino</strong></span> <span class='ocrx_word' id='word_1_338' title='bbox 757 3402 995 3466; x_wconf 87' lang='lat' dir='ltr'><strong>cuidam,</strong></span> <span class='ocrx_word' id='word_1_339' title='bbox 1027 3397 1309 3471; x_wconf 85' lang='lat' dir='ltr'><strong>capellano</strong></span> <span class='ocrx_word' id='word_1_340' title='bbox 1347 3394 1552 3463; x_wconf 81' lang='lat' dir='ltr'><strong>Patris,</strong></span> <span class='ocrx_word' id='word_1_341' title='bbox 1585 3408 1717 3462; x_wconf 83' lang='lat' dir='ltr'><strong>spu-</strong></span> 
     </span>
    </p>
   </div>
   <div class='ocr_carea' id='block_1_52' title="bbox 127 3485 1720 3566">
    <p class='ocr_par' dir='ltr' id='par_1_52' title="bbox 127 3485 1720 3566">
     <span class='ocr_line' id='line_1_52' title="bbox 127 3485 1720 3566; baseline -0.008 -16"><span class='ocrx_word' id='word_1_342' title='bbox 127 3511 270 3553; x_wconf 83' lang='lat' dir='ltr'><strong>moso</strong></span> <span class='ocrx_word' id='word_1_343' title='bbox 297 3511 399 3552; x_wconf 89' lang='lat' dir='ltr'><strong>ore</strong></span> <span class='ocrx_word' id='word_1_344' title='bbox 426 3509 722 3566; x_wconf 86' lang='lat' dir='ltr'><strong>apparens,</strong></span> <span class='ocrx_word' id='word_1_345' title='bbox 758 3492 1071 3564; x_wconf 83' lang='lat' dir='ltr'><strong>postulabat</strong></span> <span class='ocrx_word' id='word_1_346' title='bbox 1118 3490 1370 3547; x_wconf 86' lang='lat' dir='ltr'><strong>flebiliter</strong></span> <span class='ocrx_word' id='word_1_347' title='bbox 1403 3487 1520 3559; x_wconf 87' lang='lat' dir='ltr'><strong>ejus</strong></span> <span class='ocrx_word' id='word_1_348' title='bbox 1561 3485 1720 3555; x_wconf 83' lang='lat' dir='ltr'><strong>juva-</strong></span> 
     </span>
    </p>
   </div>
   <div class='ocr_carea' id='block_1_53' title="bbox 129 3577 1715 3655">
    <p class='ocr_par' dir='ltr' id='par_1_53' title="bbox 129 3577 1715 3655">
     <span class='ocr_line' id='line_1_53' title="bbox 129 3577 1715 3655; baseline -0.006 -15"><span class='ocrx_word' id='word_1_349' title='bbox 129 3603 264 3655; x_wconf 86' lang='lat' dir='ltr'><strong>men,</strong></span> <span class='ocrx_word' id='word_1_350' title='bbox 295 3589 390 3644; x_wconf 91' lang='lat' dir='ltr'><strong>cui</strong></span> <span class='ocrx_word' id='word_1_351' title='bbox 419 3587 589 3643; x_wconf 89' lang='lat' dir='ltr'><strong>noluit</strong></span> <span class='ocrx_word' id='word_1_352' title='bbox 614 3587 855 3654; x_wconf 86' lang='lat' dir='ltr'><strong>obedire,</strong></span> <span class='ocrx_word' id='word_1_353' title='bbox 882 3585 1008 3640; x_wconf 88' lang='lat' dir='ltr'><strong>dum</strong></span> <span class='ocrx_word' id='word_1_354' title='bbox 1049 3583 1277 3639; x_wconf 87' lang='lat' dir='ltr'><strong>viveret.</strong></span> <span class='ocrx_word' id='word_1_355' title='bbox 1325 3579 1442 3636; x_wconf 85' lang='lat' dir='ltr'><strong>Hoc</strong></span> <span class='ocrx_word' id='word_1_356' title='bbox 1488 3578 1577 3634; x_wconf 92' lang='lat' dir='ltr'><strong>ubi</strong></span> <span class='ocrx_word' id='word_1_357' title='bbox 1626 3577 1715 3632; x_wconf 28' lang='lat' dir='ltr'><strong>do:</strong></span> 
     </span>
    </p>
   </div>
   <div class='ocr_carea' id='block_1_54' title="bbox 132 3676 1717 3749">
    <p class='ocr_par' dir='ltr' id='par_1_54' title="bbox 132 3676 1717 3749">
     <span class='ocr_line' id='line_1_54' title="bbox 132 3676 1717 3749; baseline -0.008 -16"><span class='ocrx_word' id='word_1_358' title='bbox 132 3680 269 3736; x_wconf 88' lang='lat' dir='ltr'><strong>mino</strong></span> <span class='ocrx_word' id='word_1_359' title='bbox 304 3679 495 3735; x_wconf 85' lang='lat' dir='ltr'><strong>abbati</strong></span> <span class='ocrx_word' id='word_1_360' title='bbox 533 3679 791 3749; x_wconf 87' lang='lat' dir='ltr'><strong>Signinus</strong></span> <span class='ocrx_word' id='word_1_361' title='bbox 843 3676 1050 3742; x_wconf 87' lang='lat' dir='ltr'><strong>retulit,</strong></span> <span class='ocrx_word' id='word_1_362' title='bbox 1098 3676 1358 3745; x_wconf 57' lang='lat' dir='ltr'><strong>praecepit</strong></span> <span class='ocrx_word' id='word_1_363' title='bbox 1403 3680 1465 3726; x_wconf 88' lang='lat' dir='ltr'><strong>ut</strong></span> <span class='ocrx_word' id='word_1_364' title='bbox 1512 3677 1717 3740; x_wconf 88' lang='lat' dir='ltr'><strong>septem</strong></span> 
     </span>
    </p>
   </div>
   <div class='ocr_carea' id='block_1_55' title="bbox 131 3761 1712 3840">
    <p class='ocr_par' dir='ltr' id='par_1_55' title="bbox 131 3761 1712 3840">
     <span class='ocr_line' id='line_1_55' title="bbox 131 3761 1712 3840; baseline -0.006 -16"><span class='ocrx_word' id='word_1_365' title='bbox 131 3771 321 3827; x_wconf 83' lang='lat' dir='ltr'><strong>fratres</strong></span> <span class='ocrx_word' id='word_1_366' title='bbox 347 3785 454 3826; x_wconf 88' lang='lat' dir='ltr'><strong>una</strong></span> <span class='ocrx_word' id='word_1_367' title='bbox 480 3769 818 3826; x_wconf 86' lang='lat' dir='ltr'><strong>hebdomada</strong></span> <span class='ocrx_word' id='word_1_368' title='bbox 849 3783 949 3840; x_wconf 92' lang='lat' dir='ltr'><strong>pro</strong></span> <span class='ocrx_word' id='word_1_369' title='bbox 977 3767 1233 3823; x_wconf 87' lang='lat' dir='ltr'><strong>defuncto</strong></span> <span class='ocrx_word' id='word_1_370' title='bbox 1283 3761 1712 3822; x_wconf 84' lang='lat' dir='ltr'><strong>taciturnitatem</strong></span> 
     </span>
    </p>
   </div>
   <div class='ocr_carea' id='block_1_56' title="bbox 130 3853 1718 3933">
    <p class='ocr_par' dir='ltr' id='par_1_56' title="bbox 130 3853 1718 3933">
     <span class='ocr_line' id='line_1_56' title="bbox 130 3853 1718 3933; baseline -0.009 -16"><span class='ocrx_word' id='word_1_371' title='bbox 130 3862 336 3933; x_wconf 82' lang='lat' dir='ltr'><strong>preprii</strong></span> <span class='ocrx_word' id='word_1_372' title='bbox 365 3861 479 3918; x_wconf 91' lang='lat' dir='ltr'><strong>oris</strong></span> <span class='ocrx_word' id='word_1_373' title='bbox 519 3860 924 3926; x_wconf 86' lang='lat' dir='ltr'><strong>continuarent,</strong></span> <span class='ocrx_word' id='word_1_374' title='bbox 973 3858 1045 3914; x_wconf 82' lang='lat' dir='ltr'><strong>ad</strong></span> <span class='ocrx_word' id='word_1_375' title='bbox 1087 3856 1191 3913; x_wconf 86' lang='lat' dir='ltr'><strong>hoc</strong></span> <span class='ocrx_word' id='word_1_376' title='bbox 1225 3853 1488 3913; x_wconf 87' lang='lat' dir='ltr'><strong>fratribus</strong></span> <span class='ocrx_word' id='word_1_377' title='bbox 1513 3861 1718 3922; x_wconf 83' lang='lat' dir='ltr'><strong>septem</strong></span> 
     </span>
    </p>
   </div>
   <div class='ocr_carea' id='block_1_57' title="bbox 129 3942 1718 4020">
    <p class='ocr_par' dir='ltr' id='par_1_57' title="bbox 129 3942 1718 4020">
     <span class='ocr_line' id='line_1_57' title="bbox 129 3942 1718 4020; baseline -0.007 -12"><span class='ocrx_word' id='word_1_378' title='bbox 129 3955 370 4020; x_wconf 83' lang='lat' dir='ltr'><strong>electis;</strong></span> <span class='ocrx_word' id='word_1_379' title='bbox 433 3954 644 4010; x_wconf 71' lang='lat' dir='ltr'><strong>czeteris</strong></span> <span class='ocrx_word' id='word_1_380' title='bbox 704 3951 1084 4009; x_wconf 88' lang='lat' dir='ltr'><strong>obedientibus</strong></span> <span class='ocrx_word' id='word_1_381' title='bbox 1149 3961 1291 4004; x_wconf 90' lang='lat' dir='ltr'><strong>unus</strong></span> <span class='ocrx_word' id='word_1_382' title='bbox 1352 3960 1542 4004; x_wconf 91' lang='lat' dir='ltr'><strong>eorum</strong></span> <span class='ocrx_word' id='word_1_383' title='bbox 1610 3942 1718 3997; x_wconf 89' lang='lat' dir='ltr'><strong>voti</strong></span> 
     </span>
    </p>
   </div>
   <div class='ocr_carea' id='block_1_58' title="bbox 133 4033 1718 4116">
    <p class='ocr_par' dir='ltr' id='par_1_58' title="bbox 133 4033 1718 4116">
     <span class='ocr_line' id='line_1_58' title="bbox 133 4033 1718 4116; baseline -0.008 -18"><span class='ocrx_word' id='word_1_384' title='bbox 133 4051 474 4116; x_wconf 72' lang='lat' dir='ltr'><strong>eontemptor</strong></span> <span class='ocrx_word' id='word_1_385' title='bbox 499 4044 775 4100; x_wconf 90' lang='lat' dir='ltr'><strong>silentium</strong></span> <span class='ocrx_word' id='word_1_386' title='bbox 829 4041 1138 4111; x_wconf 89' lang='lat' dir='ltr'><strong>interrupit.</strong></span> <span class='ocrx_word' id='word_1_387' title='bbox 1183 4039 1395 4094; x_wconf 85' lang='lat' dir='ltr'><strong>Rursus</strong></span> <span class='ocrx_word' id='word_1_388' title='bbox 1451 4033 1718 4107; x_wconf 81' lang='lat' dir='ltr'><strong>pontifex,</strong></span> 
     </span>
    </p>
   </div>
   <div class='ocr_carea' id='block_1_59' title="bbox 134 4131 1722 4200">
    <p class='ocr_par' dir='ltr' id='par_1_59' title="bbox 134 4131 1722 4200">
     <span class='ocr_line' id='line_1_59' title="bbox 134 4131 1722 4200; baseline -0.006 -11"><span class='ocrx_word' id='word_1_389' title='bbox 134 4135 300 4190; x_wconf 88' lang='lat' dir='ltr'><strong>eidem</strong></span> <span class='ocrx_word' id='word_1_390' title='bbox 323 4137 506 4190; x_wconf 88' lang='lat' dir='ltr'><strong>denuo</strong></span> <span class='ocrx_word' id='word_1_391' title='bbox 537 4134 828 4200; x_wconf 87' lang='lat' dir='ltr'><strong>revelatus,</strong></span> <span class='ocrx_word' id='word_1_392' title='bbox 858 4141 945 4189; x_wconf 85' lang='lat' dir='ltr'><strong>est</strong></span> <span class='ocrx_word' id='word_1_393' title='bbox 985 4131 1139 4186; x_wconf 86' lang='lat' dir='ltr'><strong>valde</strong></span> <span class='ocrx_word' id='word_1_394' title='bbox 1183 4137 1515 4198; x_wconf 88' lang='lat' dir='ltr'><strong>conquestus</strong></span> <span class='ocrx_word' id='word_1_395' title='bbox 1559 4140 1722 4197; x_wconf 91' lang='lat' dir='ltr'><strong>super</strong></span> 
     </span>
    </p>
   </div>
   <div class='ocr_carea' id='block_1_60' title="bbox 136 4216 1720 4292">
    <p class='ocr_par' dir='ltr' id='par_1_60' title="bbox 136 4216 1720 4292">
     <span class='ocr_line' id='line_1_60' title="bbox 136 4216 1720 4292; baseline -0.004 -16"><span class='ocrx_word' id='word_1_396' title='bbox 136 4222 219 4278; x_wconf 88' lang='lat' dir='ltr'><strong>illo</strong></span> <span class='ocrx_word' id='word_1_397' title='bbox 250 4223 427 4278; x_wconf 90' lang='lat' dir='ltr'><strong>fratre</strong></span> <span class='ocrx_word' id='word_1_398' title='bbox 469 4223 710 4292; x_wconf 86' lang='lat' dir='ltr'><strong>perﬁdo,</strong></span> <span class='ocrx_word' id='word_1_399' title='bbox 750 4223 841 4292; x_wconf 83' lang='lat' dir='ltr'><strong>qui</strong></span> <span class='ocrx_word' id='word_1_400' title='bbox 889 4223 1018 4279; x_wconf 91' lang='lat' dir='ltr'><strong>dum</strong></span> <span class='ocrx_word' id='word_1_401' title='bbox 1062 4236 1169 4277; x_wconf 87' lang='lat' dir='ltr'><strong>non</strong></span> <span class='ocrx_word' id='word_1_402' title='bbox 1218 4220 1400 4287; x_wconf 87' lang='lat' dir='ltr'><strong>siluit,</strong></span> <span class='ocrx_word' id='word_1_403' title='bbox 1431 4216 1720 4274; x_wconf 88' lang='lat' dir='ltr'><strong>sanitatem</strong></span> 
     </span>
    </p>
   </div>
   <div class='ocr_carea' id='block_1_61' title="bbox 135 4305 1718 4383">
    <p class='ocr_par' dir='ltr' id='par_1_61' title="bbox 135 4305 1718 4383">
     <span class='ocr_line' id='line_1_61' title="bbox 135 4305 1718 4383; baseline 0.002 -17"><span class='ocrx_word' id='word_1_404' title='bbox 135 4327 242 4368; x_wconf 88' lang='lat' dir='ltr'><strong>eus</strong></span> <span class='ocrx_word' id='word_1_405' title='bbox 299 4314 673 4383; x_wconf 83' lang='lat' dir='ltr'><strong>interpolavit.</strong></span> <span class='ocrx_word' id='word_1_406' title='bbox 737 4313 978 4370; x_wconf 88' lang='lat' dir='ltr'><strong>Audiens</strong></span> <span class='ocrx_word' id='word_1_407' title='bbox 1049 4313 1154 4368; x_wconf 88' lang='lat' dir='ltr'><strong>ista</strong></span> <span class='ocrx_word' id='word_1_408' title='bbox 1210 4310 1491 4382; x_wconf 86' lang='lat' dir='ltr'><strong>piissimus</strong></span> <span class='ocrx_word' id='word_1_409' title='bbox 1541 4305 1718 4377; x_wconf 81' lang='lat' dir='ltr'><strong>Hugo.</strong></span> 
     </span>
    </p>
   </div>
   <div class='ocr_carea' id='block_1_62' title="bbox 136 4397 1721 4476">
    <p class='ocr_par' dir='ltr' id='par_1_62' title="bbox 136 4397 1721 4476">
     <span class='ocr_line' id='line_1_62' title="bbox 136 4397 1721 4476; baseline -0.008 -13"><span class='ocrx_word' id='word_1_410' title='bbox 136 4406 386 4476; x_wconf 62' lang='lat' dir='ltr'><strong>praecepit</strong></span> <span class='ocrx_word' id='word_1_411' title='bbox 408 4416 463 4460; x_wconf 90' lang='lat' dir='ltr'><strong>ut</strong></span> <span class='ocrx_word' id='word_1_412' title='bbox 493 4407 732 4462; x_wconf 87' lang='lat' dir='ltr'><strong>fractura</strong></span> <span class='ocrx_word' id='word_1_413' title='bbox 757 4405 983 4470; x_wconf 89' lang='lat' dir='ltr'><strong>silentii,</strong></span> <span class='ocrx_word' id='word_1_414' title='bbox 1027 4419 1153 4474; x_wconf 78' lang='lat' dir='ltr'><strong>qua:</strong></span> <span class='ocrx_word' id='word_1_415' title='bbox 1188 4419 1285 4472; x_wconf 91' lang='lat' dir='ltr'><strong>per</strong></span> <span class='ocrx_word' id='word_1_416' title='bbox 1331 4415 1499 4457; x_wconf 89' lang='lat' dir='ltr'><strong>unum</strong></span> <span class='ocrx_word' id='word_1_417' title='bbox 1548 4397 1721 4456; x_wconf 53' lang='lat' dir='ltr'><strong>conti.</strong></span> 
     </span>
    </p>
   </div>
   <div class='ocr_carea' id='block_1_63' title="bbox 139 4489 1722 4566">
    <p class='ocr_par' dir='ltr' id='par_1_63' title="bbox 139 4489 1722 4566">
     <span class='ocr_line' id='line_1_63' title="bbox 139 4489 1722 4566; baseline -0.008 -14"><span class='ocrx_word' id='word_1_418' title='bbox 139 4507 304 4562; x_wconf 74' lang='lat' dir='ltr'><strong>gerat,</strong></span> <span class='ocrx_word' id='word_1_419' title='bbox 349 4495 582 4551; x_wconf 85' lang='lat' dir='ltr'><strong>aliorum</strong></span> <span class='ocrx_word' id='word_1_420' title='bbox 629 4504 837 4566; x_wconf 91' lang='lat' dir='ltr'><strong>septem</strong></span> <span class='ocrx_word' id='word_1_421' title='bbox 885 4495 1098 4550; x_wconf 86' lang='lat' dir='ltr'><strong>dierum</strong></span> <span class='ocrx_word' id='word_1_422' title='bbox 1149 4491 1367 4549; x_wconf 89' lang='lat' dir='ltr'><strong>silentio</strong></span> <span class='ocrx_word' id='word_1_423' title='bbox 1405 4489 1722 4545; x_wconf 86' lang='lat' dir='ltr'><strong>sarciretur.</strong></span> 
     </span>
    </p>
   </div>
   <div class='ocr_carea' id='block_1_64' title="bbox 138 4579 1726 4666">
    <p class='ocr_par' dir='ltr' id='par_1_64' title="bbox 138 4579 1726 4666">
     <span class='ocr_line' id='line_1_64' title="bbox 138 4579 1726 4666; baseline 0 -28"><span class='ocrx_word' id='word_1_424' title='bbox 138 4582 248 4650; x_wconf 84' lang='lat' dir='ltr'><strong>Quo</strong></span> <span class='ocrx_word' id='word_1_425' title='bbox 268 4585 416 4666; x_wconf 82' lang='lat' dir='ltr'><strong>facto</strong></span> <span class='ocrx_word' id='word_1_426' title='bbox 445 4584 626 4656; x_wconf 86' lang='lat' dir='ltr'><strong>anima</strong></span> <span class='ocrx_word' id='word_1_427' title='bbox 653 4584 925 4655; x_wconf 83' lang='lat' dir='ltr'><strong>pontificis</strong></span> <span class='ocrx_word' id='word_1_428' title='bbox 954 4584 1116 4640; x_wconf 89' lang='lat' dir='ltr'><strong>tertio</strong></span> <span class='ocrx_word' id='word_1_429' title='bbox 1146 4597 1437 4654; x_wconf 86' lang='lat' dir='ltr'><strong>apparens,</strong></span> <span class='ocrx_word' id='word_1_430' title='bbox 1486 4579 1541 4635; x_wconf 91' lang='lat' dir='ltr'><strong>in</strong></span> <span class='ocrx_word' id='word_1_431' title='bbox 1582 4585 1726 4646; x_wconf 72' lang='lat' dir='ltr'><strong>statu</strong></span> 
     </span>
    </p>
   </div>
   <div class='ocr_carea' id='block_1_65' title="bbox 139 4673 1728 4748">
    <p class='ocr_par' dir='ltr' id='par_1_65' title="bbox 139 4673 1728 4748">
     <span class='ocr_line' id='line_1_65' title="bbox 139 4673 1728 4748; baseline -0.002 -20"><span class='ocrx_word' id='word_1_432' title='bbox 139 4678 331 4746; x_wconf 57' lang='lat' dir='ltr'><strong>aposto.‘</strong></span> <span class='ocrx_word' id='word_1_433' title='bbox 342 4677 429 4733; x_wconf 92' lang='lat' dir='ltr'><strong>ico</strong></span> <span class='ocrx_word' id='word_1_434' title='bbox 458 4692 517 4733; x_wconf 82' lang='lat' dir='ltr'><strong>se</strong></span> <span class='ocrx_word' id='word_1_435' title='bbox 543 4678 827 4743; x_wconf 82' lang='lat' dir='ltr'><strong>exhibens,</strong></span> <span class='ocrx_word' id='word_1_436' title='bbox 847 4676 1122 4748; x_wconf 83' lang='lat' dir='ltr'><strong>purgatori</strong></span> <span class='ocrx_word' id='word_1_437' title='bbox 1143 4691 1242 4732; x_wconf 90' lang='lat' dir='ltr'><strong>suo</strong></span> <span class='ocrx_word' id='word_1_438' title='bbox 1265 4673 1728 4746; x_wconf 75' lang='lat' dir='ltr'><strong>(105)tnemorato</strong></span> 
     </span>
    </p>
   </div>
   <div class='ocr_carea' id='block_1_66' title="bbox 141 4762 1728 4840">
    <p class='ocr_par' dir='ltr' id='par_1_66' title="bbox 141 4762 1728 4840">
     <span class='ocr_line' id='line_1_66' title="bbox 141 4762 1728 4840; baseline -0.006 -17"><span class='ocrx_word' id='word_1_439' title='bbox 141 4781 461 4840; x_wconf 63' lang='lat' dir='ltr'><strong>semperque</strong></span> <span class='ocrx_word' id='word_1_440' title='bbox 491 4769 844 4825; x_wconf 86' lang='lat' dir='ltr'><strong>memorando</strong></span> <span class='ocrx_word' id='word_1_441' title='bbox 884 4767 1094 4839; x_wconf 85' lang='lat' dir='ltr'><strong>Hugoni</strong></span> <span class='ocrx_word' id='word_1_442' title='bbox 1139 4768 1345 4838; x_wconf 80' lang='lat' dir='ltr'><strong>gratias</strong></span> <span class='ocrx_word' id='word_1_443' title='bbox 1399 4762 1728 4834; x_wconf 82' lang='lat' dir='ltr'><strong>integritatis</strong></span> 
     </span>
    </p>
   </div>
   <div class='ocr_carea' id='block_1_67' title="bbox 143 4861 588 4930">
    <p class='ocr_par' dir='ltr' id='par_1_67' title="bbox 143 4861 588 4930">
     <span class='ocr_line' id='line_1_67' title="bbox 143 4861 588 4930; baseline 0.007 -19"><span class='ocrx_word' id='word_1_444' title='bbox 143 4873 245 4912; x_wconf 70' lang='lat' dir='ltr'><strong>suae</strong></span> <span class='ocrx_word' id='word_1_445' title='bbox 271 4861 588 4930; x_wconf 82' lang='lat' dir='ltr'><strong>reportavit.</strong></span> 
     </span>
    </p>
   </div>
   <div class='ocr_carea' id='block_1_68' title="bbox 209 4948 1732 5025">
    <p class='ocr_par' dir='ltr' id='par_1_68' title="bbox 209 4948 1732 5025">
     <span class='ocr_line' id='line_1_68' title="bbox 209 4948 1732 5025; baseline -0.001 -21"><span class='ocrx_word' id='word_1_446' title='bbox 209 4951 260 5004; x_wconf 87' lang='lat'><strong>7.</strong></span> <span class='ocrx_word' id='word_1_447' title='bbox 297 4951 320 5010; x_wconf 87' lang='grc' dir='ltr'>ι</span> <span class='ocrx_word' id='word_1_448' title='bbox 345 4967 432 5006; x_wconf 90' lang='lat' dir='ltr'><strong>em</strong></span> <span class='ocrx_word' id='word_1_449' title='bbox 479 4953 533 5014; x_wconf 87' lang='lat' dir='ltr'><strong>in</strong></span> <span class='ocrx_word' id='word_1_450' title='bbox 562 4951 855 5008; x_wconf 85' lang='lat' dir='ltr'><strong>Silviniaco</strong></span> <span class='ocrx_word' id='word_1_451' title='bbox 881 4952 1028 5025; x_wconf 69' lang='lat'><strong>(106)</strong></span> <span class='ocrx_word' id='word_1_452' title='bbox 1059 4950 1279 5022; x_wconf 85' lang='lat' dir='ltr'><strong>quidam</strong></span> <span class='ocrx_word' id='word_1_453' title='bbox 1299 4950 1488 5018; x_wconf 89' lang='lat' dir='ltr'><strong>frater,</strong></span> <span class='ocrx_word' id='word_1_454' title='bbox 1513 4948 1732 5004; x_wconf 89' lang='lat' dir='ltr'><strong>nomine</strong></span> 
     </span>
    </p>
   </div>
   <div class='ocr_carea' id='block_1_69' title="bbox 147 5042 1734 5119">
    <p class='ocr_par' dir='ltr' id='par_1_69' title="bbox 147 5042 1734 5119">
     <span class='ocr_line' id='line_1_69' title="bbox 147 5042 1734 5119; baseline -0.001 -21"><span class='ocrx_word' id='word_1_455' title='bbox 147 5042 477 5115; x_wconf 74' lang='lat' dir='ltr'><strong>Stephanus,</strong></span> <span class='ocrx_word' id='word_1_456' title='bbox 506 5048 680 5104; x_wconf 86' lang='lat' dir='ltr'><strong>hostis</strong></span> <span class='ocrx_word' id='word_1_457' title='bbox 719 5047 928 5119; x_wconf 88' lang='lat' dir='ltr'><strong>antiqui</strong></span> <span class='ocrx_word' id='word_1_458' title='bbox 955 5046 1332 5118; x_wconf 89' lang='lat' dir='ltr'><strong>supplantatus</strong></span> <span class='ocrx_word' id='word_1_459' title='bbox 1357 5043 1592 5109; x_wconf 86' lang='lat' dir='ltr'><strong>insidiis,</strong></span> <span class='ocrx_word' id='word_1_460' title='bbox 1617 5058 1734 5097; x_wconf 83' lang='lat' dir='ltr'><strong>ma-</strong></span> 
     </span>
    </p>
   </div>
   <div class='ocr_carea' id='block_1_70' title="bbox 149 5135 1731 5209">
    <p class='ocr_par' dir='ltr' id='par_1_70' title="bbox 149 5135 1731 5209">
     <span class='ocr_line' id='line_1_70' title="bbox 149 5135 1731 5209; baseline 0.001 -20"><span class='ocrx_word' id='word_1_461' title='bbox 149 5149 249 5193; x_wconf 78' lang='lat' dir='ltr'><strong>nus</strong></span> <span class='ocrx_word' id='word_1_462' title='bbox 269 5139 370 5194; x_wconf 88' lang='lat' dir='ltr'><strong>sibi</strong></span> <span class='ocrx_word' id='word_1_463' title='bbox 407 5140 662 5209; x_wconf 81' lang='lat' dir='ltr'><strong>ingerens</strong></span> <span class='ocrx_word' id='word_1_464' title='bbox 709 5141 775 5196; x_wconf 89' lang='lat' dir='ltr'><strong>ad</strong></span> <span class='ocrx_word' id='word_1_465' title='bbox 807 5155 1069 5197; x_wconf 89' lang='lat' dir='ltr'><strong>coronam</strong></span> <span class='ocrx_word' id='word_1_466' title='bbox 1121 5137 1370 5208; x_wconf 86' lang='lat' dir='ltr'><strong>martyrii</strong></span> <span class='ocrx_word' id='word_1_467' title='bbox 1427 5135 1731 5208; x_wconf 85' lang='lat' dir='ltr'><strong>anticipan-</strong></span> 
     </span>
    </p>
   </div>
   <div class='ocr_carea' id='block_1_71' title="bbox 202 5291 1729 5374">
    <p class='ocr_par' dir='ltr' id='par_1_71' title="bbox 202 5291 1729 5374">
     <span class='ocr_line' id='line_1_71' title="bbox 202 5291 1729 5374; baseline -0.004 -24"><span class='ocrx_word' id='word_1_468' title='bbox 202 5292 732 5374; x_wconf 37' lang='lat' dir='ltr'><strong>_(|04_).Cogn_omen_</strong></span> <span class='ocrx_word' id='word_1_469' title='bbox 764 5295 868 5374; x_wconf 84' lang='lat' dir='ltr'><strong>hoc</strong></span> <span class='ocrx_word' id='word_1_470' title='bbox 893 5294 1242 5374; x_wconf 48' lang='lat' dir='ltr'><strong>ignoravere</strong></span> <span class='ocrx_word' id='word_1_471' title='bbox 1278 5291 1729 5374; x_wconf 79' lang='lat' dir='ltr'><strong>_S_ammarthani,</strong></span> 
     </span>
    </p>
   </div>
   <div class='ocr_carea' id='block_1_72' title="bbox 150 5356 1395 5436">
    <p class='ocr_par' dir='ltr' id='par_1_72' title="bbox 150 5356 1395 5436">
     <span class='ocr_line' id='line_1_72' title="bbox 150 5356 1395 5436; baseline 0.008 -28"><span class='ocrx_word' id='word_1_472' title='bbox 150 5356 356 5436; x_wconf 62' lang='lat' dir='ltr'><strong>alioqui</strong></span> <span class='ocrx_word' id='word_1_473' title='bbox 373 5364 431 5436; x_wconf 11' lang='lat' dir='ltr'><strong>in,</strong></span> <span class='ocrx_word' id='word_1_474' title='bbox 452 5356 554 5420; x_wconf 69' lang='lat' dir='ltr'><strong>sibi</strong></span> <span class='ocrx_word' id='word_1_475' title='bbox 577 5367 811 5436; x_wconf 85' lang='lat' dir='ltr'><strong>cognitis</strong></span> <span class='ocrx_word' id='word_1_476' title='bbox 831 5356 1168 5436; x_wconf 15' lang='lat' dir='ltr'><strong>gadnvotandis</strong></span> <span class='ocrx_word' id='word_1_477' title='bbox 1199 5363 1395 5419; x_wconf 80' lang='lat' dir='ltr'><strong>seduli.</strong></span> 
     </span>
    </p>
   </div>
   <div class='ocr_carea' id='block_1_73' title="bbox 224 5431 1246 5506">
    <p class='ocr_par' dir='ltr' id='par_1_73' title="bbox 224 5431 1246 5506">
     <span class='ocr_line' id='line_1_73' title="bbox 224 5431 1246 5506; baseline 0 -17"><span class='ocrx_word' id='word_1_478' title='bbox 224 5431 369 5506; x_wconf 66' lang='grc' dir='ltr'>ςψξῑ)</span> <span class='ocrx_word' id='word_1_479' title='bbox 408 5431 782 5506; x_wconf 59' lang='grc' dir='ltr'><strong>ΔΕυιςτιηιιῖιηιι,</strong></span> <span class='ocrx_word' id='word_1_480' title='bbox 815 5435 1246 5506; x_wconf 67' lang='lat' dir='ltr'><strong>Purga(01&#39;iistti.</strong></span> 
     </span>
    </p>
   </div>
   <div class='ocr_carea' id='block_1_74' title="bbox 213 5498 1732 5577">
    <p class='ocr_par' dir='ltr' id='par_1_74' title="bbox 213 5498 1732 5577">
     <span class='ocr_line' id='line_1_74' title="bbox 213 5498 1732 5577; baseline -0.002 -20"><span class='ocrx_word' id='word_1_481' title='bbox 213 5498 361 5577; x_wconf 42' lang='lat'><strong>(:06)</strong></span> <span class='ocrx_word' id='word_1_482' title='bbox 401 5498 952 5577; x_wconf 20' lang='lat' dir='ltr'><strong>Silviniacum’vulgo</strong></span> <span class='ocrx_word' id='word_1_483' title='bbox 994 5505 1280 5577; x_wconf 69' lang='lat' dir='ltr'><strong>Sanvigny,</strong></span> <span class='ocrx_word' id='word_1_484' title='bbox 1308 5502 1732 5577; x_wconf 71' lang='lat' dir='ltr'><strong>nonilludquod</strong></span> 
     </span>
    </p>
   </div>
   <div class='ocr_carea' id='block_1_75' title="bbox 151 5563 1736 5631">
    <p class='ocr_par' dir='ltr' id='par_1_75' title="bbox 151 5563 1736 5631">
     <span class='ocr_line' id='line_1_75' title="bbox 151 5563 1736 5631; baseline 0.004 -11"><span class='ocrx_word' id='word_1_485' title='bbox 151 5563 609 5630; x_wconf 48' lang='lat' dir='ltr'><strong>ln&#39;Cenomaunire</strong></span> <span class='ocrx_word' id='word_1_486' title='bbox 651 5577 847 5631; x_wconf 82' lang='lat' dir='ltr'><strong>finibus</strong></span> <span class='ocrx_word' id='word_1_487' title='bbox 883 5563 918 5629; x_wconf 67' lang='grc' dir='ltr'>Ξ</span> <span class='ocrx_word' id='word_1_488' title='bbox 972 5578 1029 5630; x_wconf 84' lang='lat' dir='ltr'><strong>S.</strong></span> <span class='ocrx_word' id='word_1_489' title='bbox 1075 5563 1252 5630; x_wconf 51' lang='lat' dir='ltr'><strong>Vitali&#39;</strong></span> <span class='ocrx_word' id='word_1_490' title='bbox 1269 5563 1546 5630; x_wconf 70' lang='lat' dir='ltr'><strong>conditum</strong></span> <span class='ocrx_word' id='word_1_491' title='bbox 1581 5563 1736 5628; x_wconf 70' lang='lat' dir='ltr'><strong>Savi-</strong></span> 
     </span>
    </p>
   </div>
   <div class='ocr_carea' id='block_1_76' title="bbox 153 5640 1733 5721">
    <p class='ocr_par' dir='ltr' id='par_1_76' title="bbox 153 5640 1733 5721">
     <span class='ocr_line' id='line_1_76' title="bbox 153 5640 1733 5721; baseline 0.001 -26"><span class='ocrx_word' id='word_1_492' title='bbox 153 5640 358 5721; x_wconf 59' lang='lat' dir='ltr'><strong>Itjacttttt</strong></span> <span class='ocrx_word' id='word_1_493' title='bbox 394 5647 610 5721; x_wconf 63' lang='lat' dir='ltr'><strong>dicitur,</strong></span> <span class='ocrx_word' id='word_1_494' title='bbox 651 5657 710 5721; x_wconf 64' lang='lat' dir='ltr'><strong>et</strong></span> <span class='ocrx_word' id='word_1_495' title='bbox 729 5647 838 5702; x_wconf 89' lang='lat' dir='ltr'><strong>cito</strong></span> <span class='ocrx_word' id='word_1_496' title='bbox 861 5649 928 5721; x_wconf 82' lang='lat' dir='ltr'><strong>ad</strong></span> <span class='ocrx_word' id='word_1_497' title='bbox 941 5646 1340 5721; x_wconf 73' lang='lat' dir='ltr'><strong>Cistereienses</strong></span> <span class='ocrx_word' id='word_1_498' title='bbox 1365 5645 1613 5721; x_wconf 73' lang='lat' dir='ltr'><strong>transiit;</strong></span> <span class='ocrx_word' id='word_1_499' title='bbox 1639 5643 1733 5697; x_wconf 88' lang='lat' dir='ltr'><strong>sed</strong></span> 
     </span>
    </p>
   </div>
   <div class='ocr_carea' id='block_1_77' title="bbox 154 5708 1734 5787">
    <p class='ocr_par' dir='ltr' id='par_1_77' title="bbox 154 5708 1734 5787">
     <span class='ocr_line' id='line_1_77' title="bbox 154 5708 1734 5787; baseline -0.002 -16"><span class='ocrx_word' id='word_1_500' title='bbox 154 5708 299 5780; x_wconf 67' lang='grc' dir='ltr'><strong>ἱεῑὶιιῖ,</strong></span> <span class='ocrx_word' id='word_1_501' title='bbox 336 5713 556 5773; x_wconf 81' lang='lat' dir='ltr'><strong>forsitan</strong></span> <span class='ocrx_word' id='word_1_502' title='bbox 587 5708 637 5772; x_wconf 83' lang='lat' dir='ltr'><strong>in</strong></span> <span class='ocrx_word' id='word_1_503' title='bbox 680 5717 1001 5787; x_wconf 68' lang='lat' dir='ltr'><strong>fiurgundim</strong></span> <span class='ocrx_word' id='word_1_504' title='bbox 1032 5717 1249 5787; x_wconf 82' lang='lat' dir='ltr'><strong>oppido,</strong></span> <span class='ocrx_word' id='word_1_505' title='bbox 1279 5719 1344 5772; x_wconf 88' lang='lat' dir='ltr'><strong>ad</strong></span> <span class='ocrx_word' id='word_1_506' title='bbox 1375 5708 1607 5772; x_wconf 77' lang='lat' dir='ltr'><strong>confinia</strong></span> <span class='ocrx_word' id='word_1_507' title='bbox 1637 5716 1734 5769; x_wconf 83' lang='lat' dir='ltr'><strong>du-</strong></span> 
     </span>
    </p>
   </div>
   <div class='ocr_carea' id='block_1_78' title="bbox 1757 4449 1804 4506">
    <p class='ocr_par' dir='ltr' id='par_1_78' title="bbox 1757 4449 1804 4506">
     <span class='ocr_line' id='line_1_78' title="bbox 1757 4449 1804 4506; baseline 0 0"><span class='ocrx_word' id='word_1_508' title='bbox 1757 4449 1804 4506; x_wconf 89' lang='lat' dir='ltr'><strong>D</strong></span> 
     </span>
    </p>
   </div>
   <div class='ocr_carea' id='block_1_79' title="bbox 1806 1831 3397 1908">
    <p class='ocr_par' dir='ltr' id='par_1_79' title="bbox 1806 1831 3397 1908">
     <span class='ocr_line' id='line_1_79' title="bbox 1806 1831 3397 1908; baseline -0.006 -14"><span class='ocrx_word' id='word_1_509' title='bbox 1806 1838 2052 1894; x_wconf 89' lang='lat' dir='ltr'><strong>claudus.</strong></span> <span class='ocrx_word' id='word_1_510' title='bbox 2080 1835 2346 1908; x_wconf 84' lang='lat' dir='ltr'><strong>Apparuit</strong></span> <span class='ocrx_word' id='word_1_511' title='bbox 2394 1836 2455 1892; x_wconf 85' lang='lat' dir='ltr'><strong>S.</strong></span> <span class='ocrx_word' id='word_1_512' title='bbox 2491 1836 2651 1892; x_wconf 88' lang='lat' dir='ltr'><strong>Odilo</strong></span> <span class='ocrx_word' id='word_1_513' title='bbox 2701 1835 2878 1891; x_wconf 90' lang='lat' dir='ltr'><strong>eidem</strong></span> <span class='ocrx_word' id='word_1_514' title='bbox 2910 1832 3152 1902; x_wconf 85' lang='lat' dir='ltr'><strong>vigilanti</strong></span> <span class='ocrx_word' id='word_1_515' title='bbox 3195 1831 3397 1886; x_wconf 89' lang='lat' dir='ltr'><strong>visibili</strong></span> 
     </span>
    </p>
   </div>
   <div class='ocr_carea' id='block_1_80' title="bbox 1811 1925 3398 2002">
    <p class='ocr_par' dir='ltr' id='par_1_80' title="bbox 1811 1925 3398 2002">
     <span class='ocr_line' id='line_1_80' title="bbox 1811 1925 3398 2002; baseline -0.004 -17"><span class='ocrx_word' id='word_1_516' title='bbox 1811 1931 1981 1986; x_wconf 90' lang='lat' dir='ltr'><strong>forma</strong></span> <span class='ocrx_word' id='word_1_517' title='bbox 2015 1946 2137 2002; x_wconf 78' lang='lat' dir='ltr'><strong>cum</strong></span> <span class='ocrx_word' id='word_1_518' title='bbox 2194 1929 2404 1986; x_wconf 90' lang='lat' dir='ltr'><strong>duobus</strong></span> <span class='ocrx_word' id='word_1_519' title='bbox 2431 1930 2595 1996; x_wconf 84' lang='lat' dir='ltr'><strong>viris;</strong></span> <span class='ocrx_word' id='word_1_520' title='bbox 2647 1936 2702 1983; x_wconf 91' lang='lat' dir='ltr'><strong>et</strong></span> <span class='ocrx_word' id='word_1_521' title='bbox 2751 1942 2879 1982; x_wconf 89' lang='lat' dir='ltr'><strong>ecce</strong></span> <span class='ocrx_word' id='word_1_522' title='bbox 2932 1925 3072 1981; x_wconf 85' lang='lat' dir='ltr'><strong>facta</strong></span> <span class='ocrx_word' id='word_1_523' title='bbox 3125 1925 3398 1986; x_wconf 87' lang='lat' dir='ltr'><strong>oratione,</strong></span> 
     </span>
    </p>
   </div>
   <div class='ocr_carea' id='block_1_81' title="bbox 1810 2014 3399 2089">
    <p class='ocr_par' dir='ltr' id='par_1_81' title="bbox 1810 2014 3399 2089">
     <span class='ocr_line' id='line_1_81' title="bbox 1810 2014 3399 2089; baseline -0.004 -15"><span class='ocrx_word' id='word_1_524' title='bbox 1810 2021 1900 2074; x_wconf 88' lang='lat' dir='ltr'><strong>illo</strong></span> <span class='ocrx_word' id='word_1_525' title='bbox 1929 2028 2119 2080; x_wconf 85' lang='lat' dir='ltr'><strong>vocato</strong></span> <span class='ocrx_word' id='word_1_526' title='bbox 2143 2017 2452 2089; x_wconf 84' lang='lat' dir='ltr'><strong>Capitulum</strong></span> <span class='ocrx_word' id='word_1_527' title='bbox 2484 2019 2762 2089; x_wconf 90' lang='lat' dir='ltr'><strong>ingressus</strong></span> <span class='ocrx_word' id='word_1_528' title='bbox 2788 2025 2892 2083; x_wconf 91' lang='lat' dir='ltr'><strong>est,</strong></span> <span class='ocrx_word' id='word_1_529' title='bbox 2916 2015 3206 2085; x_wconf 88' lang='lat' dir='ltr'><strong>fratrisque</strong></span> <span class='ocrx_word' id='word_1_530' title='bbox 3234 2014 3399 2086; x_wconf 87' lang='lat' dir='ltr'><strong>pigri-</strong></span> 
     </span>
    </p>
   </div>
   <div class='ocr_carea' id='block_1_82' title="bbox 1811 2108 3400 2182">
    <p class='ocr_par' dir='ltr' id='par_1_82' title="bbox 1811 2108 3400 2182">
     <span class='ocr_line' id='line_1_82' title="bbox 1811 2108 3400 2182; baseline -0.003 -16"><span class='ocrx_word' id='word_1_531' title='bbox 1811 2113 1938 2166; x_wconf 89' lang='lat' dir='ltr'><strong>tiam</strong></span> <span class='ocrx_word' id='word_1_532' title='bbox 1973 2111 2297 2180; x_wconf 88' lang='lat' dir='ltr'><strong>increpavit,</strong></span> <span class='ocrx_word' id='word_1_533' title='bbox 2331 2126 2524 2182; x_wconf 89' lang='lat' dir='ltr'><strong>magna</strong></span> <span class='ocrx_word' id='word_1_534' title='bbox 2553 2110 2860 2182; x_wconf 85' lang='lat' dir='ltr'><strong>asperitatis</strong></span> <span class='ocrx_word' id='word_1_535' title='bbox 2883 2108 3216 2163; x_wconf 88' lang='lat' dir='ltr'><strong>vehementia</strong></span> <span class='ocrx_word' id='word_1_536' title='bbox 3265 2122 3400 2177; x_wconf 70' lang='lat' dir='ltr'><strong>prm-</strong></span> 
     </span>
    </p>
   </div>
   <div class='ocr_carea' id='block_1_83' title="bbox 1810 2198 3401 2280">
    <p class='ocr_par' dir='ltr' id='par_1_83' title="bbox 1810 2198 3401 2280">
     <span class='ocr_line' id='line_1_83' title="bbox 1810 2198 3401 2280; baseline -0.006 -20"><span class='ocrx_word' id='word_1_537' title='bbox 1810 2205 2017 2276; x_wconf 90' lang='lat' dir='ltr'><strong>cipicns</strong></span> <span class='ocrx_word' id='word_1_538' title='bbox 2043 2203 2410 2260; x_wconf 90' lang='lat' dir='ltr'><strong>asscssoribus</strong></span> <span class='ocrx_word' id='word_1_539' title='bbox 2463 2203 2835 2280; x_wconf 28' lang='lat' dir='ltr'><strong>suis&#39;acriter</strong></span> <span class='ocrx_word' id='word_1_540' title='bbox 2854 2200 2929 2256; x_wconf 92' lang='lat' dir='ltr'><strong>illi</strong></span> <span class='ocrx_word' id='word_1_541' title='bbox 2985 2199 3184 2256; x_wconf 91' lang='lat' dir='ltr'><strong>inferre</strong></span> <span class='ocrx_word' id='word_1_542' title='bbox 3239 2198 3401 2253; x_wconf 83' lang='lat' dir='ltr'><strong>disci-</strong></span> 
     </span>
    </p>
   </div>
   <div class='ocr_carea' id='block_1_84' title="bbox 1809 2289 3400 2370">
    <p class='ocr_par' dir='ltr' id='par_1_84' title="bbox 1809 2289 3400 2370">
     <span class='ocr_line' id='line_1_84' title="bbox 1809 2289 3400 2370; baseline -0.006 -18"><span class='ocrx_word' id='word_1_543' title='bbox 1809 2299 2033 2370; x_wconf 90' lang='lat' dir='ltr'><strong>plinam.</strong></span> <span class='ocrx_word' id='word_1_544' title='bbox 2063 2296 2192 2352; x_wconf 88' lang='lat' dir='ltr'><strong>Post</strong></span> <span class='ocrx_word' id='word_1_545' title='bbox 2221 2295 2442 2352; x_wconf 87' lang='lat' dir='ltr'><strong>litanias</strong></span> <span class='ocrx_word' id='word_1_546' title='bbox 2467 2304 2751 2366; x_wconf 89' lang='lat' dir='ltr'><strong>correptus</strong></span> <span class='ocrx_word' id='word_1_547' title='bbox 2783 2292 3054 2350; x_wconf 88' lang='lat' dir='ltr'><strong>nuntiavit</strong></span> <span class='ocrx_word' id='word_1_548' title='bbox 3083 2289 3262 2346; x_wconf 90' lang='lat' dir='ltr'><strong>abbati</strong></span> <span class='ocrx_word' id='word_1_549' title='bbox 3289 2299 3400 2345; x_wconf 91' lang='lat' dir='ltr'><strong>tam</strong></span> 
     </span>
    </p>
   </div>
   <div class='ocr_carea' id='block_1_85' title="bbox 1811 2380 3403 2460">
    <p class='ocr_par' dir='ltr' id='par_1_85' title="bbox 1811 2380 3403 2460">
     <span class='ocr_line' id='line_1_85' title="bbox 1811 2380 3403 2460; baseline -0.005 -16"><span class='ocrx_word' id='word_1_550' title='bbox 1811 2390 2074 2446; x_wconf 87' lang='lat' dir='ltr'><strong>visionem</strong></span> <span class='ocrx_word' id='word_1_551' title='bbox 2127 2405 2290 2460; x_wconf 88' lang='lat' dir='ltr'><strong>quam</strong></span> <span class='ocrx_word' id='word_1_552' title='bbox 2347 2389 2430 2445; x_wconf 91' lang='lat' dir='ltr'><strong>sui</strong></span> <span class='ocrx_word' id='word_1_553' title='bbox 2489 2386 2856 2443; x_wconf 78' lang='lat' dir='ltr'><strong>afﬂictionem.</strong></span> <span class='ocrx_word' id='word_1_554' title='bbox 2916 2383 3213 2440; x_wconf 87' lang='lat' dir='ltr'><strong>Confestim</strong></span> <span class='ocrx_word' id='word_1_555' title='bbox 3277 2380 3403 2452; x_wconf 91' lang='lat' dir='ltr'><strong>pius</strong></span> 
     </span>
    </p>
   </div>
   <div class='ocr_carea' id='block_1_86' title="bbox 1811 2473 3406 2551">
    <p class='ocr_par' dir='ltr' id='par_1_86' title="bbox 1811 2473 3406 2551">
     <span class='ocr_line' id='line_1_86' title="bbox 1811 2473 3406 2551; baseline -0.008 -14"><span class='ocrx_word' id='word_1_556' title='bbox 1811 2482 1973 2537; x_wconf 87' lang='lat' dir='ltr'><strong>Pater</strong></span> <span class='ocrx_word' id='word_1_557' title='bbox 1993 2479 2378 2551; x_wconf 88' lang='lat' dir='ltr'><strong>eleemosynis,</strong></span> <span class='ocrx_word' id='word_1_558' title='bbox 2423 2477 2678 2548; x_wconf 90' lang='lat' dir='ltr'><strong>precibus</strong></span> <span class='ocrx_word' id='word_1_559' title='bbox 2706 2484 2761 2531; x_wconf 90' lang='lat' dir='ltr'><strong>et</strong></span> <span class='ocrx_word' id='word_1_560' title='bbox 2807 2475 3000 2530; x_wconf 90' lang='lat' dir='ltr'><strong>hostiis</strong></span> <span class='ocrx_word' id='word_1_561' title='bbox 3034 2473 3217 2528; x_wconf 89' lang='lat' dir='ltr'><strong>tandiu</strong></span> <span class='ocrx_word' id='word_1_562' title='bbox 3265 2487 3406 2542; x_wconf 63' lang='lat' dir='ltr'><strong>prae-</strong></span> 
     </span>
    </p>
   </div>
   <div class='ocr_carea' id='block_1_87' title="bbox 1812 2555 3403 2648">
    <p class='ocr_par' dir='ltr' id='par_1_87' title="bbox 1812 2555 3403 2648">
     <span class='ocr_line' id='line_1_87' title="bbox 1812 2555 3403 2648; baseline -0.01 -19"><span class='ocrx_word' id='word_1_563' title='bbox 1812 2573 1955 2644; x_wconf 92' lang='lat' dir='ltr'><strong>cepit</strong></span> <span class='ocrx_word' id='word_1_564' title='bbox 1977 2555 2251 2648; x_wconf 85' lang='lat' dir='ltr'><strong>insistere,</strong></span> <span class='ocrx_word' id='word_1_565' title='bbox 2284 2583 2568 2639; x_wconf 78' lang='lat' dir='ltr'><strong>quousque</strong></span> <span class='ocrx_word' id='word_1_566' title='bbox 2601 2575 2878 2638; x_wconf 90' lang='lat' dir='ltr'><strong>spectrum</strong></span> <span class='ocrx_word' id='word_1_567' title='bbox 2913 2564 3015 2618; x_wconf 88' lang='lat' dir='ltr'><strong>alia</strong></span> <span class='ocrx_word' id='word_1_568' title='bbox 3051 2560 3257 2617; x_wconf 88' lang='lat' dir='ltr'><strong>visione</strong></span> <span class='ocrx_word' id='word_1_569' title='bbox 3279 2574 3403 2615; x_wconf 92' lang='lat' dir='ltr'><strong>cum</strong></span> 
     </span>
    </p>
   </div>
   <div class='ocr_carea' id='block_1_88' title="bbox 1813 2653 3406 2733">
    <p class='ocr_par' dir='ltr' id='par_1_88' title="bbox 1813 2653 3406 2733">
     <span class='ocr_line' id='line_1_88' title="bbox 1813 2653 3406 2733; baseline -0.013 -11"><span class='ocrx_word' id='word_1_570' title='bbox 1813 2665 2001 2722; x_wconf 90' lang='lat' dir='ltr'><strong>habitu</strong></span> <span class='ocrx_word' id='word_1_571' title='bbox 2047 2678 2208 2720; x_wconf 87' lang='lat' dir='ltr'><strong>sacro</strong></span> <span class='ocrx_word' id='word_1_572' title='bbox 2264 2662 2535 2733; x_wconf 90' lang='lat' dir='ltr'><strong>apparuit,</strong></span> <span class='ocrx_word' id='word_1_573' title='bbox 2574 2669 2629 2715; x_wconf 91' lang='lat' dir='ltr'><strong>et</strong></span> <span class='ocrx_word' id='word_1_574' title='bbox 2673 2673 2870 2727; x_wconf 88' lang='lat' dir='ltr'><strong>corpus</strong></span> <span class='ocrx_word' id='word_1_575' title='bbox 2927 2653 3246 2711; x_wconf 70' lang='lat' dir='ltr'><strong>cocmelario</strong></span> <span class='ocrx_word' id='word_1_576' title='bbox 3297 2665 3406 2708; x_wconf 91' lang='lat' dir='ltr'><strong>non</strong></span> 
     </span>
    </p>
   </div>
   <div class='ocr_carea' id='block_1_89' title="bbox 1809 2753 2590 2829">
    <p class='ocr_par' dir='ltr' id='par_1_89' title="bbox 1809 2753 2590 2829">
     <span class='ocr_line' id='line_1_89' title="bbox 1809 2753 2590 2829; baseline -0.01 -15"><span class='ocrx_word' id='word_1_577' title='bbox 1809 2757 2083 2829; x_wconf 78' lang='lat' dir='ltr'><strong>iudicatur</strong></span> <span class='ocrx_word' id='word_1_578' title='bbox 2104 2756 2382 2826; x_wconf 90' lang='lat' dir='ltr'><strong>indignum</strong></span> <span class='ocrx_word' id='word_1_579' title='bbox 2417 2753 2590 2824; x_wconf 79' lang='lat'><strong>(108).</strong></span> 
     </span>
    </p>
   </div>
   <div class='ocr_carea' id='block_1_90' title="bbox 1885 2833 3404 2919">
    <p class='ocr_par' dir='ltr' id='par_1_90' title="bbox 1885 2833 3404 2919">
     <span class='ocr_line' id='line_1_90' title="bbox 1885 2833 3404 2919; baseline -0.013 -14"><span class='ocrx_word' id='word_1_580' title='bbox 1885 2850 1940 2905; x_wconf 90' lang='lat'><strong>8.</strong></span> <span class='ocrx_word' id='word_1_581' title='bbox 1979 2848 2219 2919; x_wconf 89' lang='lat' dir='ltr'><strong>Contigit</strong></span> <span class='ocrx_word' id='word_1_582' title='bbox 2259 2844 2548 2915; x_wconf 88' lang='lat' dir='ltr'><strong>aliquando</strong></span> <span class='ocrx_word' id='word_1_583' title='bbox 2599 2842 2658 2896; x_wconf 91' lang='lat' dir='ltr'><strong>S.</strong></span> <span class='ocrx_word' id='word_1_584' title='bbox 2695 2839 2971 2910; x_wconf 86' lang='lat' dir='ltr'><strong>llugonem</strong></span> <span class='ocrx_word' id='word_1_585' title='bbox 3017 2833 3404 2919; x_wconf 86' lang='lat' dir='ltr'><strong>eucharistiam</strong></span> 
     </span>
    </p>
   </div>
   <div class='ocr_carea' id='block_1_91' title="bbox 1815 2918 3404 3010">
    <p class='ocr_par' dir='ltr' id='par_1_91' title="bbox 1815 2918 3404 3010">
     <span class='ocr_line' id='line_1_91' title="bbox 1815 2918 3404 3010; baseline -0.011 -17"><span class='ocrx_word' id='word_1_586' title='bbox 1815 2937 2113 3010; x_wconf 66' lang='lat' dir='ltr'><strong>praebuisse</strong></span> <span class='ocrx_word' id='word_1_587' title='bbox 2155 2918 2372 2991; x_wconf 88' lang='lat' dir='ltr'><strong>cuidam</strong></span> <span class='ocrx_word' id='word_1_588' title='bbox 2419 2933 2654 3004; x_wconf 90' lang='lat' dir='ltr'><strong>leproso,</strong></span> <span class='ocrx_word' id='word_1_589' title='bbox 2699 2926 3066 2986; x_wconf 90' lang='lat' dir='ltr'><strong>communioni</strong></span> <span class='ocrx_word' id='word_1_590' title='bbox 3123 2918 3404 2980; x_wconf 91' lang='lat' dir='ltr'><strong>hominum</strong></span> 
     </span>
    </p>
   </div>
   <div class='ocr_carea' id='block_1_92' title="bbox 1816 3007 3402 3098">
    <p class='ocr_par' dir='ltr' id='par_1_92' title="bbox 1816 3007 3402 3098">
     <span class='ocr_line' id='line_1_92' title="bbox 1816 3007 3402 3098; baseline -0.013 -14"><span class='ocrx_word' id='word_1_591' title='bbox 1816 3007 2170 3098; x_wconf 84' lang='lat' dir='ltr'><strong>corporaliter</strong></span> <span class='ocrx_word' id='word_1_592' title='bbox 2233 3009 2530 3088; x_wconf 87' lang='lat' dir='ltr'><strong>subtracto,</strong></span> <span class='ocrx_word' id='word_1_593' title='bbox 2589 3031 2715 3076; x_wconf 90' lang='lat' dir='ltr'><strong>tunc</strong></span> <span class='ocrx_word' id='word_1_594' title='bbox 2766 3007 2899 3074; x_wconf 82' lang='lat' dir='ltr'><strong>vero</strong></span> <span class='ocrx_word' id='word_1_595' title='bbox 2948 3013 3402 3081; x_wconf 72' lang='lat' dir='ltr'><strong>communicanti;</strong></span> 
     </span>
    </p>
   </div>
   <div class='ocr_carea' id='block_1_93' title="bbox 1817 3104 3404 3196">
    <p class='ocr_par' dir='ltr' id='par_1_93' title="bbox 1817 3104 3404 3196">
     <span class='ocr_line' id='line_1_93' title="bbox 1817 3104 3404 3196; baseline -0.017 -13"><span class='ocrx_word' id='word_1_596' title='bbox 1817 3123 1910 3193; x_wconf 86' lang='lat' dir='ltr'><strong>qui</strong></span> <span class='ocrx_word' id='word_1_597' title='bbox 1941 3119 2273 3196; x_wconf 88' lang='lat' dir='ltr'><strong>tumentibus</strong></span> <span class='ocrx_word' id='word_1_598' title='bbox 2305 3117 2463 3172; x_wconf 89' lang='lat' dir='ltr'><strong>labiis</strong></span> <span class='ocrx_word' id='word_1_599' title='bbox 2497 3127 2552 3171; x_wconf 91' lang='lat' dir='ltr'><strong>et</strong></span> <span class='ocrx_word' id='word_1_600' title='bbox 2576 3114 2823 3170; x_wconf 89' lang='lat' dir='ltr'><strong>ulceroso</strong></span> <span class='ocrx_word' id='word_1_601' title='bbox 2852 3124 2944 3164; x_wconf 91' lang='lat' dir='ltr'><strong>ore</strong></span> <span class='ocrx_word' id='word_1_602' title='bbox 2971 3122 3165 3177; x_wconf 82' lang='lat' dir='ltr'><strong>corpus</strong></span> <span class='ocrx_word' id='word_1_603' title='bbox 3190 3104 3404 3161; x_wconf 90' lang='lat' dir='ltr'><strong>Domini</strong></span> 
     </span>
    </p>
   </div>
   <div class='ocr_carea' id='block_1_94' title="bbox 1819 3204 3407 3281">
    <p class='ocr_par' dir='ltr' id='par_1_94' title="bbox 1819 3204 3407 3281">
     <span class='ocr_line' id='line_1_94' title="bbox 1819 3204 3407 3281; baseline -0.012 -13"><span class='ocrx_word' id='word_1_604' title='bbox 1819 3210 2078 3281; x_wconf 72' lang='lat' dir='ltr'><strong>iniuriose</strong></span> <span class='ocrx_word' id='word_1_605' title='bbox 2106 3209 2426 3275; x_wconf 85' lang='lat' dir='ltr'><strong>masticans,</strong></span> <span class='ocrx_word' id='word_1_606' title='bbox 2459 3205 2857 3278; x_wconf 85' lang='lat' dir='ltr'><strong>portiunculam</strong></span> <span class='ocrx_word' id='word_1_607' title='bbox 2884 3204 3190 3272; x_wconf 88' lang='lat' dir='ltr'><strong>importuna</strong></span> <span class='ocrx_word' id='word_1_608' title='bbox 3219 3212 3407 3254; x_wconf 83' lang='lat' dir='ltr'><strong>screa-</strong></span> 
     </span>
    </p>
   </div>
   <div class='ocr_carea' id='block_1_95' title="bbox 1823 3296 3406 3372">
    <p class='ocr_par' dir='ltr' id='par_1_95' title="bbox 1823 3296 3406 3372">
     <span class='ocr_line' id='line_1_95' title="bbox 1823 3296 3406 3372; baseline -0.011 -15"><span class='ocrx_word' id='word_1_609' title='bbox 1823 3304 1970 3358; x_wconf 90' lang='lat' dir='ltr'><strong>tione</strong></span> <span class='ocrx_word' id='word_1_610' title='bbox 2023 3300 2231 3372; x_wconf 86' lang='lat' dir='ltr'><strong>rejecit,</strong></span> <span class='ocrx_word' id='word_1_611' title='bbox 2265 3307 2524 3370; x_wconf 88' lang='lat' dir='ltr'><strong>sequente</strong></span> <span class='ocrx_word' id='word_1_612' title='bbox 2570 3296 2826 3352; x_wconf 90' lang='lat' dir='ltr'><strong>nimirum</strong></span> <span class='ocrx_word' id='word_1_613' title='bbox 2860 3306 3058 3349; x_wconf 89' lang='lat' dir='ltr'><strong>nausea</strong></span> <span class='ocrx_word' id='word_1_614' title='bbox 3111 3299 3166 3346; x_wconf 92' lang='lat' dir='ltr'><strong>et</strong></span> <span class='ocrx_word' id='word_1_615' title='bbox 3217 3302 3406 3358; x_wconf 89' lang='lat' dir='ltr'><strong>spuma</strong></span> 
     </span>
    </p>
   </div>
   <div class='ocr_carea' id='block_1_96' title="bbox 1820 3379 3412 3466">
    <p class='ocr_par' dir='ltr' id='par_1_96' title="bbox 1820 3379 3412 3466">
     <span class='ocr_line' id='line_1_96' title="bbox 1820 3379 3412 3466; baseline -0.011 -14"><span class='ocrx_word' id='word_1_616' title='bbox 1820 3396 2091 3452; x_wconf 88' lang='lat' dir='ltr'><strong>horribili.</strong></span> <span class='ocrx_word' id='word_1_617' title='bbox 2118 3393 2270 3450; x_wconf 92' lang='lat' dir='ltr'><strong>Tunc</strong></span> <span class='ocrx_word' id='word_1_618' title='bbox 2311 3390 2516 3466; x_wconf 86' lang='lat' dir='ltr'><strong>Christi</strong></span> <span class='ocrx_word' id='word_1_619' title='bbox 2549 3389 2705 3445; x_wconf 88' lang='lat' dir='ltr'><strong>miles</strong></span> <span class='ocrx_word' id='word_1_620' title='bbox 2739 3386 3118 3446; x_wconf 88' lang='lat' dir='ltr'><strong>Goderannus,</strong></span> <span class='ocrx_word' id='word_1_621' title='bbox 3151 3381 3243 3452; x_wconf 89' lang='lat' dir='ltr'><strong>qui</strong></span> <span class='ocrx_word' id='word_1_622' title='bbox 3283 3379 3412 3434; x_wconf 83' lang='lat' dir='ltr'><strong>ade-</strong></span> 
     </span>
    </p>
   </div>
   <div class='ocr_carea' id='block_1_97' title="bbox 1821 3471 3410 3560">
    <p class='ocr_par' dir='ltr' id='par_1_97' title="bbox 1821 3471 3410 3560">
     <span class='ocr_line' id='line_1_97' title="bbox 1821 3471 3410 3560; baseline -0.012 -18"><span class='ocrx_word' id='word_1_623' title='bbox 1821 3495 1926 3554; x_wconf 89' lang='lat' dir='ltr'><strong>rat,</strong></span> <span class='ocrx_word' id='word_1_624' title='bbox 1954 3485 2168 3542; x_wconf 87' lang='lat' dir='ltr'><strong>Domini</strong></span> <span class='ocrx_word' id='word_1_625' title='bbox 2196 3485 2292 3560; x_wconf 86' lang='lat' dir='ltr'><strong>sui</strong></span> <span class='ocrx_word' id='word_1_626' title='bbox 2311 3490 2655 3559; x_wconf 85' lang='lat' dir='ltr'><strong>sacramenta</strong></span> <span class='ocrx_word' id='word_1_627' title='bbox 2699 3479 2772 3533; x_wconf 89' lang='lat' dir='ltr'><strong>ita</strong></span> <span class='ocrx_word' id='word_1_628' title='bbox 2821 3477 3039 3546; x_wconf 85' lang='lat' dir='ltr'><strong>indigne</strong></span> <span class='ocrx_word' id='word_1_629' title='bbox 3068 3471 3410 3544; x_wconf 89' lang='lat' dir='ltr'><strong>conspiciens</strong></span> 
     </span>
    </p>
   </div>
   <div class='ocr_carea' id='block_1_98' title="bbox 1821 3563 3406 3652">
    <p class='ocr_par' dir='ltr' id='par_1_98' title="bbox 1821 3563 3406 3652">
     <span class='ocr_line' id='line_1_98' title="bbox 1821 3563 3406 3652; baseline -0.013 -16"><span class='ocrx_word' id='word_1_630' title='bbox 1821 3580 2038 3652; x_wconf 88' lang='lat' dir='ltr'><strong>agitari,</strong></span> <span class='ocrx_word' id='word_1_631' title='bbox 2078 3577 2231 3649; x_wconf 84' lang='lat' dir='ltr'><strong>quod</strong></span> <span class='ocrx_word' id='word_1_632' title='bbox 2282 3575 2539 3646; x_wconf 88' lang='lat' dir='ltr'><strong>egerebat</strong></span> <span class='ocrx_word' id='word_1_633' title='bbox 2589 3571 2752 3628; x_wconf 90' lang='lat' dir='ltr'><strong>celeri</strong></span> <span class='ocrx_word' id='word_1_634' title='bbox 2793 3569 3084 3639; x_wconf 86' lang='lat' dir='ltr'><strong>colligebat</strong></span> <span class='ocrx_word' id='word_1_635' title='bbox 3125 3563 3406 3635; x_wconf 91' lang='lat' dir='ltr'><strong>obsequio.</strong></span> 
     </span>
    </p>
   </div>
   <div class='ocr_carea' id='block_1_99' title="bbox 1824 3666 3414 3739">
    <p class='ocr_par' dir='ltr' id='par_1_99' title="bbox 1824 3666 3414 3739">
     <span class='ocr_line' id='line_1_99' title="bbox 1824 3666 3414 3739; baseline -0.013 -13"><span class='ocrx_word' id='word_1_636' title='bbox 1824 3673 1891 3726; x_wconf 89' lang='lat' dir='ltr'><strong>Et</strong></span> <span class='ocrx_word' id='word_1_637' title='bbox 1917 3685 2047 3727; x_wconf 85' lang='lat' dir='ltr'><strong>ecce</strong></span> <span class='ocrx_word' id='word_1_638' title='bbox 2077 3671 2160 3723; x_wconf 91' lang='lat' dir='ltr'><strong>vir</strong></span> <span class='ocrx_word' id='word_1_639' title='bbox 2191 3666 2587 3739; x_wconf 76' lang='lat' dir='ltr'><strong>magnanimus,</strong></span> <span class='ocrx_word' id='word_1_640' title='bbox 2605 3677 2799 3718; x_wconf 88' lang='lat' dir='ltr'><strong>manus</strong></span> <span class='ocrx_word' id='word_1_641' title='bbox 2817 3669 3076 3728; x_wconf 89' lang='lat' dir='ltr'><strong>utrasque</strong></span> <span class='ocrx_word' id='word_1_642' title='bbox 3104 3666 3414 3726; x_wconf 90' lang='lat' dir='ltr'><strong>suppoucns</strong></span> 
     </span>
    </p>
   </div>
   <div class='ocr_carea' id='block_1_100' title="bbox 1824 3747 3410 3823">
    <p class='ocr_par' dir='ltr' id='par_1_100' title="bbox 1824 3747 3410 3823">
     <span class='ocr_line' id='line_1_100' title="bbox 1824 3747 3410 3823; baseline -0.014 -3"><span class='ocrx_word' id='word_1_643' title='bbox 1824 3763 2054 3820; x_wconf 85' lang='lat' dir='ltr'><strong>vivificis</strong></span> <span class='ocrx_word' id='word_1_644' title='bbox 2081 3759 2458 3823; x_wconf 89' lang='lat' dir='ltr'><strong>sacramentis,</strong></span> <span class='ocrx_word' id='word_1_645' title='bbox 2509 3757 2561 3812; x_wconf 93' lang='lat' dir='ltr'><strong>in</strong></span> <span class='ocrx_word' id='word_1_646' title='bbox 2606 3769 2702 3811; x_wconf 92' lang='lat' dir='ltr'><strong>ore</strong></span> <span class='ocrx_word' id='word_1_647' title='bbox 2731 3767 2830 3810; x_wconf 90' lang='lat' dir='ltr'><strong>suo</strong></span> <span class='ocrx_word' id='word_1_648' title='bbox 2878 3748 3109 3822; x_wconf 82' lang='lat' dir='ltr'><strong>projecit</strong></span> <span class='ocrx_word' id='word_1_649' title='bbox 3153 3747 3410 3800; x_wconf 90' lang='lat' dir='ltr'><strong>vomitum</strong></span> 
     </span>
    </p>
   </div>
   <div class='ocr_carea' id='block_1_101' title="bbox 1823 3831 3412 3922">
    <p class='ocr_par' dir='ltr' id='par_1_101' title="bbox 1823 3831 3412 3922">
     <span class='ocr_line' id='line_1_101' title="bbox 1823 3831 3412 3922; baseline -0.015 -10"><span class='ocrx_word' id='word_1_650' title='bbox 1823 3853 2139 3912; x_wconf 78' lang='lat' dir='ltr'><strong>nauseantis</strong></span> <span class='ocrx_word' id='word_1_651' title='bbox 2179 3851 2340 3922; x_wconf 71' lang='lat' dir='ltr'><strong>:rgri,</strong></span> <span class='ocrx_word' id='word_1_652' title='bbox 2386 3846 2675 3903; x_wconf 87' lang='lat' dir='ltr'><strong>lethalibus</strong></span> <span class='ocrx_word' id='word_1_653' title='bbox 2725 3831 2961 3900; x_wconf 88' lang='lat' dir='ltr'><strong>choleris</strong></span> <span class='ocrx_word' id='word_1_654' title='bbox 3007 3835 3412 3896; x_wconf 68' lang='lat' dir='ltr'><strong>cohznrentihus</strong></span> 
     </span>
    </p>
   </div>
   <div class='ocr_carea' id='block_1_102' title="bbox 1824 3931 3409 4014">
    <p class='ocr_par' dir='ltr' id='par_1_102' title="bbox 1824 3931 3409 4014">
     <span class='ocr_line' id='line_1_102' title="bbox 1824 3931 3409 4014; baseline -0.016 -11"><span class='ocrx_word' id='word_1_655' title='bbox 1824 3947 2058 4003; x_wconf 80' lang='lat' dir='ltr'><strong>fideliter</strong></span> <span class='ocrx_word' id='word_1_656' title='bbox 2084 3943 2398 4000; x_wconf 87' lang='lat' dir='ltr'><strong>absorbens.</strong></span> <span class='ocrx_word' id='word_1_657' title='bbox 2432 3940 2548 4014; x_wconf 84' lang='lat' dir='ltr'><strong>Qua</strong></span> <span class='ocrx_word' id='word_1_658' title='bbox 2595 3938 2650 3993; x_wconf 90' lang='lat' dir='ltr'><strong>in</strong></span> <span class='ocrx_word' id='word_1_659' title='bbox 2695 3950 2755 3992; x_wconf 90' lang='lat' dir='ltr'><strong>re</strong></span> <span class='ocrx_word' id='word_1_660' title='bbox 2784 3934 2906 4006; x_wconf 90' lang='lat' dir='ltr'><strong>pius</strong></span> <span class='ocrx_word' id='word_1_661' title='bbox 2937 3931 3198 4003; x_wconf 85' lang='lat' dir='ltr'><strong>magister</strong></span> <span class='ocrx_word' id='word_1_662' title='bbox 3225 3935 3409 3996; x_wconf 88' lang='lat' dir='ltr'><strong>stupe-</strong></span> 
     </span>
    </p>
   </div>
   <div class='ocr_carea' id='block_1_103' title="bbox 1825 4017 3412 4102">
    <p class='ocr_par' dir='ltr' id='par_1_103' title="bbox 1825 4017 3412 4102">
     <span class='ocr_line' id='line_1_103' title="bbox 1825 4017 3412 4102; baseline -0.014 -10"><span class='ocrx_word' id='word_1_663' title='bbox 1825 4038 2022 4102; x_wconf 87' lang='lat' dir='ltr'><strong>factus,</strong></span> <span class='ocrx_word' id='word_1_664' title='bbox 2073 4043 2129 4090; x_wconf 90' lang='lat' dir='ltr'><strong>ct</strong></span> <span class='ocrx_word' id='word_1_665' title='bbox 2175 4034 2389 4090; x_wconf 76' lang='lat' dir='ltr'><strong>haerens</strong></span> <span class='ocrx_word' id='word_1_666' title='bbox 2433 4028 2683 4099; x_wconf 90' lang='lat' dir='ltr'><strong>discipuli</strong></span> <span class='ocrx_word' id='word_1_667' title='bbox 2740 4023 3074 4098; x_wconf 88' lang='lat' dir='ltr'><strong>perfectione</strong></span> <span class='ocrx_word' id='word_1_668' title='bbox 3127 4017 3412 4082; x_wconf 87' lang='lat' dir='ltr'><strong>attonitus,</strong></span> 
     </span>
    </p>
   </div>
   <div class='ocr_carea' id='block_1_104' title="bbox 1825 4108 3416 4182">
    <p class='ocr_par' dir='ltr' id='par_1_104' title="bbox 1825 4108 3416 4182">
     <span class='ocr_line' id='line_1_104' title="bbox 1825 4108 3416 4182; baseline -0.014 0"><span class='ocrx_word' id='word_1_669' title='bbox 1825 4126 2103 4182; x_wconf 87' lang='lat' dir='ltr'><strong>Laurentii</strong></span> <span class='ocrx_word' id='word_1_670' title='bbox 2140 4122 2458 4180; x_wconf 90' lang='lat' dir='ltr'><strong>craticulam</strong></span> <span class='ocrx_word' id='word_1_671' title='bbox 2506 4117 2929 4175; x_wconf 88' lang='lat' dir='ltr'><strong>tolerabiliorem</strong></span> <span class='ocrx_word' id='word_1_672' title='bbox 2977 4114 3146 4169; x_wconf 73' lang='lat' dir='ltr'><strong>fuisse</strong></span> <span class='ocrx_word' id='word_1_673' title='bbox 3196 4108 3416 4165; x_wconf 88' lang='lat' dir='ltr'><strong>indubi—</strong></span> 
     </span>
    </p>
   </div>
   <div class='ocr_carea' id='block_1_105' title="bbox 1827 4200 3420 4282">
    <p class='ocr_par' dir='ltr' id='par_1_105' title="bbox 1827 4200 3420 4282">
     <span class='ocr_line' id='line_1_105' title="bbox 1827 4200 3420 4282; baseline -0.014 -7"><span class='ocrx_word' id='word_1_674' title='bbox 1827 4227 2003 4276; x_wconf 82' lang='lat' dir='ltr'><strong>tanter</strong></span> <span class='ocrx_word' id='word_1_675' title='bbox 2024 4215 2275 4272; x_wconf 76' lang='lat' dir='ltr'><strong>as.:eruit.</strong></span> <span class='ocrx_word' id='word_1_676' title='bbox 2318 4212 2417 4268; x_wconf 91' lang='lat' dir='ltr'><strong>Hic</strong></span> <span class='ocrx_word' id='word_1_677' title='bbox 2454 4212 2689 4282; x_wconf 89' lang='lat' dir='ltr'><strong>denique</strong></span> <span class='ocrx_word' id='word_1_678' title='bbox 2717 4207 3076 4264; x_wconf 87' lang='lat' dir='ltr'><strong>Goderannus</strong></span> <span class='ocrx_word' id='word_1_679' title='bbox 3108 4202 3176 4258; x_wconf 92' lang='lat' dir='ltr'><strong>ad</strong></span> <span class='ocrx_word' id='word_1_680' title='bbox 3201 4200 3420 4272; x_wconf 77' lang='lat' dir='ltr'><strong>episco-</strong></span> 
     </span>
    </p>
   </div>
   <div class='ocr_carea' id='block_1_106' title="bbox 1825 4291 3414 4383">
    <p class='ocr_par' dir='ltr' id='par_1_106' title="bbox 1825 4291 3414 4383">
     <span class='ocr_line' id='line_1_106' title="bbox 1825 4291 3414 4383; baseline -0.013 -18"><span class='ocrx_word' id='word_1_681' title='bbox 1825 4319 2010 4383; x_wconf 89' lang='lat' dir='ltr'><strong>patum</strong></span> <span class='ocrx_word' id='word_1_682' title='bbox 2041 4306 2426 4364; x_wconf 89' lang='lat' dir='ltr'><strong>Sanctonicum</strong></span> <span class='ocrx_word' id='word_1_683' title='bbox 2455 4309 2757 4374; x_wconf 89' lang='lat' dir='ltr'><strong>promotus,</strong></span> <span class='ocrx_word' id='word_1_684' title='bbox 2796 4314 2904 4369; x_wconf 91' lang='lat' dir='ltr'><strong>quo</strong></span> <span class='ocrx_word' id='word_1_685' title='bbox 2945 4295 3190 4352; x_wconf 85' lang='lat' dir='ltr'><strong>ascendit</strong></span> <span class='ocrx_word' id='word_1_686' title='bbox 3229 4291 3414 4354; x_wconf 84' lang='lat' dir='ltr'><strong>altius,</strong></span> 
     </span>
    </p>
   </div>
   <div class='ocr_carea' id='block_1_107' title="bbox 1826 4391 2802 4466">
    <p class='ocr_par' dir='ltr' id='par_1_107' title="bbox 1826 4391 2802 4466">
     <span class='ocr_line' id='line_1_107' title="bbox 1826 4391 2802 4466; baseline -0.011 -6"><span class='ocrx_word' id='word_1_687' title='bbox 1826 4418 1892 4460; x_wconf 92' lang='lat' dir='ltr'><strong>eo</strong></span> <span class='ocrx_word' id='word_1_688' title='bbox 1921 4401 2123 4459; x_wconf 87' lang='lat' dir='ltr'><strong>clarius</strong></span> <span class='ocrx_word' id='word_1_689' title='bbox 2152 4398 2391 4463; x_wconf 79' lang='lat' dir='ltr'><strong>refulsit.</strong></span> <span class='ocrx_word' id='word_1_690' title='bbox 2544 4463 2546 4466; x_wconf 26' lang='grc' dir='ltr'>ι</span> <span class='ocrx_word' id='word_1_691' title='bbox 2799 4391 2802 4394; x_wconf 44' lang='grc'><em>⁴</em></span> 
     </span>
    </p>
   </div>
   <div class='ocr_carea' id='block_1_108' title="bbox 1901 4477 3418 4548">
    <p class='ocr_par' dir='ltr' id='par_1_108' title="bbox 1901 4477 3418 4548">
     <span class='ocr_line' id='line_1_108' title="bbox 1901 4477 3418 4548; baseline -0.014 -1"><span class='ocrx_word' id='word_1_692' title='bbox 1901 4492 1956 4548; x_wconf 87' lang='grc'><strong>9.</strong></span> <span class='ocrx_word' id='word_1_693' title='bbox 1995 4489 2112 4546; x_wconf 86' lang='lat' dir='ltr'><strong>Mos</strong></span> <span class='ocrx_word' id='word_1_694' title='bbox 2146 4497 2231 4546; x_wconf 89' lang='lat' dir='ltr'><strong>est</strong></span> <span class='ocrx_word' id='word_1_695' title='bbox 2256 4485 2630 4544; x_wconf 88' lang='lat' dir='ltr'><strong>Cluniacensis</strong></span> <span class='ocrx_word' id='word_1_696' title='bbox 2678 4481 3016 4548; x_wconf 84' lang='lat' dir='ltr'><strong>monasterii,</strong></span> <span class='ocrx_word' id='word_1_697' title='bbox 3072 4477 3285 4536; x_wconf 81' lang='lat' dir='ltr'><strong>caeteris</strong></span> <span class='ocrx_word' id='word_1_698' title='bbox 3331 4488 3418 4528; x_wconf 89' lang='lat' dir='ltr'><strong>so-</strong></span> 
     </span>
    </p>
   </div>
   <div class='ocr_carea' id='block_1_109' title="bbox 1829 4566 3417 4644">
    <p class='ocr_par' dir='ltr' id='par_1_109' title="bbox 1829 4566 3417 4644">
     <span class='ocr_line' id='line_1_109' title="bbox 1829 4566 3417 4644; baseline -0.015 -3"><span class='ocrx_word' id='word_1_699' title='bbox 1829 4582 2194 4641; x_wconf 85' lang='lat' dir='ltr'><strong>lemnitatibus</strong></span> <span class='ocrx_word' id='word_1_700' title='bbox 2226 4579 2576 4637; x_wconf 78' lang='lat' dir='ltr'><strong>Nativitatem</strong></span> <span class='ocrx_word' id='word_1_701' title='bbox 2620 4575 2832 4631; x_wconf 92' lang='lat' dir='ltr'><strong>Domini</strong></span> <span class='ocrx_word' id='word_1_702' title='bbox 2865 4573 3096 4644; x_wconf 87' lang='lat' dir='ltr'><strong>quodam</strong></span> <span class='ocrx_word' id='word_1_703' title='bbox 3149 4566 3417 4637; x_wconf 85' lang='lat' dir='ltr'><strong>singulari</strong></span> 
     </span>
    </p>
   </div>
   <div class='ocr_carea' id='block_1_110' title="bbox 1829 4662 3419 4743">
    <p class='ocr_par' dir='ltr' id='par_1_110' title="bbox 1829 4662 3419 4743">
     <span class='ocr_line' id='line_1_110' title="bbox 1829 4662 3419 4743; baseline -0.016 -10"><span class='ocrx_word' id='word_1_704' title='bbox 1829 4677 2024 4734; x_wconf 88' lang='lat' dir='ltr'><strong>affectu</strong></span> <span class='ocrx_word' id='word_1_705' title='bbox 2052 4675 2296 4730; x_wconf 90' lang='lat' dir='ltr'><strong>devotius</strong></span> <span class='ocrx_word' id='word_1_706' title='bbox 2320 4685 2496 4743; x_wconf 85' lang='lat' dir='ltr'><strong>agere,</strong></span> <span class='ocrx_word' id='word_1_707' title='bbox 2521 4677 2576 4724; x_wconf 94' lang='lat' dir='ltr'><strong>et</strong></span> <span class='ocrx_word' id='word_1_708' title='bbox 2598 4668 2873 4724; x_wconf 88' lang='lat' dir='ltr'><strong>canticum</strong></span> <span class='ocrx_word' id='word_1_709' title='bbox 2916 4662 3180 4726; x_wconf 90' lang='lat' dir='ltr'><strong>melodiis,</strong></span> <span class='ocrx_word' id='word_1_710' title='bbox 3232 4672 3419 4713; x_wconf 58' lang='lat' dir='ltr'><strong>cereoo</strong></span> 
     </span>
    </p>
   </div>
   <div class='ocr_carea' id='block_1_111' title="bbox 1831 4754 3415 4832">
    <p class='ocr_par' dir='ltr' id='par_1_111' title="bbox 1831 4754 3415 4832">
     <span class='ocr_line' id='line_1_111' title="bbox 1831 4754 3415 4832; baseline -0.016 -4"><span class='ocrx_word' id='word_1_711' title='bbox 1831 4788 1951 4828; x_wconf 86' lang='lat' dir='ltr'><strong>rum</strong></span> <span class='ocrx_word' id='word_1_712' title='bbox 1983 4767 2416 4829; x_wconf 87' lang='lat' dir='ltr'><strong>accensionibus,</strong></span> <span class='ocrx_word' id='word_1_713' title='bbox 2457 4761 2709 4832; x_wconf 91' lang='lat' dir='ltr'><strong>quodque</strong></span> <span class='ocrx_word' id='word_1_714' title='bbox 2739 4759 2894 4828; x_wconf 85' lang='lat' dir='ltr'><strong>longe</strong></span> <span class='ocrx_word' id='word_1_715' title='bbox 2925 4754 3270 4828; x_wconf 71' lang='lat' dir='ltr'><strong>prarstantius</strong></span> <span class='ocrx_word' id='word_1_716' title='bbox 3315 4761 3415 4813; x_wconf 84' lang='lat' dir='ltr'><strong>est,</strong></span> 
     </span>
    </p>
   </div>
   <div class='ocr_carea' id='block_1_112' title="bbox 1833 4843 3416 4936">
    <p class='ocr_par' dir='ltr' id='par_1_112' title="bbox 1833 4843 3416 4936">
     <span class='ocr_line' id='line_1_112' title="bbox 1833 4843 3416 4936; baseline -0.016 -16"><span class='ocrx_word' id='word_1_717' title='bbox 1833 4861 2097 4936; x_wconf 86' lang='lat' dir='ltr'><strong>spirituali</strong></span> <span class='ocrx_word' id='word_1_718' title='bbox 2123 4859 2410 4915; x_wconf 89' lang='lat' dir='ltr'><strong>devotione</strong></span> <span class='ocrx_word' id='word_1_719' title='bbox 2433 4854 2710 4914; x_wconf 80' lang='lat' dir='ltr'><strong>multaque</strong></span> <span class='ocrx_word' id='word_1_720' title='bbox 2735 4852 3100 4922; x_wconf 79' lang='lat' dir='ltr'><strong>lacrymarum</strong></span> <span class='ocrx_word' id='word_1_721' title='bbox 3136 4843 3416 4904; x_wconf 75' lang='lat' dir='ltr'><strong>effusione,</strong></span> 
     </span>
    </p>
   </div>
   <div class='ocr_carea' id='block_1_113' title="bbox 1833 4932 3418 5020">
    <p class='ocr_par' dir='ltr' id='par_1_113' title="bbox 1833 4932 3418 5020">
     <span class='ocr_line' id='line_1_113' title="bbox 1833 4932 3418 5020; baseline -0.015 -13"><span class='ocrx_word' id='word_1_722' title='bbox 1833 4932 1954 5020; x_wconf 61' lang='lat' dir='ltr'><strong>eum</strong></span> <span class='ocrx_word' id='word_1_723' title='bbox 1981 4950 2183 5020; x_wconf 80' lang='lat' dir='ltr'><strong>angelis</strong></span> <span class='ocrx_word' id='word_1_724' title='bbox 2211 4947 2589 5004; x_wconf 85' lang='lat' dir='ltr'><strong>solemnizare.</strong></span> <span class='ocrx_word' id='word_1_725' title='bbox 2640 4943 2752 4998; x_wconf 89' lang='lat' dir='ltr'><strong>llac</strong></span> <span class='ocrx_word' id='word_1_726' title='bbox 2783 4940 2945 5010; x_wconf 88' lang='lat' dir='ltr'><strong>igitur</strong></span> <span class='ocrx_word' id='word_1_727' title='bbox 2971 4936 3263 4993; x_wconf 85' lang='lat' dir='ltr'><strong>festivitate</strong></span> <span class='ocrx_word' id='word_1_728' title='bbox 3312 4932 3418 4986; x_wconf 87' lang='lat' dir='ltr'><strong>fra-</strong></span> 
     </span>
    </p>
   </div>
   <div class='ocr_carea' id='block_1_114' title="bbox 1838 5021 3420 5110">
    <p class='ocr_par' dir='ltr' id='par_1_114' title="bbox 1838 5021 3420 5110">
     <span class='ocr_line' id='line_1_114' title="bbox 1838 5021 3420 5110; baseline -0.015 -12"><span class='ocrx_word' id='word_1_729' title='bbox 1838 5052 1950 5098; x_wconf 90' lang='lat' dir='ltr'><strong>tres</strong></span> <span class='ocrx_word' id='word_1_730' title='bbox 1985 5058 2043 5096; x_wconf 86' lang='lat' dir='ltr'><strong>se</strong></span> <span class='ocrx_word' id='word_1_731' title='bbox 2073 5056 2279 5110; x_wconf 82' lang='lat' dir='ltr'><strong>suaque</strong></span> <span class='ocrx_word' id='word_1_732' title='bbox 2324 5039 2504 5095; x_wconf 86' lang='lat' dir='ltr'><strong>omnia</strong></span> <span class='ocrx_word' id='word_1_733' title='bbox 2567 5038 3027 5106; x_wconf 62' lang='lat' dir='ltr'><strong>prtrparavcrunt.</strong></span> <span class='ocrx_word' id='word_1_734' title='bbox 3088 5021 3420 5080; x_wconf 79' lang='lat' dir='ltr'><strong>Venerabilis</strong></span> 
     </span>
    </p>
   </div>
   <div class='ocr_carea' id='block_1_115' title="bbox 1837 5116 3419 5204">
    <p class='ocr_par' dir='ltr' id='par_1_115' title="bbox 1837 5116 3419 5204">
     <span class='ocr_line' id='line_1_115' title="bbox 1837 5116 3419 5204; baseline -0.014 -14"><span class='ocrx_word' id='word_1_735' title='bbox 1837 5134 1928 5190; x_wconf 87' lang='lat' dir='ltr'><strong>ille</strong></span> <span class='ocrx_word' id='word_1_736' title='bbox 1957 5134 2116 5195; x_wconf 79' lang='lat' dir='ltr'><strong>Pater</strong></span> <span class='ocrx_word' id='word_1_737' title='bbox 2142 5130 2316 5204; x_wconf 87' lang='lat' dir='ltr'><strong>llugo,</strong></span> <span class='ocrx_word' id='word_1_738' title='bbox 2343 5131 2434 5202; x_wconf 87' lang='lat' dir='ltr'><strong>qui</strong></span> <span class='ocrx_word' id='word_1_739' title='bbox 2463 5129 2641 5186; x_wconf 87' lang='lat' dir='ltr'><strong>adlmc</strong></span> <span class='ocrx_word' id='word_1_740' title='bbox 2668 5140 2834 5181; x_wconf 79' lang='lat' dir='ltr'><strong>scncx</strong></span> <span class='ocrx_word' id='word_1_741' title='bbox 2877 5127 3176 5192; x_wconf 85' lang='lat' dir='ltr'><strong>supererat,</strong></span> <span class='ocrx_word' id='word_1_742' title='bbox 3207 5116 3419 5188; x_wconf 80' lang='lat' dir='ltr'><strong>capitu-</strong></span> 
     </span>
    </p>
   </div>
   <div class='ocr_carea' id='block_1_116' title="bbox 1837 5283 2594 5341">
    <p class='ocr_par' dir='ltr' id='par_1_116' title="bbox 1837 5283 2594 5341">
     <span class='ocr_line' id='line_1_116' title="bbox 1837 5283 2594 5341; baseline -0.008 0"><span class='ocrx_word' id='word_1_743' title='bbox 1837 5295 1988 5341; x_wconf 82' lang='lat' dir='ltr'><strong>catus</strong></span> <span class='ocrx_word' id='word_1_744' title='bbox 2015 5297 2064 5341; x_wconf 88' lang='lat' dir='ltr'><strong>et</strong></span> <span class='ocrx_word' id='word_1_745' title='bbox 2092 5285 2380 5339; x_wconf 86' lang='lat' dir='ltr'><strong>comitatus</strong></span> <span class='ocrx_word' id='word_1_746' title='bbox 2409 5283 2594 5338; x_wconf 79' lang='lat' dir='ltr'><strong>situm.</strong></span> 
     </span>
    </p>
   </div>
   <div class='ocr_carea' id='block_1_117' title="bbox 1909 5339 3420 5427">
    <p class='ocr_par' dir='ltr' id='par_1_117' title="bbox 1909 5339 3420 5427">
     <span class='ocr_line' id='line_1_117' title="bbox 1909 5339 3420 5427; baseline -0.017 -14"><span class='ocrx_word' id='word_1_747' title='bbox 1909 5339 2058 5427; x_wconf 57' lang='lat' dir='ltr'><strong>(ﬂii)</strong></span> <span class='ocrx_word' id='word_1_748' title='bbox 2089 5356 2428 5427; x_wconf 86' lang='lat' dir='ltr'><strong>Ecgraphum</strong></span> <span class='ocrx_word' id='word_1_749' title='bbox 2451 5345 3096 5424; x_wconf 75' lang='lat' dir='ltr'><strong>pra’cedenlem,scd&#39;tunc</strong></span> <span class='ocrx_word' id='word_1_750' title='bbox 3118 5339 3420 5396; x_wconf 89' lang='lat' dir='ltr'><strong>addendum</strong></span> 
     </span>
    </p>
   </div>
   <div class='ocr_carea' id='block_1_118' title="bbox 1839 5437 2468 5496">
    <p class='ocr_par' dir='ltr' id='par_1_118' title="bbox 1839 5437 2468 5496">
     <span class='ocr_line' id='line_1_118' title="bbox 1839 5437 2468 5496; baseline -0.008 -14"><span class='ocrx_word' id='word_1_751' title='bbox 1839 5439 1981 5484; x_wconf 85' lang='lat' dir='ltr'><strong>esset</strong></span> <span class='ocrx_word' id='word_1_752' title='bbox 2003 5438 2049 5481; x_wconf 84' lang='lat' dir='ltr'><strong>el</strong></span> <span class='ocrx_word' id='word_1_753' title='bbox 2072 5437 2468 5496; x_wconf 76' lang='lat' dir='ltr'><strong>prwcedentcm.</strong></span> 
     </span>
    </p>
   </div>
   <div class='ocr_carea' id='block_1_119' title="bbox 1909 5479 3422 5568">
    <p class='ocr_par' dir='ltr' id='par_1_119' title="bbox 1909 5479 3422 5568">
     <span class='ocr_line' id='line_1_119' title="bbox 1909 5479 3422 5568; baseline -0.013 -16"><span class='ocrx_word' id='word_1_754' title='bbox 1909 5479 2292 5568; x_wconf 47' lang='lat' dir='ltr'><strong>fidSYPotuit</strong></span> <span class='ocrx_word' id='word_1_755' title='bbox 2331 5479 2503 5568; x_wconf 84' lang='lat' dir='ltr'><strong>illum,</strong></span> <span class='ocrx_word' id='word_1_756' title='bbox 2534 5501 2652 5564; x_wconf 85' lang='lat' dir='ltr'><strong>post</strong></span> <span class='ocrx_word' id='word_1_757' title='bbox 2693 5489 2886 5568; x_wconf 81' lang='lat' dir='ltr'><strong>vulnus</strong></span> <span class='ocrx_word' id='word_1_758' title='bbox 2935 5485 3130 5568; x_wconf 79' lang='lat' dir='ltr'><strong>lethale</strong></span> <span class='ocrx_word' id='word_1_759' title='bbox 3161 5482 3274 5566; x_wconf 68' lang='lat' dir='ltr'><strong>sibi</strong></span> <span class='ocrx_word' id='word_1_760' title='bbox 3323 5479 3422 5568; x_wconf 66' lang='lat' dir='ltr'><strong>ipsi</strong></span> 
     </span>
    </p>
   </div>
   <div class='ocr_carea' id='block_1_120' title="bbox 1839 5550 3425 5637">
    <p class='ocr_par' dir='ltr' id='par_1_120' title="bbox 1839 5550 3425 5637">
     <span class='ocr_line' id='line_1_120' title="bbox 1839 5550 3425 5637; baseline -0.015 -12"><span class='ocrx_word' id='word_1_761' title='bbox 1839 5550 2148 5634; x_wconf 53' lang='lat' dir='ltr'><strong>itif‘lictu’m,</strong></span> <span class='ocrx_word' id='word_1_762' title='bbox 2212 5550 2548 5637; x_wconf 53' lang='lat' dir='ltr'><strong>pmtzituisse&#39;</strong></span> <span class='ocrx_word' id='word_1_763' title='bbox 2591 5561 2834 5637; x_wconf 80' lang='lat' dir='ltr'><strong>peccati;</strong></span> <span class='ocrx_word' id='word_1_764' title='bbox 2874 5557 3035 5637; x_wconf 57' lang='lat' dir='ltr'><strong>quod</strong></span> <span class='ocrx_word' id='word_1_765' title='bbox 3100 5556 3272 5637; x_wconf 75' lang='lat' dir='ltr'><strong>reipsa</strong></span> <span class='ocrx_word' id='word_1_766' title='bbox 3346 5550 3425 5602; x_wconf 72' lang='lat' dir='ltr'><strong>fa~</strong></span> 
     </span>
    </p>
   </div>
   <div class='ocr_carea' id='block_1_121' title="bbox 1837 5624 3420 5722">
    <p class='ocr_par' dir='ltr' id='par_1_121' title="bbox 1837 5624 3420 5722">
     <span class='ocr_line' id='line_1_121' title="bbox 1837 5624 3420 5722; baseline -0.013 -27"><span class='ocrx_word' id='word_1_767' title='bbox 1837 5653 2031 5722; x_wconf 51' lang='lat' dir='ltr'><strong>stara,</strong></span> <span class='ocrx_word' id='word_1_768' title='bbox 2077 5624 2404 5710; x_wconf 42' lang='lat' dir='ltr'><strong>praes-umore</strong></span> <span class='ocrx_word' id='word_1_769' title='bbox 2433 5624 2723 5706; x_wconf 45' lang='lat' dir='ltr'><strong>cogit-ista</strong></span> <span class='ocrx_word' id='word_1_770' title='bbox 2763 5624 3020 5690; x_wconf 75' lang='lat' dir='ltr'><strong>auxilium</strong></span> <span class='ocrx_word' id='word_1_771' title='bbox 3063 5624 3296 5700; x_wconf 83' lang='lat' dir='ltr'><strong>petentis</strong></span> <span class='ocrx_word' id='word_1_772' title='bbox 3325 5635 3420 5694; x_wconf 67' lang='grc' dir='ltr'><strong>εψη</strong></span> 
     </span>
    </p>
   </div>
   <div class='ocr_carea' id='block_1_122' title="bbox 1843 5723 2056 5783">
    <p class='ocr_par' dir='ltr' id='par_1_122' title="bbox 1843 5723 2056 5783">
     <span class='ocr_line' id='line_1_122' title="bbox 1843 5723 2056 5783; baseline 0.009 -19"><span class='ocrx_word' id='word_1_773' title='bbox 1843 5723 2056 5783; x_wconf 76' lang='lat' dir='ltr'><strong>partito.</strong></span> 
     </span>
    </p>
   </div>
  </div>
