  <div class='ocr_page' id='page_1' title='image "/cluster/home/n/w/nwhite01/storage/ocr_20150623/159/hvd.32044024236648/465.png"; bbox 0 0 3928 6298; ppageno 0'>
   <div class='ocr_carea' id='block_1_1' title="bbox 591 351 702 408">
    <p class='ocr_par' dir='ltr' id='par_1_1' title="bbox 591 351 702 408">
     <span class='ocr_line' id='line_1_1' title="bbox 591 351 702 408; baseline -0.054 0"><span class='ocrx_word' id='word_1_1' title='bbox 591 351 702 408; x_wconf 73' lang='grc'><strong>915</strong></span> 
     </span>
    </p>
   </div>
   <div class='ocr_carea' id='block_1_2' title="bbox 1665 320 3746 402">
    <p class='ocr_par' dir='ltr' id='par_1_2' title="bbox 1665 320 3746 402">
     <span class='ocr_line' id='line_1_2' title="bbox 1665 320 3746 402; baseline -0.005 -3"><span class='ocrx_word' id='word_1_2' title='bbox 1665 343 1723 398; x_wconf 77' lang='lat' dir='ltr'><strong>s.</strong></span> <span class='ocrx_word' id='word_1_3' title='bbox 1769 339 2070 398; x_wconf 75' lang='lat' dir='ltr'><strong>necoms</strong></span> <span class='ocrx_word' id='word_1_4' title='bbox 2109 335 2402 394; x_wconf 73' lang='lat' dir='ltr'><strong>ABBATIS</strong></span> <span class='ocrx_word' id='word_1_5' title='bbox 2441 320 2760 392; x_wconf 70' lang='lat' dir='ltr'><strong>CLUNIAC.</strong></span> <span class='ocrx_word' id='word_1_6' title='bbox 3679 347 3746 402; x_wconf 67' lang='grc' dir='ltr'><strong>εις</strong></span> 
     </span>
    </p>
   </div>
   <div class='ocr_carea' id='block_1_3' title="bbox 593 452 3746 534">
    <p class='ocr_par' dir='ltr' id='par_1_3' title="bbox 593 452 3746 534">
     <span class='ocr_line' id='line_1_3' title="bbox 593 452 3746 534; baseline -0.004 -8"><span class='ocrx_word' id='word_1_7' title='bbox 593 469 724 534; x_wconf 87' lang='lat' dir='ltr'><strong>lum,</strong></span> <span class='ocrx_word' id='word_1_8' title='bbox 759 467 846 523; x_wconf 89' lang='lat' dir='ltr'><strong>ubi</strong></span> <span class='ocrx_word' id='word_1_9' title='bbox 875 467 1268 532; x_wconf 65' lang='lat' dir='ltr'><strong>fratreserant,</strong></span> <span class='ocrx_word' id='word_1_10' title='bbox 1315 465 1558 528; x_wconf 81' lang='lat' dir='ltr'><strong>intravit,</strong></span> <span class='ocrx_word' id='word_1_11' title='bbox 1606 473 1656 518; x_wconf 82' lang='lat' dir='ltr'><strong>et</strong></span> <span class='ocrx_word' id='word_1_12' title='bbox 1711 465 1828 517; x_wconf 66' lang='lat' dir='ltr'><strong>haec</strong></span> <span class='ocrx_word' id='word_1_13' title='bbox 1875 461 1938 516; x_wconf 84' lang='lat' dir='ltr'><strong>ad</strong></span> <span class='ocrx_word' id='word_1_14' title='bbox 1991 475 2180 514; x_wconf 76' lang='lat' dir='ltr'><strong>omnes</strong></span> <span class='ocrx_word' id='word_1_15' title='bbox 2213 463 2256 519; x_wconf 76' lang='grc' dir='ltr'><strong>Α</strong></span> <span class='ocrx_word' id='word_1_16' title='bbox 2287 457 2520 510; x_wconf 69' lang='lat' dir='ltr'><strong>Videbat.</strong></span> <span class='ocrx_word' id='word_1_17' title='bbox 2570 453 2703 508; x_wconf 80' lang='lat' dir='ltr'><strong>Illud</strong></span> <span class='ocrx_word' id='word_1_18' title='bbox 2735 463 3006 507; x_wconf 74' lang='lat' dir='ltr'><strong>‘sanctu-m</strong></span> <span class='ocrx_word' id='word_1_19' title='bbox 3031 452 3232 523; x_wconf 77' lang='lat' dir='ltr'><strong>&#39;agmeu</strong></span> <span class='ocrx_word' id='word_1_20' title='bbox 3281 453 3482 524; x_wconf 66' lang='lat' dir='ltr'><strong>quidam</strong></span> <span class='ocrx_word' id='word_1_21' title='bbox 3519 459 3660 513; x_wconf 77' lang='lat' dir='ltr'><strong>senior</strong></span> <span class='ocrx_word' id='word_1_22' title='bbox 3699 465 3746 520; x_wconf 70' lang='grc' dir='ltr'><strong>κ’</strong></span> 
     </span>
    </p>
   </div>
   <div class='ocr_carea' id='block_1_4' title="bbox 591 549 2176 632">
    <p class='ocr_par' dir='ltr' id='par_1_4' title="bbox 591 549 2176 632">
     <span class='ocr_line' id='line_1_4' title="bbox 591 549 2176 632; baseline -0.008 -18"><span class='ocrx_word' id='word_1_23' title='bbox 591 558 852 632; x_wconf 74' lang='lat' dir='ltr'><strong>protulit:</strong></span> <span class='ocrx_word' id='word_1_24' title='bbox 905 578 922 610; x_wconf 74' lang='grc' dir='ltr'>ι</span> <span class='ocrx_word' id='word_1_25' title='bbox 955 556 1244 619; x_wconf 82' lang='lat' dir='ltr'><strong>Noveritis,</strong></span> <span class='ocrx_word' id='word_1_26' title='bbox 1281 555 1496 618; x_wconf 77' lang='lat' dir='ltr'><strong>fratres,</strong></span> <span class='ocrx_word' id='word_1_27' title='bbox 1521 553 1809 624; x_wconf 68' lang='lat' dir='ltr'><strong>b&#39;nignnm</strong></span> <span class='ocrx_word' id='word_1_28' title='bbox 1853 549 2034 606; x_wconf 88' lang='lat' dir='ltr'><strong>Jesmn</strong></span> <span class='ocrx_word' id='word_1_29' title='bbox 2087 565 2176 602; x_wconf 87' lang='lat' dir='ltr'><strong>vc-</strong></span> 
     </span>
    </p>
   </div>
   <div class='ocr_carea' id='block_1_5' title="bbox 591 641 2176 710">
    <p class='ocr_par' dir='ltr' id='par_1_5' title="bbox 591 641 2176 710">
     <span class='ocr_line' id='line_1_5' title="bbox 591 641 2176 710; baseline -0.008 -2"><span class='ocrx_word' id='word_1_30' title='bbox 591 655 718 708; x_wconf 82' lang='lat' dir='ltr'><strong>stris</strong></span> <span class='ocrx_word' id='word_1_31' title='bbox 745 649 1024 706; x_wconf 87' lang='lat' dir='ltr'><strong>solemniis</strong></span> <span class='ocrx_word' id='word_1_32' title='bbox 1047 647 1330 710; x_wconf 49' lang='lat' dir='ltr'><strong>interesse,</strong></span> <span class='ocrx_word' id='word_1_33' title='bbox 1363 662 1426 702; x_wconf 90' lang='lat' dir='ltr'><strong>ac</strong></span> <span class='ocrx_word' id='word_1_34' title='bbox 1451 655 1640 701; x_wconf 89' lang='lat' dir='ltr'><strong>contra</strong></span> <span class='ocrx_word' id='word_1_35' title='bbox 1674 641 1874 697; x_wconf 79' lang='lat' dir='ltr'><strong>invidia</strong></span> <span class='ocrx_word' id='word_1_36' title='bbox 1923 641 2176 696; x_wconf 77' lang='lat' dir='ltr'><strong>laborare</strong></span> 
     </span>
    </p>
   </div>
   <div class='ocr_carea' id='block_1_6' title="bbox 591 739 2176 810">
    <p class='ocr_par' dir='ltr' id='par_1_6' title="bbox 591 739 2176 810">
     <span class='ocr_line' id='line_1_6' title="bbox 591 739 2176 810; baseline -0.008 -12"><span class='ocrx_word' id='word_1_37' title='bbox 591 746 800 799; x_wconf 90' lang='lat' dir='ltr'><strong>hostem</strong></span> <span class='ocrx_word' id='word_1_38' title='bbox 831 756 1060 810; x_wconf 82' lang='lat' dir='ltr'><strong>nequam</strong></span> <span class='ocrx_word' id='word_1_39' title='bbox 1091 750 1149 794; x_wconf 91' lang='lat' dir='ltr'><strong>ut</strong></span> <span class='ocrx_word' id='word_1_40' title='bbox 1179 740 1390 810; x_wconf 86' lang='lat' dir='ltr'><strong>aliquas</strong></span> <span class='ocrx_word' id='word_1_41' title='bbox 1423 739 1770 793; x_wconf 86' lang='lat' dir='ltr'><strong>tenebrarum</strong></span> <span class='ocrx_word' id='word_1_42' title='bbox 1816 751 2035 789; x_wconf 89' lang='lat' dir='ltr'><strong>suarum</strong></span> <span class='ocrx_word' id='word_1_43' title='bbox 2085 749 2176 787; x_wconf 82' lang='lat' dir='ltr'><strong>ne-</strong></span> 
     </span>
    </p>
   </div>
   <div class='ocr_carea' id='block_1_7' title="bbox 589 823 2177 899">
    <p class='ocr_par' dir='ltr' id='par_1_7' title="bbox 589 823 2177 899">
     <span class='ocr_line' id='line_1_7' title="bbox 589 823 2177 899; baseline -0.008 -9"><span class='ocrx_word' id='word_1_44' title='bbox 589 835 742 890; x_wconf 86' lang='lat' dir='ltr'><strong>bulas</strong></span> <span class='ocrx_word' id='word_1_45' title='bbox 796 842 946 887; x_wconf 84' lang='lat' dir='ltr'><strong>tanto</strong></span> <span class='ocrx_word' id='word_1_46' title='bbox 1005 831 1280 899; x_wconf 88' lang='lat' dir='ltr'><strong>splcmlori</strong></span> <span class='ocrx_word' id='word_1_47' title='bbox 1337 831 1506 898; x_wconf 83' lang='lat' dir='ltr'><strong>possit</strong></span> <span class='ocrx_word' id='word_1_48' title='bbox 1551 827 1948 882; x_wconf 75' lang='lat' dir='ltr'><strong>intermiscere.</strong></span> <span class='ocrx_word' id='word_1_49' title='bbox 1989 823 2177 879; x_wconf 78' lang='lat' dir='ltr'><strong>Frater</strong></span> 
     </span>
    </p>
   </div>
   <div class='ocr_carea' id='block_1_8' title="bbox 589 916 2176 994">
    <p class='ocr_par' dir='ltr' id='par_1_8' title="bbox 589 916 2176 994">
     <span class='ocr_line' id='line_1_8' title="bbox 589 916 2176 994; baseline -0.006 -14"><span class='ocrx_word' id='word_1_50' title='bbox 589 927 758 991; x_wconf 86' lang='lat' dir='ltr'><strong>enim,</strong></span> <span class='ocrx_word' id='word_1_51' title='bbox 788 926 880 987; x_wconf 91' lang='lat' dir='ltr'><strong>ait,</strong></span> <span class='ocrx_word' id='word_1_52' title='bbox 915 924 1132 994; x_wconf 82' lang='lat' dir='ltr'><strong>quidam</strong></span> <span class='ocrx_word' id='word_1_53' title='bbox 1183 924 1263 994; x_wconf 87' lang='lat' dir='ltr'><strong>(se</strong></span> <span class='ocrx_word' id='word_1_54' title='bbox 1317 923 1502 990; x_wconf 82' lang='lat' dir='ltr'><strong>utique</strong></span> <span class='ocrx_word' id='word_1_55' title='bbox 1556 919 1690 976; x_wconf 90' lang='lat' dir='ltr'><strong>dans</strong></span> <span class='ocrx_word' id='word_1_56' title='bbox 1741 917 1988 988; x_wconf 82' lang='lat' dir='ltr'><strong>intelligi)</strong></span> <span class='ocrx_word' id='word_1_57' title='bbox 2043 916 2176 971; x_wconf 86' lang='lat' dir='ltr'><strong>vidit</strong></span> 
     </span>
    </p>
   </div>
   <div class='ocr_carea' id='block_1_9' title="bbox 583 1009 2174 1083">
    <p class='ocr_par' dir='ltr' id='par_1_9' title="bbox 583 1009 2174 1083">
     <span class='ocr_line' id='line_1_9' title="bbox 583 1009 2174 1083; baseline -0.005 -15"><span class='ocrx_word' id='word_1_58' title='bbox 583 1014 810 1070; x_wconf 74' lang='lat' dir='ltr'><strong>Matrem</strong></span> <span class='ocrx_word' id='word_1_59' title='bbox 853 1013 1257 1078; x_wconf 61' lang='lat' dir='ltr'><strong>misericordiae,</strong></span> <span class='ocrx_word' id='word_1_60' title='bbox 1315 1013 1487 1083; x_wconf 88' lang='lat' dir='ltr'><strong>ipsum</strong></span> <span class='ocrx_word' id='word_1_61' title='bbox 1527 1009 1744 1076; x_wconf 62' lang='lat' dir='ltr'><strong>Fdium,</strong></span> <span class='ocrx_word' id='word_1_62' title='bbox 1777 1024 1933 1078; x_wconf 83' lang='lat' dir='ltr'><strong>quem</strong></span> <span class='ocrx_word' id='word_1_63' title='bbox 1975 1021 2174 1077; x_wconf 71' lang='lat' dir='ltr'><strong>prtere-</strong></span> 
     </span>
    </p>
   </div>
   <div class='ocr_carea' id='block_1_10' title="bbox 584 1100 2169 1174">
    <p class='ocr_par' dir='ltr' id='par_1_10' title="bbox 584 1100 2169 1174">
     <span class='ocr_line' id='line_1_10' title="bbox 584 1100 2169 1174; baseline -0.005 -13"><span class='ocrx_word' id='word_1_64' title='bbox 584 1105 728 1162; x_wconf 87' lang='lat' dir='ltr'><strong>denti</strong></span> <span class='ocrx_word' id='word_1_65' title='bbox 777 1107 964 1174; x_wconf 77' lang='lat' dir='ltr'><strong>genuit</strong></span> <span class='ocrx_word' id='word_1_66' title='bbox 1013 1114 1198 1164; x_wconf 75' lang='lat' dir='ltr'><strong>nocte,</strong></span> <span class='ocrx_word' id='word_1_67' title='bbox 1255 1103 1570 1158; x_wconf 84' lang='lat' dir='ltr'><strong>dulcissimo</strong></span> <span class='ocrx_word' id='word_1_68' title='bbox 1618 1103 1823 1174; x_wconf 77' lang='lat' dir='ltr'><strong>gremio</strong></span> <span class='ocrx_word' id='word_1_69' title='bbox 1871 1100 2169 1162; x_wconf 75' lang='lat' dir='ltr'><strong>tontinere,</strong></span> 
     </span>
    </p>
   </div>
   <div class='ocr_carea' id='block_1_11' title="bbox 582 1193 2172 1268">
    <p class='ocr_par' dir='ltr' id='par_1_11' title="bbox 582 1193 2172 1268">
     <span class='ocr_line' id='line_1_11' title="bbox 582 1193 2172 1268; baseline -0.006 -14"><span class='ocrx_word' id='word_1_70' title='bbox 582 1199 740 1268; x_wconf 80' lang='lat' dir='ltr'><strong>eique</strong></span> <span class='ocrx_word' id='word_1_71' title='bbox 769 1207 1084 1253; x_wconf 84' lang='lat' dir='ltr'><strong>sanctorum</strong></span> <span class='ocrx_word' id='word_1_72' title='bbox 1117 1196 1428 1267; x_wconf 60' lang='lat' dir='ltr'><strong>angelorum</strong></span> <span class='ocrx_word' id='word_1_73' title='bbox 1462 1196 1860 1250; x_wconf 77' lang='lat' dir='ltr'><strong>multitudinem</strong></span> <span class='ocrx_word' id='word_1_74' title='bbox 1902 1210 2024 1247; x_wconf 84' lang='lat' dir='ltr'><strong>cum</strong></span> <span class='ocrx_word' id='word_1_75' title='bbox 2073 1193 2172 1246; x_wconf 86' lang='lat' dir='ltr'><strong>itu-</strong></span> 
     </span>
    </p>
   </div>
   <div class='ocr_carea' id='block_1_12' title="bbox 585 1285 2170 1356">
    <p class='ocr_par' dir='ltr' id='par_1_12' title="bbox 585 1285 2170 1356">
     <span class='ocr_line' id='line_1_12' title="bbox 585 1285 2170 1356; baseline -0.004 -13"><span class='ocrx_word' id='word_1_76' title='bbox 585 1305 772 1345; x_wconf 86' lang='lat' dir='ltr'><strong>menso</strong></span> <span class='ocrx_word' id='word_1_77' title='bbox 803 1289 1002 1356; x_wconf 72' lang='lat' dir='ltr'><strong>lumine</strong></span> <span class='ocrx_word' id='word_1_78' title='bbox 1050 1297 1246 1342; x_wconf 86' lang='lat' dir='ltr'><strong>astare.</strong></span> <span class='ocrx_word' id='word_1_79' title='bbox 1303 1286 1443 1340; x_wconf 73' lang='lat' dir='ltr'><strong>Idem</strong></span> <span class='ocrx_word' id='word_1_80' title='bbox 1495 1286 1637 1340; x_wconf 70' lang='lat' dir='ltr'><strong>Deus</strong></span> <span class='ocrx_word' id='word_1_81' title='bbox 1679 1301 1813 1356; x_wconf 88' lang='lat' dir='ltr'><strong>puer</strong></span> <span class='ocrx_word' id='word_1_82' title='bbox 1843 1285 2170 1352; x_wconf 79' lang='lat' dir='ltr'><strong>exsultabat,</strong></span> 
     </span>
    </p>
   </div>
   <div class='ocr_carea' id='block_1_13' title="bbox 583 1375 2168 1448">
    <p class='ocr_par' dir='ltr' id='par_1_13' title="bbox 583 1375 2168 1448">
     <span class='ocr_line' id='line_1_13' title="bbox 583 1375 2168 1448; baseline -0.003 -14"><span class='ocrx_word' id='word_1_83' title='bbox 583 1389 638 1434; x_wconf 86' lang='lat' dir='ltr'><strong>ct</strong></span> <span class='ocrx_word' id='word_1_84' title='bbox 665 1379 848 1434; x_wconf 82' lang='lat' dir='ltr'><strong>cordis</strong></span> <span class='ocrx_word' id='word_1_85' title='bbox 889 1379 1130 1432; x_wconf 78' lang='lat' dir='ltr'><strong>laetitiam</strong></span> <span class='ocrx_word' id='word_1_86' title='bbox 1158 1385 1311 1448; x_wconf 80' lang='lat' dir='ltr'><strong>gestu</strong></span> <span class='ocrx_word' id='word_1_87' title='bbox 1339 1377 1584 1446; x_wconf 89' lang='lat' dir='ltr'><strong>corporis</strong></span> <span class='ocrx_word' id='word_1_88' title='bbox 1611 1387 1666 1432; x_wconf 94' lang='lat' dir='ltr'><strong>et</strong></span> <span class='ocrx_word' id='word_1_89' title='bbox 1689 1375 1878 1446; x_wconf 86' lang='lat' dir='ltr'><strong>plausu</strong></span> <span class='ocrx_word' id='word_1_90' title='bbox 1912 1391 2168 1430; x_wconf 87' lang='lat' dir='ltr'><strong>manuum</strong></span> 
     </span>
    </p>
   </div>
   <div class='ocr_carea' id='block_1_14' title="bbox 519 1466 2164 1524">
    <p class='ocr_par' dir='ltr' id='par_1_14' title="bbox 519 1466 2164 1524">
     <span class='ocr_line' id='line_1_14' title="bbox 519 1466 2164 1524; baseline -0.002 0"><span class='ocrx_word' id='word_1_91' title='bbox 519 1466 522 1468; x_wconf 70' lang='grc'><em>’</em></span> <span class='ocrx_word' id='word_1_92' title='bbox 584 1470 991 1524; x_wconf 74' lang='lat' dir='ltr'><strong>demonstrabat</strong></span> <span class='ocrx_word' id='word_1_93' title='bbox 1036 1487 1048 1524; x_wconf 92' lang='lat'><strong>:</strong></span> <span class='ocrx_word' id='word_1_94' title='bbox 1098 1485 1153 1522; x_wconf 88' lang='lat' dir='ltr'><strong>et</strong></span> <span class='ocrx_word' id='word_1_95' title='bbox 1201 1483 1494 1523; x_wconf 88' lang='lat' dir='ltr'><strong>conversus</strong></span> <span class='ocrx_word' id='word_1_96' title='bbox 1549 1469 1616 1522; x_wconf 86' lang='lat' dir='ltr'><strong>ad</strong></span> <span class='ocrx_word' id='word_1_97' title='bbox 1670 1467 1896 1523; x_wconf 81' lang='lat' dir='ltr'><strong>Matrem</strong></span> <span class='ocrx_word' id='word_1_98' title='bbox 1949 1467 2164 1522; x_wconf 82' lang='lat' dir='ltr'><strong>aiebat:</strong></span> 
     </span>
    </p>
   </div>
   <div class='ocr_carea' id='block_1_15' title="bbox 563 1559 2165 1630">
    <p class='ocr_par' dir='ltr' id='par_1_15' title="bbox 563 1559 2165 1630">
     <span class='ocr_line' id='line_1_15' title="bbox 563 1559 2165 1630; baseline 0.001 -19"><span class='ocrx_word' id='word_1_99' title='bbox 563 1580 603 1628; x_wconf 78' lang='grc' dir='ltr'><strong> «</strong></span> <span class='ocrx_word' id='word_1_100' title='bbox 629 1561 835 1626; x_wconf 79' lang='lat' dir='ltr'><strong>Cernis,</strong></span> <span class='ocrx_word' id='word_1_101' title='bbox 851 1559 1040 1629; x_wconf 74' lang='lat' dir='ltr'><strong>Mater,</strong></span> <span class='ocrx_word' id='word_1_102' title='bbox 1058 1569 1266 1620; x_wconf 87' lang='lat' dir='ltr'><strong>noctem</strong></span> <span class='ocrx_word' id='word_1_103' title='bbox 1281 1559 1576 1616; x_wconf 75' lang='lat' dir='ltr'><strong>nativitatis</strong></span> <span class='ocrx_word' id='word_1_104' title='bbox 1593 1575 1742 1627; x_wconf 83' lang='lat' dir='ltr'><strong>me:e,</strong></span> <span class='ocrx_word' id='word_1_105' title='bbox 1763 1576 1880 1630; x_wconf 82' lang='lat' dir='ltr'><strong>que</strong></span> <span class='ocrx_word' id='word_1_106' title='bbox 1899 1559 2165 1623; x_wconf 85' lang='lat' dir='ltr'><strong>imminet,</strong></span> 
     </span>
    </p>
   </div>
   <div class='ocr_carea' id='block_1_16' title="bbox 577 1651 2164 1722">
    <p class='ocr_par' dir='ltr' id='par_1_16' title="bbox 577 1651 2164 1722">
     <span class='ocr_line' id='line_1_16' title="bbox 577 1651 2164 1722; baseline 0.001 -18"><span class='ocrx_word' id='word_1_107' title='bbox 577 1653 788 1720; x_wconf 79' lang='lat' dir='ltr'><strong>gaudiis</strong></span> <span class='ocrx_word' id='word_1_108' title='bbox 813 1651 1224 1707; x_wconf 76' lang='lat' dir='ltr'><strong>illustrandum?</strong></span> <span class='ocrx_word' id='word_1_109' title='bbox 1245 1654 1295 1706; x_wconf 92' lang='lat' dir='ltr'><strong>in</strong></span> <span class='ocrx_word' id='word_1_110' title='bbox 1320 1668 1424 1722; x_wconf 89' lang='lat' dir='ltr'><strong>qua</strong></span> <span class='ocrx_word' id='word_1_111' title='bbox 1450 1661 1505 1706; x_wconf 90' lang='lat' dir='ltr'><strong>et</strong></span> <span class='ocrx_word' id='word_1_112' title='bbox 1533 1651 1920 1721; x_wconf 87' lang='lat' dir='ltr'><strong>prophetarum</strong></span> <span class='ocrx_word' id='word_1_113' title='bbox 1946 1651 2164 1708; x_wconf 85' lang='lat' dir='ltr'><strong>oracula</strong></span> 
     </span>
    </p>
   </div>
   <div class='ocr_carea' id='block_1_17' title="bbox 575 1742 2161 1814">
    <p class='ocr_par' dir='ltr' id='par_1_17' title="bbox 575 1742 2161 1814">
     <span class='ocr_line' id='line_1_17' title="bbox 575 1742 2161 1814; baseline 0.003 -21"><span class='ocrx_word' id='word_1_114' title='bbox 575 1751 630 1796; x_wconf 70' lang='lat' dir='ltr'><strong>rt</strong></span> <span class='ocrx_word' id='word_1_115' title='bbox 659 1742 972 1812; x_wconf 82' lang='lat' dir='ltr'><strong>angelorum</strong></span> <span class='ocrx_word' id='word_1_116' title='bbox 1005 1743 1274 1814; x_wconf 65' lang='lat' dir='ltr'><strong>praeconia</strong></span> <span class='ocrx_word' id='word_1_117' title='bbox 1303 1743 1729 1810; x_wconf 88' lang='lat' dir='ltr'><strong>rcnovabuntur,</strong></span> <span class='ocrx_word' id='word_1_118' title='bbox 1758 1755 1813 1798; x_wconf 90' lang='lat' dir='ltr'><strong>et</strong></span> <span class='ocrx_word' id='word_1_119' title='bbox 1843 1744 1909 1799; x_wconf 85' lang='lat' dir='ltr'><strong>de</strong></span> <span class='ocrx_word' id='word_1_120' title='bbox 1949 1757 2068 1797; x_wconf 89' lang='lat' dir='ltr'><strong>meo</strong></span> <span class='ocrx_word' id='word_1_121' title='bbox 2099 1759 2161 1798; x_wconf 85' lang='lat' dir='ltr'><strong>ex</strong></span> 
     </span>
    </p>
   </div>
   <div class='ocr_carea' id='block_1_18' title="bbox 577 1833 2156 1892">
    <p class='ocr_par' dir='ltr' id='par_1_18' title="bbox 577 1833 2156 1892">
     <span class='ocr_line' id='line_1_18' title="bbox 577 1833 2156 1892; baseline 0.001 -7"><span class='ocrx_word' id='word_1_122' title='bbox 577 1849 628 1888; x_wconf 83' lang='lat' dir='ltr'><strong>te</strong></span> <span class='ocrx_word' id='word_1_123' title='bbox 656 1844 781 1889; x_wconf 85' lang='lat' dir='ltr'><strong>ortu</strong></span> <span class='ocrx_word' id='word_1_124' title='bbox 809 1833 988 1888; x_wconf 87' lang='lat' dir='ltr'><strong>omnia</strong></span> <span class='ocrx_word' id='word_1_125' title='bbox 1018 1834 1267 1892; x_wconf 78' lang='lat' dir='ltr'><strong>similiter</strong></span> <span class='ocrx_word' id='word_1_126' title='bbox 1309 1835 1546 1890; x_wconf 74' lang='lat' dir='ltr'><strong>cmlestia</strong></span> <span class='ocrx_word' id='word_1_127' title='bbox 1595 1844 1650 1890; x_wconf 91' lang='lat' dir='ltr'><strong>et</strong></span> <span class='ocrx_word' id='word_1_128' title='bbox 1682 1836 1964 1890; x_wconf 85' lang='lat' dir='ltr'><strong>terrestria</strong></span> <span class='ocrx_word' id='word_1_129' title='bbox 2003 1835 2156 1888; x_wconf 80' lang='lat' dir='ltr'><strong>laeta-</strong></span> 
     </span>
    </p>
   </div>
   <div class='ocr_carea' id='block_1_19' title="bbox 575 1923 2166 1993">
    <p class='ocr_par' dir='ltr' id='par_1_19' title="bbox 575 1923 2166 1993">
     <span class='ocr_line' id='line_1_19' title="bbox 575 1923 2166 1993; baseline 0.001 -17"><span class='ocrx_word' id='word_1_130' title='bbox 575 1925 791 1978; x_wconf 88' lang='lat' dir='ltr'><strong>buntur.</strong></span> <span class='ocrx_word' id='word_1_131' title='bbox 843 1923 946 1980; x_wconf 85' lang='lat' dir='ltr'><strong>Ubi</strong></span> <span class='ocrx_word' id='word_1_132' title='bbox 994 1934 1078 1980; x_wconf 86' lang='lat' dir='ltr'><strong>est</strong></span> <span class='ocrx_word' id='word_1_133' title='bbox 1133 1941 1277 1980; x_wconf 84' lang='lat' dir='ltr'><strong>nunc</strong></span> <span class='ocrx_word' id='word_1_134' title='bbox 1325 1925 1498 1981; x_wconf 89' lang='lat' dir='ltr'><strong>hostis</strong></span> <span class='ocrx_word' id='word_1_135' title='bbox 1547 1926 1649 1979; x_wconf 88' lang='lat' dir='ltr'><strong>mei</strong></span> <span class='ocrx_word' id='word_1_136' title='bbox 1689 1925 1946 1980; x_wconf 85' lang='lat' dir='ltr'><strong>damnata</strong></span> <span class='ocrx_word' id='word_1_137' title='bbox 2001 1923 2166 1993; x_wconf 86' lang='lat' dir='ltr'><strong>perfi-</strong></span> 
     </span>
    </p>
   </div>
   <div class='ocr_carea' id='block_1_20' title="bbox 572 2015 2164 2086">
    <p class='ocr_par' dir='ltr' id='par_1_20' title="bbox 572 2015 2164 2086">
     <span class='ocr_line' id='line_1_20' title="bbox 572 2015 2164 2086; baseline 0 -18"><span class='ocrx_word' id='word_1_138' title='bbox 572 2015 715 2070; x_wconf 85' lang='lat' dir='ltr'><strong>dia?</strong></span> <span class='ocrx_word' id='word_1_139' title='bbox 747 2015 846 2072; x_wconf 87' lang='lat' dir='ltr'><strong>Ubi</strong></span> <span class='ocrx_word' id='word_1_140' title='bbox 901 2032 1044 2072; x_wconf 93' lang='lat' dir='ltr'><strong>nunc</strong></span> <span class='ocrx_word' id='word_1_141' title='bbox 1075 2015 1192 2084; x_wconf 86' lang='lat' dir='ltr'><strong>ejus</strong></span> <span class='ocrx_word' id='word_1_142' title='bbox 1245 2024 1507 2086; x_wconf 85' lang='lat' dir='ltr'><strong>potestas,</strong></span> <span class='ocrx_word' id='word_1_143' title='bbox 1562 2031 1682 2086; x_wconf 66' lang='lat' dir='ltr'><strong>quae</strong></span> <span class='ocrx_word' id='word_1_144' title='bbox 1713 2025 1840 2070; x_wconf 81' lang='lat' dir='ltr'><strong>ante</strong></span> <span class='ocrx_word' id='word_1_145' title='bbox 1888 2016 1992 2070; x_wconf 89' lang='lat' dir='ltr'><strong>hoc</strong></span> <span class='ocrx_word' id='word_1_146' title='bbox 2042 2015 2164 2068; x_wconf 89' lang='lat' dir='ltr'><strong>sin-</strong></span> 
     </span>
    </p>
   </div>
   <div class='ocr_carea' id='block_1_21' title="bbox 570 2105 2166 2182">
    <p class='ocr_par' dir='ltr' id='par_1_21' title="bbox 570 2105 2166 2182">
     <span class='ocr_line' id='line_1_21' title="bbox 570 2105 2166 2182; baseline -0.001 -23"><span class='ocrx_word' id='word_1_147' title='bbox 570 2105 756 2176; x_wconf 79' lang='lat' dir='ltr'><strong>gulare</strong></span> <span class='ocrx_word' id='word_1_148' title='bbox 775 2107 1030 2182; x_wconf 79' lang='lat' dir='ltr'><strong>gaudium</strong></span> <span class='ocrx_word' id='word_1_149' title='bbox 1053 2109 1252 2162; x_wconf 84' lang='lat' dir='ltr'><strong>mundo</strong></span> <span class='ocrx_word' id='word_1_150' title='bbox 1278 2107 1661 2169; x_wconf 86' lang='lat' dir='ltr'><strong>dominabatur</strong></span> <span class='ocrx_word' id='word_1_151' title='bbox 1681 2109 1708 2161; x_wconf 86' lang='lat'><strong>?</strong></span> <span class='ocrx_word' id='word_1_152' title='bbox 1737 2131 1753 2154; x_wconf 74' lang='grc' dir='ltr'>ι</span> <span class='ocrx_word' id='word_1_153' title='bbox 1787 2107 1902 2174; x_wconf 86' lang='lat' dir='ltr'><strong>Quo</strong></span> <span class='ocrx_word' id='word_1_154' title='bbox 1944 2105 2032 2160; x_wconf 89' lang='lat' dir='ltr'><strong>ille</strong></span> <span class='ocrx_word' id='word_1_155' title='bbox 2061 2106 2166 2159; x_wconf 83' lang='lat' dir='ltr'><strong>im-</strong></span> 
     </span>
    </p>
   </div>
   <div class='ocr_carea' id='block_1_22' title="bbox 569 2195 2166 2268">
    <p class='ocr_par' dir='ltr' id='par_1_22' title="bbox 569 2195 2166 2268">
     <span class='ocr_line' id='line_1_22' title="bbox 569 2195 2166 2268; baseline 0.002 -20"><span class='ocrx_word' id='word_1_156' title='bbox 569 2195 808 2264; x_wconf 85' lang='lat' dir='ltr'><strong>prudens</strong></span> <span class='ocrx_word' id='word_1_157' title='bbox 841 2197 1042 2260; x_wconf 84' lang='lat' dir='ltr'><strong>audito,</strong></span> <span class='ocrx_word' id='word_1_158' title='bbox 1077 2197 1146 2252; x_wconf 89' lang='lat' dir='ltr'><strong>de</strong></span> <span class='ocrx_word' id='word_1_159' title='bbox 1171 2197 1400 2252; x_wconf 87' lang='lat' dir='ltr'><strong>latibulo.</strong></span> <span class='ocrx_word' id='word_1_160' title='bbox 1421 2212 1522 2252; x_wconf 90' lang='lat' dir='ltr'><strong>suo</strong></span> <span class='ocrx_word' id='word_1_161' title='bbox 1547 2213 1822 2268; x_wconf 86' lang='lat' dir='ltr'><strong>egressus,</strong></span> <span class='ocrx_word' id='word_1_162' title='bbox 1855 2212 1885 2251; x_wconf 90' lang='lat' dir='ltr'><strong>a</strong></span> <span class='ocrx_word' id='word_1_163' title='bbox 1918 2197 2078 2266; x_wconf 85' lang='lat' dir='ltr'><strong>longe</strong></span> <span class='ocrx_word' id='word_1_164' title='bbox 2106 2211 2166 2251; x_wconf 76' lang='lat' dir='ltr'><strong>se</strong></span> 
     </span>
    </p>
   </div>
   <div class='ocr_carea' id='block_1_23' title="bbox 567 2287 2166 2358">
    <p class='ocr_par' dir='ltr' id='par_1_23' title="bbox 567 2287 2166 2358">
     <span class='ocr_line' id='line_1_23' title="bbox 567 2287 2166 2358; baseline 0.001 -18"><span class='ocrx_word' id='word_1_165' title='bbox 567 2287 844 2356; x_wconf 80' lang='lat' dir='ltr'><strong>prodidit;</strong></span> <span class='ocrx_word' id='word_1_166' title='bbox 909 2297 964 2343; x_wconf 88' lang='lat' dir='ltr'><strong>et</strong></span> <span class='ocrx_word' id='word_1_167' title='bbox 1019 2289 1382 2356; x_wconf 84' lang='lat' dir='ltr'><strong>ignominiose</strong></span> <span class='ocrx_word' id='word_1_168' title='bbox 1439 2291 1778 2358; x_wconf 88' lang='lat' dir='ltr'><strong>dcturpatus,</strong></span> <span class='ocrx_word' id='word_1_169' title='bbox 1835 2303 1956 2341; x_wconf 85' lang='lat' dir='ltr'><strong>cum</strong></span> <span class='ocrx_word' id='word_1_170' title='bbox 2001 2287 2166 2342; x_wconf 88' lang='lat' dir='ltr'><strong>multo</strong></span> 
     </span>
    </p>
   </div>
   <div class='ocr_carea' id='block_1_24' title="bbox 569 2379 2162 2448">
    <p class='ocr_par' dir='ltr' id='par_1_24' title="bbox 569 2379 2162 2448">
     <span class='ocr_line' id='line_1_24' title="bbox 569 2379 2162 2448; baseline 0.001 -15"><span class='ocrx_word' id='word_1_171' title='bbox 569 2380 790 2448; x_wconf 89' lang='lat' dir='ltr'><strong>planctu</strong></span> <span class='ocrx_word' id='word_1_172' title='bbox 831 2389 887 2435; x_wconf 92' lang='lat' dir='ltr'><strong>et</strong></span> <span class='ocrx_word' id='word_1_173' title='bbox 929 2381 1156 2446; x_wconf 87' lang='lat' dir='ltr'><strong>ululatu,</strong></span> <span class='ocrx_word' id='word_1_174' title='bbox 1187 2389 1246 2434; x_wconf 86' lang='lat' dir='ltr'><strong>ut</strong></span> <span class='ocrx_word' id='word_1_175' title='bbox 1273 2381 1652 2436; x_wconf 82' lang='lat' dir='ltr'><strong>admitteretur</strong></span> <span class='ocrx_word' id='word_1_176' title='bbox 1675 2380 1867 2436; x_wconf 87' lang='lat' dir='ltr'><strong>orabat</strong></span> <span class='ocrx_word' id='word_1_177' title='bbox 1895 2398 1908 2434; x_wconf 91' lang='lat'><strong>:</strong></span> <span class='ocrx_word' id='word_1_178' title='bbox 1942 2399 1957 2430; x_wconf 78' lang='grc' dir='ltr'>ι</span> <span class='ocrx_word' id='word_1_179' title='bbox 1983 2379 2068 2445; x_wconf 89' lang='lat' dir='ltr'><strong>Et,</strong></span> <span class='ocrx_word' id='word_1_180' title='bbox 2093 2379 2162 2446; x_wconf 90' lang='lat' dir='ltr'><strong>si,</strong></span> 
     </span>
    </p>
   </div>
   <div class='ocr_carea' id='block_1_25' title="bbox 569 2471 2162 2542">
    <p class='ocr_par' dir='ltr' id='par_1_25' title="bbox 569 2471 2162 2542">
     <span class='ocr_line' id='line_1_25' title="bbox 569 2471 2162 2542; baseline 0.002 -18"><span class='ocrx_word' id='word_1_181' title='bbox 569 2471 665 2534; x_wconf 88' lang='lat' dir='ltr'><strong>ait,</strong></span> <span class='ocrx_word' id='word_1_182' title='bbox 721 2473 776 2526; x_wconf 90' lang='lat' dir='ltr'><strong>in</strong></span> <span class='ocrx_word' id='word_1_183' title='bbox 827 2471 972 2525; x_wconf 88' lang='lat' dir='ltr'><strong>nulla</strong></span> <span class='ocrx_word' id='word_1_184' title='bbox 1023 2482 1180 2542; x_wconf 88' lang='lat' dir='ltr'><strong>parte</strong></span> <span class='ocrx_word' id='word_1_185' title='bbox 1236 2473 1484 2529; x_wconf 76' lang='lat' dir='ltr'><strong>ecclesiae</strong></span> <span class='ocrx_word' id='word_1_186' title='bbox 1530 2473 1812 2542; x_wconf 85' lang='lat' dir='ltr'><strong>admittor,</strong></span> <span class='ocrx_word' id='word_1_187' title='bbox 1873 2472 1926 2526; x_wconf 90' lang='lat' dir='ltr'><strong>in</strong></span> <span class='ocrx_word' id='word_1_188' title='bbox 1978 2471 2162 2542; x_wconf 88' lang='lat' dir='ltr'><strong>aliquo</strong></span> 
     </span>
    </p>
   </div>
   <div class='ocr_carea' id='block_1_26' title="bbox 568 2560 2164 2632">
    <p class='ocr_par' dir='ltr' id='par_1_26' title="bbox 568 2560 2164 2632">
     <span class='ocr_line' id='line_1_26' title="bbox 568 2560 2164 2632; baseline 0.001 -18"><span class='ocrx_word' id='word_1_189' title='bbox 568 2560 762 2616; x_wconf 83' lang='lat' dir='ltr'><strong>saltem</strong></span> <span class='ocrx_word' id='word_1_190' title='bbox 801 2562 1130 2631; x_wconf 85' lang='lat' dir='ltr'><strong>reliquarum</strong></span> <span class='ocrx_word' id='word_1_191' title='bbox 1164 2561 1498 2616; x_wconf 77' lang='lat' dir='ltr'><strong>ofﬁcinarum</strong></span> <span class='ocrx_word' id='word_1_192' title='bbox 1529 2562 1647 2617; x_wconf 90' lang='lat' dir='ltr'><strong>loco</strong></span> <span class='ocrx_word' id='word_1_193' title='bbox 1691 2561 1980 2632; x_wconf 89' lang='lat' dir='ltr'><strong>suscipiar.</strong></span> <span class='ocrx_word' id='word_1_194' title='bbox 2015 2580 2032 2612; x_wconf 80' lang='grc' dir='ltr'><strong><em>ι</em></strong></span> <span class='ocrx_word' id='word_1_195' title='bbox 2091 2561 2164 2616; x_wconf 84' lang='lat' dir='ltr'><strong>At</strong></span> 
     </span>
    </p>
   </div>
   <div class='ocr_carea' id='block_1_27' title="bbox 570 2649 2160 2724">
    <p class='ocr_par' dir='ltr' id='par_1_27' title="bbox 570 2649 2160 2724">
     <span class='ocr_line' id='line_1_27' title="bbox 570 2649 2160 2724; baseline 0 -20"><span class='ocrx_word' id='word_1_196' title='bbox 570 2649 746 2707; x_wconf 80' lang='lat' dir='ltr'><strong>Filius</strong></span> <span class='ocrx_word' id='word_1_197' title='bbox 771 2649 1012 2724; x_wconf 80' lang='lat' dir='ltr'><strong>Virginis</strong></span> <span class='ocrx_word' id='word_1_198' title='bbox 1039 2670 1054 2708; x_wconf 90' lang='lat'><strong>:</strong></span> <span class='ocrx_word' id='word_1_199' title='bbox 1096 2672 1111 2703; x_wconf 78' lang='grc' dir='ltr'>ι</span> <span class='ocrx_word' id='word_1_200' title='bbox 1151 2653 1320 2718; x_wconf 79' lang='lat' dir='ltr'><strong>Vade,</strong></span> <span class='ocrx_word' id='word_1_201' title='bbox 1350 2653 1592 2721; x_wconf 83' lang='lat' dir='ltr'><strong>furcifer,</strong></span> <span class='ocrx_word' id='word_1_202' title='bbox 1627 2651 1823 2722; x_wconf 88' lang='lat' dir='ltr'><strong>inquit,</strong></span> <span class='ocrx_word' id='word_1_203' title='bbox 1862 2666 1930 2706; x_wconf 91' lang='lat' dir='ltr'><strong>ne</strong></span> <span class='ocrx_word' id='word_1_204' title='bbox 1963 2660 2014 2706; x_wconf 91' lang='lat' dir='ltr'><strong>te</strong></span> <span class='ocrx_word' id='word_1_205' title='bbox 2043 2665 2160 2705; x_wconf 88' lang='lat' dir='ltr'><strong>mea</strong></span> 
     </span>
    </p>
   </div>
   <div class='ocr_carea' id='block_1_28' title="bbox 565 2741 2160 2814">
    <p class='ocr_par' dir='ltr' id='par_1_28' title="bbox 565 2741 2160 2814">
     <span class='ocr_line' id='line_1_28' title="bbox 565 2741 2160 2814; baseline -0.001 -18"><span class='ocrx_word' id='word_1_206' title='bbox 565 2741 808 2814; x_wconf 87' lang='lat' dir='ltr'><strong>potentia</strong></span> <span class='ocrx_word' id='word_1_207' title='bbox 841 2741 1250 2812; x_wconf 72' lang='lat' dir='ltr'><strong>pnejudicatum</strong></span> <span class='ocrx_word' id='word_1_208' title='bbox 1281 2743 1612 2809; x_wconf 86' lang='lat' dir='ltr'><strong>lamenteris,</strong></span> <span class='ocrx_word' id='word_1_209' title='bbox 1669 2751 1817 2813; x_wconf 79' lang='lat' dir='ltr'><strong>tenta</strong></span> <span class='ocrx_word' id='word_1_210' title='bbox 1867 2741 2010 2812; x_wconf 82' lang='lat' dir='ltr'><strong>quod</strong></span> <span class='ocrx_word' id='word_1_211' title='bbox 2061 2755 2160 2811; x_wconf 83' lang='lat' dir='ltr'><strong>po—</strong></span> 
     </span>
    </p>
   </div>
   <div class='ocr_carea' id='block_1_29' title="bbox 565 2833 2164 2906">
    <p class='ocr_par' dir='ltr' id='par_1_29' title="bbox 565 2833 2164 2906">
     <span class='ocr_line' id='line_1_29' title="bbox 565 2833 2164 2906; baseline 0.001 -21"><span class='ocrx_word' id='word_1_212' title='bbox 565 2833 718 2886; x_wconf 89' lang='lat' dir='ltr'><strong>teris.</strong></span> <span class='ocrx_word' id='word_1_213' title='bbox 750 2853 767 2886; x_wconf 76' lang='lat' dir='ltr'><strong>I</strong></span> <span class='ocrx_word' id='word_1_214' title='bbox 803 2833 873 2886; x_wconf 84' lang='lat' dir='ltr'><strong>At</strong></span> <span class='ocrx_word' id='word_1_215' title='bbox 919 2833 1007 2888; x_wconf 87' lang='lat' dir='ltr'><strong>ille</strong></span> <span class='ocrx_word' id='word_1_216' title='bbox 1058 2833 1296 2898; x_wconf 79' lang='lat' dir='ltr'><strong>solutus,</strong></span> <span class='ocrx_word' id='word_1_217' title='bbox 1360 2834 1562 2890; x_wconf 85' lang='lat' dir='ltr'><strong>aditum</strong></span> <span class='ocrx_word' id='word_1_218' title='bbox 1621 2833 1838 2906; x_wconf 87' lang='lat' dir='ltr'><strong>capituli</strong></span> <span class='ocrx_word' id='word_1_219' title='bbox 1886 2833 2073 2904; x_wconf 85' lang='lat' dir='ltr'><strong>petiit;</strong></span> <span class='ocrx_word' id='word_1_220' title='bbox 2107 2843 2164 2890; x_wconf 88' lang='lat' dir='ltr'><strong>et</strong></span> 
     </span>
    </p>
   </div>
   <div class='ocr_carea' id='block_1_30' title="bbox 562 2918 2162 2992">
    <p class='ocr_par' dir='ltr' id='par_1_30' title="bbox 562 2918 2162 2992">
     <span class='ocr_line' id='line_1_30' title="bbox 562 2918 2162 2992; baseline 0.006 -21"><span class='ocrx_word' id='word_1_221' title='bbox 562 2918 770 2976; x_wconf 87' lang='lat' dir='ltr'><strong>intrare</strong></span> <span class='ocrx_word' id='word_1_222' title='bbox 818 2931 1060 2988; x_wconf 86' lang='lat' dir='ltr'><strong>conatus,</strong></span> <span class='ocrx_word' id='word_1_223' title='bbox 1095 2939 1201 2978; x_wconf 91' lang='lat' dir='ltr'><strong>non</strong></span> <span class='ocrx_word' id='word_1_224' title='bbox 1232 2924 1447 2992; x_wconf 86' lang='lat' dir='ltr'><strong>potuit;</strong></span> <span class='ocrx_word' id='word_1_225' title='bbox 1497 2925 1766 2980; x_wconf 88' lang='lat' dir='ltr'><strong>intantnm</strong></span> <span class='ocrx_word' id='word_1_226' title='bbox 1807 2924 1950 2980; x_wconf 91' lang='lat' dir='ltr'><strong>enim</strong></span> <span class='ocrx_word' id='word_1_227' title='bbox 1999 2933 2055 2980; x_wconf 90' lang='lat' dir='ltr'><strong>et</strong></span> <span class='ocrx_word' id='word_1_228' title='bbox 2103 2939 2162 2981; x_wconf 78' lang='lat' dir='ltr'><strong>se</strong></span> 
     </span>
    </p>
   </div>
   <div class='ocr_carea' id='block_1_31' title="bbox 561 3012 2154 3086">
    <p class='ocr_par' dir='ltr' id='par_1_31' title="bbox 561 3012 2154 3086">
     <span class='ocr_line' id='line_1_31' title="bbox 561 3012 2154 3086; baseline 0.004 -22"><span class='ocrx_word' id='word_1_229' title='bbox 561 3012 850 3077; x_wconf 89' lang='lat' dir='ltr'><strong>tumidum,</strong></span> <span class='ocrx_word' id='word_1_230' title='bbox 877 3023 932 3068; x_wconf 90' lang='lat' dir='ltr'><strong>et</strong></span> <span class='ocrx_word' id='word_1_231' title='bbox 968 3015 1252 3070; x_wconf 87' lang='lat' dir='ltr'><strong>introitum</strong></span> <span class='ocrx_word' id='word_1_232' title='bbox 1290 3017 1511 3086; x_wconf 90' lang='lat' dir='ltr'><strong>capituli</strong></span> <span class='ocrx_word' id='word_1_233' title='bbox 1544 3025 1832 3086; x_wconf 85' lang='lat' dir='ltr'><strong>angustum</strong></span> <span class='ocrx_word' id='word_1_234' title='bbox 1863 3017 2068 3072; x_wconf 76' lang='lat' dir='ltr'><strong>invenit</strong></span> <span class='ocrx_word' id='word_1_235' title='bbox 2097 3027 2154 3071; x_wconf 90' lang='lat' dir='ltr'><strong>ut</strong></span> 
     </span>
    </p>
   </div>
   <div class='ocr_carea' id='block_1_32' title="bbox 561 3098 2230 3204">
    <p class='ocr_par' dir='ltr' id='par_1_32' title="bbox 561 3098 2230 3204">
     <span class='ocr_line' id='line_1_32' title="bbox 561 3098 2230 3204; baseline 0.007 -52"><span class='ocrx_word' id='word_1_236' title='bbox 561 3098 870 3156; x_wconf 70' lang='lat' dir='ltr'><strong>nullatenus</strong></span> <span class='ocrx_word' id='word_1_237' title='bbox 897 3101 1103 3158; x_wconf 91' lang='lat' dir='ltr'><strong>intrare</strong></span> <span class='ocrx_word' id='word_1_238' title='bbox 1129 3104 1368 3170; x_wconf 80' lang='lat' dir='ltr'><strong>valeret;</strong></span> <span class='ocrx_word' id='word_1_239' title='bbox 1401 3121 1529 3161; x_wconf 83' lang='lat' dir='ltr'><strong>vere</strong></span> <span class='ocrx_word' id='word_1_240' title='bbox 1579 3105 1940 3163; x_wconf 82' lang='lat' dir='ltr'><strong>inﬂammatus</strong></span> <span class='ocrx_word' id='word_1_241' title='bbox 1969 3124 2157 3178; x_wconf 84' lang='lat' dir='ltr'><strong>super-</strong></span> <span class='ocrx_word' id='word_1_242' title='bbox 2185 3144 2230 3204; x_wconf 64' lang='grc' dir='ltr'>ϐ</span> 
     </span>
    </p>
   </div>
   <div class='ocr_carea' id='block_1_33' title="bbox 559 3187 2154 3266">
    <p class='ocr_par' dir='ltr' id='par_1_33' title="bbox 559 3187 2154 3266">
     <span class='ocr_line' id='line_1_33' title="bbox 559 3187 2154 3266; baseline 0.009 -25"><span class='ocrx_word' id='word_1_243' title='bbox 559 3187 666 3244; x_wconf 72' lang='lat' dir='ltr'><strong>hia:</strong></span> <span class='ocrx_word' id='word_1_244' title='bbox 698 3200 1030 3262; x_wconf 88' lang='lat' dir='ltr'><strong>apostemate</strong></span> <span class='ocrx_word' id='word_1_245' title='bbox 1075 3197 1293 3262; x_wconf 86' lang='lat' dir='ltr'><strong>veteris,</strong></span> <span class='ocrx_word' id='word_1_246' title='bbox 1335 3211 1433 3266; x_wconf 89' lang='lat' dir='ltr'><strong>per</strong></span> <span class='ocrx_word' id='word_1_247' title='bbox 1483 3198 1742 3252; x_wconf 88' lang='lat' dir='ltr'><strong>humilem</strong></span> <span class='ocrx_word' id='word_1_248' title='bbox 1790 3199 1994 3253; x_wconf 85' lang='lat' dir='ltr'><strong>aditum</strong></span> <span class='ocrx_word' id='word_1_249' title='bbox 2046 3215 2154 3255; x_wconf 90' lang='lat' dir='ltr'><strong>non</strong></span> 
     </span>
    </p>
   </div>
   <div class='ocr_carea' id='block_1_34' title="bbox 566 3282 2155 3361">
    <p class='ocr_par' dir='ltr' id='par_1_34' title="bbox 566 3282 2155 3361">
     <span class='ocr_line' id='line_1_34' title="bbox 566 3282 2155 3361; baseline 0.005 -25"><span class='ocrx_word' id='word_1_250' title='bbox 566 3282 746 3348; x_wconf 88' lang='lat' dir='ltr'><strong>potuit</strong></span> <span class='ocrx_word' id='word_1_251' title='bbox 773 3283 1026 3340; x_wconf 89' lang='lat' dir='ltr'><strong>transire.</strong></span> <span class='ocrx_word' id='word_1_252' title='bbox 1060 3285 1188 3342; x_wconf 81' lang='lat' dir='ltr'><strong>inde</strong></span> <span class='ocrx_word' id='word_1_253' title='bbox 1214 3290 1280 3342; x_wconf 89' lang='lat' dir='ltr'><strong>ad</strong></span> <span class='ocrx_word' id='word_1_254' title='bbox 1316 3288 1698 3348; x_wconf 86' lang='lat' dir='ltr'><strong>dormitorium</strong></span> <span class='ocrx_word' id='word_1_255' title='bbox 1730 3288 1960 3344; x_wconf 78' lang='lat' dir='ltr'><strong>fratrum</strong></span> <span class='ocrx_word' id='word_1_256' title='bbox 1999 3307 2155 3361; x_wconf 85' lang='lat' dir='ltr'><strong>gres-</strong></span> 
     </span>
    </p>
   </div>
   <div class='ocr_carea' id='block_1_35' title="bbox 561 3375 2152 3452">
    <p class='ocr_par' dir='ltr' id='par_1_35' title="bbox 561 3375 2152 3452">
     <span class='ocr_line' id='line_1_35' title="bbox 561 3375 2152 3452; baseline 0.008 -26"><span class='ocrx_word' id='word_1_257' title='bbox 561 3387 684 3428; x_wconf 85' lang='lat' dir='ltr'><strong>sum</strong></span> <span class='ocrx_word' id='word_1_258' title='bbox 707 3375 1001 3442; x_wconf 87' lang='lat' dir='ltr'><strong>convertit,</strong></span> <span class='ocrx_word' id='word_1_259' title='bbox 1031 3387 1087 3432; x_wconf 92' lang='lat' dir='ltr'><strong>et</strong></span> <span class='ocrx_word' id='word_1_260' title='bbox 1111 3378 1415 3450; x_wconf 87' lang='lat' dir='ltr'><strong>phantasiis</strong></span> <span class='ocrx_word' id='word_1_261' title='bbox 1445 3379 1618 3436; x_wconf 84' lang='lat' dir='ltr'><strong>solitis</strong></span> <span class='ocrx_word' id='word_1_262' title='bbox 1645 3395 1703 3436; x_wconf 88' lang='lat' dir='ltr'><strong>sc</strong></span> <span class='ocrx_word' id='word_1_263' title='bbox 1729 3397 1822 3437; x_wconf 93' lang='lat' dir='ltr'><strong>eos</strong></span> <span class='ocrx_word' id='word_1_264' title='bbox 1847 3383 2152 3452; x_wconf 84' lang='lat' dir='ltr'><strong>inquietare</strong></span> 
     </span>
    </p>
   </div>
   <div class='ocr_carea' id='block_1_36' title="bbox 559 3466 2155 3543">
    <p class='ocr_par' dir='ltr' id='par_1_36' title="bbox 559 3466 2155 3543">
     <span class='ocr_line' id='line_1_36' title="bbox 559 3466 2155 3543; baseline 0.008 -26"><span class='ocrx_word' id='word_1_265' title='bbox 559 3479 720 3534; x_wconf 89' lang='lat' dir='ltr'><strong>posse</strong></span> <span class='ocrx_word' id='word_1_266' title='bbox 759 3466 1068 3533; x_wconf 82' lang='lat' dir='ltr'><strong>conlidens,</strong></span> <span class='ocrx_word' id='word_1_267' title='bbox 1102 3469 1330 3528; x_wconf 88' lang='lat' dir='ltr'><strong>introire</strong></span> <span class='ocrx_word' id='word_1_268' title='bbox 1364 3471 1626 3538; x_wconf 88' lang='lat' dir='ltr'><strong>tentavit;</strong></span> <span class='ocrx_word' id='word_1_269' title='bbox 1659 3473 1752 3528; x_wconf 90' lang='lat' dir='ltr'><strong>sed</strong></span> <span class='ocrx_word' id='word_1_270' title='bbox 1785 3471 1972 3528; x_wconf 88' lang='lat' dir='ltr'><strong>eadem</strong></span> <span class='ocrx_word' id='word_1_271' title='bbox 2001 3490 2155 3543; x_wconf 81' lang='lat' dir='ltr'><strong>gros-</strong></span> 
     </span>
    </p>
   </div>
   <div class='ocr_carea' id='block_1_37' title="bbox 567 3555 2148 3633">
    <p class='ocr_par' dir='ltr' id='par_1_37' title="bbox 567 3555 2148 3633">
     <span class='ocr_line' id='line_1_37' title="bbox 567 3555 2148 3633; baseline 0.009 -26"><span class='ocrx_word' id='word_1_272' title='bbox 567 3555 812 3611; x_wconf 82' lang='lat' dir='ltr'><strong>situdine</strong></span> <span class='ocrx_word' id='word_1_273' title='bbox 837 3571 936 3612; x_wconf 88' lang='lat' dir='ltr'><strong>sua</strong></span> <span class='ocrx_word' id='word_1_274' title='bbox 963 3561 1032 3616; x_wconf 89' lang='lat' dir='ltr'><strong>ab</strong></span> <span class='ocrx_word' id='word_1_275' title='bbox 1065 3561 1216 3618; x_wconf 71' lang='lat' dir='ltr'><strong>ostio.</strong></span> <span class='ocrx_word' id='word_1_276' title='bbox 1228 3561 1494 3633; x_wconf 85' lang='lat' dir='ltr'><strong>repulsus,</strong></span> <span class='ocrx_word' id='word_1_277' title='bbox 1527 3567 1768 3620; x_wconf 88' lang='lat' dir='ltr'><strong>recessit.</strong></span> <span class='ocrx_word' id='word_1_278' title='bbox 1795 3565 2148 3622; x_wconf 84' lang='lat' dir='ltr'><strong>Postmodum</strong></span> 
     </span>
    </p>
   </div>
   <div class='ocr_carea' id='block_1_38' title="bbox 560 3645 2149 3727">
    <p class='ocr_par' dir='ltr' id='par_1_38' title="bbox 560 3645 2149 3727">
     <span class='ocr_line' id='line_1_38' title="bbox 560 3645 2149 3727; baseline 0.007 -27"><span class='ocrx_word' id='word_1_279' title='bbox 560 3645 631 3700; x_wconf 86' lang='lat' dir='ltr'><strong>ad</strong></span> <span class='ocrx_word' id='word_1_280' title='bbox 664 3645 1012 3712; x_wconf 79' lang='lat' dir='ltr'><strong>refectorium</strong></span> <span class='ocrx_word' id='word_1_281' title='bbox 1055 3653 1283 3708; x_wconf 88' lang='lat' dir='ltr'><strong>nocendi</strong></span> <span class='ocrx_word' id='word_1_282' title='bbox 1313 3669 1462 3724; x_wconf 89' lang='lat' dir='ltr'><strong>spem</strong></span> <span class='ocrx_word' id='word_1_283' title='bbox 1490 3655 1739 3722; x_wconf 90' lang='lat' dir='ltr'><strong>contulit,</strong></span> <span class='ocrx_word' id='word_1_284' title='bbox 1769 3656 1970 3726; x_wconf 89' lang='lat' dir='ltr'><strong>ibique,</strong></span> <span class='ocrx_word' id='word_1_285' title='bbox 2022 3673 2149 3727; x_wconf 91' lang='lat' dir='ltr'><strong>pro-</strong></span> 
     </span>
    </p>
   </div>
   <div class='ocr_carea' id='block_1_39' title="bbox 556 3736 2152 3820">
    <p class='ocr_par' dir='ltr' id='par_1_39' title="bbox 556 3736 2152 3820">
     <span class='ocr_line' id='line_1_39' title="bbox 556 3736 2152 3820; baseline 0.007 -30"><span class='ocrx_word' id='word_1_286' title='bbox 556 3745 678 3807; x_wconf 82' lang='lat' dir='ltr'><strong>pter</strong></span> <span class='ocrx_word' id='word_1_287' title='bbox 713 3736 1106 3810; x_wconf 87' lang='lat' dir='ltr'><strong>aliquantulam</strong></span> <span class='ocrx_word' id='word_1_288' title='bbox 1143 3745 1387 3813; x_wconf 87' lang='lat' dir='ltr'><strong>corporis</strong></span> <span class='ocrx_word' id='word_1_289' title='bbox 1413 3761 1622 3810; x_wconf 84' lang='lat' dir='ltr'><strong>curam,</strong></span> <span class='ocrx_word' id='word_1_290' title='bbox 1668 3747 1929 3816; x_wconf 85' lang='lat' dir='ltr'><strong>majorem</strong></span> <span class='ocrx_word' id='word_1_291' title='bbox 1975 3747 2152 3820; x_wconf 89' lang='lat' dir='ltr'><strong>suspi-</strong></span> 
     </span>
    </p>
   </div>
   <div class='ocr_carea' id='block_1_40' title="bbox 555 3830 2147 3898">
    <p class='ocr_par' dir='ltr' id='par_1_40' title="bbox 555 3830 2147 3898">
     <span class='ocr_line' id='line_1_40' title="bbox 555 3830 2147 3898; baseline 0.006 -16"><span class='ocrx_word' id='word_1_292' title='bbox 555 3836 712 3884; x_wconf 88' lang='lat' dir='ltr'><strong>catus</strong></span> <span class='ocrx_word' id='word_1_293' title='bbox 740 3830 1002 3885; x_wconf 88' lang='lat' dir='ltr'><strong>mentium</strong></span> <span class='ocrx_word' id='word_1_294' title='bbox 1039 3831 1328 3898; x_wconf 89' lang='lat' dir='ltr'><strong>incuriam,</strong></span> <span class='ocrx_word' id='word_1_295' title='bbox 1365 3835 1436 3889; x_wconf 89' lang='lat' dir='ltr'><strong>ibi</strong></span> <span class='ocrx_word' id='word_1_296' title='bbox 1488 3837 1652 3890; x_wconf 88' lang='lat' dir='ltr'><strong>etiam</strong></span> <span class='ocrx_word' id='word_1_297' title='bbox 1687 3847 1762 3891; x_wconf 88' lang='lat' dir='ltr'><strong>tot</strong></span> <span class='ocrx_word' id='word_1_298' title='bbox 1793 3837 1977 3892; x_wconf 88' lang='lat' dir='ltr'><strong>obices</strong></span> <span class='ocrx_word' id='word_1_299' title='bbox 2007 3839 2147 3892; x_wconf 71' lang='lat' dir='ltr'><strong>divi-</strong></span> 
     </span>
    </p>
   </div>
   <div class='ocr_carea' id='block_1_41' title="bbox 555 3919 2150 3990">
    <p class='ocr_par' dir='ltr' id='par_1_41' title="bbox 555 3919 2150 3990">
     <span class='ocr_line' id='line_1_41' title="bbox 555 3919 2150 3990; baseline 0.007 -20"><span class='ocrx_word' id='word_1_300' title='bbox 555 3932 750 3972; x_wconf 88' lang='lat' dir='ltr'><strong>norum</strong></span> <span class='ocrx_word' id='word_1_301' title='bbox 783 3933 848 3974; x_wconf 81' lang='lat' dir='ltr'><strong>ex</strong></span> <span class='ocrx_word' id='word_1_302' title='bbox 872 3919 1105 3977; x_wconf 86' lang='lat' dir='ltr'><strong>lectione</strong></span> <span class='ocrx_word' id='word_1_303' title='bbox 1137 3924 1449 3990; x_wconf 89' lang='lat' dir='ltr'><strong>verborum,</strong></span> <span class='ocrx_word' id='word_1_304' title='bbox 1477 3931 1554 3978; x_wconf 92' lang='lat' dir='ltr'><strong>tot</strong></span> <span class='ocrx_word' id='word_1_305' title='bbox 1579 3925 1756 3978; x_wconf 86' lang='lat' dir='ltr'><strong>trabes</strong></span> <span class='ocrx_word' id='word_1_306' title='bbox 1777 3939 1843 3980; x_wconf 77' lang='lat' dir='ltr'><strong>ex</strong></span> <span class='ocrx_word' id='word_1_307' title='bbox 1865 3925 2150 3981; x_wconf 65' lang='lat' dir='ltr'><strong>devotione</strong></span> 
     </span>
    </p>
   </div>
   <div class='ocr_carea' id='block_1_42' title="bbox 553 4005 2147 4084">
    <p class='ocr_par' dir='ltr' id='par_1_42' title="bbox 553 4005 2147 4084">
     <span class='ocr_line' id='line_1_42' title="bbox 553 4005 2147 4084; baseline 0.006 -24"><span class='ocrx_word' id='word_1_308' title='bbox 553 4005 886 4078; x_wconf 84' lang='lat' dir='ltr'><strong>auditorum,</strong></span> <span class='ocrx_word' id='word_1_309' title='bbox 937 4019 1015 4066; x_wconf 90' lang='lat' dir='ltr'><strong>tot</strong></span> <span class='ocrx_word' id='word_1_310' title='bbox 1059 4013 1314 4084; x_wconf 78' lang='lat' dir='ltr'><strong>repagula</strong></span> <span class='ocrx_word' id='word_1_311' title='bbox 1361 4015 1562 4084; x_wconf 89' lang='lat' dir='ltr'><strong>reperit</strong></span> <span class='ocrx_word' id='word_1_312' title='bbox 1604 4031 1672 4070; x_wconf 80' lang='lat' dir='ltr'><strong>ex</strong></span> <span class='ocrx_word' id='word_1_313' title='bbox 1727 4016 1998 4071; x_wconf 56' lang='lat' dir='ltr'><strong>charitate</strong></span> <span class='ocrx_word' id='word_1_314' title='bbox 2047 4017 2147 4070; x_wconf 80' lang='lat' dir='ltr'><strong>sibi</strong></span> 
     </span>
    </p>
   </div>
   <div class='ocr_carea' id='block_1_43' title="bbox 556 4095 2149 4172">
    <p class='ocr_par' dir='ltr' id='par_1_43' title="bbox 556 4095 2149 4172">
     <span class='ocr_line' id='line_1_43' title="bbox 556 4095 2149 4172; baseline 0.008 -23"><span class='ocrx_word' id='word_1_315' title='bbox 556 4095 794 4165; x_wconf 83' lang='lat' dir='ltr'><strong>invicem</strong></span> <span class='ocrx_word' id='word_1_316' title='bbox 843 4102 1223 4172; x_wconf 85' lang='lat' dir='ltr'><strong>servientium,</strong></span> <span class='ocrx_word' id='word_1_317' title='bbox 1264 4115 1324 4159; x_wconf 89' lang='lat' dir='ltr'><strong>ut</strong></span> <span class='ocrx_word' id='word_1_318' title='bbox 1374 4105 1522 4161; x_wconf 89' lang='lat' dir='ltr'><strong>nullo</strong></span> <span class='ocrx_word' id='word_1_319' title='bbox 1568 4107 1728 4162; x_wconf 89' lang='lat' dir='ltr'><strong>modo</strong></span> <span class='ocrx_word' id='word_1_320' title='bbox 1777 4107 1919 4161; x_wconf 88' lang='lat' dir='ltr'><strong>ultra</strong></span> <span class='ocrx_word' id='word_1_321' title='bbox 1966 4105 2149 4161; x_wconf 69' lang='lat' dir='ltr'><strong>valet-.5</strong></span> 
     </span>
    </p>
   </div>
   <div class='ocr_carea' id='block_1_44' title="bbox 554 4193 2148 4266">
    <p class='ocr_par' dir='ltr' id='par_1_44' title="bbox 554 4193 2148 4266">
     <span class='ocr_line' id='line_1_44' title="bbox 554 4193 2148 4266; baseline 0.007 -23"><span class='ocrx_word' id='word_1_322' title='bbox 554 4193 870 4259; x_wconf 83' lang='lat' dir='ltr'><strong>procedere,</strong></span> <span class='ocrx_word' id='word_1_323' title='bbox 916 4203 1201 4266; x_wconf 82' lang='lat' dir='ltr'><strong>cogeretur</strong></span> <span class='ocrx_word' id='word_1_324' title='bbox 1231 4199 1596 4255; x_wconf 87' lang='lat' dir='ltr'><strong>retrocedere.</strong></span> <span class='ocrx_word' id='word_1_325' title='bbox 1641 4199 1731 4253; x_wconf 89' lang='lat' dir='ltr'><strong>Sic</strong></span> <span class='ocrx_word' id='word_1_326' title='bbox 1783 4199 1851 4253; x_wconf 86' lang='lat' dir='ltr'><strong>ab</strong></span> <span class='ocrx_word' id='word_1_327' title='bbox 1895 4199 2148 4254; x_wconf 90' lang='lat' dir='ltr'><strong>omnibus</strong></span> 
     </span>
    </p>
   </div>
   <div class='ocr_carea' id='block_1_45' title="bbox 555 4275 2148 4360">
    <p class='ocr_par' dir='ltr' id='par_1_45' title="bbox 555 4275 2148 4360">
     <span class='ocr_line' id='line_1_45' title="bbox 555 4275 2148 4360; baseline 0.009 -30"><span class='ocrx_word' id='word_1_328' title='bbox 555 4275 786 4334; x_wconf 79' lang='lat' dir='ltr'><strong>officinis</strong></span> <span class='ocrx_word' id='word_1_329' title='bbox 813 4283 1055 4338; x_wconf 81' lang='lat' dir='ltr'><strong>ecclesia:</strong></span> <span class='ocrx_word' id='word_1_330' title='bbox 1096 4287 1351 4356; x_wconf 86' lang='lat' dir='ltr'><strong>rejectns,</strong></span> <span class='ocrx_word' id='word_1_331' title='bbox 1392 4304 1421 4342; x_wconf 88' lang='lat' dir='ltr'><strong>a</strong></span> <span class='ocrx_word' id='word_1_332' title='bbox 1451 4300 1747 4359; x_wconf 91' lang='lat' dir='ltr'><strong>conspectu</strong></span> <span class='ocrx_word' id='word_1_333' title='bbox 1779 4289 2006 4360; x_wconf 90' lang='lat' dir='ltr'><strong>piissimi</strong></span> <span class='ocrx_word' id='word_1_334' title='bbox 2041 4289 2148 4343; x_wconf 72' lang='lat' dir='ltr'><strong>Br.-</strong></span> 
     </span>
    </p>
   </div>
   <div class='ocr_carea' id='block_1_46' title="bbox 553 4369 2145 4448">
    <p class='ocr_par' dir='ltr' id='par_1_46' title="bbox 553 4369 2145 4448">
     <span class='ocr_line' id='line_1_46' title="bbox 553 4369 2145 4448; baseline 0.008 -28"><span class='ocrx_word' id='word_1_335' title='bbox 553 4369 854 4439; x_wconf 85' lang='lat' dir='ltr'><strong>demptoris</strong></span> <span class='ocrx_word' id='word_1_336' title='bbox 875 4381 932 4428; x_wconf 84' lang='lat' dir='ltr'><strong>et</strong></span> <span class='ocrx_word' id='word_1_337' title='bbox 959 4373 1365 4444; x_wconf 61' lang='lat' dir='ltr'><strong>gloriosissime</strong></span> <span class='ocrx_word' id='word_1_338' title='bbox 1397 4377 1632 4448; x_wconf 75' lang='lat' dir='ltr'><strong>Virginis</strong></span> <span class='ocrx_word' id='word_1_339' title='bbox 1665 4379 1873 4442; x_wconf 57' lang='lat' dir='ltr'><strong>matris,</strong></span> <span class='ocrx_word' id='word_1_340' title='bbox 1906 4395 2029 4434; x_wconf 90' lang='lat' dir='ltr'><strong>cum</strong></span> <span class='ocrx_word' id='word_1_341' title='bbox 2081 4394 2145 4432; x_wconf 80' lang='lat' dir='ltr'><strong>ea</strong></span> 
     </span>
    </p>
   </div>
   <div class='ocr_carea' id='block_1_47' title="bbox 2281 541 3746 617">
    <p class='ocr_par' dir='ltr' id='par_1_47' title="bbox 2281 541 3746 617">
     <span class='ocr_line' id='line_1_47' title="bbox 2281 541 3746 617; baseline 0.004 -22"><span class='ocrx_word' id='word_1_342' title='bbox 2281 545 2573 613; x_wconf 82' lang='lat' dir='ltr'><strong>quebatnr,</strong></span> <span class='ocrx_word' id='word_1_343' title='bbox 2607 543 2698 612; x_wconf 86' lang='lat' dir='ltr'><strong>qui</strong></span> <span class='ocrx_word' id='word_1_344' title='bbox 2745 541 2944 595; x_wconf 85' lang='lat' dir='ltr'><strong>restitit</strong></span> <span class='ocrx_word' id='word_1_345' title='bbox 2981 550 3034 595; x_wconf 87' lang='lat' dir='ltr'><strong>et</strong></span> <span class='ocrx_word' id='word_1_346' title='bbox 3065 541 3174 595; x_wconf 87' lang='lat' dir='ltr'><strong>ait:</strong></span> <span class='ocrx_word' id='word_1_347' title='bbox 3219 559 3238 593; x_wconf 68' lang='grc' dir='ltr'><em>ς</em></span> <span class='ocrx_word' id='word_1_348' title='bbox 3275 541 3430 609; x_wconf 82' lang='lat' dir='ltr'><strong>Cujus</strong></span> <span class='ocrx_word' id='word_1_349' title='bbox 3453 553 3544 608; x_wconf 87' lang='lat' dir='ltr'><strong>est,</strong></span> <span class='ocrx_word' id='word_1_350' title='bbox 3567 551 3746 617; x_wconf 66' lang='lat' dir='ltr'><strong>agrkota,</strong></span> 
     </span>
    </p>
   </div>
   <div class='ocr_carea' id='block_1_48' title="bbox 2279 631 3748 705">
    <p class='ocr_par' dir='ltr' id='par_1_48' title="bbox 2279 631 3748 705">
     <span class='ocr_line' id='line_1_48' title="bbox 2279 631 3748 705; baseline 0.003 -16"><span class='ocrx_word' id='word_1_351' title='bbox 2279 649 2410 705; x_wconf 85' lang='lat' dir='ltr'><strong>ager</strong></span> <span class='ocrx_word' id='word_1_352' title='bbox 2441 635 2542 689; x_wconf 87' lang='lat' dir='ltr'><strong>iste</strong></span> <span class='ocrx_word' id='word_1_353' title='bbox 2569 648 2726 702; x_wconf 87' lang='lat' dir='ltr'><strong>quem</strong></span> <span class='ocrx_word' id='word_1_354' title='bbox 2752 631 2926 687; x_wconf 82' lang='lat' dir='ltr'><strong>colis?</strong></span> <span class='ocrx_word' id='word_1_355' title='bbox 2961 651 2982 683; x_wconf 72' lang='grc' dir='ltr'><em>ι</em></span> <span class='ocrx_word' id='word_1_356' title='bbox 3031 631 3132 698; x_wconf 86' lang='lat' dir='ltr'><strong>Qui</strong></span> <span class='ocrx_word' id='word_1_357' title='bbox 3170 632 3280 686; x_wconf 92' lang='lat' dir='ltr'><strong>ait:</strong></span> <span class='ocrx_word' id='word_1_358' title='bbox 3319 651 3340 684; x_wconf 68' lang='grc' dir='ltr'>ε</span> <span class='ocrx_word' id='word_1_359' title='bbox 3383 633 3436 686; x_wconf 83' lang='grc' dir='ltr'><strong>Β.</strong></span> <span class='ocrx_word' id='word_1_360' title='bbox 3479 633 3598 690; x_wconf 85' lang='lat' dir='ltr'><strong>Petri</strong></span> <span class='ocrx_word' id='word_1_361' title='bbox 3625 641 3748 696; x_wconf 77' lang='lat' dir='ltr'><strong>etno-</strong></span> 
     </span>
    </p>
   </div>
   <div class='ocr_carea' id='block_1_49' title="bbox 2278 719 3746 787">
    <p class='ocr_par' dir='ltr' id='par_1_49' title="bbox 2278 719 3746 787">
     <span class='ocr_line' id='line_1_49' title="bbox 2278 719 3746 787; baseline -0.001 -5"><span class='ocrx_word' id='word_1_362' title='bbox 2278 727 2410 782; x_wconf 86' lang='lat' dir='ltr'><strong>mini</strong></span> <span class='ocrx_word' id='word_1_363' title='bbox 2457 725 2672 781; x_wconf 80' lang='lat' dir='ltr'><strong>abbatis</strong></span> <span class='ocrx_word' id='word_1_364' title='bbox 2713 719 3106 780; x_wconf 84' lang='lat' dir='ltr'><strong>Cluniacensis.</strong></span> <span class='ocrx_word' id='word_1_365' title='bbox 3155 742 3172 775; x_wconf 79' lang='grc' dir='ltr'><strong>ι</strong></span> <span class='ocrx_word' id='word_1_366' title='bbox 3225 724 3292 778; x_wconf 86' lang='lat' dir='ltr'><strong>Et</strong></span> <span class='ocrx_word' id='word_1_367' title='bbox 3335 725 3502 778; x_wconf 84' lang='lat' dir='ltr'><strong>senior</strong></span> <span class='ocrx_word' id='word_1_368' title='bbox 3543 729 3598 782; x_wconf 80' lang='lat' dir='ltr'><strong>ad</strong></span> <span class='ocrx_word' id='word_1_369' title='bbox 3638 731 3746 787; x_wconf 61' lang='lat' dir='ltr'><strong>hac:</strong></span> 
     </span>
    </p>
   </div>
   <div class='ocr_carea' id='block_1_50' title="bbox 2283 813 3746 884">
    <p class='ocr_par' dir='ltr' id='par_1_50' title="bbox 2283 813 3746 884">
     <span class='ocr_line' id='line_1_50' title="bbox 2283 813 3746 884; baseline 0.005 -14"><span class='ocrx_word' id='word_1_370' title='bbox 2283 835 2302 870; x_wconf 74' lang='grc' dir='ltr'>ι</span> <span class='ocrx_word' id='word_1_371' title='bbox 2341 815 2491 871; x_wconf 87' lang='lat' dir='ltr'><strong>Meus</strong></span> <span class='ocrx_word' id='word_1_372' title='bbox 2518 825 2624 877; x_wconf 88' lang='lat' dir='ltr'><strong>est,</strong></span> <span class='ocrx_word' id='word_1_373' title='bbox 2657 815 2850 884; x_wconf 82' lang='lat' dir='ltr'><strong>inquit,</strong></span> <span class='ocrx_word' id='word_1_374' title='bbox 2877 822 3094 884; x_wconf 86' lang='lat' dir='ltr'><strong>ager,et</strong></span> <span class='ocrx_word' id='word_1_375' title='bbox 3123 813 3290 868; x_wconf 87' lang='lat' dir='ltr'><strong>abbas</strong></span> <span class='ocrx_word' id='word_1_376' title='bbox 3311 829 3456 868; x_wconf 77' lang='lat' dir='ltr'><strong>incus</strong></span> <span class='ocrx_word' id='word_1_377' title='bbox 3474 826 3544 869; x_wconf 83' lang='lat' dir='ltr'><strong>est</strong></span> <span class='ocrx_word' id='word_1_378' title='bbox 3565 817 3746 876; x_wconf 78' lang='lat' dir='ltr'><strong>famulas:</strong></span> 
     </span>
    </p>
   </div>
   <div class='ocr_carea' id='block_1_51' title="bbox 2279 906 3748 980">
    <p class='ocr_par' dir='ltr' id='par_1_51' title="bbox 2279 906 3748 980">
     <span class='ocr_line' id='line_1_51' title="bbox 2279 906 3748 980; baseline 0 -16"><span class='ocrx_word' id='word_1_379' title='bbox 2279 917 2334 964; x_wconf 90' lang='lat' dir='ltr'><strong>tu</strong></span> <span class='ocrx_word' id='word_1_380' title='bbox 2360 917 2538 963; x_wconf 89' lang='lat' dir='ltr'><strong>autem</strong></span> <span class='ocrx_word' id='word_1_381' title='bbox 2570 907 2766 962; x_wconf 85' lang='lat' dir='ltr'><strong>festina</strong></span> <span class='ocrx_word' id='word_1_382' title='bbox 2793 907 2977 960; x_wconf 84' lang='lat' dir='ltr'><strong>nuntia</strong></span> <span class='ocrx_word' id='word_1_383' title='bbox 2989 921 3044 959; x_wconf 89' lang='lat' dir='ltr'><strong>re</strong></span> <span class='ocrx_word' id='word_1_384' title='bbox 3068 913 3254 962; x_wconf 85' lang='lat' dir='ltr'><strong>nostro</strong></span> <span class='ocrx_word' id='word_1_385' title='bbox 3275 906 3474 971; x_wconf 81' lang='lat' dir='ltr'><strong>abbati,</strong></span> <span class='ocrx_word' id='word_1_386' title='bbox 3509 919 3560 962; x_wconf 84' lang='lat' dir='ltr'><strong>ut</strong></span> <span class='ocrx_word' id='word_1_387' title='bbox 3579 911 3748 980; x_wconf 60' lang='lat' dir='ltr'><strong>nisime</strong></span> 
     </span>
    </p>
   </div>
   <div class='ocr_carea' id='block_1_52' title="bbox 2277 996 3746 1068">
    <p class='ocr_par' dir='ltr' id='par_1_52' title="bbox 2277 996 3746 1068">
     <span class='ocr_line' id='line_1_52' title="bbox 2277 996 3746 1068; baseline 0.003 -14"><span class='ocrx_word' id='word_1_388' title='bbox 2277 999 2460 1055; x_wconf 88' lang='lat' dir='ltr'><strong>domui</strong></span> <span class='ocrx_word' id='word_1_389' title='bbox 2522 1013 2634 1052; x_wconf 74' lang='lat' dir='ltr'><strong>sua:</strong></span> <span class='ocrx_word' id='word_1_390' title='bbox 2697 1013 2860 1068; x_wconf 88' lang='lat' dir='ltr'><strong>quam</strong></span> <span class='ocrx_word' id='word_1_391' title='bbox 2913 996 3166 1060; x_wconf 88' lang='lat' dir='ltr'><strong>nutrivit,</strong></span> <span class='ocrx_word' id='word_1_392' title='bbox 3215 997 3363 1064; x_wconf 87' lang='lat' dir='ltr'><strong>quia,</strong></span> <span class='ocrx_word' id='word_1_393' title='bbox 3407 1007 3516 1066; x_wconf 85' lang='lat' dir='ltr'><strong>post</strong></span> <span class='ocrx_word' id='word_1_394' title='bbox 3563 1001 3746 1058; x_wconf 76' lang='lat' dir='ltr'><strong>modium</strong></span> 
     </span>
    </p>
   </div>
   <div class='ocr_carea' id='block_1_53' title="bbox 2277 1085 3748 1160">
    <p class='ocr_par' dir='ltr' id='par_1_53' title="bbox 2277 1085 3748 1160">
     <span class='ocr_line' id='line_1_53' title="bbox 2277 1085 3748 1160; baseline 0.002 -16"><span class='ocrx_word' id='word_1_395' title='bbox 2277 1099 2509 1160; x_wconf 89' lang='lat' dir='ltr'><strong>tempus,</strong></span> <span class='ocrx_word' id='word_1_396' title='bbox 2547 1089 2706 1158; x_wconf 90' lang='lat' dir='ltr'><strong>hujus</strong></span> <span class='ocrx_word' id='word_1_397' title='bbox 2737 1089 2860 1142; x_wconf 85' lang='lat' dir='ltr'><strong>vitae</strong></span> <span class='ocrx_word' id='word_1_398' title='bbox 2909 1087 3071 1141; x_wconf 85' lang='lat' dir='ltr'><strong>tinem</strong></span> <span class='ocrx_word' id='word_1_399' title='bbox 3128 1085 3404 1141; x_wconf 71' lang='lat' dir='ltr'><strong>sortiatur.</strong></span> <span class='ocrx_word' id='word_1_400' title='bbox 3453 1085 3536 1142; x_wconf 89' lang='lat' dir='ltr'><strong>Dic</strong></span> <span class='ocrx_word' id='word_1_401' title='bbox 3561 1099 3692 1144; x_wconf 75' lang='lat' dir='ltr'><strong>autem</strong></span> <span class='ocrx_word' id='word_1_402' title='bbox 3719 1093 3748 1147; x_wconf 72' lang='lat' dir='ltr'><strong>ei</strong></span> 
     </span>
    </p>
   </div>
   <div class='ocr_carea' id='block_1_54' title="bbox 2273 1175 3750 1247">
    <p class='ocr_par' dir='ltr' id='par_1_54' title="bbox 2273 1175 3750 1247">
     <span class='ocr_line' id='line_1_54' title="bbox 2273 1175 3750 1247; baseline 0.002 -14"><span class='ocrx_word' id='word_1_403' title='bbox 2273 1178 2492 1234; x_wconf 86' lang='lat' dir='ltr'><strong>Petrum</strong></span> <span class='ocrx_word' id='word_1_404' title='bbox 2513 1177 2818 1247; x_wconf 86' lang='lat' dir='ltr'><strong>apostolum</strong></span> <span class='ocrx_word' id='word_1_405' title='bbox 2847 1177 2964 1230; x_wconf 61' lang='lat' dir='ltr'><strong>haec</strong></span> <span class='ocrx_word' id='word_1_406' title='bbox 2997 1175 3096 1230; x_wconf 90' lang='lat' dir='ltr'><strong>tibi</strong></span> <span class='ocrx_word' id='word_1_407' title='bbox 3129 1175 3436 1240; x_wconf 85' lang='lat' dir='ltr'><strong>nuntiasse;</strong></span> <span class='ocrx_word' id='word_1_408' title='bbox 3467 1178 3545 1245; x_wconf 84' lang='lat' dir='ltr'><strong>qui</strong></span> <span class='ocrx_word' id='word_1_409' title='bbox 3582 1193 3677 1233; x_wconf 73' lang='lat' dir='ltr'><strong>vero</strong></span> <span class='ocrx_word' id='word_1_410' title='bbox 3697 1197 3750 1236; x_wconf 81' lang='lat' dir='ltr'><strong>an</strong></span> 
     </span>
    </p>
   </div>
   <div class='ocr_carea' id='block_1_55' title="bbox 2273 1265 3748 1340">
    <p class='ocr_par' dir='ltr' id='par_1_55' title="bbox 2273 1265 3748 1340">
     <span class='ocr_line' id='line_1_55' title="bbox 2273 1265 3748 1340; baseline 0.001 -16"><span class='ocrx_word' id='word_1_411' title='bbox 2273 1269 2606 1340; x_wconf 68' lang='lat' dir='ltr'><strong>prtecedunt,</strong></span> <span class='ocrx_word' id='word_1_412' title='bbox 2637 1267 2734 1323; x_wconf 87' lang='lat' dir='ltr'><strong>Dei</strong></span> <span class='ocrx_word' id='word_1_413' title='bbox 2759 1265 3096 1322; x_wconf 86' lang='lat' dir='ltr'><strong>Genitricem</strong></span> <span class='ocrx_word' id='word_1_414' title='bbox 3127 1274 3180 1318; x_wconf 85' lang='lat' dir='ltr'><strong>et</strong></span> <span class='ocrx_word' id='word_1_415' title='bbox 3209 1273 3428 1321; x_wconf 85' lang='lat' dir='ltr'><strong>sanctos</strong></span> <span class='ocrx_word' id='word_1_416' title='bbox 3465 1266 3670 1322; x_wconf 80' lang='lat' dir='ltr'><strong>denuntia</strong></span> <span class='ocrx_word' id='word_1_417' title='bbox 3701 1269 3748 1326; x_wconf 70' lang='lat' dir='ltr'><strong>fa-</strong></span> 
     </span>
    </p>
   </div>
   <div class='ocr_carea' id='block_1_56' title="bbox 2273 1359 2634 1415">
    <p class='ocr_par' dir='ltr' id='par_1_56' title="bbox 2273 1359 2634 1415">
     <span class='ocr_line' id='line_1_56' title="bbox 2273 1359 2634 1415; baseline -0.011 -1"><span class='ocrx_word' id='word_1_418' title='bbox 2273 1359 2566 1415; x_wconf 85' lang='lat' dir='ltr'><strong>mulantes.</strong></span> <span class='ocrx_word' id='word_1_419' title='bbox 2613 1378 2634 1410; x_wconf 74' lang='grc' dir='ltr'><strong>ο</strong></span> 
     </span>
    </p>
   </div>
   <div class='ocr_carea' id='block_1_57' title="bbox 2343 1463 3748 1536">
    <p class='ocr_par' dir='ltr' id='par_1_57' title="bbox 2343 1463 3748 1536">
     <span class='ocr_line' id='line_1_57' title="bbox 2343 1463 3748 1536; baseline 0 -16"><span class='ocrx_word' id='word_1_420' title='bbox 2343 1465 2430 1520; x_wconf 80' lang='lat' dir='ltr'><strong>il.</strong></span> <span class='ocrx_word' id='word_1_421' title='bbox 2471 1463 2614 1521; x_wconf 84' lang='lat' dir='ltr'><strong>Idem</strong></span> <span class='ocrx_word' id='word_1_422' title='bbox 2660 1464 2812 1536; x_wconf 79' lang='lat' dir='ltr'><strong>ilugo</strong></span> <span class='ocrx_word' id='word_1_423' title='bbox 2843 1465 2896 1520; x_wconf 88' lang='lat' dir='ltr'><strong>in</strong></span> <span class='ocrx_word' id='word_1_424' title='bbox 2929 1463 3157 1518; x_wconf 88' lang='lat' dir='ltr'><strong>articulo</strong></span> <span class='ocrx_word' id='word_1_425' title='bbox 3205 1463 3396 1518; x_wconf 84' lang='lat' dir='ltr'><strong>mortis</strong></span> <span class='ocrx_word' id='word_1_426' title='bbox 3435 1465 3624 1534; x_wconf 86' lang='lat' dir='ltr'><strong>positus,</strong></span> <span class='ocrx_word' id='word_1_427' title='bbox 3649 1481 3748 1520; x_wconf 73' lang='lat' dir='ltr'><strong>reco-</strong></span> 
     </span>
    </p>
   </div>
   <div class='ocr_carea' id='block_1_58' title="bbox 2271 1553 3750 1624">
    <p class='ocr_par' dir='ltr' id='par_1_58' title="bbox 2271 1553 3750 1624">
     <span class='ocr_line' id='line_1_58' title="bbox 2271 1553 3750 1624; baseline -0.002 -13"><span class='ocrx_word' id='word_1_428' title='bbox 2271 1557 2386 1612; x_wconf 93' lang='lat' dir='ltr'><strong>lens</strong></span> <span class='ocrx_word' id='word_1_429' title='bbox 2414 1558 2844 1612; x_wconf 84' lang='lat' dir='ltr'><strong>annivcrsarinm</strong></span> <span class='ocrx_word' id='word_1_430' title='bbox 2873 1553 3119 1612; x_wconf 87' lang='lat' dir='ltr'><strong>Gaufridi</strong></span> <span class='ocrx_word' id='word_1_431' title='bbox 3149 1553 3534 1624; x_wconf 69' lang='lat' dir='ltr'><strong>archiepiscopi</strong></span> <span class='ocrx_word' id='word_1_432' title='bbox 3569 1565 3612 1610; x_wconf 80' lang='lat' dir='ltr'><strong>et</strong></span> <span class='ocrx_word' id='word_1_433' title='bbox 3651 1555 3750 1608; x_wconf 73' lang='lat' dir='ltr'><strong>lien-</strong></span> 
     </span>
    </p>
   </div>
   <div class='ocr_carea' id='block_1_59' title="bbox 2270 1635 3750 1714">
    <p class='ocr_par' dir='ltr' id='par_1_59' title="bbox 2270 1635 3750 1714">
     <span class='ocr_line' id='line_1_59' title="bbox 2270 1635 3750 1714; baseline -0.003 -12"><span class='ocrx_word' id='word_1_434' title='bbox 2270 1649 2422 1703; x_wconf 88' lang='lat' dir='ltr'><strong>donis</strong></span> <span class='ocrx_word' id='word_1_435' title='bbox 2439 1635 2679 1714; x_wconf 85' lang='lat' dir='ltr'><strong>abbatis,</strong></span> <span class='ocrx_word' id='word_1_436' title='bbox 2715 1649 3010 1703; x_wconf 80' lang='lat' dir='ltr'><strong>obliviosos</strong></span> <span class='ocrx_word' id='word_1_437' title='bbox 3042 1646 3356 1710; x_wconf 88' lang='lat' dir='ltr'><strong>admonuit;</strong></span> <span class='ocrx_word' id='word_1_438' title='bbox 3385 1655 3485 1700; x_wconf 86' lang='lat' dir='ltr'><strong>tam</strong></span> <span class='ocrx_word' id='word_1_439' title='bbox 3509 1645 3750 1700; x_wconf 79' lang='lat' dir='ltr'><strong>tenaciscnt</strong></span> 
     </span>
    </p>
   </div>
   <div class='ocr_carea' id='block_1_60' title="bbox 2269 1735 3751 1807">
    <p class='ocr_par' dir='ltr' id='par_1_60' title="bbox 2269 1735 3751 1807">
     <span class='ocr_line' id='line_1_60' title="bbox 2269 1735 3751 1807; baseline -0.005 -13"><span class='ocrx_word' id='word_1_440' title='bbox 2269 1743 2546 1797; x_wconf 80' lang='lat' dir='ltr'><strong>memoria:</strong></span> <span class='ocrx_word' id='word_1_441' title='bbox 2597 1752 2651 1796; x_wconf 87' lang='lat' dir='ltr'><strong>et</strong></span> <span class='ocrx_word' id='word_1_442' title='bbox 2709 1751 2874 1796; x_wconf 72' lang='lat' dir='ltr'><strong>tantte</strong></span> <span class='ocrx_word' id='word_1_443' title='bbox 2925 1739 3214 1795; x_wconf 89' lang='lat' dir='ltr'><strong>charitatis</strong></span> <span class='ocrx_word' id='word_1_444' title='bbox 3243 1779 3259 1805; x_wconf 94' lang='lat'><strong>,</strong></span> <span class='ocrx_word' id='word_1_445' title='bbox 3307 1737 3430 1807; x_wconf 88' lang='lat' dir='ltr'><strong>quia</strong></span> <span class='ocrx_word' id='word_1_446' title='bbox 3471 1736 3534 1790; x_wconf 85' lang='lat' dir='ltr'><strong>ibi</strong></span> <span class='ocrx_word' id='word_1_447' title='bbox 3581 1735 3751 1788; x_wconf 80' lang='lat' dir='ltr'><strong>fratem</strong></span> 
     </span>
    </p>
   </div>
   <div class='ocr_carea' id='block_1_61' title="bbox 2269 1823 3750 1896">
    <p class='ocr_par' dir='ltr' id='par_1_61' title="bbox 2269 1823 3750 1896">
     <span class='ocr_line' id='line_1_61' title="bbox 2269 1823 3750 1896; baseline -0.007 -8"><span class='ocrx_word' id='word_1_448' title='bbox 2269 1832 2460 1888; x_wconf 82' lang='lat' dir='ltr'><strong>Salutis</strong></span> <span class='ocrx_word' id='word_1_449' title='bbox 2489 1849 2596 1887; x_wconf 91' lang='lat' dir='ltr'><strong>non</strong></span> <span class='ocrx_word' id='word_1_450' title='bbox 2619 1843 2738 1887; x_wconf 83' lang='lat' dir='ltr'><strong>erat</strong></span> <span class='ocrx_word' id='word_1_451' title='bbox 2769 1823 3078 1892; x_wconf 87' lang='lat' dir='ltr'><strong>immemor.</strong></span> <span class='ocrx_word' id='word_1_452' title='bbox 3123 1829 3216 1884; x_wconf 88' lang='lat' dir='ltr'><strong>ubi</strong></span> <span class='ocrx_word' id='word_1_453' title='bbox 3267 1843 3388 1882; x_wconf 89' lang='lat' dir='ltr'><strong>raro</strong></span> <span class='ocrx_word' id='word_1_454' title='bbox 3433 1827 3626 1896; x_wconf 83' lang='lat' dir='ltr'><strong>quisque</strong></span> <span class='ocrx_word' id='word_1_455' title='bbox 3645 1825 3750 1879; x_wconf 79' lang='lat' dir='ltr'><strong>remi-</strong></span> 
     </span>
    </p>
   </div>
   <div class='ocr_carea' id='block_1_62' title="bbox 2271 1921 3750 1995">
    <p class='ocr_par' dir='ltr' id='par_1_62' title="bbox 2271 1921 3750 1995">
     <span class='ocr_line' id='line_1_62' title="bbox 2271 1921 3750 1995; baseline -0.009 -15"><span class='ocrx_word' id='word_1_456' title='bbox 2271 1927 2502 1980; x_wconf 88' lang='lat' dir='ltr'><strong>niscitur</strong></span> <span class='ocrx_word' id='word_1_457' title='bbox 2537 1925 2792 1995; x_wconf 74' lang='lat' dir='ltr'><strong>propritc.</strong></span> <span class='ocrx_word' id='word_1_458' title='bbox 2847 1923 2902 1976; x_wconf 90' lang='lat' dir='ltr'><strong>In</strong></span> <span class='ocrx_word' id='word_1_459' title='bbox 2959 1921 3074 1992; x_wconf 87' lang='lat' dir='ltr'><strong>ipsa</strong></span> <span class='ocrx_word' id='word_1_460' title='bbox 3106 1927 3270 1975; x_wconf 85' lang='lat' dir='ltr'><strong>nocte</strong></span> <span class='ocrx_word' id='word_1_461' title='bbox 3311 1933 3416 1988; x_wconf 85' lang='lat' dir='ltr'><strong>qua</strong></span> <span class='ocrx_word' id='word_1_462' title='bbox 3461 1927 3660 1972; x_wconf 81' lang='lat' dir='ltr'><strong>mortuus</strong></span> <span class='ocrx_word' id='word_1_463' title='bbox 3685 1923 3750 1978; x_wconf 74' lang='lat' dir='ltr'><strong>est,</strong></span> 
     </span>
    </p>
   </div>
   <div class='ocr_carea' id='block_1_63' title="bbox 2271 2007 3752 2079">
    <p class='ocr_par' dir='ltr' id='par_1_63' title="bbox 2271 2007 3752 2079">
     <span class='ocr_line' id='line_1_63' title="bbox 2271 2007 3752 2079; baseline -0.006 -10"><span class='ocrx_word' id='word_1_464' title='bbox 2271 2015 2678 2070; x_wconf 84' lang='lat' dir='ltr'><strong>benedictiones</strong></span> <span class='ocrx_word' id='word_1_465' title='bbox 2709 2013 3004 2068; x_wconf 87' lang='lat' dir='ltr'><strong>lectionum</strong></span> <span class='ocrx_word' id='word_1_466' title='bbox 3032 2011 3333 2066; x_wconf 62' lang='lat' dir='ltr'><strong>lectoribus</strong></span> <span class='ocrx_word' id='word_1_467' title='bbox 3367 2008 3610 2079; x_wconf 88' lang='lat' dir='ltr'><strong>imposuit.</strong></span> <span class='ocrx_word' id='word_1_468' title='bbox 3627 2007 3752 2062; x_wconf 76' lang='lat' dir='ltr'><strong>Extre-</strong></span> 
     </span>
    </p>
   </div>
   <div class='ocr_carea' id='block_1_64' title="bbox 2270 2097 3754 2174">
    <p class='ocr_par' dir='ltr' id='par_1_64' title="bbox 2270 2097 3754 2174">
     <span class='ocr_line' id='line_1_64' title="bbox 2270 2097 3754 2174; baseline -0.005 -16"><span class='ocrx_word' id='word_1_469' title='bbox 2270 2119 2416 2158; x_wconf 90' lang='lat' dir='ltr'><strong>mum</strong></span> <span class='ocrx_word' id='word_1_470' title='bbox 2469 2102 2590 2174; x_wconf 88' lang='lat' dir='ltr'><strong>ejus</strong></span> <span class='ocrx_word' id='word_1_471' title='bbox 2619 2103 2844 2158; x_wconf 84' lang='lat' dir='ltr'><strong>verbum</strong></span> <span class='ocrx_word' id='word_1_472' title='bbox 2885 2101 2986 2156; x_wconf 90' lang='lat' dir='ltr'><strong>fuit</strong></span> <span class='ocrx_word' id='word_1_473' title='bbox 3029 2099 3096 2155; x_wconf 90' lang='lat' dir='ltr'><strong>ad</strong></span> <span class='ocrx_word' id='word_1_474' title='bbox 3133 2100 3577 2154; x_wconf 84' lang='lat' dir='ltr'><strong>circumstantes:</strong></span> <span class='ocrx_word' id='word_1_475' title='bbox 3603 2116 3620 2148; x_wconf 79' lang='grc' dir='ltr'>ι</span> <span class='ocrx_word' id='word_1_476' title='bbox 3645 2097 3754 2150; x_wconf 74' lang='lat' dir='ltr'><strong>Bear-</strong></span> 
     </span>
    </p>
   </div>
   <div class='ocr_carea' id='block_1_65' title="bbox 2269 2187 3752 2264">
    <p class='ocr_par' dir='ltr' id='par_1_65' title="bbox 2269 2187 3752 2264">
     <span class='ocr_line' id='line_1_65' title="bbox 2269 2187 3752 2264; baseline -0.006 -14"><span class='ocrx_word' id='word_1_477' title='bbox 2269 2195 2450 2250; x_wconf 79' lang='lat' dir='ltr'><strong>dcite.</strong></span> <span class='ocrx_word' id='word_1_478' title='bbox 2489 2215 2508 2247; x_wconf 78' lang='grc' dir='ltr'><strong><em>ι</em></strong></span> <span class='ocrx_word' id='word_1_479' title='bbox 2542 2193 2754 2264; x_wconf 83' lang='lat' dir='ltr'><strong>Corpus</strong></span> <span class='ocrx_word' id='word_1_480' title='bbox 2781 2191 2896 2261; x_wconf 87' lang='lat' dir='ltr'><strong>ejus</strong></span> <span class='ocrx_word' id='word_1_481' title='bbox 2925 2191 2978 2245; x_wconf 93' lang='lat' dir='ltr'><strong>in</strong></span> <span class='ocrx_word' id='word_1_482' title='bbox 3019 2189 3260 2258; x_wconf 81' lang='lat' dir='ltr'><strong>capitulo</strong></span> <span class='ocrx_word' id='word_1_483' title='bbox 3297 2208 3326 2244; x_wconf 91' lang='lat' dir='ltr'><strong>a</strong></span> <span class='ocrx_word' id='word_1_484' title='bbox 3351 2189 3584 2242; x_wconf 79' lang='lat' dir='ltr'><strong>fratribus</strong></span> <span class='ocrx_word' id='word_1_485' title='bbox 3609 2187 3752 2242; x_wconf 71' lang='lat' dir='ltr'><strong>dealba—</strong></span> 
     </span>
    </p>
   </div>
   <div class='ocr_carea' id='block_1_66' title="bbox 2269 2279 3754 2352">
    <p class='ocr_par' dir='ltr' id='par_1_66' title="bbox 2269 2279 3754 2352">
     <span class='ocr_line' id='line_1_66' title="bbox 2269 2279 3754 2352; baseline -0.004 -16"><span class='ocrx_word' id='word_1_486' title='bbox 2269 2288 2364 2348; x_wconf 88' lang='lat' dir='ltr'><strong>tis,</strong></span> <span class='ocrx_word' id='word_1_487' title='bbox 2413 2284 2565 2352; x_wconf 87' lang='lat' dir='ltr'><strong>prius</strong></span> <span class='ocrx_word' id='word_1_488' title='bbox 2599 2297 2762 2352; x_wconf 79' lang='lat' dir='ltr'><strong>aqua,</strong></span> <span class='ocrx_word' id='word_1_489' title='bbox 2793 2282 2985 2338; x_wconf 84' lang='lat' dir='ltr'><strong>deinde</strong></span> <span class='ocrx_word' id='word_1_490' title='bbox 3031 2281 3156 2335; x_wconf 87' lang='lat' dir='ltr'><strong>vino</strong></span> <span class='ocrx_word' id='word_1_491' title='bbox 3195 2281 3438 2335; x_wconf 81' lang='lat' dir='ltr'><strong>ablutum</strong></span> <span class='ocrx_word' id='word_1_492' title='bbox 3465 2289 3554 2334; x_wconf 72' lang='lat' dir='ltr'><strong>est.</strong></span> <span class='ocrx_word' id='word_1_493' title='bbox 3594 2279 3654 2332; x_wconf 80' lang='lat' dir='ltr'><strong>Ad</strong></span> <span class='ocrx_word' id='word_1_494' title='bbox 3678 2279 3754 2332; x_wconf 79' lang='lat' dir='ltr'><strong>uiti-</strong></span> 
     </span>
    </p>
   </div>
   <div class='ocr_carea' id='block_1_67' title="bbox 2267 2371 3754 2442">
    <p class='ocr_par' dir='ltr' id='par_1_67' title="bbox 2267 2371 3754 2442">
     <span class='ocr_line' id='line_1_67' title="bbox 2267 2371 3754 2442; baseline -0.003 -15"><span class='ocrx_word' id='word_1_495' title='bbox 2267 2387 2418 2428; x_wconf 88' lang='lat' dir='ltr'><strong>mum</strong></span> <span class='ocrx_word' id='word_1_496' title='bbox 2451 2373 2664 2428; x_wconf 87' lang='lat' dir='ltr'><strong>modico</strong></span> <span class='ocrx_word' id='word_1_497' title='bbox 2698 2371 2962 2439; x_wconf 79' lang='lat' dir='ltr'><strong>balsamo,</strong></span> <span class='ocrx_word' id='word_1_498' title='bbox 2993 2373 3134 2441; x_wconf 85' lang='lat' dir='ltr'><strong>quod</strong></span> <span class='ocrx_word' id='word_1_499' title='bbox 3165 2381 3447 2442; x_wconf 70' lang='lat' dir='ltr'><strong>supererat</strong></span> <span class='ocrx_word' id='word_1_500' title='bbox 3469 2372 3516 2424; x_wconf 87' lang='lat' dir='ltr'><strong>in</strong></span> <span class='ocrx_word' id='word_1_501' title='bbox 3549 2371 3662 2424; x_wconf 71' lang='lat' dir='ltr'><strong>brevi</strong></span> <span class='ocrx_word' id='word_1_502' title='bbox 3697 2385 3754 2422; x_wconf 77' lang='lat' dir='ltr'><strong>u-</strong></span> 
     </span>
    </p>
   </div>
   <div class='ocr_carea' id='block_1_68' title="bbox 2265 2465 3798 2535">
    <p class='ocr_par' dir='ltr' id='par_1_68' title="bbox 2265 2465 3798 2535">
     <span class='ocr_line' id='line_1_68' title="bbox 2265 2465 3798 2535; baseline -0.005 -15"><span class='ocrx_word' id='word_1_503' title='bbox 2265 2465 2440 2532; x_wconf 84' lang='lat' dir='ltr'><strong>sculo,</strong></span> <span class='ocrx_word' id='word_1_504' title='bbox 2471 2466 2629 2521; x_wconf 79' lang='lat' dir='ltr'><strong>trinis</strong></span> <span class='ocrx_word' id='word_1_505' title='bbox 2659 2465 2868 2520; x_wconf 88' lang='lat' dir='ltr'><strong>vicibus</strong></span> <span class='ocrx_word' id='word_1_506' title='bbox 2917 2473 3087 2519; x_wconf 88' lang='lat' dir='ltr'><strong>totum</strong></span> <span class='ocrx_word' id='word_1_507' title='bbox 3137 2477 3366 2535; x_wconf 77' lang='lat' dir='ltr'><strong>corpus,</strong></span> <span class='ocrx_word' id='word_1_508' title='bbox 3399 2465 3512 2518; x_wconf 83' lang='lat' dir='ltr'><strong>licet</strong></span> <span class='ocrx_word' id='word_1_509' title='bbox 3553 2477 3748 2530; x_wconf 73' lang='lat' dir='ltr'><strong>mgnum,</strong></span> <span class='ocrx_word' id='word_1_510' title='bbox 3790 2477 3798 2492; x_wconf 88' lang='grc'><strong>·</strong></span> 
     </span>
    </p>
   </div>
   <div class='ocr_carea' id='block_1_69' title="bbox 2265 2553 3752 2628">
    <p class='ocr_par' dir='ltr' id='par_1_69' title="bbox 2265 2553 3752 2628">
     <span class='ocr_line' id='line_1_69' title="bbox 2265 2553 3752 2628; baseline -0.005 -16"><span class='ocrx_word' id='word_1_511' title='bbox 2265 2555 2548 2613; x_wconf 84' lang='lat' dir='ltr'><strong>aﬂluenter</strong></span> <span class='ocrx_word' id='word_1_512' title='bbox 2569 2565 2886 2628; x_wconf 80' lang='lat' dir='ltr'><strong>perunctum</strong></span> <span class='ocrx_word' id='word_1_513' title='bbox 2911 2567 3022 2620; x_wconf 89' lang='lat' dir='ltr'><strong>est;</strong></span> <span class='ocrx_word' id='word_1_514' title='bbox 3047 2555 3296 2626; x_wconf 76' lang='lat' dir='ltr'><strong>qnodvix</strong></span> <span class='ocrx_word' id='word_1_515' title='bbox 3325 2555 3392 2610; x_wconf 86' lang='lat' dir='ltr'><strong>ad</strong></span> <span class='ocrx_word' id='word_1_516' title='bbox 3417 2555 3574 2608; x_wconf 86' lang='lat' dir='ltr'><strong>solum</strong></span> <span class='ocrx_word' id='word_1_517' title='bbox 3591 2553 3752 2621; x_wconf 76' lang='lat' dir='ltr'><strong>lepidae</strong></span> 
     </span>
    </p>
   </div>
   <div class='ocr_carea' id='block_1_70' title="bbox 2263 2642 3754 2721">
    <p class='ocr_par' dir='ltr' id='par_1_70' title="bbox 2263 2642 3754 2721">
     <span class='ocr_line' id='line_1_70' title="bbox 2263 2642 3754 2721; baseline -0.006 -16"><span class='ocrx_word' id='word_1_518' title='bbox 2263 2659 2429 2721; x_wconf 88' lang='lat' dir='ltr'><strong>caput</strong></span> <span class='ocrx_word' id='word_1_519' title='bbox 2465 2647 2756 2714; x_wconf 78' lang='lat' dir='ltr'><strong>sulliceret,</strong></span> <span class='ocrx_word' id='word_1_520' title='bbox 2783 2648 2890 2704; x_wconf 87' lang='lat' dir='ltr'><strong>nisi</strong></span> <span class='ocrx_word' id='word_1_521' title='bbox 2933 2647 3318 2704; x_wconf 80' lang='lat' dir='ltr'><strong>benedic-zione</strong></span> <span class='ocrx_word' id='word_1_522' title='bbox 3347 2647 3536 2703; x_wconf 82' lang='lat' dir='ltr'><strong>caelesti</strong></span> <span class='ocrx_word' id='word_1_523' title='bbox 3577 2642 3754 2712; x_wconf 50' lang='lat' dir='ltr'><strong>multiple</strong></span> 
     </span>
    </p>
   </div>
   <div class='ocr_carea' id='block_1_71' title="bbox 2265 2736 3754 2810">
    <p class='ocr_par' dir='ltr' id='par_1_71' title="bbox 2265 2736 3754 2810">
     <span class='ocr_line' id='line_1_71' title="bbox 2265 2736 3754 2810; baseline -0.007 -14"><span class='ocrx_word' id='word_1_524' title='bbox 2265 2751 2446 2796; x_wconf 87' lang='lat' dir='ltr'><strong>catum</strong></span> <span class='ocrx_word' id='word_1_525' title='bbox 2475 2743 2620 2797; x_wconf 88' lang='lat' dir='ltr'><strong>inter</strong></span> <span class='ocrx_word' id='word_1_526' title='bbox 2645 2755 2839 2796; x_wconf 88' lang='lat' dir='ltr'><strong>manus</strong></span> <span class='ocrx_word' id='word_1_527' title='bbox 2865 2740 3288 2810; x_wconf 85' lang='lat' dir='ltr'><strong>obsequentium</strong></span> <span class='ocrx_word' id='word_1_528' title='bbox 3317 2738 3604 2794; x_wconf 84' lang='lat' dir='ltr'><strong>abundaret.</strong></span> <span class='ocrx_word' id='word_1_529' title='bbox 3623 2736 3754 2790; x_wconf 65' lang='lat' dir='ltr'><strong>Beatus</strong></span> 
     </span>
    </p>
   </div>
   <div class='ocr_carea' id='block_1_72' title="bbox 2263 2824 3750 2903">
    <p class='ocr_par' dir='ltr' id='par_1_72' title="bbox 2263 2824 3750 2903">
     <span class='ocr_line' id='line_1_72' title="bbox 2263 2824 3750 2903; baseline -0.007 -19"><span class='ocrx_word' id='word_1_530' title='bbox 2263 2839 2443 2885; x_wconf 89' lang='lat' dir='ltr'><strong>autem</strong></span> <span class='ocrx_word' id='word_1_531' title='bbox 2473 2830 2760 2903; x_wconf 85' lang='lat' dir='ltr'><strong>Dionysius</strong></span> <span class='ocrx_word' id='word_1_532' title='bbox 2799 2830 3122 2900; x_wconf 68' lang='lat' dir='ltr'><strong>Areopagita</strong></span> <span class='ocrx_word' id='word_1_533' title='bbox 3163 2829 3422 2898; x_wconf 85' lang='lat' dir='ltr'><strong>apparuit</strong></span> <span class='ocrx_word' id='word_1_534' title='bbox 3445 2827 3624 2884; x_wconf 69' lang='lat' dir='ltr'><strong>cuidam</strong></span> <span class='ocrx_word' id='word_1_535' title='bbox 3649 2824 3750 2878; x_wconf 82' lang='lat' dir='ltr'><strong>fratri</strong></span> 
     </span>
    </p>
   </div>
   <div class='ocr_carea' id='block_1_73' title="bbox 2263 2913 3752 2992">
    <p class='ocr_par' dir='ltr' id='par_1_73' title="bbox 2263 2913 3752 2992">
     <span class='ocr_line' id='line_1_73' title="bbox 2263 2913 3752 2992; baseline -0.005 -18"><span class='ocrx_word' id='word_1_536' title='bbox 2263 2921 2402 2992; x_wconf 86' lang='lat' dir='ltr'><strong>apud</strong></span> <span class='ocrx_word' id='word_1_537' title='bbox 2443 2919 2806 2992; x_wconf 80' lang='lat' dir='ltr'><strong>Nongentmn,</strong></span> <span class='ocrx_word' id='word_1_538' title='bbox 2837 2921 3042 2986; x_wconf 88' lang='lat' dir='ltr'><strong>dicens,</strong></span> <span class='ocrx_word' id='word_1_539' title='bbox 3093 2931 3152 2974; x_wconf 88' lang='lat' dir='ltr'><strong>ut</strong></span> <span class='ocrx_word' id='word_1_540' title='bbox 3201 2919 3486 2976; x_wconf 68' lang='lat' dir='ltr'><strong>festinaret</strong></span> <span class='ocrx_word' id='word_1_541' title='bbox 3525 2917 3644 2972; x_wconf 72' lang='lat' dir='ltr'><strong>adire</strong></span> <span class='ocrx_word' id='word_1_542' title='bbox 3669 2913 3752 2970; x_wconf 71' lang='lat' dir='ltr'><strong>Cli-</strong></span> 
     </span>
    </p>
   </div>
   <div class='ocr_carea' id='block_1_74' title="bbox 2266 3005 3752 3082">
    <p class='ocr_par' dir='ltr' id='par_1_74' title="bbox 2266 3005 3752 3082">
     <span class='ocr_line' id='line_1_74' title="bbox 2266 3005 3752 3082; baseline -0.007 -15"><span class='ocrx_word' id='word_1_543' title='bbox 2266 3014 2508 3082; x_wconf 89' lang='lat' dir='ltr'><strong>niacum,</strong></span> <span class='ocrx_word' id='word_1_544' title='bbox 2553 3023 2612 3068; x_wconf 89' lang='lat' dir='ltr'><strong>ut</strong></span> <span class='ocrx_word' id='word_1_545' title='bbox 2639 3012 2946 3068; x_wconf 83' lang='lat' dir='ltr'><strong>valedicere</strong></span> <span class='ocrx_word' id='word_1_546' title='bbox 2975 3023 3154 3081; x_wconf 87' lang='lat' dir='ltr'><strong>posset</strong></span> <span class='ocrx_word' id='word_1_547' title='bbox 3185 3011 3248 3066; x_wconf 90' lang='lat' dir='ltr'><strong>S.</strong></span> <span class='ocrx_word' id='word_1_548' title='bbox 3283 3009 3506 3082; x_wconf 76' lang='lat' dir='ltr'><strong>linguai,</strong></span> <span class='ocrx_word' id='word_1_549' title='bbox 3533 3007 3672 3064; x_wconf 85' lang='lat' dir='ltr'><strong>statim</strong></span> <span class='ocrx_word' id='word_1_550' title='bbox 3691 3005 3752 3058; x_wconf 58' lang='lat' dir='ltr'><strong>dcc</strong></span> 
     </span>
    </p>
   </div>
   <div class='ocr_carea' id='block_1_75' title="bbox 2262 3099 3750 3174">
    <p class='ocr_par' dir='ltr' id='par_1_75' title="bbox 2262 3099 3750 3174">
     <span class='ocr_line' id='line_1_75' title="bbox 2262 3099 3750 3174; baseline -0.01 -15"><span class='ocrx_word' id='word_1_551' title='bbox 2262 3118 2482 3159; x_wconf 89' lang='lat' dir='ltr'><strong>cessuro</strong></span> <span class='ocrx_word' id='word_1_552' title='bbox 2524 3142 2539 3156; x_wconf 93' lang='lat'><strong>.</strong></span> <span class='ocrx_word' id='word_1_553' title='bbox 2583 3141 2598 3156; x_wconf 94' lang='lat'><strong>.</strong></span> <span class='ocrx_word' id='word_1_554' title='bbox 2641 3140 2658 3159; x_wconf 93' lang='lat'><strong>.</strong></span> <span class='ocrx_word' id='word_1_555' title='bbox 2700 3142 2714 3157; x_wconf 93' lang='lat'><strong>.</strong></span> <span class='ocrx_word' id='word_1_556' title='bbox 2757 3103 2909 3174; x_wconf 79' lang='grc' dir='ltr'><strong>(ΗΟ)</strong></span> <span class='ocrx_word' id='word_1_557' title='bbox 2963 3101 3090 3157; x_wconf 71' lang='lat' dir='ltr'><strong>Veni</strong></span> <span class='ocrx_word' id='word_1_558' title='bbox 3120 3116 3222 3172; x_wconf 78' lang='lat' dir='ltr'><strong>rgo</strong></span> <span class='ocrx_word' id='word_1_559' title='bbox 3252 3099 3750 3166; x_wconf 76' lang='lat' dir='ltr'><strong>infelix,sedsanctnu</strong></span> 
     </span>
    </p>
   </div>
   <div class='ocr_carea' id='block_1_76' title="bbox 2261 3181 3750 3264">
    <p class='ocr_par' dir='ltr' id='par_1_76' title="bbox 2261 3181 3750 3264">
     <span class='ocr_line' id='line_1_76' title="bbox 2261 3181 3750 3264; baseline -0.003 -16"><span class='ocrx_word' id='word_1_560' title='bbox 2261 3195 2584 3264; x_wconf 81' lang='lat' dir='ltr'><strong>migrantem</strong></span> <span class='ocrx_word' id='word_1_561' title='bbox 2617 3206 2726 3248; x_wconf 91' lang='lat' dir='ltr'><strong>non</strong></span> <span class='ocrx_word' id='word_1_562' title='bbox 2767 3191 3020 3259; x_wconf 83' lang='lat' dir='ltr'><strong>salutavi,</strong></span> <span class='ocrx_word' id='word_1_563' title='bbox 3051 3191 3240 3246; x_wconf 87' lang='lat' dir='ltr'><strong>datum</strong></span> <span class='ocrx_word' id='word_1_564' title='bbox 3277 3201 3454 3246; x_wconf 83' lang='lat' dir='ltr'><strong>tamen</strong></span> <span class='ocrx_word' id='word_1_565' title='bbox 3479 3197 3552 3244; x_wconf 77' lang='lat' dir='ltr'><strong>cst</strong></span> <span class='ocrx_word' id='word_1_566' title='bbox 3587 3181 3750 3255; x_wconf 61' lang='lat' dir='ltr'><strong>spirillii</strong></span> 
     </span>
    </p>
   </div>
   <div class='ocr_carea' id='block_1_77' title="bbox 2257 3272 3750 3354">
    <p class='ocr_par' dir='ltr' id='par_1_77' title="bbox 2257 3272 3750 3354">
     <span class='ocr_line' id='line_1_77' title="bbox 2257 3272 3750 3354; baseline -0.007 -17"><span class='ocrx_word' id='word_1_567' title='bbox 2257 3284 2402 3354; x_wconf 87' lang='lat' dir='ltr'><strong>quod</strong></span> <span class='ocrx_word' id='word_1_568' title='bbox 2459 3291 2677 3340; x_wconf 83' lang='lat' dir='ltr'><strong>constat</strong></span> <span class='ocrx_word' id='word_1_569' title='bbox 2729 3283 2946 3351; x_wconf 88' lang='lat' dir='ltr'><strong>corpori</strong></span> <span class='ocrx_word' id='word_1_570' title='bbox 2997 3295 3118 3336; x_wconf 69' lang='lat'><strong>(25:6</strong></span> <span class='ocrx_word' id='word_1_571' title='bbox 3179 3289 3470 3350; x_wconf 74' lang='lat' dir='ltr'><strong>negatura;</strong></span> <span class='ocrx_word' id='word_1_572' title='bbox 3524 3279 3614 3331; x_wconf 84' lang='lat' dir='ltr'><strong>vidi</strong></span> <span class='ocrx_word' id='word_1_573' title='bbox 3657 3272 3750 3327; x_wconf 69' lang='lat' dir='ltr'><strong>etaim</strong></span> 
     </span>
    </p>
   </div>
   <div class='ocr_carea' id='block_1_78' title="bbox 2257 3365 3750 3440">
    <p class='ocr_par' dir='ltr' id='par_1_78' title="bbox 2257 3365 3750 3440">
     <span class='ocr_line' id='line_1_78' title="bbox 2257 3365 3750 3440; baseline -0.007 -12"><span class='ocrx_word' id='word_1_574' title='bbox 2257 3373 2446 3428; x_wconf 83' lang='lat' dir='ltr'><strong>mitos</strong></span> <span class='ocrx_word' id='word_1_575' title='bbox 2500 3371 2818 3426; x_wconf 86' lang='lat' dir='ltr'><strong>mortalibus</strong></span> <span class='ocrx_word' id='word_1_576' title='bbox 2869 3385 3139 3440; x_wconf 82' lang='lat' dir='ltr'><strong>superus,</strong></span> <span class='ocrx_word' id='word_1_577' title='bbox 3191 3379 3254 3425; x_wconf 84' lang='lat' dir='ltr'><strong>et</strong></span> <span class='ocrx_word' id='word_1_578' title='bbox 3301 3385 3422 3425; x_wconf 76' lang='lat' dir='ltr'><strong>tum</strong></span> <span class='ocrx_word' id='word_1_579' title='bbox 3463 3365 3750 3422; x_wconf 68' lang='lat' dir='ltr'><strong>monachorum</strong></span> 
     </span>
    </p>
   </div>
   <div class='ocr_carea' id='block_1_79' title="bbox 2255 3459 3752 3534">
    <p class='ocr_par' dir='ltr' id='par_1_79' title="bbox 2255 3459 3752 3534">
     <span class='ocr_line' id='line_1_79' title="bbox 2255 3459 3752 3534; baseline -0.006 -15"><span class='ocrx_word' id='word_1_580' title='bbox 2255 3463 2484 3534; x_wconf 83' lang='lat' dir='ltr'><strong>collegio</strong></span> <span class='ocrx_word' id='word_1_581' title='bbox 2503 3461 2728 3518; x_wconf 82' lang='lat' dir='ltr'><strong>Matrem</strong></span> <span class='ocrx_word' id='word_1_582' title='bbox 2757 3461 2850 3516; x_wconf 82' lang='lat' dir='ltr'><strong>Dei</strong></span> <span class='ocrx_word' id='word_1_583' title='bbox 2883 3463 3052 3516; x_wconf 87' lang='lat' dir='ltr'><strong>maris</strong></span> <span class='ocrx_word' id='word_1_584' title='bbox 3075 3460 3296 3516; x_wconf 85' lang='lat' dir='ltr'><strong>stellam</strong></span> <span class='ocrx_word' id='word_1_585' title='bbox 3319 3459 3510 3516; x_wconf 82' lang='lat' dir='ltr'><strong>clarius</strong></span> <span class='ocrx_word' id='word_1_586' title='bbox 3525 3465 3752 3511; x_wconf 68' lang='lat' dir='ltr'><strong>canistra.</strong></span> 
     </span>
    </p>
   </div>
   <div class='ocr_carea' id='block_1_80' title="bbox 2255 3541 3750 3626">
    <p class='ocr_par' dir='ltr' id='par_1_80' title="bbox 2255 3541 3750 3626">
     <span class='ocr_line' id='line_1_80' title="bbox 2255 3541 3750 3626; baseline -0.008 -16"><span class='ocrx_word' id='word_1_587' title='bbox 2255 3555 2407 3626; x_wconf 88' lang='lat' dir='ltr'><strong>cujus</strong></span> <span class='ocrx_word' id='word_1_588' title='bbox 2433 3554 2722 3626; x_wconf 67' lang='lat' dir='ltr'><strong>pt&#39;aasentia</strong></span> <span class='ocrx_word' id='word_1_589' title='bbox 2755 3553 3074 3622; x_wconf 83' lang='lat' dir='ltr'><strong>sagittarios</strong></span> <span class='ocrx_word' id='word_1_590' title='bbox 3103 3553 3376 3622; x_wconf 85' lang='lat' dir='ltr'><strong>quosdam</strong></span> <span class='ocrx_word' id='word_1_591' title='bbox 3413 3554 3680 3621; x_wconf 76' lang='lat' dir='ltr'><strong>apparentes</strong></span> <span class='ocrx_word' id='word_1_592' title='bbox 3703 3541 3750 3594; x_wconf 71' lang='lat' dir='ltr'><strong>ita</strong></span> 
     </span>
    </p>
   </div>
   <div class='ocr_carea' id='block_1_81' title="bbox 2254 3642 3753 3713">
    <p class='ocr_par' dir='ltr' id='par_1_81' title="bbox 2254 3642 3753 3713">
     <span class='ocr_line' id='line_1_81' title="bbox 2254 3642 3753 3713; baseline -0.011 -14"><span class='ocrx_word' id='word_1_593' title='bbox 2254 3644 2524 3700; x_wconf 77' lang='lat' dir='ltr'><strong>exterruit</strong></span> <span class='ocrx_word' id='word_1_594' title='bbox 2557 3653 2614 3698; x_wconf 87' lang='lat' dir='ltr'><strong>et</strong></span> <span class='ocrx_word' id='word_1_595' title='bbox 2659 3642 2888 3713; x_wconf 78' lang='lat' dir='ltr'><strong>fugavit,</strong></span> <span class='ocrx_word' id='word_1_596' title='bbox 2931 3643 3076 3698; x_wconf 79' lang='lat' dir='ltr'><strong>sicut</strong></span> <span class='ocrx_word' id='word_1_597' title='bbox 3103 3655 3302 3698; x_wconf 86' lang='lat' dir='ltr'><strong>ventus</strong></span> <span class='ocrx_word' id='word_1_598' title='bbox 3327 3643 3524 3696; x_wconf 84' lang='lat' dir='ltr'><strong>validus</strong></span> <span class='ocrx_word' id='word_1_599' title='bbox 3549 3647 3753 3692; x_wconf 66' lang='lat' dir='ltr'><strong>autumn-</strong></span> 
     </span>
    </p>
   </div>
   <div class='ocr_carea' id='block_1_82' title="bbox 2255 3727 3752 3806">
    <p class='ocr_par' dir='ltr' id='par_1_82' title="bbox 2255 3727 3752 3806">
     <span class='ocr_line' id='line_1_82' title="bbox 2255 3727 3752 3806; baseline -0.007 -16"><span class='ocrx_word' id='word_1_600' title='bbox 2255 3735 2331 3792; x_wconf 90' lang='lat' dir='ltr'><strong>les</strong></span> <span class='ocrx_word' id='word_1_601' title='bbox 2359 3736 2567 3792; x_wconf 89' lang='lat' dir='ltr'><strong>frontes</strong></span> <span class='ocrx_word' id='word_1_602' title='bbox 2590 3735 2828 3804; x_wconf 87' lang='lat' dir='ltr'><strong>dejicere</strong></span> <span class='ocrx_word' id='word_1_603' title='bbox 2851 3736 3174 3799; x_wconf 83' lang='lat' dir='ltr'><strong>consuevit;</strong></span> <span class='ocrx_word' id='word_1_604' title='bbox 3223 3737 3375 3793; x_wconf 87' lang='lat' dir='ltr'><strong>inter</strong></span> <span class='ocrx_word' id='word_1_605' title='bbox 3407 3747 3534 3806; x_wconf 85' lang='lat' dir='ltr'><strong>quos</strong></span> <span class='ocrx_word' id='word_1_606' title='bbox 3567 3727 3752 3785; x_wconf 64' lang='lat' dir='ltr'><strong>Martium</strong></span> 
     </span>
    </p>
   </div>
   <div class='ocr_carea' id='block_1_83' title="bbox 2253 3823 3750 3900">
    <p class='ocr_par' dir='ltr' id='par_1_83' title="bbox 2253 3823 3750 3900">
     <span class='ocr_line' id='line_1_83' title="bbox 2253 3823 3750 3900; baseline -0.003 -17"><span class='ocrx_word' id='word_1_607' title='bbox 2253 3844 2465 3900; x_wconf 86' lang='lat' dir='ltr'><strong>geunna</strong></span> <span class='ocrx_word' id='word_1_608' title='bbox 2517 3830 2898 3896; x_wconf 69' lang='lat' dir='ltr'><strong>sacerdotum,</strong></span> <span class='ocrx_word' id='word_1_609' title='bbox 2947 3839 3004 3886; x_wconf 90' lang='lat' dir='ltr'><strong>et</strong></span> <span class='ocrx_word' id='word_1_610' title='bbox 3057 3831 3390 3886; x_wconf 85' lang='lat' dir='ltr'><strong>Benedictus</strong></span> <span class='ocrx_word' id='word_1_611' title='bbox 3441 3823 3750 3884; x_wconf 68' lang='lat' dir='ltr'><strong>salutabatur.</strong></span> 
     </span>
    </p>
   </div>
   <div class='ocr_carea' id='block_1_84' title="bbox 2253 3911 3748 3992">
    <p class='ocr_par' dir='ltr' id='par_1_84' title="bbox 2253 3911 3748 3992">
     <span class='ocr_line' id='line_1_84' title="bbox 2253 3911 3748 3992; baseline -0.009 -16"><span class='ocrx_word' id='word_1_612' title='bbox 2253 3921 2500 3990; x_wconf 87' lang='lat' dir='ltr'><strong>spiritum</strong></span> <span class='ocrx_word' id='word_1_613' title='bbox 2536 3920 2595 3982; x_wconf 83' lang='lat' dir='ltr'><strong>S.</strong></span> <span class='ocrx_word' id='word_1_614' title='bbox 2643 3920 2888 3992; x_wconf 77' lang='lat' dir='ltr'><strong>liugonis</strong></span> <span class='ocrx_word' id='word_1_615' title='bbox 2935 3921 3269 3978; x_wconf 75' lang='lat' dir='ltr'><strong>dedtzceutes</strong></span> <span class='ocrx_word' id='word_1_616' title='bbox 3300 3963 3314 3986; x_wconf 91' lang='lat'><strong>,</strong></span> <span class='ocrx_word' id='word_1_617' title='bbox 3365 3922 3498 3975; x_wconf 78' lang='lat' dir='ltr'><strong>intra</strong></span> <span class='ocrx_word' id='word_1_618' title='bbox 3539 3911 3748 3987; x_wconf 75' lang='lat' dir='ltr'><strong>quamdam</strong></span> 
     </span>
    </p>
   </div>
   <div class='ocr_carea' id='block_1_85' title="bbox 2253 4007 3752 4082">
    <p class='ocr_par' dir='ltr' id='par_1_85' title="bbox 2253 4007 3752 4082">
     <span class='ocr_line' id='line_1_85' title="bbox 2253 4007 3752 4082; baseline 0.001 -18"><span class='ocrx_word' id='word_1_619' title='bbox 2253 4013 2465 4066; x_wconf 85' lang='lat' dir='ltr'><strong>vineam</strong></span> <span class='ocrx_word' id='word_1_620' title='bbox 2505 4012 2811 4082; x_wconf 86' lang='lat' dir='ltr'><strong>speciosam</strong></span> <span class='ocrx_word' id='word_1_621' title='bbox 2853 4023 2912 4068; x_wconf 90' lang='lat' dir='ltr'><strong>et</strong></span> <span class='ocrx_word' id='word_1_622' title='bbox 2939 4011 3344 4068; x_wconf 61' lang='lat' dir='ltr'><strong>fertil‘issimam</strong></span> <span class='ocrx_word' id='word_1_623' title='bbox 3387 4011 3692 4066; x_wconf 71' lang='lat' dir='ltr'><strong>collocarunt.</strong></span> <span class='ocrx_word' id='word_1_624' title='bbox 3717 4007 3752 4050; x_wconf 69' lang='grc' dir='ltr'><strong>πί</strong></span> 
     </span>
    </p>
   </div>
   <div class='ocr_carea' id='block_1_86' title="bbox 2253 4093 3752 4171">
    <p class='ocr_par' dir='ltr' id='par_1_86' title="bbox 2253 4093 3752 4171">
     <span class='ocr_line' id='line_1_86' title="bbox 2253 4093 3752 4171; baseline 0.003 -15"><span class='ocrx_word' id='word_1_625' title='bbox 2253 4102 2326 4157; x_wconf 89' lang='lat' dir='ltr'><strong>ibi</strong></span> <span class='ocrx_word' id='word_1_626' title='bbox 2345 4101 2741 4171; x_wconf 86' lang='lat' dir='ltr'><strong>jucundaretur</strong></span> <span class='ocrx_word' id='word_1_627' title='bbox 2761 4111 2817 4157; x_wconf 88' lang='lat' dir='ltr'><strong>et</strong></span> <span class='ocrx_word' id='word_1_628' title='bbox 2849 4102 3176 4158; x_wconf 86' lang='lat' dir='ltr'><strong>mansitaret</strong></span> <span class='ocrx_word' id='word_1_629' title='bbox 3203 4103 3258 4156; x_wconf 88' lang='lat' dir='ltr'><strong>in</strong></span> <span class='ocrx_word' id='word_1_630' title='bbox 3312 4103 3544 4164; x_wconf 76' lang='lat' dir='ltr'><strong>incdit-,0;</strong></span> <span class='ocrx_word' id='word_1_631' title='bbox 3583 4095 3652 4151; x_wconf 79' lang='lat' dir='ltr'><strong>ubi</strong></span> <span class='ocrx_word' id='word_1_632' title='bbox 3675 4093 3752 4160; x_wconf 61' lang='lat' dir='ltr'><strong>iis”</strong></span> 
     </span>
    </p>
   </div>
   <div class='ocr_carea' id='block_1_87' title="bbox 2251 4179 3750 4263">
    <p class='ocr_par' dir='ltr' id='par_1_87' title="bbox 2251 4179 3750 4263">
     <span class='ocr_line' id='line_1_87' title="bbox 2251 4179 3750 4263; baseline -0.003 -17"><span class='ocrx_word' id='word_1_633' title='bbox 2251 4203 2474 4247; x_wconf 69' lang='lat' dir='ltr'><strong>sanctus</strong></span> <span class='ocrx_word' id='word_1_634' title='bbox 2529 4193 2682 4262; x_wconf 80' lang='lat' dir='ltr'><strong>Hugo</strong></span> <span class='ocrx_word' id='word_1_635' title='bbox 2749 4207 2836 4248; x_wconf 85' lang='lat' dir='ltr'><strong>me</strong></span> <span class='ocrx_word' id='word_1_636' title='bbox 2903 4192 3260 4263; x_wconf 80' lang='lat' dir='ltr'><strong>aspicientem</strong></span> <span class='ocrx_word' id='word_1_637' title='bbox 3339 4191 3509 4246; x_wconf 84' lang='lat' dir='ltr'><strong>taliter</strong></span> <span class='ocrx_word' id='word_1_638' title='bbox 3561 4179 3750 4242; x_wconf 60' lang='lat' dir='ltr'><strong>intimii-</strong></span> 
     </span>
    </p>
   </div>
   <div class='ocr_carea' id='block_1_88' title="bbox 2249 4270 3752 4352">
    <p class='ocr_par' dir='ltr' id='par_1_88' title="bbox 2249 4270 3752 4352">
     <span class='ocr_line' id='line_1_88' title="bbox 2249 4270 3752 4352; baseline -0.006 -12"><span class='ocrx_word' id='word_1_639' title='bbox 2249 4285 2505 4350; x_wconf 84' lang='lat' dir='ltr'><strong>Comede,</strong></span> <span class='ocrx_word' id='word_1_640' title='bbox 2529 4285 2870 4352; x_wconf 88' lang='lat' dir='ltr'><strong>charissime,</strong></span> <span class='ocrx_word' id='word_1_641' title='bbox 2913 4285 2982 4340; x_wconf 89' lang='lat' dir='ltr'><strong>de</strong></span> <span class='ocrx_word' id='word_1_642' title='bbox 3023 4285 3276 4340; x_wconf 88' lang='lat' dir='ltr'><strong>candidis</strong></span> <span class='ocrx_word' id='word_1_643' title='bbox 3313 4283 3530 4339; x_wconf 79' lang='lat' dir='ltr'><strong>racemis</strong></span> <span class='ocrx_word' id='word_1_644' title='bbox 3545 4277 3620 4348; x_wconf 82' lang='lat' dir='ltr'><strong>qui</strong></span> <span class='ocrx_word' id='word_1_645' title='bbox 3649 4270 3752 4328; x_wconf 64' lang='lat' dir='ltr'><strong>rubii</strong></span> 
     </span>
    </p>
   </div>
   <div class='ocr_carea' id='block_1_89' title="bbox 2251 4365 3750 4446">
    <p class='ocr_par' dir='ltr' id='par_1_89' title="bbox 2251 4365 3750 4446">
     <span class='ocr_line' id='line_1_89' title="bbox 2251 4365 3750 4446; baseline -0.005 -16"><span class='ocrx_word' id='word_1_646' title='bbox 2251 4377 2731 4446; x_wconf 87' lang='lat' dir='ltr'><strong>superabundant,</strong></span> <span class='ocrx_word' id='word_1_647' title='bbox 2771 4386 2827 4430; x_wconf 89' lang='lat' dir='ltr'><strong>et</strong></span> <span class='ocrx_word' id='word_1_648' title='bbox 2877 4375 2965 4432; x_wconf 86' lang='lat' dir='ltr'><strong>fac</strong></span> <span class='ocrx_word' id='word_1_649' title='bbox 3011 4391 3224 4432; x_wconf 89' lang='lat' dir='ltr'><strong>mecum</strong></span> <span class='ocrx_word' id='word_1_650' title='bbox 3265 4378 3502 4432; x_wconf 76' lang='lat' dir='ltr'><strong>solemne</strong></span> <span class='ocrx_word' id='word_1_651' title='bbox 3541 4365 3750 4426; x_wconf 73' lang='lat' dir='ltr'><strong>contuber-</strong></span> 
     </span>
    </p>
   </div>
   <div class='ocr_carea' id='block_1_90' title="bbox 553 4455 3748 4562">
    <p class='ocr_par' dir='ltr' id='par_1_90' title="bbox 553 4455 3748 4562">
     <span class='ocr_line' id='line_1_90' title="bbox 553 4455 3748 4562; baseline -0.002 -48"><span class='ocrx_word' id='word_1_652' title='bbox 553 4476 664 4530; x_wconf 86' lang='lat' dir='ltr'><strong>qua</strong></span> <span class='ocrx_word' id='word_1_653' title='bbox 696 4461 891 4534; x_wconf 83' lang='lat' dir='ltr'><strong>dignus</strong></span> <span class='ocrx_word' id='word_1_654' title='bbox 947 4473 1030 4520; x_wconf 88' lang='lat' dir='ltr'><strong>est</strong></span> <span class='ocrx_word' id='word_1_655' title='bbox 1081 4465 1398 4520; x_wconf 82' lang='lat' dir='ltr'><strong>confusione</strong></span> <span class='ocrx_word' id='word_1_656' title='bbox 1427 4509 1440 4532; x_wconf 93' lang='lat'><strong>,</strong></span> <span class='ocrx_word' id='word_1_657' title='bbox 1491 4469 1714 4538; x_wconf 79' lang='lat' dir='ltr'><strong>pestifer</strong></span> <span class='ocrx_word' id='word_1_658' title='bbox 1758 4468 1850 4524; x_wconf 87' lang='lat' dir='ltr'><strong>ille</strong></span> <span class='ocrx_word' id='word_1_659' title='bbox 1899 4470 2144 4524; x_wconf 75' lang='lat' dir='ltr'><strong>recchit.</strong></span> <span class='ocrx_word' id='word_1_660' title='bbox 2181 4505 2227 4562; x_wconf 61' lang='grc' dir='ltr'><strong>ι)</strong></span> <span class='ocrx_word' id='word_1_661' title='bbox 2255 4469 2433 4535; x_wconf 87' lang='lat' dir='ltr'><strong>nium;</strong></span> <span class='ocrx_word' id='word_1_662' title='bbox 2458 4484 2558 4537; x_wconf 82' lang='lat' dir='ltr'><strong>ego</strong></span> <span class='ocrx_word' id='word_1_663' title='bbox 2579 4483 2770 4540; x_wconf 87' lang='lat' dir='ltr'><strong>nempe</strong></span> <span class='ocrx_word' id='word_1_664' title='bbox 2793 4485 2986 4539; x_wconf 70' lang='lat' dir='ltr'><strong>pat&#39;um</strong></span> <span class='ocrx_word' id='word_1_665' title='bbox 3018 4469 3108 4524; x_wconf 87' lang='lat' dir='ltr'><strong>hic</strong></span> <span class='ocrx_word' id='word_1_666' title='bbox 3137 4469 3402 4539; x_wconf 86' lang='lat' dir='ltr'><strong>pansabo,</strong></span> <span class='ocrx_word' id='word_1_667' title='bbox 3431 4468 3584 4520; x_wconf 83' lang='lat' dir='ltr'><strong>donec</strong></span> <span class='ocrx_word' id='word_1_668' title='bbox 3599 4455 3748 4562; x_wconf 53' lang='lat' dir='ltr'><strong>quidelm</strong></span> 
     </span>
    </p>
   </div>
   <div class='ocr_carea' id='block_1_91' title="bbox 551 4555 2146 4626">
    <p class='ocr_par' dir='ltr' id='par_1_91' title="bbox 551 4555 2146 4626">
     <span class='ocr_line' id='line_1_91' title="bbox 551 4555 2146 4626; baseline 0.005 -18"><span class='ocrx_word' id='word_1_669' title='bbox 551 4555 708 4610; x_wconf 76' lang='lat' dir='ltr'><strong>Cauti</strong></span> <span class='ocrx_word' id='word_1_670' title='bbox 751 4555 934 4626; x_wconf 78' lang='lat' dir='ltr'><strong>igitur,</strong></span> <span class='ocrx_word' id='word_1_671' title='bbox 980 4573 1013 4614; x_wconf 90' lang='grc' dir='ltr'><strong>ο</strong></span> <span class='ocrx_word' id='word_1_672' title='bbox 1057 4557 1277 4624; x_wconf 77' lang='lat' dir='ltr'><strong>fratres,</strong></span> <span class='ocrx_word' id='word_1_673' title='bbox 1331 4569 1530 4625; x_wconf 86' lang='lat' dir='ltr'><strong>estote,</strong></span> <span class='ocrx_word' id='word_1_674' title='bbox 1584 4570 1638 4615; x_wconf 90' lang='lat' dir='ltr'><strong>ct</strong></span> <span class='ocrx_word' id='word_1_675' title='bbox 1684 4560 1980 4616; x_wconf 87' lang='lat' dir='ltr'><strong>immensas</strong></span> <span class='ocrx_word' id='word_1_676' title='bbox 2026 4578 2146 4617; x_wconf 87' lang='lat' dir='ltr'><strong>om-</strong></span> 
     </span>
    </p>
   </div>
   <div class='ocr_carea' id='block_1_92' title="bbox 548 4649 2151 4724">
    <p class='ocr_par' dir='ltr' id='par_1_92' title="bbox 548 4649 2151 4724">
     <span class='ocr_line' id='line_1_92' title="bbox 548 4649 2151 4724; baseline 0.006 -21"><span class='ocrx_word' id='word_1_677' title='bbox 548 4649 816 4720; x_wconf 82' lang='lat' dir='ltr'><strong>nipotenti</strong></span> <span class='ocrx_word' id='word_1_678' title='bbox 883 4663 949 4706; x_wconf 90' lang='lat' dir='ltr'><strong>ac</strong></span> <span class='ocrx_word' id='word_1_679' title='bbox 1013 4651 1523 4707; x_wconf 76' lang='lat' dir='ltr'><strong>misericordissima</strong></span> <span class='ocrx_word' id='word_1_680' title='bbox 1597 4653 1868 4708; x_wconf 83' lang='lat' dir='ltr'><strong>Salvatori</strong></span> <span class='ocrx_word' id='word_1_681' title='bbox 1943 4656 2151 4724; x_wconf 76' lang='lat' dir='ltr'><strong>gratias</strong></span> 
     </span>
    </p>
   </div>
   <div class='ocr_carea' id='block_1_93' title="bbox 547 4740 2151 4815">
    <p class='ocr_par' dir='ltr' id='par_1_93' title="bbox 547 4740 2151 4815">
     <span class='ocr_line' id='line_1_93' title="bbox 547 4740 2151 4815; baseline 0.004 -21"><span class='ocrx_word' id='word_1_682' title='bbox 547 4740 741 4811; x_wconf 79' lang='lat' dir='ltr'><strong>agite;</strong></span> <span class='ocrx_word' id='word_1_683' title='bbox 781 4740 906 4811; x_wconf 87' lang='lat' dir='ltr'><strong>quia</strong></span> <span class='ocrx_word' id='word_1_684' title='bbox 971 4751 1026 4796; x_wconf 91' lang='lat' dir='ltr'><strong>et</strong></span> <span class='ocrx_word' id='word_1_685' title='bbox 1083 4742 1476 4812; x_wconf 82' lang='lat' dir='ltr'><strong>nequissimum</strong></span> <span class='ocrx_word' id='word_1_686' title='bbox 1529 4744 1738 4799; x_wconf 89' lang='lat' dir='ltr'><strong>hostem</strong></span> <span class='ocrx_word' id='word_1_687' title='bbox 1785 4760 1814 4799; x_wconf 87' lang='lat' dir='ltr'><strong>a</strong></span> <span class='ocrx_word' id='word_1_688' title='bbox 1865 4744 2016 4800; x_wconf 86' lang='lat' dir='ltr'><strong>vobis</strong></span> <span class='ocrx_word' id='word_1_689' title='bbox 2061 4761 2151 4815; x_wconf 81' lang='lat' dir='ltr'><strong>pe-</strong></span> 
     </span>
    </p>
   </div>
   <div class='ocr_carea' id='block_1_94' title="bbox 547 4831 2146 4901">
    <p class='ocr_par' dir='ltr' id='par_1_94' title="bbox 547 4831 2146 4901">
     <span class='ocr_line' id='line_1_94' title="bbox 547 4831 2146 4901; baseline 0.003 -15"><span class='ocrx_word' id='word_1_690' title='bbox 547 4831 712 4901; x_wconf 89' lang='lat' dir='ltr'><strong>pulit,</strong></span> <span class='ocrx_word' id='word_1_691' title='bbox 764 4841 818 4886; x_wconf 88' lang='lat' dir='ltr'><strong>et</strong></span> <span class='ocrx_word' id='word_1_692' title='bbox 879 4831 993 4901; x_wconf 91' lang='lat' dir='ltr'><strong>ipse</strong></span> <span class='ocrx_word' id='word_1_693' title='bbox 1045 4833 1330 4888; x_wconf 89' lang='lat' dir='ltr'><strong>nobiscum</strong></span> <span class='ocrx_word' id='word_1_694' title='bbox 1388 4833 1584 4889; x_wconf 84' lang='lat' dir='ltr'><strong>festum</strong></span> <span class='ocrx_word' id='word_1_695' title='bbox 1641 4835 2015 4890; x_wconf 79' lang='lat' dir='ltr'><strong>celebraturus</strong></span> <span class='ocrx_word' id='word_1_696' title='bbox 2061 4854 2146 4890; x_wconf 83' lang='lat' dir='ltr'><strong>re-</strong></span> 
     </span>
    </p>
   </div>
   <div class='ocr_carea' id='block_1_95' title="bbox 549 4923 1015 4994">
    <p class='ocr_par' dir='ltr' id='par_1_95' title="bbox 549 4923 1015 4994">
     <span class='ocr_line' id='line_1_95' title="bbox 549 4923 1015 4994; baseline 0.006 -20"><span class='ocrx_word' id='word_1_697' title='bbox 549 4923 754 4978; x_wconf 81' lang='lat' dir='ltr'><strong>mansit</strong></span> <span class='ocrx_word' id='word_1_698' title='bbox 780 4923 948 4994; x_wconf 83' lang='grc'><strong>(109).</strong></span> <span class='ocrx_word' id='word_1_699' title='bbox 997 4944 1015 4977; x_wconf 69' lang='grc' dir='ltr'><strong><em>ι</em></strong></span> 
     </span>
    </p>
   </div>
   <div class='ocr_carea' id='block_1_96' title="bbox 623 5014 2146 5088">
    <p class='ocr_par' dir='ltr' id='par_1_96' title="bbox 623 5014 2146 5088">
     <span class='ocr_line' id='line_1_96' title="bbox 623 5014 2146 5088; baseline 0.004 -20"><span class='ocrx_word' id='word_1_700' title='bbox 623 5019 710 5068; x_wconf 74' lang='lat' dir='ltr'><strong>tu.</strong></span> <span class='ocrx_word' id='word_1_701' title='bbox 762 5014 961 5071; x_wconf 88' lang='lat' dir='ltr'><strong>Paucis</strong></span> <span class='ocrx_word' id='word_1_702' title='bbox 1022 5025 1201 5070; x_wconf 76' lang='lat' dir='ltr'><strong>autem</strong></span> <span class='ocrx_word' id='word_1_703' title='bbox 1257 5016 1449 5072; x_wconf 63' lang='lat' dir='ltr'><strong>diebus</strong></span> <span class='ocrx_word' id='word_1_704' title='bbox 1500 5027 1789 5088; x_wconf 82' lang='lat' dir='ltr'><strong>antequam</strong></span> <span class='ocrx_word' id='word_1_705' title='bbox 1841 5031 2146 5076; x_wconf 88' lang='lat' dir='ltr'><strong>moreretur</strong></span> 
     </span>
    </p>
   </div>
   <div class='ocr_carea' id='block_1_97' title="bbox 551 5103 2146 5182">
    <p class='ocr_par' dir='ltr' id='par_1_97' title="bbox 551 5103 2146 5182">
     <span class='ocr_line' id='line_1_97' title="bbox 551 5103 2146 5182; baseline 0.008 -29"><span class='ocrx_word' id='word_1_706' title='bbox 635 5103 814 5176; x_wconf 79' lang='lat' dir='ltr'><strong>llugo,</strong></span> <span class='ocrx_word' id='word_1_707' title='bbox 829 5108 1044 5160; x_wconf 87' lang='lat' dir='ltr'><strong>cuidam</strong></span> <span class='ocrx_word' id='word_1_708' title='bbox 1063 5106 1343 5162; x_wconf 81' lang='lat' dir='ltr'><strong>rtsticano</strong></span> <span class='ocrx_word' id='word_1_709' title='bbox 1376 5107 1604 5174; x_wconf 88' lang='lat' dir='ltr'><strong>homini,</strong></span> <span class='ocrx_word' id='word_1_710' title='bbox 1631 5110 1684 5163; x_wconf 87' lang='lat' dir='ltr'><strong>in</strong></span> <span class='ocrx_word' id='word_1_711' title='bbox 1701 5125 1832 5182; x_wconf 84' lang='lat' dir='ltr'><strong>agro</strong></span> <span class='ocrx_word' id='word_1_712' title='bbox 1855 5111 2146 5176; x_wconf 74' lang='lat' dir='ltr'><strong>laboranti,</strong></span> 
     </span>
    </p>
   </div>
   <div class='ocr_carea' id='block_1_98' title="bbox 552 5198 2145 5279">
    <p class='ocr_par' dir='ltr' id='par_1_98' title="bbox 552 5198 2145 5279">
     <span class='ocr_line' id='line_1_98' title="bbox 552 5198 2145 5279; baseline 0.008 -32"><span class='ocrx_word' id='word_1_713' title='bbox 552 5198 802 5263; x_wconf 65' lang='lat' dir='ltr'><strong>apparuit</strong></span> <span class='ocrx_word' id='word_1_714' title='bbox 829 5205 1143 5254; x_wconf 88' lang='lat' dir='ltr'><strong>sanctorum</strong></span> <span class='ocrx_word' id='word_1_715' title='bbox 1178 5201 1333 5265; x_wconf 90' lang='lat' dir='ltr'><strong>visio,</strong></span> <span class='ocrx_word' id='word_1_716' title='bbox 1359 5217 1497 5273; x_wconf 88' lang='lat' dir='ltr'><strong>quos</strong></span> <span class='ocrx_word' id='word_1_717' title='bbox 1525 5204 1867 5274; x_wconf 74' lang='lat' dir='ltr'><strong>praecedebat</strong></span> <span class='ocrx_word' id='word_1_718' title='bbox 1898 5204 2145 5279; x_wconf 72' lang='lat' dir='ltr'><strong>qua-dam</strong></span> 
     </span>
    </p>
   </div>
   <div class='ocr_carea' id='block_1_99' title="bbox 552 5288 2142 5362">
    <p class='ocr_par' dir='ltr' id='par_1_99' title="bbox 552 5288 2142 5362">
     <span class='ocr_line' id='line_1_99' title="bbox 552 5288 2142 5362; baseline 0.006 -22"><span class='ocrx_word' id='word_1_719' title='bbox 552 5288 756 5357; x_wconf 71' lang='lat' dir='ltr'><strong>regalis</strong></span> <span class='ocrx_word' id='word_1_720' title='bbox 784 5289 1024 5357; x_wconf 85' lang='lat' dir='ltr'><strong>domina,</strong></span> <span class='ocrx_word' id='word_1_721' title='bbox 1057 5292 1212 5362; x_wconf 89' lang='lat' dir='ltr'><strong>cujus</strong></span> <span class='ocrx_word' id='word_1_722' title='bbox 1232 5293 1452 5350; x_wconf 89' lang='lat' dir='ltr'><strong>dorsum</strong></span> <span class='ocrx_word' id='word_1_723' title='bbox 1485 5297 1818 5352; x_wconf 87' lang='lat' dir='ltr'><strong>transeuntis</strong></span> <span class='ocrx_word' id='word_1_724' title='bbox 1856 5306 1910 5352; x_wconf 90' lang='lat' dir='ltr'><strong>et</strong></span> <span class='ocrx_word' id='word_1_725' title='bbox 1953 5297 2142 5352; x_wconf 85' lang='lat' dir='ltr'><strong>faciem</strong></span> 
     </span>
    </p>
   </div>
   <div class='ocr_carea' id='block_1_100' title="bbox 625 5467 2147 5544">
    <p class='ocr_par' dir='ltr' id='par_1_100' title="bbox 625 5467 2147 5544">
     <span class='ocr_line' id='line_1_100' title="bbox 625 5467 2147 5544; baseline 0 -20"><span class='ocrx_word' id='word_1_726' title='bbox 625 5469 790 5544; x_wconf 84' lang='lat' dir='ltr'><strong>(I09)_</strong></span> <span class='ocrx_word' id='word_1_727' title='bbox 820 5467 981 5544; x_wconf 72' lang='lat' dir='ltr'><strong>Deest</strong></span> <span class='ocrx_word' id='word_1_728' title='bbox 1007 5473 1098 5544; x_wconf 85' lang='lat' dir='ltr'><strong>hic</strong></span> <span class='ocrx_word' id='word_1_729' title='bbox 1123 5473 1323 5544; x_wconf 78' lang='lat' dir='ltr'><strong>aliquid</strong></span> <span class='ocrx_word' id='word_1_730' title='bbox 1353 5491 1364 5528; x_wconf 94' lang='lat'><strong>:</strong></span> <span class='ocrx_word' id='word_1_731' title='bbox 1395 5490 1571 5544; x_wconf 87' lang='lat' dir='ltr'><strong>neque</strong></span> <span class='ocrx_word' id='word_1_732' title='bbox 1599 5476 1742 5530; x_wconf 88' lang='lat' dir='ltr'><strong>enim</strong></span> <span class='ocrx_word' id='word_1_733' title='bbox 1781 5476 1894 5544; x_wconf 86' lang='lat' dir='ltr'><strong>ipse</strong></span> <span class='ocrx_word' id='word_1_734' title='bbox 1919 5473 2147 5526; x_wconf 86' lang='lat' dir='ltr'><strong>Bernar-</strong></span> 
     </span>
    </p>
   </div>
   <div class='ocr_carea' id='block_1_101' title="bbox 549 5539 2142 5616">
    <p class='ocr_par' dir='ltr' id='par_1_101' title="bbox 549 5539 2142 5616">
     <span class='ocr_line' id='line_1_101' title="bbox 549 5539 2142 5616; baseline 0.002 -25"><span class='ocrx_word' id='word_1_735' title='bbox 549 5539 672 5616; x_wconf 53' lang='grc' dir='ltr'><strong>(ξμς,</strong></span> <span class='ocrx_word' id='word_1_736' title='bbox 700 5541 792 5612; x_wconf 89' lang='lat' dir='ltr'><strong>qui</strong></span> <span class='ocrx_word' id='word_1_737' title='bbox 837 5542 1109 5616; x_wconf 79' lang='lat' dir='ltr'><strong>inducitur</strong></span> <span class='ocrx_word' id='word_1_738' title='bbox 1155 5539 1241 5598; x_wconf 83' lang='lat' dir='ltr'><strong>hic</strong></span> <span class='ocrx_word' id='word_1_739' title='bbox 1287 5539 1514 5614; x_wconf 74' lang='lat' dir='ltr'><strong>loquens</strong></span> <span class='ocrx_word' id='word_1_740' title='bbox 1561 5546 1614 5599; x_wconf 91' lang='lat' dir='ltr'><strong>in</strong></span> <span class='ocrx_word' id='word_1_741' title='bbox 1663 5539 1839 5616; x_wconf 82' lang='lat' dir='ltr'><strong>prima</strong></span> <span class='ocrx_word' id='word_1_742' title='bbox 1890 5559 2142 5613; x_wconf 82' lang='lat' dir='ltr'><strong>persona,</strong></span> 
     </span>
    </p>
   </div>
   <div class='ocr_carea' id='block_1_102' title="bbox 549 5613 2142 5685">
    <p class='ocr_par' dir='ltr' id='par_1_102' title="bbox 549 5613 2142 5685">
     <span class='ocr_line' id='line_1_102' title="bbox 549 5613 2142 5685; baseline 0.001 -20"><span class='ocrx_word' id='word_1_743' title='bbox 549 5613 656 5685; x_wconf 63' lang='lat' dir='ltr'><strong>elici</strong></span> <span class='ocrx_word' id='word_1_744' title='bbox 687 5621 865 5682; x_wconf 77' lang='lat' dir='ltr'><strong>potest</strong></span> <span class='ocrx_word' id='word_1_745' title='bbox 912 5614 1196 5681; x_wconf 77' lang='lat' dir='ltr'><strong>Scripsisse</strong></span> <span class='ocrx_word' id='word_1_746' title='bbox 1243 5613 1384 5669; x_wconf 87' lang='lat' dir='ltr'><strong>hanc</strong></span> <span class='ocrx_word' id='word_1_747' title='bbox 1434 5617 1636 5681; x_wconf 81' lang='lat' dir='ltr'><strong>vitam,</strong></span> <span class='ocrx_word' id='word_1_748' title='bbox 1664 5613 1754 5670; x_wconf 76' lang='grc' dir='ltr'><strong>ἰιι</strong></span> <span class='ocrx_word' id='word_1_749' title='bbox 1799 5623 2024 5685; x_wconf 84' lang='lat' dir='ltr'><strong>apparet</strong></span> <span class='ocrx_word' id='word_1_750' title='bbox 2077 5631 2142 5667; x_wconf 86' lang='lat' dir='ltr'><strong>ex</strong></span> 
     </span>
    </p>
   </div>
   <div class='ocr_carea' id='block_1_103' title="bbox 549 5682 2141 5754">
    <p class='ocr_par' dir='ltr' id='par_1_103' title="bbox 549 5682 2141 5754">
     <span class='ocr_line' id='line_1_103' title="bbox 549 5682 2141 5754; baseline -0.001 -16"><span class='ocrx_word' id='word_1_751' title='bbox 549 5682 871 5740; x_wconf 74' lang='lat' dir='ltr'><strong>liiitlclet&#39;to</strong></span> <span class='ocrx_word' id='word_1_752' title='bbox 888 5699 1074 5754; x_wconf 85' lang='lat' dir='ltr'><strong>supra,</strong></span> <span class='ocrx_word' id='word_1_753' title='bbox 1103 5685 1188 5736; x_wconf 86' lang='lat' dir='ltr'><strong>ubi</strong></span> <span class='ocrx_word' id='word_1_754' title='bbox 1214 5686 1386 5738; x_wconf 86' lang='lat' dir='ltr'><strong>solum</strong></span> <span class='ocrx_word' id='word_1_755' title='bbox 1418 5686 1468 5739; x_wconf 86' lang='lat' dir='ltr'><strong>in</strong></span> <span class='ocrx_word' id='word_1_756' title='bbox 1493 5695 1740 5753; x_wconf 48' lang='lat' dir='ltr'><strong>extremo</strong></span> <span class='ocrx_word' id='word_1_757' title='bbox 1771 5682 1960 5739; x_wconf 71' lang='lat' dir='ltr'><strong>morbo</strong></span> <span class='ocrx_word' id='word_1_758' title='bbox 1983 5685 2051 5737; x_wconf 88' lang='lat' dir='ltr'><strong>ab</strong></span> <span class='ocrx_word' id='word_1_759' title='bbox 2073 5701 2141 5738; x_wconf 82' lang='lat' dir='ltr'><strong>eo</strong></span> 
     </span>
    </p>
   </div>
   <div class='ocr_carea' id='block_1_104' title="bbox 551 5753 2140 5826">
    <p class='ocr_par' dir='ltr' id='par_1_104' title="bbox 551 5753 2140 5826">
     <span class='ocr_line' id='line_1_104' title="bbox 551 5753 2140 5826; baseline -0.003 -13"><span class='ocrx_word' id='word_1_760' title='bbox 551 5755 751 5813; x_wconf 82' lang='lat' dir='ltr'><strong>dicitur</strong></span> <span class='ocrx_word' id='word_1_761' title='bbox 785 5753 1026 5812; x_wconf 55' lang='lat' dir='ltr'><strong>revelata</strong></span> <span class='ocrx_word' id='word_1_762' title='bbox 1055 5753 1166 5811; x_wconf 70' lang='lat' dir='ltr'><strong>bere</strong></span> <span class='ocrx_word' id='word_1_763' title='bbox 1191 5755 1348 5822; x_wconf 83' lang='lat' dir='ltr'><strong>visio,</strong></span> <span class='ocrx_word' id='word_1_764' title='bbox 1380 5765 1430 5810; x_wconf 89' lang='lat' dir='ltr'><strong>et</strong></span> <span class='ocrx_word' id='word_1_765' title='bbox 1475 5757 1691 5826; x_wconf 89' lang='lat' dir='ltr'><strong>quidem</strong></span> <span class='ocrx_word' id='word_1_766' title='bbox 1727 5757 1868 5812; x_wconf 85' lang='lat' dir='ltr'><strong>haud</strong></span> <span class='ocrx_word' id='word_1_767' title='bbox 1899 5757 1988 5810; x_wconf 84' lang='lat' dir='ltr'><strong>diu</strong></span> <span class='ocrx_word' id='word_1_768' title='bbox 2021 5765 2140 5824; x_wconf 74' lang='lat' dir='ltr'><strong>post</strong></span> 
     </span>
    </p>
   </div>
   <div class='ocr_carea' id='block_1_105' title="bbox 2257 4545 3748 4631">
    <p class='ocr_par' dir='ltr' id='par_1_105' title="bbox 2257 4545 3748 4631">
     <span class='ocr_line' id='line_1_105' title="bbox 2257 4545 3748 4631; baseline -0.006 -17"><span class='ocrx_word' id='word_1_769' title='bbox 2257 4568 2436 4616; x_wconf 88' lang='lat' dir='ltr'><strong>tmnor</strong></span> <span class='ocrx_word' id='word_1_770' title='bbox 2465 4561 2730 4627; x_wconf 87' lang='lat' dir='ltr'><strong>subsidat,</strong></span> <span class='ocrx_word' id='word_1_771' title='bbox 2769 4569 2937 4630; x_wconf 84' lang='lat' dir='ltr'><strong>quem</strong></span> <span class='ocrx_word' id='word_1_772' title='bbox 2969 4560 3024 4615; x_wconf 86' lang='lat' dir='ltr'><strong>in</strong></span> <span class='ocrx_word' id='word_1_773' title='bbox 3077 4559 3310 4631; x_wconf 84' lang='lat' dir='ltr'><strong>pedibus</strong></span> <span class='ocrx_word' id='word_1_774' title='bbox 3345 4549 3676 4629; x_wconf 82' lang='lat' dir='ltr'><strong>pulverulentis</strong></span> <span class='ocrx_word' id='word_1_775' title='bbox 3705 4545 3748 4594; x_wconf 70' lang='grc' dir='ltr'><strong>δε</strong></span> 
     </span>
    </p>
   </div>
   <div class='ocr_carea' id='block_1_106' title="bbox 2256 4637 3746 4724">
    <p class='ocr_par' dir='ltr' id='par_1_106' title="bbox 2256 4637 3746 4724">
     <span class='ocr_line' id='line_1_106' title="bbox 2256 4637 3746 4724; baseline 0.001 -18"><span class='ocrx_word' id='word_1_776' title='bbox 2256 4653 2414 4724; x_wconf 88' lang='lat' dir='ltr'><strong>longo</strong></span> <span class='ocrx_word' id='word_1_777' title='bbox 2461 4653 2690 4708; x_wconf 86' lang='lat' dir='ltr'><strong>circuitu</strong></span> <span class='ocrx_word' id='word_1_778' title='bbox 2731 4663 3000 4708; x_wconf 90' lang='lat' dir='ltr'><strong>terrarum</strong></span> <span class='ocrx_word' id='word_1_779' title='bbox 3059 4653 3339 4716; x_wconf 76' lang='lat' dir='ltr'><strong>contraxi,</strong></span> <span class='ocrx_word' id='word_1_780' title='bbox 3393 4649 3482 4706; x_wconf 85' lang='lat' dir='ltr'><strong>sed</strong></span> <span class='ocrx_word' id='word_1_781' title='bbox 3519 4637 3746 4706; x_wconf 44' lang='lat' dir='ltr'><strong>evertisse!</strong></span> 
     </span>
    </p>
   </div>
   <div class='ocr_carea' id='block_1_107' title="bbox 2254 4731 3747 4814">
    <p class='ocr_par' dir='ltr' id='par_1_107' title="bbox 2254 4731 3747 4814">
     <span class='ocr_line' id='line_1_107' title="bbox 2254 4731 3747 4814; baseline -0.011 -16"><span class='ocrx_word' id='word_1_782' title='bbox 2254 4746 2458 4800; x_wconf 88' lang='lat' dir='ltr'><strong>curatis</strong></span> <span class='ocrx_word' id='word_1_783' title='bbox 2502 4745 2779 4814; x_wconf 82' lang='lat' dir='ltr'><strong>gressibus</strong></span> <span class='ocrx_word' id='word_1_784' title='bbox 2803 4755 2863 4800; x_wconf 90' lang='lat' dir='ltr'><strong>ct</strong></span> <span class='ocrx_word' id='word_1_785' title='bbox 2890 4761 3126 4800; x_wconf 77' lang='lat' dir='ltr'><strong>excusso</strong></span> <span class='ocrx_word' id='word_1_786' title='bbox 3161 4745 3350 4800; x_wconf 86' lang='lat' dir='ltr'><strong>cinere</strong></span> <span class='ocrx_word' id='word_1_787' title='bbox 3379 4739 3634 4798; x_wconf 81' lang='lat' dir='ltr'><strong>mundano,</strong></span> <span class='ocrx_word' id='word_1_788' title='bbox 3657 4731 3747 4782; x_wconf 71' lang='lat' dir='ltr'><strong>libr!</strong></span> 
     </span>
    </p>
   </div>
   <div class='ocr_carea' id='block_1_108' title="bbox 2255 4827 3746 4905">
    <p class='ocr_par' dir='ltr' id='par_1_108' title="bbox 2255 4827 3746 4905">
     <span class='ocr_line' id='line_1_108' title="bbox 2255 4827 3746 4905; baseline -0.009 -13"><span class='ocrx_word' id='word_1_789' title='bbox 2255 4839 2322 4889; x_wconf 81' lang='lat' dir='ltr'><strong>ad</strong></span> <span class='ocrx_word' id='word_1_790' title='bbox 2373 4837 2587 4905; x_wconf 86' lang='lat' dir='ltr'><strong>potiora</strong></span> <span class='ocrx_word' id='word_1_791' title='bbox 2652 4837 2918 4892; x_wconf 84' lang='lat' dir='ltr'><strong>transibo.</strong></span> <span class='ocrx_word' id='word_1_792' title='bbox 2965 4835 3064 4891; x_wconf 90' lang='lat' dir='ltr'><strong>Dic</strong></span> <span class='ocrx_word' id='word_1_793' title='bbox 3118 4846 3300 4890; x_wconf 89' lang='lat' dir='ltr'><strong>autem</strong></span> <span class='ocrx_word' id='word_1_794' title='bbox 3355 4827 3622 4890; x_wconf 83' lang='lat' dir='ltr'><strong>successori</strong></span> <span class='ocrx_word' id='word_1_795' title='bbox 3667 4831 3746 4872; x_wconf 68' lang='grc' dir='ltr'><strong>Ιιιθο</strong></span> 
     </span>
    </p>
   </div>
   <div class='ocr_carea' id='block_1_109' title="bbox 2254 4923 3746 4983">
    <p class='ocr_par' dir='ltr' id='par_1_109' title="bbox 2254 4923 3746 4983">
     <span class='ocr_line' id='line_1_109' title="bbox 2254 4923 3746 4983; baseline -0.004 -3"><span class='ocrx_word' id='word_1_796' title='bbox 2254 4927 2448 4982; x_wconf 81' lang='lat' dir='ltr'><strong>Pontio</strong></span> <span class='ocrx_word' id='word_1_797' title='bbox 2477 4936 2537 4981; x_wconf 91' lang='lat' dir='ltr'><strong>ut</strong></span> <span class='ocrx_word' id='word_1_798' title='bbox 2588 4927 2910 4983; x_wconf 87' lang='lat' dir='ltr'><strong>humilitatis</strong></span> <span class='ocrx_word' id='word_1_799' title='bbox 2953 4937 3010 4983; x_wconf 88' lang='lat' dir='ltr'><strong>et</strong></span> <span class='ocrx_word' id='word_1_800' title='bbox 3059 4927 3384 4983; x_wconf 81' lang='lat' dir='ltr'><strong>innocentia:</strong></span> <span class='ocrx_word' id='word_1_801' title='bbox 3435 4925 3666 4978; x_wconf 66' lang='lat' dir='ltr'><strong>thesauros</strong></span> <span class='ocrx_word' id='word_1_802' title='bbox 3689 4923 3746 4962; x_wconf 73' lang='grc' dir='ltr'><strong>αι·</strong></span> 
     </span>
    </p>
   </div>
   <div class='ocr_carea' id='block_1_110' title="bbox 2253 4999 3748 5083">
    <p class='ocr_par' dir='ltr' id='par_1_110' title="bbox 2253 4999 3748 5083">
     <span class='ocr_line' id='line_1_110' title="bbox 2253 4999 3748 5083; baseline -0.011 -12"><span class='ocrx_word' id='word_1_803' title='bbox 2253 5018 2478 5083; x_wconf 88' lang='lat' dir='ltr'><strong>stodiat,</strong></span> <span class='ocrx_word' id='word_1_804' title='bbox 2509 5029 2566 5073; x_wconf 91' lang='lat' dir='ltr'><strong>et</strong></span> <span class='ocrx_word' id='word_1_805' title='bbox 2587 5019 2938 5074; x_wconf 87' lang='lat' dir='ltr'><strong>necessitates</strong></span> <span class='ocrx_word' id='word_1_806' title='bbox 2965 5020 3209 5074; x_wconf 86' lang='lat' dir='ltr'><strong>omnium</strong></span> <span class='ocrx_word' id='word_1_807' title='bbox 3249 5032 3376 5072; x_wconf 87' lang='lat' dir='ltr'><strong>suas</strong></span> <span class='ocrx_word' id='word_1_808' title='bbox 3403 5021 3625 5083; x_wconf 84' lang='lat' dir='ltr'><strong>reputans</strong></span> <span class='ocrx_word' id='word_1_809' title='bbox 3643 4999 3748 5056; x_wconf 75' lang='lat' dir='ltr'><strong>mist-</strong></span> 
     </span>
    </p>
   </div>
   <div class='ocr_carea' id='block_1_111' title="bbox 2252 5087 3748 5176">
    <p class='ocr_par' dir='ltr' id='par_1_111' title="bbox 2252 5087 3748 5176">
     <span class='ocr_line' id='line_1_111' title="bbox 2252 5087 3748 5176; baseline -0.006 -11"><span class='ocrx_word' id='word_1_810' title='bbox 2252 5109 2502 5166; x_wconf 73' lang='lat' dir='ltr'><strong>rieordiae.</strong></span> <span class='ocrx_word' id='word_1_811' title='bbox 2532 5110 2783 5176; x_wconf 87' lang='lat' dir='ltr'><strong>studeat;</strong></span> <span class='ocrx_word' id='word_1_812' title='bbox 2818 5111 2994 5166; x_wconf 86' lang='lat' dir='ltr'><strong>zelum</strong></span> <span class='ocrx_word' id='word_1_813' title='bbox 3023 5110 3314 5166; x_wconf 87' lang='lat' dir='ltr'><strong>monastici</strong></span> <span class='ocrx_word' id='word_1_814' title='bbox 3344 5105 3538 5163; x_wconf 85' lang='lat' dir='ltr'><strong>ordinis</strong></span> <span class='ocrx_word' id='word_1_815' title='bbox 3572 5087 3748 5156; x_wconf 62' lang='lat' dir='ltr'><strong>excellit&quot;</strong></span> 
     </span>
    </p>
   </div>
   <div class='ocr_carea' id='block_1_112' title="bbox 2251 5187 3746 5276">
    <p class='ocr_par' dir='ltr' id='par_1_112' title="bbox 2251 5187 3746 5276">
     <span class='ocr_line' id='line_1_112' title="bbox 2251 5187 3746 5276; baseline -0.011 -17"><span class='ocrx_word' id='word_1_816' title='bbox 2251 5204 2355 5260; x_wconf 87' lang='lat' dir='ltr'><strong>mei</strong></span> <span class='ocrx_word' id='word_1_817' title='bbox 2383 5203 2657 5274; x_wconf 85' lang='lat' dir='ltr'><strong>sapienter</strong></span> <span class='ocrx_word' id='word_1_818' title='bbox 2679 5203 2959 5276; x_wconf 88' lang='lat' dir='ltr'><strong>disponat;</strong></span> <span class='ocrx_word' id='word_1_819' title='bbox 2985 5203 3064 5270; x_wconf 85' lang='lat' dir='ltr'><strong>sic</strong></span> <span class='ocrx_word' id='word_1_820' title='bbox 3081 5204 3228 5260; x_wconf 88' lang='lat' dir='ltr'><strong>enim</strong></span> <span class='ocrx_word' id='word_1_821' title='bbox 3245 5202 3465 5256; x_wconf 84' lang='lat' dir='ltr'><strong>viriliter</strong></span> <span class='ocrx_word' id='word_1_822' title='bbox 3485 5207 3624 5268; x_wconf 79' lang='lat' dir='ltr'><strong>agens</strong></span> <span class='ocrx_word' id='word_1_823' title='bbox 3638 5205 3660 5242; x_wconf 70' lang='grc' dir='ltr'><strong>ει</strong></span> <span class='ocrx_word' id='word_1_824' title='bbox 3679 5187 3746 5238; x_wconf 60' lang='lat' dir='ltr'><strong>lito</strong></span> 
     </span>
    </p>
   </div>
   <div class='ocr_carea' id='block_1_113' title="bbox 2250 5279 3742 5366">
    <p class='ocr_par' dir='ltr' id='par_1_113' title="bbox 2250 5279 3742 5366">
     <span class='ocr_line' id='line_1_113' title="bbox 2250 5279 3742 5366; baseline -0.011 -16"><span class='ocrx_word' id='word_1_825' title='bbox 2250 5296 2904 5366; x_wconf 62' lang='lat' dir='ltr'><strong>consequctnrauxilium,</strong></span> <span class='ocrx_word' id='word_1_826' title='bbox 2919 5296 3010 5366; x_wconf 91' lang='lat' dir='ltr'><strong>qui</strong></span> <span class='ocrx_word' id='word_1_827' title='bbox 3035 5311 3146 5352; x_wconf 88' lang='lat' dir='ltr'><strong>non</strong></span> <span class='ocrx_word' id='word_1_828' title='bbox 3165 5295 3364 5351; x_wconf 85' lang='lat' dir='ltr'><strong>deserit</strong></span> <span class='ocrx_word' id='word_1_829' title='bbox 3389 5279 3682 5366; x_wconf 65' lang='lat' dir='ltr'><strong>speranlca&#39;tn</strong></span> <span class='ocrx_word' id='word_1_830' title='bbox 3695 5289 3742 5326; x_wconf 52' lang='lat' dir='ltr'><strong>Sc-</strong></span> 
     </span>
    </p>
   </div>
   <div class='ocr_carea' id='block_1_114' title="bbox 2251 5471 2682 5527">
    <p class='ocr_par' dir='ltr' id='par_1_114' title="bbox 2251 5471 2682 5527">
     <span class='ocr_line' id='line_1_114' title="bbox 2251 5471 2682 5527; baseline 0 -1"><span class='ocrx_word' id='word_1_831' title='bbox 2251 5471 2459 5526; x_wconf 85' lang='lat' dir='ltr'><strong>obitntn</strong></span> <span class='ocrx_word' id='word_1_832' title='bbox 2488 5473 2682 5527; x_wconf 87' lang='lat' dir='ltr'><strong>sancti.</strong></span> 
     </span>
    </p>
   </div>
   <div class='ocr_carea' id='block_1_115' title="bbox 2325 5535 3742 5612">
    <p class='ocr_par' dir='ltr' id='par_1_115' title="bbox 2325 5535 3742 5612">
     <span class='ocr_line' id='line_1_115' title="bbox 2325 5535 3742 5612; baseline -0.006 -17"><span class='ocrx_word' id='word_1_833' title='bbox 2325 5543 2472 5612; x_wconf 84' lang='lat' dir='ltr'><strong>(HO)</strong></span> <span class='ocrx_word' id='word_1_834' title='bbox 2515 5543 2712 5598; x_wconf 84' lang='lat' dir='ltr'><strong>Petrus</strong></span> <span class='ocrx_word' id='word_1_835' title='bbox 2747 5545 3071 5600; x_wconf 86' lang='lat' dir='ltr'><strong>venerabilis</strong></span> <span class='ocrx_word' id='word_1_836' title='bbox 3113 5545 3202 5599; x_wconf 85' lang='lat' dir='ltr'><strong>lib.</strong></span> <span class='ocrx_word' id='word_1_837' title='bbox 3229 5562 3244 5599; x_wconf 77' lang='grc' dir='ltr'>ι</span> <span class='ocrx_word' id='word_1_838' title='bbox 3272 5539 3632 5612; x_wconf 58' lang='grc' dir='ltr'><strong>Μίνυιυμιοιύιι),</strong></span> <span class='ocrx_word' id='word_1_839' title='bbox 3665 5535 3742 5612; x_wconf 46' lang='lat' dir='ltr'><strong>(ill:</strong></span> 
     </span>
    </p>
   </div>
   <div class='ocr_carea' id='block_1_116' title="bbox 2250 5601 3744 5738">
    <p class='ocr_par' dir='ltr' id='par_1_116' title="bbox 2250 5601 3744 5738">
     <span class='ocr_line' id='line_1_116' title="bbox 2253 5601 3744 5736; baseline -0.009 -67"><span class='ocrx_word' id='word_1_840' title='bbox 2377 5601 2724 5736; x_wconf 46' lang='lat' dir='ltr'><strong>tra&#39;titslcripsit</strong></span> <span class='ocrx_word' id='word_1_841' title='bbox 2757 5617 2891 5682; x_wconf 66' lang='lat' dir='ltr'><strong>haec,</strong></span> <span class='ocrx_word' id='word_1_842' title='bbox 2922 5620 3106 5686; x_wconf 78' lang='lat' dir='ltr'><strong>paucis</strong></span> <span class='ocrx_word' id='word_1_843' title='bbox 3162 5619 3336 5670; x_wconf 71' lang='lat' dir='ltr'><strong>verbis</strong></span> <span class='ocrx_word' id='word_1_844' title='bbox 3387 5601 3634 5678; x_wconf 77' lang='lat' dir='ltr'><strong>aliquando</strong></span> <span class='ocrx_word' id='word_1_845' title='bbox 3663 5601 3744 5648; x_wconf 54' lang='grc' dir='ltr'><strong>ωτι·</strong></span> 
     </span>
     <span class='ocr_line' id='line_1_117' title="bbox 2250 5695 2647 5738; baseline 0 -2"><span class='ocrx_word' id='word_1_846' title='bbox 2250 5701 2370 5737; x_wconf 79' lang='lat' dir='ltr'><strong>(IIIS</strong></span> <span class='ocrx_word' id='word_1_847' title='bbox 2403 5700 2474 5736; x_wconf 72' lang='lat' dir='ltr'><strong>rei</strong></span> <span class='ocrx_word' id='word_1_848' title='bbox 2500 5705 2510 5736; x_wconf 80' lang='grc' dir='ltr'>ι</span> <span class='ocrx_word' id='word_1_849' title='bbox 2539 5695 2647 5738; x_wconf 76' lang='lat' dir='ltr'><strong>ll&#39;S.</strong></span> 
     </span>
    </p>
   </div>
   <div class='ocr_carea' id='block_1_117' title="bbox 2348 5700 2647 5737">
    <p class='ocr_par' dir='ltr' id='par_1_117' title="bbox 2348 5700 2647 5737">
     <span class='ocr_line' id='line_1_118' title="bbox 2348 5700 2647 5737; baseline -0.003 0"><span class='ocrx_word' id='word_1_850' title='bbox 2348 5701 2370 5737; x_wconf 81' lang='lat' dir='ltr'><strong>S</strong></span> <span class='ocrx_word' id='word_1_851' title='bbox 2403 5700 2647 5737; x_wconf 71' lang='lat' dir='ltr'><strong>f8illlll’S.</strong></span> 
     </span>
    </p>
   </div>
  </div>
