3928 6298
93 349 208 406 9η

1635 350 1817 409 “TA.

3273 345 3377 410 918

184 463 273 518 l2.
311 461 511 517 Eadem
541 475 756 533 quoque
793 469 971 528 nocte,
1000 476 1106 531 qua
1138 461 1302 518 Pater
1342 462 1534 520 beatus
1569 459 1698 518 dor-
1733 472 1774 527 Α
1807 460 1881 516 De
1932 462 2218 518 abbatibus
2269 461 2713 519 Cluniacensibus
2771 481 2798 519 a
2839 464 3015 536 primo
3061 463 3128 519 ad
3170 464 3386 521 beatum

97 555 268 609 mivit
297 553 350 610 in
379 553 625 620 Domino,
659 553 792 609 vidit
827 552 998 610 abbas
1022 554 1240 632 quidam
1273 556 1406 610 duos
1451 564 1689 622 sanctos,

97 647 162 701 in
210 645 420 712 visione
473 647 733 700 decenter
771 654 1018 710 ornatos,
1085 645 1396 716 angelorum
1445 645 1694 711 manibus

95 738 174 790 ad
215 745 363 791 astra
401 735 636 803 sustolli,
666 745 720 810 et
749 736 954 808 audivit
989 752 1149 792 voces
1187 737 1239 791 in
1265 737 1481 793 sublimi
1510 739 1694 793 dicen-

97 828 272 900 tium.
297 826 406 882 ﬂos
442 827 686 899 geminos
725 827 809 882 sui
848 835 1261 894 correctoreset
1283 828 1484 892 szeculi,
1507 829 1696 884 stratis

99 933 247 974 auro
273 919 626 982 radiantibus,
656 920 781 974 vita:
811 920 1006 975 merito
1028 919 1428 986 collocnbimus,
1449 921 1699 975 vid-:licet

99 1009 556 1064 Cautuariensem
587 1008 1051 1079 archiepisc0pum
1083 1016 1136 1063 et
1165 996 1698 1064 Cluniacensem'eb-

101 1099 315 1163 baton),
344 1098 434 1166 qui
465 1097 755 1153 multorum
784 1105 915 1152 sunt
945 1106 1128 1168 patres
1151 1097 1381 1152 ﬁliorum
1412 1097 1464 1152 in
1507 1086 1696 1170 gloria.

101 1189 204 1245 Isti
228 1189 445 1259 quidem
470 1189 573 1244 duo
601 1205 736 1260 pene
765 1190 862 1244 sub
893 1205 998 1244 uno
1037 1199 1277 1260 tempore
1323 1190 1695 1246 decesserunt.

1801 543 1972 623 usque
1995 552 2271 625 Hugonem
2293 555 2421 610 facti
2449 562 2575 611 sunt
2601 555 2652 609 bi
2692 571 2879 611 versus
2907 573 2919 610 :

1871 641 2074 699 Ordine
2103 645 2296 709 Berno,
2321 647 2470 715 prius
2497 655 2604 702 stat
2627 647 2829 701 honore
2857 646 3066 705 beatior
3089 649 3203 705 Odo
3233 666 3248 702 :

1800 725 1984 804 Surgit
2008 734 2074 790 ab
2103 735 2186 790 his
2225 747 2445 792 sanctus
2471 736 2693 806 Majolus
2721 737 2891 793 forma
2920 740 3181 806 virorum,

1874 824 2066 895 lgneus
2094 825 2372 880 ardentem
2408 827 2499 881 vix
2530 827 2790 883 cohibens
2817 829 3052 884 animam
3079 847 3093 894 ;

1801 912 1928 969 Post
1965 913 2049 967 fur
2076 915 2337 970 Arvernis
2363 930 2516 969 sacer
2544 916 2696 973 0dilo
2715 920 2911 976 missus
2937 919 3006 976 ab
3037 919 3174 986 oris,

1875 1003 2054 1058 Mitior
2080 1002 2295 1073 ingenio
2320 1018 2481 1073 quant
2514 1005 2661 1061 ferus
2701 1007 2964 1078 imperio:

1803 1087 2087 1156 Proximus
2115 1099 2267 1171 llugo
2294 1100 2469 1166 venis,
2501 1100 2750 1157 discretis
2776 1119 2902 1158 usus
2933 1105 3200 1176 habenis“

1877 1189 2080 1247 Ordine
2104 1191 2391 1260 posterior,
2425 1192 2656 1246 utilitate
2689 1192 2858 1263 prior.

1303 1575 1305 1578 λ
1410 1517 2200 1635 ANALECTA.

1109 1758 1222 1831 (Ex
1248 1761 1366 1815 aliis
1396 1760 1449 1815 in
1475 1759 1782 1817 bibliotheca
1804 1723 2432 1838 Cluniacensicoilectis.)

119 2091 122 2096 .
749 2044 980 2102 CAPUT
1017 2045 1059 2102 Ι.

104 2135 200 2192 Ex
230 2137 449 2209 epistula
483 2137 723 2207 Hugouis
760 2139 1002 2194 monachi
1043 2139 1113 2193 ad
1145 2136 1398 2194 Pontium
1443 2139 1700 2197 abbatem.

182 2233 238 2287 ι.
281 2233 427 2290 Patri
466 2231 836 2299 serenissimo,
873 2231 1214 2287 Cluniacensi
1259 2232 1438 2286 abbati
1467 2231 1698 2298 Pourto,

104 2323 334 2378 duinino
362 2339 482 2390 suo,
531 2337 723 2377 servus
773 2322 943 2378 lluco.
992 2323 1124 2377 Dum
1169 2331 1334 2390 tuam,
1373 2321 1555 2386 Pater,
1609 2338 1706 2379 ex-

105 2414 420 2469 cellentiam
449 2429 638 2485 penso,
679 2414 910 2483 injustas
937 2430 1120 2470 coram
1168 2425 1222 2471 te
1255 2415 1401 2486 loqui
1450 2431 1556 2470 non
1603 2430 1701 2469 au-

99 2508 242 2561 ‘deo.
277 2505 386 2560 Sed
416 2506 672 2577 quoniam
713 2508 1060 2562 memoranda
1105 2508 1349 2578 quaedam
1397 2508 1464 2564 de
1510 2522 1706 2578 magno

110 2595 565 2667 liugone,sancto
588 2613 913 2670 praecessore
944 2607 1056 2664 tuo,
1102 2600 1261 2654 tacita
1290 2600 1472 2666 video,
1519 2599 1564 2655 si
1614 2611 1705 2654 tua

105 2687 302 2758 jubeat
348 2702 436 2742 me
483 2688 587 2744 l‘ari
620 2689 882 2760 dignatio,
915 2704 1088 2760 pauca
1131 2690 1198 2745 de
1242 2689 1512 2759 plurimis,
1539 2703 1705 2758 parva

108 2779 181 2833 de
235 2779 511 2846 maximis,
562 2779 714 2836 brevi
759 2781 1010 2850 expedio.
1051 2780 1161 2836 Ista
1216 2780 1435 2850 quidem
1483 2778 1707 2836 dill‘usos

112 2869 414 2938 scriptores
451 2870 573 2926 illos
607 2871 778 2925 miror
825 2871 1130 2939 obmisisse,
1188 2872 1281 2942 qui
1333 2870 1400 2926 dc
1440 2886 1507 2926 eo
1556 2880 1706 2926 tanta

111 2958 397 3014 volumina
455 2949 852 3031 conscripsere.
903 2961 1036 3028 Quae
1088 2961 1293 3025 refero,
1351 2962 1708 3032 prmseittibus

113 3051 402 3107 netissima
429 3063 577 3120 sunt,
601 3055 694 3109 sed
719 3061 1061 3124 posterorum
1089 3054 1384 3124 memoriae,
1430 3063 1488 3109 ut
1524 3054 1704 3127 jubes,

113 3143 375 3199 mandata
405 3153 555 3201 sunt.

181 3234 242 3290 2.
287 3233 482 3292 Beatus
529 3235 682 3307 ilugo
709 3237 777 3294 ad
823 3237 1207 3310 Franctgenas,
1247 3254 1342 3296 eos
1365 3239 1702 3307 visitaturus,

111 3322 246 3378 olim
282 3325 547 3380 exiverat.
586 3327 820 3383 Veniens
869 3337 1048 3383 autem
1085 3327 1437 3385 Belluacenso
1491 3330 1707 3384 territo-

114 3416 285 3482 rium,
312 3417 536 3473 intravit
563 3418 871 3476 Goruacum
889 3421 970 3492 (11
988 3422 1452 3492 l)superAronam
1467 3421 1702 3478 ﬂuvium.

111 3509 186 3562 lbi
237 3523 366 3564 eum
415 3511 671 3570 Albertus
715 3514 800 3569 vir
831 3515 1053 3570 illustris
1099 3516 1397 3572 honorifice
1447 3519 1705 3586 suscepit.

115 3598 272 3654 Uxor
291 3601 412 3670 viri,
438 3603 654 3658 nomine
673 3605 1083 3676 Ermengardis,
1103 3613 1160 3659 et
1193 3606 1303 3674 ipsa
1335 3614 1485 3660 tanto
1513 3607 1707 3676 bo=piti

113 3701 436 3749 reverenter
462 3698 718 3752 occurrit.
751 3697 924 3765 Quam
957 3705 1181 3753 sanctus
1205 3707 1263 3752 ut
1289 3699 1446 3764 vidit,
1480 3701 1710 3768 prophe-

113 3784 223 3841 tico
259 3783 467 3843 amatus
501 3789 715 3858 spiritu,
742 3787 878 3844 dixit
905 3808 919 3846 :
961 3808 982 3842 ‹
1013 3790 1262 3859 Domina,
1293 3800 1348 3846 tu
1377 3792 1596 3861 gravida
1627 3807 1705 3858 cs,

116 3876 291 3930 tilium
335 3879 534 3947 paries,
575 3879 690 3949 qui,
742 3880 881 3936 sicut
920 3881 1031 3936 Deo
1079 3881 1363 3952 placuerit,
1409 3881 1710 3937 monachus

111 3969 252 4024 erit.
285 3987 304 4020 ο
345 3968 426 4024 Au
449 3971 582 4025 ‘icns
611 3970 804 4026 mulier
831 3987 951 4043 quae
975 3974 1040 4028 de
1069 3987 1128 4029 se
1167 3981 1294 4028 ante
1322 3989 1426 4027 non
1459 3980 1706 4037 noverat,

113 4061 441 4130 mirabatur,
515 4073 832 4133 prmsentes,
899 4065 1084 4119 audita
1133 4066 1412 4135 signantes
1465 4065 1706 4132 oracula,

112 4148 462 4205 laetabantur.
515 4153 884 4220 Postmodum,
935 4152 1088 4223 juxta
1130 4155 1274 4210 servi
1320 4154 1412 4209 Dei
1462 4155 1709 4220 verbum,

113 4243 347 4312 gravida
377 4244 464 4298 illa
513 4246 720 4316 peperit
751 4244 940 4300 illium.
993 4245 1178 4302 Crevit
1227 4261 1382 4315 puer,
1433 4253 1488 4300 et
1538 4260 1712 4299 arma-

115 4341 298 4386 torum
339 4334 625 4404 deputatus
675 4333 873 4401 oliicio,
927 4335 1177 4391 militiam
1223 4336 1490 4405 adeptus,
1543 4343 1603 4391 ut
1659 4335 1711 4390 id

119 4422 399 4475 hominum
427 4437 596 4493 genus
633 4425 772 4480 male
814 4428 1114 4491 consuevit,
1158 4427 1494 4496 perniciosus
1517 4427 1708 4481 evasit.

118 4509 327 4567 Interea
360 4523 602 4581 sanctus,
635 4513 824 4585 plenus
866 4516 1074 4573 dierum
1106 4517 1310 4588 pariter
1357 4525 1411 4570 et
1449 4516 1710 4570 virtutum

117 4604 258 4660 diem
304 4607 359 4662 in
409 4607 636 4664 Domino
671 4609 863 4664 clausit
902 4619 1229 4668 extretnum.
1297 4608 1425 4662 Erat
1483 4616 1610 4662 tunc
1657 4607 1710 4662 iu

117 4695 266 4752 Italia
319 4699 460 4768 apud
517 4698 736 4770 Papiam
785 4701 949 4755 decus
1003 4701 1317 4770 pontiﬁcum
1375 4696 1711 4754 Godefrcdus

119 4787 501 4846 Ambiancnsis
518 4791 799 4861 episcopus
817 4792 860 4863 (l
881 4791 984 4860 l2),
1008 4791 1247 4845 doctrina
1267 4789 1712 4860 prmelarus,sau-

190 4948 236 5017 (l
258 4947 694 5020 Il)7Gornacum,
717 4947 873 5020 vulgo
901 4945 1452 5020 Gouruay-sur-Eptc,
1473 4947 1711 5020 quinque

119 5014 629 5086 leu‘cisjﬁellavaco
669 5014 836 5074 distat
874 5031 1025 5074 trans
1079 5014 1292 5086 Eptam,
1343 5014 1432 5086 qui
1476 5014 1710 5070 Ftancm

121 5089 470 5144 strictissime
516 5093 712 5156 dictos,
762 5091 813 5144 id
844 5102 927 5145 est
965 5089 1256 5142 Parisiettsi
1299 5087 1546 5158 regimini
1576 5087 1708 5158 sub-

123 5159 288 5221 ditos,
325 5161 668 5216 disterminat
697 5178 725 5214 a
753 5159 1179 5221 Nortltmannis;
1209 5157 1386 5212 utrum
1413 5171 1542 5212 vero
1573 5157 1708 5227 Epta

123 5228 318 5298 tiuvius
349 5232 512 5284 etiam
557 5233 768 5286 dicatur
807 5232 1023 5298 Arena;
1059 5245 1126 5283 an
1155 5230 1441 5286 occasione
1484 5227 1710 5282 alterius

125 5297 382 5366 Gornaci,
431 5301 571 5355 inter
621 5301 860 5356 Parisios
893 5299 948 5354 ct
986 5300 1326 5354 Melodunum
1388 5298 1500 5361 siti,
1551 5298 1710 5365 vulgo

126 5366 714 5439 Gournag-sur-Marue
742 5374 1078 5439 exerraverit
1127 5369 1300 5438 llugo,
1347 5377 1402 5423 et
1460 5368 1707 5439 librario-

131 5452 244 5558 lcum
283 5437 439 5510 culpa
483 5443 764 5513 irrepscrit
790 5437 968 5496 Aroua
1011 5458 1108 5511 pro
1155 5437 1400 5494 Matrona
1457 5453 1562 5493 non
1617 5437 1713 5494 dc-

149 5521 275 5558 “HO-

149 5521 275 5564 11110.

117 5632 120 5635 .
200 5581 349 5653 (112)
392 5583 452 5638 5.
478 5582 804 5639 Godel'ridus
825 5583 994 5654 episc.
1025 5580 1279 5654 Ambian.
1311 5578 1511 5654 colitur
1535 5577 1583 5654 8_
1605 5577 1712 5654 Not

135 5650 388 5772 ἷῖιέἒδτίς,
434 5657 568 5710 rexit
615 5650 916 5712 Ecclesium
970 5669 1121 5710 suam
1172 5652 1238 5708 ab
1282 5667 1423 5705 anno
1457 5650 1592 5704 llU-l
1646 5650 1713 5706 ad

205 5796 348 5866 tll5)
387 5797 439 5852 ln
473 5795 592 5852 Vita
621 5807 808 5868 postca
842 5797 1038 5867 scripta
1082 5795 1220 5848 idem
1279 5789 1452 5862 lingu,
1511 5790 1709 5847 omissa

1733 2034 1774 2092 Β
1802 2049 1990 2104 ctitate
2033 2051 2369 2122 perspicuus.
2407 2053 2544 2109 Dum
2575 2053 2758 2124 itaque
2793 2055 2988 2112 beatus
3045 2055 3200 2125 llugo
3254 2073 3393 2128 prae-

1804 2144 1942 2201 senti
1969 2145 2078 2200 vita
2103 2144 2435 2217 defungitur,
2479 2154 2680 2202 aeterna
2717 2148 2972 2216 donatur,
3002 2149 3136 2204 vidit
3179 2149 3394 2220 episco-

1804 2250 1903 2306 pus
1930 2236 1998 2290 ad
2032 2236 2430 2306 procedendum
2477 2245 2775 2295 conventus
2806 2238 3038 2294 eximios
3070 2240 3383 2310 praeparari,

1805 2340 1928 2380 cum
1974 2326 2332 2382 luminaribus
2359 2335 2416 2384 et
2453 2329 2667 2384 caeteris
2691 2343 2811 2398 quae
2841 2330 2894 2384 in
2934 2331 3280 2400 processione
3305 2347 3391 2387 30¢

1806 2415 2059 2472 lcmniter
2103 2418 2280 2473 solent
2329 2417 2594 2474 exhiberi.
2649 2419 2916 2490 Episcopo
2947 2421 3241 2490 inquirenti
3271 2423 3394 2492 quis

1805 2516 1971 2574 esset,
2026 2524 2188 2578 quem
2237 2518 2402 2565 tantae
2429 2509 2737 2581 triumphus
2782 2511 2969 2582 glori:e
3017 2519 3394 2580 exspectaret;-

1806 2613 2124 2667 responsum
2159 2607 2264 2666 est,
2295 2599 2420 2670 quia
2456 2600 2524 2656 ad
2555 2600 2930 2656 deducendum
2978 2601 3256 2656 dominum
3283 2600 3395 2654 Hu-

1805 2705 2022 2760 gonetn,
2049 2689 2461 2748 Cluniacensem
2511 2691 2787 2757 abbatem,
2825 2692 2911 2746 illa
2945 2702 3260 2748 sanctorum
3299 2693 3395 2747 de-

1808 2780 1952 2835 votio
1977 2778 2164 2834 festiva
2191 2779 2532 2849 procederet.
2569 2779 2724 2847 Quod
2755 2795 2878 2835 cum
2902 2781 3190 2850 episcopus
3220 2780 3395 2835 admi-

1811 2883 1937 2922 rans
1961 2867 2126 2923 sociis
2155 2868 2440 2934 revelarct,
2485 2875 2801 2938 tempusque
2829 2883 2936 2939 quo
2974 2868 3026 2922 id
3055 2870 3262 2924 viderat
3291 2871 3392 2923 ad-

1807 2967 2042 3027 notaret,
2075 2960 2126 3013 in
2155 2958 2342 3015 Galliis
2370 2975 2650 3023 reversus;
2676 2960 2864 3016 eodem
2907 2961 3108 3016 invenit
3151 2969 3394 3030 tempom

1809 3052 1861 3106 in
1891 3050 2148 3131 Cluniaco
2175 3059 2422 3107 sanctum
2454 3053 2738 3124 migrasse,
2767 3058 2874 3123 quo
2900 3052 3000 3108 sibi
3025 3051 3204 3108 fuerat
3231 3061 3396 3108 iuon-

1807 3149 2038 3198 stratum
2063 3141 2261 3211 Papim.
3083 3209 3089 3215 ἡ

1877 3235 1932 3292 5.
1971 3233 2265 3304 Postquam
2306 3248 2436 3290 vero
2476 3242 2698 3290 sanctus
2745 3234 2998 3302 decessit,
3053 3243 3108 3289 tu
3165 3233 3396 3290 feliciter

1808 3327 2036 3393 electus,
2061 3339 2113 3384 et
2144 3328 2198 3382 in
2227 3325 2460 3382 cilicium
2489 3326 2621 3382 tanti
2654 3327 2834 3382 Patris
2867 3327 3026 3395 digne
3049 3326 3393 3397 subrogatus,

1815 3419 2040 3474 Domino
2097 3419 2328 3475 ducente
2383 3417 2450 3474 ad
2502 3418 2846 3490 supradictas
2906 3419 3152 3475 Francia:
3216 3429 3397 3489 partes

1812 3512 2159 3578 descendisti,
2203 3512 2297 3567 ubi
2347 3527 2444 3584 pro
2487 3521 2579 3567 tua
2619 3511 2712 3567 illa
2772 3511 2941 3568 nobili
2984 3511 3393 3576 consuetudine,

1811 3605 2114 3675 quibusque
2139 3603 2282 3661 bona
2326 3599 2656 3675 praedicans,
2687 3606 2874 3673 istum,
2907 3606 2975 3662 de
3021 3621 3130 3677 quo
3174 3594 3398 3662 sanctus

1813 3697 2158 3766 praedixerat,
2205 3695 2461 3765 juvenem
2509 3697 2790 3762 invenisti,
2842 3699 3121 3753 inventum
3169 3697 3396 3764 vocasti,

1811 3799 2058 3844 vocatum
2097 3787 2354 3844 eduxisti.
2404 3789 2580 3858 Ipsum
2632 3788 2687 3844 in
2735 3787 2996 3844 Cluniaco
3047 3787 3396 3851 monachum,

1811 3878 2029 3934 nomine
2073 3877 2421 3942 Landricum,
2467 3876 2718 3947 plurimis
2773 3876 2932 3931 annis
2963 3875 3198 3930 vidimus
3243 3871 3400 3928 bonis

1810 3965 2100 4039 pollentem
2128 3967 2366 4023 moribus
2382 3967 2549 4038 (115).
2569 3963 2680 4032 Sic,
2704 3965 2866 4020 Pater
2886 3963 3294 4036 benignissime,
3321 3959 3402 4018 sic

1813 4075 2106 4133 praecessor
2139 4069 2261 4115 tuus
2290 4059 2456 4115 abbas
2483 4059 2634 4130 llugo
2668 4057 3068 4122 sanctissimus,
3093 4071 3252 4126 quem
3279 4053 3402 4126 plu-

1815 4154 2008 4209 rimum
2034 4150 2292 4215 dilexisti.
2343 4151 2453 4204 imo
2489 4165 2651 4219 quem
2707 4148 2906 4218 diligis,
2956 4148 3036 4204 sic
3089 4147 3231 4201 inter
3266 4145 3402 4201 alias

1813 4248 2046 4301 virtutes
2077 4259 2205 4300 suas
2235 4245 2398 4298 etiam
2449 4242 2759 4314 prophetica
2796 4241 3061 4297 claruisse
3107 4239 3397 4310 probatur;

1813 4339 1891 4395 sic
1925 4339 1980 4392 in
2008 4337 2092 4392 sui
2123 4337 2478 4394 dissolutione
2526 4334 2794 4405 corporis,
2825 4333 3067 4406 pontiﬁci
3108 4332 3400 4398 relevatus,

1813 4429 2278 4499 supercmlesu'um
2306 4427 2548 4484 eoneivis
2587 4442 2710 4484 esse
2739 4428 3090 4500 dignoscitur.
3127 4426 3235 4484 Sed
3281 4442 3402 4484 mea

1816 4522 1973 4577 modo
1992 4521 2147 4577 sileat
2176 4522 2435 4592 parvitas,
2473 4530 2562 4575 tua
2593 4521 2764 4592 magis
2791 4521 2912 4582 ista.
2946 4537 3106 4591 quam
3135 4521 3240 4575 alta
3269 4523 3399 4585 sint,

1814 4611 2110 4682 perpendat
2136 4605 2399 4666 cbaritas.
2441 4610 2515 4665 De
2568 4611 2672 4666 hac
2717 4612 2859 4665 enim
2891 4610 3177 4667 altitudine
3230 4609 3401 4679 loqui,

1745 4724 1787 4780 ι)
1815 4718 1914 4774 ego
1937 4711 2046 4757 tam
2080 4701 2294 4757 iniimus
2318 4701 2508 4756 timere
2539 4701 2720 4758 debui.

1886 4793 1939 4848 4.
1974 4793 2131 4849 Anno
2159 4792 2392 4868 denique
2427 4791 2583 4848 Verbi
2608 4792 2675 4847 de
2701 4789 2923 4860 Virgine
2964 4793 3075 4846 nati
3115 4791 3274 4857 1118,
3305 4791 3402 4846 de-

1820 4945 2152 5002 rcvelatione
2179 4945 2233 5000 S.
2255 4944 2548 5016 Godct‘rido
2579 4943 2719 5016 laeta
2746 4954 2865 5016 post
2889 4945 3226 5000 nativitatem
3249 4948 3402 5015 pueri

1816 5030 1870 5074 ct
1926 5017 2371 5087 depravationem
2423 5015 2547 5070 adul
2577 5015 2614 5080 i,
2662 5015 2922 5070 continuo
2969 5016 3243 5087 subnectit
3287 5017 3406 5087 ejus

1817 5085 2230 5145 conversionem
2281 5089 2382 5141 hoc
2428 5087 2626 5140 modo:
2664 5105 2682 5138 ι
2720 5087 2936 5141 Interim
2966 5086 3025 5140 Β.
3060 5085 3211 5156 ilugo
3259 5085 3403 5156 pra:-

1815 5160 1985 5215 sentis
2010 5157 2129 5212 vita:
2155 5173 2371 5212 cursum
2401 5157 2693 5227 complevit
2722 5175 2735 5211 :
2781 5158 2865 5212 cui
2913 5157 3038 5210 dum
3081 5157 3199 5227 ejus
3227 5157 3406 5213 Patris

1817 5231 1936 5300 pius
1976 5227 2116 5282 tilias
2145 5229 2375 5282 domnus
2404 5225 2656 5300 Pontius,
2681 5227 2980 5300 successit,
3037 5225 3406 5300 Cluttiacensis

1817 5295 1981 5354 abbas
1997 5307 2323 5368 assumptus,
2338 5306 2394 5351 et
2409 5299 2521 5366 ipse
2533 5295 2818 5354 Frauciam
2833 5298 3148 5352 visitaturus
3163 5299 3402 5354 intravit.

1824 5369 1922 5425 Ubi
1952 5385 2048 5439 pro
2078 5383 2182 5438 sua,
2218 5368 2384 5424 nobili
2413 5370 2802 5424 consuetudine
2831 5377 3078 5424 errantes
3125 5375 3400 5428 revocans.

1817 5440 2079 5510 plurimos
2106 5441 2290 5495 secum
2319 5440 2565 5504 adduxit,
2591 5442 2734 5510 inter
2763 5454 2903 5510 quos
2942 5448 2998 5494 et
3037 5455 3122 5495 me
3159 5449 3405 5510 peccato-

1825 5509 2065 5574 rent..et
2129 5511 2271 5565 hunc
2316 5511 2382 5564 de
2435 5525 2542 5580 quo
2585 5509 2857 5580 loquimur
2889 5509 3140 5578 juvenem
3164 5509 3405 5574 invenit,

1824 5581 2058 5644 vocavit,
2089 5591 2145 5636 et
2198 5589 2254 5636 ut
2296 5589 2518 5634 sanctus
2549 5582 2880 5651 praedixerat
2927 5583 3247 5637 monachum
3278 5581 3402 5635 clle-

1821 5653 1914 5706 cit.
1963 5652 2210 5707 Praesens
2257 5660 2337 5707 cst
2387 5653 2440 5706 in
2476 5651 2750 5719 Cluniaco,
2798 5653 3116 5709 sacerdotali
3167 5651 3403 5722 fungitur

1793 5722 2015 5778 'ollicio.
2066 5741 2084 5774 ι
