3928 6298
152 320 261 386 931

1741 314 1921 376 VITA.

3338 336 3445 393 922

158 450 349 491 serum
397 429 637 485 adduxit.
667 427 949 499 Episcopis
985 436 1165 483 autem
1211 428 1662 499 supplicantibus,
1694 439 1754 484 ut
1783 433 1828 489 Α
1860 435 2013 490 nensi
2058 438 2229 509 (127),
2265 450 2320 496 et
2342 442 2590 511 Drogone
2622 442 2954 514 Matiscensi,
2987 449 3039 505 in
3068 465 3258 524 campo
3282 472 3442 512 venir

160 530 327 581 Pater
358 523 510 593 llugo
547 538 643 594 pro
674 537 803 592 pace
828 521 1032 593 agenda
1071 520 1405 591 loqueretur,
1436 523 1610 578 turbis
1652 538 1752 576 un-

159 619 326 687 dique
355 615 772 677 comicentibus,
803 626 857 671 et
891 631 954 671 ex
982 615 1097 683 ejus
1136 631 1233 671 ore
1262 617 1645 687 pendentibus,
1671 618 1752 674 sic

154 712 279 765 ait:
322 728 339 760 ι
369 708 469 778 Qui
494 725 681 778 pacem
711 718 983 780 quaerunt,
1013 709 1103 779 qui
1148 709 1319 764 Deum
1361 709 1614 781 diligunt,
1650 726 1751 765 nos

158 800 409 865 audiant,
438 800 721 854 nobiscum
748 809 932 869 agant.
962 799 1064 867 Qui
1098 815 1225 855 vero
1266 798 1411 855 filius
1453 801 1605 871 pacis
1638 816 1746 856 non

84 957 89 963 η
151 902 270 958 est,
295 893 386 964 qui
415 908 519 947 non
563 907 629 949 ex
679 892 789 946 Deo
839 891 932 947 sed
976 892 1325 948 adversarius
1371 901 1477 958 est,
1524 893 1653 948 huic
1683 909 1747 949 ex

153 992 317 1055 parte
346 982 744 1054 Omnipotentis
772 984 1027 1053 pnecipio
1070 991 1128 1038 ut
1179 998 1210 1037 a
1263 983 1421 1038 nobis
1467 993 1648 1051 exeat,
1696 994 1753 1041 et

152 1075 315 1147 operi
345 1075 528 1130 divino
558 1089 665 1129 non
721 1084 931 1130 noceat.
969 1094 989 1126 ι
1024 1073 1127 1131 Vix
1168 1074 1313 1131 dicta
1359 1074 1748 1145 cotnpleverat,

153 1183 288 1223 cum
332 1183 462 1223 ecce
495 1168 716 1238 quidam
742 1177 953 1223 statura
982 1182 1265 1237 procerus,
1297 1168 1436 1225 lacie
1476 1169 1752 1225 tl'llClllCll-v

154 1273 276 1321 tus.
326 1259 511 1315 multis
554 1276 679 1323 eum
719 1260 1077 1330 sequentibus
1121 1274 1401 1335 egressus,
1458 1261 1746 1332 disparuit.

151 1350 281 1407 Non
306 1352 483 1407 fuitin
518 1362 667 1413 tanta
705 1352 1049 1408 multitudine
1079 1353 1381 1419 hominum,
1400 1353 1491 1424 qui
1513 1354 1749 1425 aliquem

152 1454 347 1509 nosset
367 1444 778 1514 egredientium.
821 1444 1158 1499 Mirabantur
1199 1445 1417 1519 singuli,
1460 1446 1752 1517 stupebant

152 1535 421 1590 universi.
447 1534 826 1603 Quterentibns
866 1536 1097 1592 invicem
1136 1552 1300 1607 super
1328 1537 1435 1603 “is,
1472 1553 1584 1594 non
1633 1549 1752 1596 erat

153 1625 306 1688 aliud
340 1627 687 1697 respondere,
722 1628 822 1683 nisi
844 1628 1203 1684 interdicente
1240 1639 1453 1695 sancto,
1479 1630 1751 1688 daemones

154 1717 454 1773 visibiliter
481 1718 710 1783 exiissc;
742 1732 1101 1789 egressosque
1128 1718 1197 1775 de
1228 1720 1402 1775 turbis
1427 1720 1590 1781 simul
1619 1737 1749 1776 eva-

151 1809 367 1864 nuisse.
417 1807 512 1864 His
561 1809 633 1863 ita
683 1809 943 1879 depulsis,
996 1819 1199 1865 tantam
1253 1827 1377 1868 mox
1434 1813 1748 1878 pratdicatio

149 1901 336 1962 sancti
363 1899 658 1956 cllicaciam
684 1900 892 1965 habuit,
921 1908 980 1954 ut
1004 1898 1335 1969 eojubcnte,
1360 1900 1471 1957 dux
1505 1901 1621 1972 ipse
1664 1904 1747 1959 sui

154 2001 395 2047 mortem
444 1992 537 2048 lilii
575 1991 746 2063 (125),
799 1992 1235 2049 interfectoribus
1277 1994 1642 2065 condonaret,
1694 2007 1748 2063 et

152 2084 404 2140 Ecclesia
445 2100 631 2154 pacem
666 2085 950 2155 reciperet.
982 2085 1027 2142 Ο
1075 2085 1295 2141 beatum
1344 2088 1544 2154 virum,
1596 2088 1749 2158 cujus

149 2176 515 2249 praesentiam-
546 2176 775 2232 Satanas
816 2176 961 2232 ferre
1001 2193 1107 2232 non
1156 2186 1388 2247 poterat,
1438 2178 1598 2248 cujus
1648 2180 1750 2235 im-

152 2267 371 2337 perium
431 2268 632 2323 invitus
683 2269 896 2339 agebat.
953 2267 1061 2325 Res
1114 2270 1364 2339 equidem
1423 2272 1605 2336 mira,
1651 2272 1748 2328 sed

150 2361 339 2416 altiori
385 2361 650 2417 miraequ
676 2361 970 2417 cumulata.
1020 2362 1272 2429 Quandiu
1315 2363 1464 2419 enim
1518 2364 1573 2419 in
1619 2380 1748 2419 cous-

151 2462 324 2509 ventu
358 2452 448 2508 illo
485 2453 567 2507 vir
598 2463 819 2508 sanctus
866 2463 1056 2511 sancta
1099 2454 1407 2524 perdocuit,
1460 2456 1603 2512 sicut
1655 2472 1750 2512 co-

150 2545 341 2600 tumba
368 2546 597 2601 candida
635 2561 798 2616 super
831 2556 1001 2617 caput
1051 2548 1446 2617 ejusprmsens
1474 2549 1744 2619 apparuit.

151 2638 370 2705 Quibus
418 2638 471 2693 id
504 2638 690 2693 videre
716 2638 901 2693 datum
925 2648 1029 2703 est,
1074 2638 1245 2693 Deum
1286 2638 1745 2710 glorificaverunt,

147 2745 264 2786 non
295 2730 440 2785 enim
469 2743 659 2785 omnes
704 2730 846 2785 hanc
894 2731 1079 2787 videre
1130 2731 1357 2799 gloriam
1409 2743 1745 2788 meruerant.

148 2822 472 2893 Stephanus
521 2822 961 2894 archipresbyter
990 2824 1059 2878 de
1102 2822 1379 2893 Parricejo
1421 2823 1606 2893 (I26),
1647 2825 1748 2881 sub

148 2914 308 2973 omni
331 2914 631 2969 assertione
656 2914 843 2969 itidem
866 2914 1087 2980 se,licet
1115 2913 1419 2985 indignum,
1447 2917 1749 2973 testabatur

150 3005 386 3059 vidisse.

222 3096 592 3152 8.‘Paredum
624 3106 848 3152 venerat
893 3096 1047 3168 [iugo
1093 3096 1276 3159 Pater.
1314 3107 1376 3154 ut
1423 3098 1492 3154 ibi
1546 3098 1744 3156 festum

147 3186 420 3257 Baptistae
458 3185 682 3243 Joannis
726 3187 953 3243 devotus
993 3197 1199 3258 ageret.
1231 3189 1313 3244 Ad
1344 3206 1504 3262 quem
1556 3190 1750 3253 mulier

150 3281 432 3349 mundani,
486 3296 610 3336 cum
650 3280 805 3334 turba
848 3295 948 3349 pro
1002 3295 1069 3335 eo
1116 3282 1453 3352 supplicante
1485 3325 1500 3349 ,
1557 3299 1748 3353 perve-

147 3374 238 3427 nit
267 3388 288 3428 s
330 3373 456 3442 quia
502 3373 621 3444 ejus
668 3383 883 3427 uterum
933 3373 1165 3444 irruptio
1215 3375 1448 3431 violenta
1495 3376 1748 3437 virulenti

149 3464 381 3518 tenebat
401 3464 693 3534 serpentis.
723 3463 856 3518 Tum
875 3473 1118 3531 sanctus,
1142 3465 1516 3522 misericordia
1545 3476 1745 3535 motus,

148 3571 358 3626 aquam
389 3556 573 3611 afferri
622 3559 912 3629 praecepit,
964 3574 1127 3627 quam
1178 3559 1432 3634 precibus
1475 3560 1647 3615 sacris
1694 3570 1751 3615 et

148 3649 631 3706 benedictionibus
656 3651 1023 3722 pmsignavit,
1069 3661 1402 3721 acceptoque
1451 3652 1747 3719 cochleari,

149 3756 238 3801 ter
293 3745 361 3800 de
403 3760 541 3816 aqua
592 3746 683 3801 illa
729 3748 909 3801 inore
962 3744 1207 3801 mulieris
1261 3746 1471 3801 orando
1533 3746 1747 3800 infudit.

148 3842 280 3905 Quo
304 3836 470 3903 facto,
501 3838 686 3892 statim
714 3854 965 3910 serpens,
1006 3837 1217 3893 cunctis
1243 3838 1335 3906 qui
1391 3837 1617 3891 aderant
1666 3836 1739 3891 vi-

146 3931 435 3995 dentibus,
489 3946 589 3999 per
652 3946 716 3986 os
768 3933 1011 3988 mulieris
1054 3932 1357 3987 horrendus
1412 3932 1602 3987 exivit.
1646 3932 1748 3999 Qui

146 4038 281 4077 eum
329 4038 563 4077 interere
610 4035 921 4091 venerant,
975 4039 1100 4079 cum
1142 4023 1337 4094 gaudio
1390 4033 1748 4090 revertentes,

151 4113 448 4169 Dominum
491 4114 894 4170 collaudabant.
946 4116 1251 4171 Gaufredus
1281 4116 1366 4169 vir
1417 4115 1611 4184 ﬁdelis,
1641 4132 1750 4187 quo

149 4216 424 4278 praesente
453 4217 674 4264 sanctus
714 4209 854 4279 apud
888 4208 1121 4265 Eduam
1174 4209 1448 4265 daemones
1484 4210 1551 4266 de
1592 4209 1747 4265 turba

150 4298 387 4367 fugavit,
410 4306 467 4353 et
490 4298 592 4354 hoe
613 4299 680 4354 de
708 4309 960 4371 serpente
988 4316 1088 4371 per
1112 4315 1235 4355 eum
1261 4300 1436 4371 ejecto
1462 4316 1521 4357 se
1546 4300 1750 4357 vidisse

150 4391 290 4446 solet
314 4390 583 4445 attestari.

1856 524 1995 578 torio
2038 528 2242 605 pariter
2290 530 2465 587 affuit.
2508 534 2706 593 Turbis
2758 554 2888 595 vero
2936 541 3436 614 circumstantibus,

1852 613 2072 682 quidam
2100 620 2335 686 pessimo
2362 622 2599 681 foedatus
2627 627 2875 696 crimine,
2908 646 3011 686 non
3050 633 3231 690 timuit
3260 613 3434 695 inter;

1852 721 1992 762 esse.
2018 708 2189 776 Quem
2220 724 2463 780 sanctus,
2485 729 2675 774 sancto
2706 721 2928 778 edoctus
2961 723 3189 795 Spiritu,
3220 746 3249 785 a
3280 732 3438 804 longe

1854 799 2089 868 intuens,
2118 804 2190 859 ait
2218 810 2616 874 praesentibus:
2654 831 2673 864 ι
2694 814 2922 886 Videtis,
2952 817 3144 888 inquit,
3177 799 3435 883 miseruin

1854 891 2038 946 illum?
2092 891 2293 950 Videtis
2343 898 2585 981 dagmone
2631 903 2880 971 plenum?
2908 924 2928 959 ι
2978 908 3281 983 Statimque
3312 929 3434 973 eum

1853 983 2173 1054 designavit,
2205 999 2259 1043 et
2298 990 2365 1051 ad
2407 1007 2466 1045 se
2495 995 2679 1051 venire
2708 1000 3005 1063 mandavit.
3044 1004 3161 1071 Quo
3190 990 3435 1076 praesen?

1853 1083 1964 1132 tato
1993 1093 2058 1137 ει
2089 1078 2388 1147 Quomodo,
2412 1083 2509 1151 ait,
2542 1085 2647 1141 huc
2685 1090 2753 1144 .td
2785 1106 2882 1147 nos
2925 1094 3162 1163 intrasti,
3202 1102 3295 1170 qui
3332 1102 3437 1158 hoc

1850 1173 2076 1230 crimine
2104 1176 2440 1248 (crimenque
2468 1184 2741 1256 exposuit)
2771 1195 2822 1242 te
2860 1190 3143 1246 sordidare
3174 1195 3389 1253 valuisti
3412 1199 3438 1253 2

1851 1264 1962 1321 Cur
1992 1267 2158 1325 miser
2182 1269 2340 1327 nobis
2370 1272 2426 1327 in
2458 1284 2510 1329 te
2539 1276 2823 1332 demonem
2852 1286 3223 1348 praesentasti?
3245 1288 3435 1344 Pacem

1852 1356 2166 1425 «puerimus,
2206 1360 2502 1417 daemonem
2557 1366 2826 1423 nolumus.
2866 1386 2884 1421 ι
2930 1368 3197 1429 Confusus
3230 1375 3318 1430 il.'e
3344 1393 3438 1433 ne—

1851 1462 1981 1515 gare
2008 1462 2112 1502 non
2141 1451 2338 1519 potuit.
2367 1452 2521 1519 Quod
2560 1455 2760 1511 factum
2797 1460 3044 1515 videntes
3080 1464 3299 1531 plurimi
3343 1471 3432 1539 qui

1853 1540 2077 1595 aderant
2107 1542 2411 1600 adiuvieem
2458 1549 2749 1604 summissa
2782 1566 2913 1630 voce
2958 1555 3249 1617 dicebant:
3295 1577 3314 1611 ι
3349 1561 3440 1617 Di-

1852 1638 2131 1686 vertamus
2156 1631 2224 1687 ab
2260 1632 2361 1689 isto
2386 1634 2627 1702 homine,
2651 1640 2741 1709 qui
2767 1641 3207 1703 novithominum
3226 1649 3437 1705 occulta

1856 1722 2062 1790 videre,
2098 1740 2164 1779 ne
2200 1735 2253 1787 et
2278 1726 2333 1781 in
2375 1730 2580 1785 nostris
2610 1746 2706 1785 nos
2725 1736 2986 1800 peccatis,
3016 1738 3162 1793 sicut
3189 1739 3351 1799 istum
3382 1743 3436 1796 in

1854 1813 2010 1879 suis,
2056 1814 2235 1879 valeat
2296 1814 2721 1887 deprehendere.
2771 1839 2793 1876 ι
2860 1822 3155 1893 Inquirenti
3188 1829 3442 1900 denique

1852 1914 2045 1961 sancto
2071 1905 2139 1962 de
2168 1909 2325 1976 cujus
2358 1918 2504 1964 esset
2532 1911 2846 1982 episcopatu
2894 1915 2981 1973 ille
3021 1918 3204 1982 homo,
3230 1920 3439 1979 invenit

1852 1998 1994 2068 quod
2023 1998 2295 2070 parochia:
2341 2000 2622 2071 cujusdam
2652 2014 2800 2062 esset
2845 1984 3239 2067 Cabilonehsis.
3288 2013 3438 2070 Tunc

1850 2100 2077 2146 sanctus
2115 2091 2375 2146 miserum
2425 2092 2578 2147 illum
2622 2096 2830 2166 pariter
2876 2107 2933 2153 et
2980 2110 3263 2168 peccatum
3323 2105 3438 2175 epi-

1849 2195 2014 2249 seopo
2042 2179 2280 2236 Rocleno
2318 2185 2626 2253 proposuit;
2672 2202 2832 2255 quem
2861 2190 3147 2260 episcopus
3184 2209 3434 2251 seorsum

1852 2271 1996 2338 tulit,
2027 2280 2083 2328 et
2114 2288 2213 2342 pro
2239 2273 2414 2329 oﬂicio
2441 2277 2700 2345 correxit.
2734 2278 2922 2334 Testes
2967 2291 3093 2336 sunt
3143 2285 3233 2353 qui
3272 2286 3440 2342 inter-

1852 2361 2090 2430 fuerunt,
2142 2365 2479 2421 venerabiles
2525 2368 2623 2422 viri
2678 2366 2971 2426 Rolbcrtus
3006 2373 3357 2443 Sedunensis,
3384 2387 3441 2433 et

1850 2452 2201 2519 Gaufredus,
2256 2471 2418 2526 quem
2478 2460 2820 2528 supraposui.
2878 2461 3089 2528 Quanta
3143 2466 3256 2520 sint
3300 2468 3437 2535 haec,

1852 2556 2031 2600 vestra
2062 2548 2363 2618 perpendat
2387 2549 2648 2615 Charitas,
2680 2566 2801 2607 mea
2851 2551 3082 2610 interius
3110 2556 3271 2614 sileat
3314 2575 3439 2632 par-

1852 2637 2010 2691 vitas.

1919 2729 2006 2784 to.
2048 2728 2178 2784 Erat
2218 2729 2453 2787 Sanctus
2497 2732 2639 2801 apud
2677 2732 3045 2791 Nanctoaettm
3087 2738 3259 2810 (123),
3293 2743 3443 2798 venit

1849 2819 2071 2874 nuntius
2118 2820 2210 2889 qui
2253 2819 2460 2875 diceret
2510 2822 2713 2877 obi'sse
2766 2822 3106 2891 Wilencum;
3160 2828 3441 2887 Wilencus

1853 2910 1957 2965 iste
1988 2950 2004 2975 ,
2059 2910 2211 2980 prior
2260 2912 2361 2965 fuit
2403 2913 2471 2967 de
2525 2914 2824 2968 Charitate.
2874 2914 2979 2971 Pro
3024 2918 3279 2975 defuncto
3321 2923 3443 2991 pius

1849 3001 2014 3058 Pater
2040 3004 2167 3057 dum
2221 3004 2442 3059 missam
2487 3004 2811 3071 celebraret,
2873 3023 3025 3064 more
3068 3010 3231 3067 solito
3260 3013 3437 3068 vivam

1852 3094 2088 3165 seipsun't
2112 3095 2343 3150 hostiam
2380 3096 2609 3152 Domino
2644 3100 3009 3167 pra'sentavit,
3042 3109 3099 3157 et
3139 3104 3221 3158 sic
3252 3112 3442 3163 tenens

1855 3184 1909 3239 in
1940 3184 2188 3240 manibus
2208 3185 2403 3241 Filium
2436 3186 2582 3242 Patri
2615 3188 2829 3253 obtulit,
2868 3191 3108 3247 oblatum
3135 3208 3231 3249 ore
3256 3209 3442 3251 susce»

1854 3280 1953 3347 pit.
1981 3279 2100 3345 Quo
2128 3281 2370 3343 edoctus,
2400 3281 2467 3333 ad
2491 3280 2687 3336 fratres
2716 3284 3013 3353 egreditur,
3043 3286 3249 3342 revelat
3277 3288 3442 3344 sociis

1852 3372 1996 3441 quod
2041 3374 2182 3442 apud
2229 3374 2566 3428 Charitatem
2595 3416 2611 3439 ,
2660 3390 2767 3431 non
2802 3376 3102 3445 Wilcncus,
3150 3380 3244 3435 sed
3279 3379 3441 3439 Oritts

1852 3464 2006 3518 obiit.
2034 3463 2162 3517 Erat
2188 3463 2263 3517 ibi
2280 3464 2417 3531 Odo,
2449 3466 2539 3536 qui
2574 3466 2671 3521 fuit
2702 3468 2850 3536 prior
2876 3467 3273 3537 Clun’acensis,
3318 3482 3441 3542 post

1849 3556 2136 3625 episcopus
2164 3555 2452 3623 Ostiensis,
2482 3557 2676 3613 deinde
2691 3562 3004 3629 apostolica:
3027 3563 3173 3618 sedis
3196 3564 3439 3633 pontifrs

1852 3664 2115 3714 summus,
2174 3649 2424 3703 Urbanus
2470 3652 2742 3706 secundus
2791 3652 2967 3723 (129).
3021 3653 3121 3720 Qui
3175 3654 3443 3725 legatione

1853 3742 2193 3807 transmissa,
2221 3741 2446 3807 invenit,
2468 3740 2625 3810 juxta
2645 3743 2746 3800 viri
2778 3744 2873 3800 Dei
2914 3744 3159 3813 verbum,
3196 3760 3305 3802 non
3328 3746 3442 3802 ινι-

1853 3836 2063 3891 lencum
2087 3834 2310 3901 obiisse,
2342 3836 2438 3890 sed
2468 3834 2679 3890 Oriutn.

1927 3931 2013 3984 ll.
2056 3929 2259 3983 Sabina
2304 3942 2541 3999 quoque,
2587 3927 3014 3984 sanctimonialis
3050 3928 3203 3996 virgo
3255 3930 3308 3984 in
3359 3930 3443 3985 Jo-

1854 4021 2020 4075 trensi
2056 4022 2203 4091 (150)
2235 4020 2566 4074 monasterio
2603 4018 2896 4073 testimonii
2942 4019 3255 4089 singularis,
3306 4022 3444 4078 vi.1‘.'.

1853 4113 2077 4167 Matrem
2127 4112 2513 4166 misericordia
2569 4127 2694 4165 cum
2740 4110 2980 4182 glorioso
3022 4112 3305 4168 beatorum
3355 4130 3445 4182 ago

1851 4208 2018 4262 mine.
2057 4204 2204 4261 Vidit
2248 4214 2303 4260 et
2333 4204 2647 4260 subsellium
2682 4204 2973 4260 candidum
2998 4206 3255 4261 decenter
3280 4222 3441 4261 orna-

1856 4308 1967 4353 tum
2030 4296 2231 4368 agmini
2298 4295 2372 4351 illi
2431 4296 2712 4358 interesse,
2762 4296 3075 4366 audivitque
3117 4298 3244 4367 quia
3287 4297 3445 4370 nugo

1853 4390 2021 4443 abbas
2041 4387 2414 4443 Cluniacensis
2447 4388 2499 4441 in
2540 4402 2604 4441 eo
2634 4387 2864 4442 debebat
2909 4388 3077 4444 abire.
3125 4389 3326 4445 Sabina
3359 4392 3446 4445 vi-

218 4484 287 4538 9.’
322 4482 442 4538 Alio
501 4498 717 4552 quoque
764 4492 1003 4555 tempore
1053 4486 1206 4554 pacis
1257 4484 1479 4555 agenda:
1526 4486 1703 4556 gratia
1730 4528 1745 4552 ,
1782 4499 1826 4559 υ
1855 4481 2062 4536 sionem
2090 4480 2292 4546 retulit,
2327 4496 2428 4535 nec
2457 4480 2627 4535 multo
2649 4489 2770 4550 post
2804 4481 3029 4536 nuntius
3070 4484 3443 4546 venit,dicens

150 4576 417 4647 praefatus
488 4575 647 4630 Pater
705 4592 830 4631 cum
894 4577 1163 4648 episcopis
1223 4577 1464 4635 llocleno
1528 4577 1745 4634 Cabilo-

152 4709 271 4790 laus
317 4707 622 4790 dragonius
647 4709 886 4790 ejusdem
914 4708 1186 4790 Cunfredi
1221 4709 1596 4790 Lugdunensis
1634 4724 1745 4790 me-

153 4780 400 4839 minerit,
434 4780 484 4832 in
515 4780 753 4847 antiquis
782 4781 1094 4848 pontificum
1136 4780 1497 4834 ltomanorum
1540 4780 1740 4834 Gestis.

223 4850 378 4917 (125)
411 4848 563 4919 llugo
592 4860 643 4903 et
675 4850 957 4913 Hernicus,
982 4860 1109 4904 ante
1139 4860 1345 4919 patrem
1378 4850 1593 4915 obiere;
1631 4850 1735 4917 pri-

152 4937 275 4978 tuns
303 4936 446 4975 anno
466 4920 617 4983 l057,
642 4921 696 4974 in
725 4920 861 4974 bello
882 4929 1071 4977 contra
1091 4924 1279 4974 ducem
1309 4919 1744 4984 Nivernensmm,

154 4992 349 5059 periit;
391 4992 657 5046 llenrieus
693 4990 861 5045 filium
915 5002 1039 5061 post
1089 5007 1147 5044 se
1180 4991 1397 5059 reliquit
1444 4990 1743 5059 llugonem,

152 5063 242 5126 qui
277 5078 380 5117 avo
408 5077 506 5117 suo
532 5062 768 5117 Roberto
795 5062 1059 5116 successit
1082 5062 1133 5117 in
1169 5062 1391 5125 ducatu,
1422 5062 1621 5117 frustra
1651 5062 1749 5114 oh-

156 5134 366 5187 nitente
396 5132 634 5186 Roherto
664 5142 1151 5201 patruo,tanquam
1181 5131 1570 5187 Robertiducis
1591 5132 1748 5186 tertio

157 5203 289 5257 lilio.
315 5204 372 5256 Si
401 5205 465 5257 de
490 5201 707 5259 ilenrici
746 5203 897 5258 caede
926 5204 1112 5257 haberi
1146 5212 1328 5272 posset
1344 5202 1748 5261 demonstratio

156 5274 365 5342 aliqua,
394 5275 534 5328 haud
586 5272 805 5326 dubium
850 5274 978 5341 quin
1038 5273 1125 5327 hic
1165 5274 1387 5329 deberet
1439 5274 1749 5329 nominatus

156 5344 344 5415 e_r_edi;
389 5359 537 5399 mors
575 5343 818 5413 llugonis
863 5344 1135 5412 quomodo
1174 5354 1364 5399 contra
1399 5345 1747 5415 llagauonem

158 5412 485 5469 Aiducnsem
518 5412 715 5469 causas
739 5415 1017 5469 turbarum
1057 5416 1185 5485 dare
1225 5417 1463 5484 potuerit
1487 5412 1617 5468 'non
1655 5431 1749 5485 ap-

158 5494 333 5605 }Mrel,
368 5486 467 5539 nisi
502 5486 590 5541 hic
616 5502 681 5538 ex
707 5485 1023 5539 Nivernensi
1056 5484 1258 5538 familia
1307 5486 1501 5551 fuerit;
1552 5494 1606 5540 et
1638 5484 1751 5554 ipse

187 5552 311 5605 luco
330 5573 437 5605 non
472 5566 578 5605 tam
608 5557 796 5605 ora-lio
815 5573 988 5605 tunsus
1012 5572 1175 5605 unum
1207 5557 1396 5605 fraude
1422 5556 1561 5605 mqu
1590 5556 1751 5605 fuerit.

164 5552 311 5629 llugo
330 5573 437 5609 non
472 5566 578 5610 tam
608 5557 796 5626 pra-lio
815 5573 988 5611 caesus
1012 5572 1175 5627 quam
1207 5557 1396 5612 fraude
1421 5556 1561 5613 ntala
1590 5552 1751 5612 fuerit

160 5633 535 5695 Interetnptus.

234 5696 381 5761 (ηδ)
422 5698 754 5753 Parriceiuut
804 5697 960 5769 vulgo
1022 5695 1227 5762 Parce,
1288 5700 1338 5754 in
1395 5699 1750 5761 Cenomanis,

166 5773 311 5823 tuus
344 5770 555 5824 Sartam
587 5771 827 5832 fluvium,
876 5771 927 5825 in
966 5770 1217 5826 confiniis
1249 5771 1476 5825 duratus
1504 5771 1751 5840 Andega-

1856 4571 2117 4642 migrasse
2143 4580 2413 4635 sanctum,
2445 4586 2605 4641 quem
2636 4572 2771 4625 visio
2800 4570 2943 4627 dicta
2968 4572 3282 4642 signaverat
3320 4574 3444 4628 ahi~

1849 4725 2053 4764 Vt'llSlS.

1921 4779 2070 4850 (127)
2111 4778 2380 4832 ltotlcnus
2421 4778 2650 4850 concilio
2673 4776 3021 4850 Cabiluneusi
3052 4775 3268 4843 praafuit
3299 4792 3448 4850 anno

1852 4847 2228 4919 1073,'justa
2277 4857 2430 4903 vetus
2483 4847 2790 4903 Chronieon
2852 4847 3247 4919 Matisconense
3297 4849 3439 4915 apml

1851 4917 2330 4980 Santmai‘thanos;
2382 4934 2446 4973 ex
2497 4934 2608 4987 quo
2661 4926 2878 4972 constat
2918 4917 3217 4987 iAieardutn
3275 4932 3441 4985 supra

1851 5000 2209 5046 memoratum
2246 5006 2353 5044 non
2383 4992 2471 5043 diu
2496 4986 2860 5058 supervixisse
2890 4986 3153 5058 ιέΕιΙιιριιεί
3186 4989 3437 5042 concilio.

1922 5060 2072 5130 (128)
2116 5060 2169 5113 Ιιι
2186 5060 2477 5130 diplomate
2506 5057 2784 5114 Paschalis
2816 5060 2878 5122 ll,
2906 5057 3170 5130 τιιιΛίΟέ),
3202 5058 3305 5113 col.
3335 5060 3441 5113 569

1922 5079 2072 5130 (ΙΖδ)
2117 5079 2236 5115 111111
2260 5079 2477 5115 nomine
2506 5079 2784 5114 rascnaus
2816 5079 2878 5122 ll,
2906 5079 3170 5123 τιιιοιιυυ,
3202 5079 3305 5113 CUI.
3335 5079 3437 5113 OOU

1851 5132 2214 5193 bihliothccm,
2242 5079 2463 5185 lVantoat
2485 5147 2596 5194 tlltl,
2631 5130 2770 5183 inter
2805 5131 3076 5199 prioratus
3097 5126 3437 5183 Cluniacensi

1853 5204 2034 5257 a'ihati
2064 5201 2329 5263 subditos,
2387 5202 2707 5271 primofl‘oco
2758 5200 3123 5271 nominatur;
3171 5215 3262 5271 an,
3298 5202 3439 5268 apud

1855 5274 2154 5331 ltuthenos.
2173 5273 2262 5327 ubi
2280 5268 2534 5343 oppidum
2552 5268 2739 5341 Nuyac
2754 5270 2960 5342 vulgari
2983 5270 3201 5325 nomine
3224 5269 3440 5343 signant

1890 5343 2182 5411 eographi?

1890 5362 1913 5396 ιξ
1993 5362 2028 5393 I"
2055 5360 2139 5396 illll
2164 5360 2182 5396 ἶ

1852 5361 1883 5415 8
2114 5414 2251 5480 Odo,
2284 5414 2569 5483 episcopus
2606 5411 2873 5468 Ostiensis
2903 5421 3121 5483 creatus
3160 5411 3306 5466 circa
3344 5427 3433 5466 an.

1860 5486 2017 5560 1οἹ’13
2047 5482 2204 5560 paulo
2240 5482 2361 5556 poSt
2389 5501 2521 5560 papa
2542 5500 2555 5549 ;
2580 5483 2738 5560 italis
2763 5482 3252 5560 Otthouscribitnr.‘
3276 5551 3289 5560 _
3397 5550 3409 5560 .

1926 5551 2327 5631 (150⁷)’.Ιριιςξιιη
2364 5551 2521 5631 vulgo
2562 5553 2792 5631 Jou_arr_e
2825 5556 2894 5631 in_
2908 5554 3125 5631 diteersi
3154 5551 3434 5631 Meldensi,

1856 5621 2361 5699 sanctimonialihtts
2396 5625 2503 5699 sub
2529 5626 2708 5699 regula
2748 5626 2807 5699 S.
2848 5623 3173 5699 Columbam
3214 5621 3441 5699 victuris

1856 5700 2131 5754 conditum
2154 5698 2222 5752 ab
2254 5696 2461 5765 Adone,
2487 5697 2545 5753 S.
2572 5693 2810 5755 Kudoeni
2839 5696 3027 5765 fratre,
3060 5703 3244 5766 postea
3281 5693 3435 5749 ordi-

1858 5786 1939 5825 n.s
1968 5769 2323 5825 Bcuedictini.
