3928 6298
549 339 658 395 9‘23

1625 327 1682 382 ὃ.
1726 325 2026 383 HUGONIS
2078 321 2364 381 ABBATiS
2403 323 2722 386 CLUNIAC.
3660 336 3731 393 911

556 458 760 507 turum.
817 451 908 508 Sic
960 461 1182 507 sanctns
1228 458 1282 502 et
1331 442 1606 501 miraculis
1662 440 2027 510 approbatus,
2085 444 2138 491 et
2167 418 2209 473 Α
2240 444 2414 490 tarum
2445 446 2644 500 textus,
2675 446 2726 491 et
2758 451 3091 506 gemmarum
3133 443 3335 505 series;
3383 437 3586 498 inferius
3609 459 3735 506 antu:

559 544 945 597 revelationmn
976 540 1332 598 sacramentis
1364 541 1829 606 praemonstratus,
1879 530 1931 582 in
1961 526 2136 581 medio

559 637 790 689 liliorttm
843 650 1070 704 corpore
1121 633 1426 692 defunctus,
1479 626 1766 680 sanctitate
1813 630 2126 692 perpetuus,

556 727 754 780 mutulo
781 726 1040 793 decessit,
1094 723 1318 778 Domino
1373 720 1522 783 vivit,
1577 715 1741 786 digne
1791 711 2032 782 sepultus
2082 709 2134 763 in

537 814 812 870 .Cluniaco
844 813 1022 883 jacet;
1059 813 1152 867 sed
1199 809 1599 864 institutionum
1631 805 1748 874 ejus
1775 799 2134 856 sanctimonia

554 913 852 975 permanet,
887 906 980 960 sed
1007 903 1212 960 ordinis
1241 899 1527 968 disciplina
1555 911 1717 966 quam
1740 893 1920 947 docuit
1939 905 2137 960 usque.

555 1011 772 1065 quaque
820 997 984 1066 viget,
1023 995 1117 1050 sed
1163 994 1216 1048 in
1276 988 1586 1047 coelestibus
1648 987 1960 1041 meritorum
2019 982 2136 1051 ejus

554 1103 753 1142 corona
779 1086 1021 1158 refulget.
1056 1087 1209 1156 litigo
1232 1086 1334 1139 iste
1358 1125 1373 1148 ,
1410 1096 1552 1136 anno
1581 1081 1706 1134 vita:
1747 1077 1814 1133 15
1843 1076 2134 1131 momchus

555 1178 755 1242 factus,
785 1178 856 1231 25
905 1179 1072 1231 abbas
1110 1185 1376 1238 sacratus,
1433 1172 1502 1227 35
1553 1171 1860 1234 defunctus,
1922 1183 1980 1221 ut
2029 1166 2135 1220 Ka-

553 1271 741 1323 lendas
763 1268 884 1322 Maii
912 1269 1114 1338 quievit
1146 1269 1197 1321 izt
1232 1267 1476 1330 Domino,
1503 1278 1645 1319 anno
1677 1260 1944 1316 incarnati
1967 1258 2130 1314 Verbi

555 1361 694 1416 1109
720 1361 892 1431 (151).

1174 1451 1402 1508 CAPUT
1439 1450 1522 1504 lll.

629 1545 712 1599 Ea:
743 1544 1042 1598 collectione
1070 1545 1314 1613 anonytni
1342 1543 1395 1596 in
1418 1548 1710 1611 prmuotata
1733 1536 2060 1592 bibliotheca.

628 1637 716 1690 12.
758 1635 848 1689 llle
876 1634 1175 1688 Wiltelmus
1215 1633 1362 1702 (l5?)
1399 1631 1694 1702 Anglorum
1755 1629 2024 1698 princeps.
2073 1627 2131 1680 S.

555 1727 833 1792 llugonem
869 1725 1159 1794 plurimum
1196 1723 1444 1794 diligens,
1486 1731 1774 1790 antequam
1807 1719 1928 1788 ejus
1970 1719 2134 1773 collo-

551 1817 678 1887 quio
701 1815 805 1870 frui
838 1815 1122 1885 potuisset,
1151 1829 1274 1868 cum
1310 1813 1552 1867 absentis
1577 1811 2003 1864 benedictionem
2042 1823 2136 1877 per

553 1909 784 1978 legatum
814 1907 962 1976 ejus,
1001 1905 1280 1960 dominum
1327 1903 1534 1958 scilicet
1574 1901 1988 1966 War-mundum,
2044 1899 2134 1968 qui

552 1997 894 2067 p.tstu~.olum
953 2011 1018 2050 ex
1071 1995 1304 2050 abbatia:
1357 1993 1604 2049 Dolensis
1637 1991 1783 2066 (l55)
1815 1989 2020 2060 gradu,
2069 1988 2137 2042 ad

552 2088 795 2146 Vienmn
827 2103 911 2142 em
943 2086 1464 2156 archiepiscopatum
1495 2081 1811 2137 conscendit
1837 2078 2009 2148 (151),
2043 2093 2138 2132 an-

553 2180 636 2234 dis
652 2187 743 2244 set,
761 2187 924 2246 atque
943 2177 1270 2246 suserpisset
1289 2176 1355 2230 ab
1380 2173 1466 2228 illo
1479 2173 1676 2226 donum
1699 2169 1972 2226 societatis
1993 2167 2135 2236 ejus,

552 2271 750 2340 pileutn
785 2268 1016 2340 regalem
1049 2269 1317 2337 deposuit,
1350 2275 1402 2320 et
1433 2274 1595 2334 caput
1642 2272 1787 2317 tanta
1837 2261 2138 2317 humilitate

553 2362 825 2423 submisit,
858 2376 922 2414 ac
957 2361 999 2414 si
1044 2375 1136 2428 per
1172 2358 1417 2426 angelum
1467 2356 1660 2409 divina:
1692 2355 1880 2423 gratia:
1918 2351 2138 2406 investi-

557 2462 644 2506 tus
669 2466 892 2504 munere
929 2449 1136 2504 fuisset.
1164 2448 1408 2515 Cumque
1439 2456 1666 2514 satrapa:
1687 2444 1803 2512 ejus
1829 2450 2131 2510 stuperent,

555 2539 684 2610 quia
710 2554 824 2594 rem
853 2547 1141 2596 cernerent
1187 2537 1402 2601 miram,
1434 2534 1657 2602 ejusque
1705 2533 1971 2586 cervicem
2001 2531 2136 2585 alias

555 2627 896 2684 inflexibilem
931 2628 1170 2680 viderent
1193 2625 1353 2680 nimis
1378 2623 1739 2687 humiliatam,
1783 2629 2139 2691 putarentque

556 2719 938 2789 inquirendum
981 2733 1100 2788 qua:
1145 2716 1335 2772 fuisset
1366 2729 1554 2779 causa,
1597 2728 1695 2768 cur
1744 2712 1877 2766 nihil
1929 2711 2138 2766 visibile

552 2812 846 2880 accipiens,
873 2825 998 2880 erga
1029 2824 1316 2878 pcrsrnam
1350 2806 1512 2860 talem
1561 2804 1634 2858 nil
1685 2803 2011 2858 tribuentem
2065 2802 2138 2856 ita

545 2903 896 2973 suriestatem
930 2903 1129 2972 regiam
1162 2899 1529 2964 exinanisset,
1574 2896 1869 2964 respondit,
1909 2893 2134 2949 dicens:

557 3015 577 3048 ι
625 2995 798 3051 Nolite
831 2995 1014 3049 mirari
1047 2993 1190 3062 quod
1235 3007 1321 3046 me
1362 3000 1468 3044 tam
1497 2990 1691 3044 devote
1734 2985 2135 3049 inclinavcrim,

555 3100 770 3158 tamque
801 3087 1121 3150 humillime,
1155 3085 1281 3154 quia
1323 3099 1490 3140 causa
1527 3091 1690 3136 tanta:
1739 3077 2136 3135 benedictionis

553 3190 611 3238 et
642 3180 976 3235 investitura:
1018 3176 1326 3247 ερτείηιὶιθι
1367 3175 1568 3247 exegit,
1620 3182 1679 3228 ut
1731 3173 1962 3227 facerem
1992 3168 2134 3240 quod

554 3267 857 3324 iaciendum
905 3265 1163 3336 judieavi.
1213 3264 1328 3319 Non
1358 3263 1502 3318 enim
1559 3270 1766 3315 tantum
1798 3273 1996 3314 munus
2037 3273 2138 3312 uu-

555 3376 719 3432 qziam
752 3359 989 3428 suscepi,
1021 3372 1120 3412 nec
1161 3358 1280 3428 ipso
1312 3357 1398 3411 die
1434 3367 1542 3409 tam
1573 3353 1773 3423 grande
1804 3351 2004 3422 aliquid
2055 3366 2140 3406 me

559 3451 866 3520 acquisisse
912 3449 1132 3520 putetis,
1179 3463 1285 3519 quo
1333 3446 1490 3514 hujus
1530 3445 1680 3516 regni
1712 3459 1966 3500 coronam
1996 3444 2137 3504 obti-

557 3543 672 3610 nui,
709 3543 854 3612 quia.
889 3543 1096 3596 cunctis
1143 3555 1261 3609 qua:
1319 3539 1489 3594 habeo
1533 3537 1796 3592 terminus
1827 3538 1931 3590 erit
1976 3536 2142 3590 relin-

557 3633 807 3705 quendis,
832 3633 972 3688 sicut
994 3632 1204 3685 initium
1230 3631 1331 3685 fuit
1355 3629 1662 3700 capiendis;
1693 3625 1930 3682 cmlestis
1959 3635 2138 3678 autem

556 3725 759 3795 glorize,
785 3723 939 3792 cujus
965 3725 1189 3777 arrham
1223 3719 1620 3792 quodammodo
1659 3717 1890 3786 suscepi,
1925 3716 2139 3785 quando

555 3833 586 3874 ε
604 3826 744 3872 mcto
766 3817 992 3887 collegio
1029 3831 1113 3871 me
1135 3812 1476 3870 Cluniacensi
1502 3811 1709 3872 miscui,
1742 3810 1862 3863 linis
1888 3823 2008 3863 esse
2033 3823 2139 3860 non

557 3909 773 3979 poterit.
807 3928 827 3961 ι
865 3907 938 3962 Ita
978 3906 1213 3978 prudens
1259 3901 1562 3957 Willelmus
1613 3899 2023 3970 pltilosOphatus
2076 3898 2142 3952 de

557 4001 814 4055 thesauro
838 3997 1016 4053 cordis
1046 3996 1152 4060 sui,
1183 4003 1462 4062 stuporem
1491 4005 1710 4045 suorum
1749 3987 1937 4056 majori
1969 3987 2140 4042 admi-

560 4087 768 4146 ratione
797 4088 1152 4160 compescuit,
1180 4095 1235 4141 et
1274 4085 1464 4141 oculos
1489 4082 1830 4138 saecularium
1882 4079 2140 4134 mentium

557 4198 626 4237 eo
647 4181 864 4248 direxit,
909 4191 968 4235 ut
1014 4185 1406 4249 cognoscerent
1439 4175 1628 4245 quanti
1667 4171 1948 4227 habendus
1997 4177 2142 4225 esset

563 4273 712 4342 llugo
750 4280 971 4326 sanctus
1029 4285 1290 4340 przesens,
1337 4268 1432 4339 qui
1469 4267 1602 4322 tanti
1651 4265 1868 4320 habitus
1903 4280 1933 4317 a
1992 4271 2141 4317 tanto

562 4363 755 4417 fuisset
782 4362 999 4416 absens.
1034 4361 1126 4415 llle
1171 4375 1363 4430 nempe
1415 4374 1509 4414 rex
1557 4359 1868 4412 attendebat
1926 4357 1977 4410 in
2023 4355 2141 4425 ejus

560 4451 830 4525 legatione
853 4453 981 4523 quid
1026 4451 1280 4521 ponderis
1309 4457 1475 4516 esset,
1527 4448 1654 4516 quid
1685 4446 1978 4508 commodi,
2010 4445 2139 4518 quid

561 4547 697 4601 lucri
737 4544 932 4600 animae
981 4558 1093 4600 sua:
1130 4543 1460 4612 proveniret,
1511 4539 1576 4605 si,
1617 4553 1712 4607 per
1741 4538 2139 4594 conniventiam

561 4637 842 4694 reverendi
890 4636 1104 4706 capitis,
1140 4642 1320 4705 posset
1366 4631 1797 4686 communionem
1855 4631 1987 4684 tanti
2026 4645 2146 4683 cor-

556 4728 705 4801 poris
731 4725 1046 4797 promereri.
1079 4726 1229 4780 'l'uuc
1267 4723 1412 4777 misit
1458 4738 1554 4778 rex
1616 4721 1812 4775 domno
1859 4719 2036 4773 abbati
2090 4727 2145 4773 ct

558 4831 718 4874 sacro
741 4815 1030 4870 conventui
1063 4830 1286 4884 capp-am
1333 4828 1471 4883 pene
1495 4827 1717 4867 auream
1745 4819 1935 4873 totam,
1963 4811 2012 4864 in
2040 4826 2142 4880 qua

561 4912 648 4964 vix
681 4909 783 4963 nisi
825 4923 1016 4962 aurum
1062 4914 1310 4977 apparet,
1342 4904 1425 4959 vel
1454 4903 1715 4958 electrum
1752 4903 1832 4957 vcl
1884 4903 2144 4971 margari-

633 5064 780 5134 (151)
822 5063 1121 5118 Nntahatur
1147 5061 1359 5134 quidem
1393 5060 1444 5112 in
1475 5059 1635 5112 editis
1667 5074 1838 5112 anuus
1868 5058 2142 5134 l108:se_d

562 5129 686 5189 cuin
714 5145 920 5189 certum
965 5135 1036 5187 sit
1066 5133 1122 5188 S.
1162 5129 1433 5200 litigoucm
1466 5139 1735 5200 tuo-tuum
1767 5143 1890 5182 esse
1930 5137 2058 5200 post;
2083 5129 2140 5181 S.

565 5203 898 5266 Auscimnm,
941 5215 994 5259 et
1023 5198 1324 5272 quidemin
1358 5199 1694 5272 hebdomade
1726 5200 1991 5272 paschali;
2014 5198 2143 5272 Δ1³³-

562 5276 690 5328 scha
728 5283 904 5327 autem
934 5267 1076 5328 anno
1113 5272 1250 5326 1108
1282 5271 1612 5324 celebratum
1650 5267 1814 5322 fuerit
1842 5268 1875 5321 5
1900 5267 2098 5338 Aprilis
2126 5285 2138 5321 :

563 5343 784 5425 cvideus
823 5352 1043 5414 apparet
1085 5344 1172 5399 hic
1202 5357 1321 5396 esse
1361 5339 1613 5396 mendum
1663 5339 1806 5408 quod
1862 5351 2143 5408 propterea

559 5429 919 5472 COl'l'l'XllllllS.

636 5484 785 5550 (L53)
816 5482 1130 5536 Guillelmus
1174 5482 1214 5545 l,
1261 5481 1329 5535 ob
1374 5497 1594 5552 regnum
1625 5479 1799 5552 armis
1823 5488 2141 5552 occupatum

558 5549 886 5626 Conanstor
915 5553 1110 5617 dictus,
1137 5556 1379 5626 regnavit
1408 5549 1472 5605 ab
1510 5569 1651 5605 anno
1670 5550 1837 5626 _lll68,
1856 5620 1866 5626 _
1888 5551 1952 5600 ad
1983 5549 2141 5614 1087,

561 5637 615 5681 et
655 5620 1023 5678 sitccrssorcm
1059 5624 1244 5675 habuit
1275 5622 1440 5675 lilium
1480 5621 1719 5676 secundo
1749 5620 2012 5688 genitum,
2045 5635 2138 5672 οι·

562 5706 852 5764 ;nmucnto
885 5693 1102 5759 lluluen,
1145 5694 1207 5747 de
1233 5693 1386 5760 cujus
1437 5702 1609 5747 morte
1645 5703 1823 5746 actum
1871 5706 2028 5760 supra
2089 5691 2140 5744 iu

567 5772 590 5816 \
612 5782 701 5822 tta.

2243 528 2478 596 undique
2511 529 2868 583 tintinnabula
2892 533 3192 586 resonantia
3217 531 3392 601 (155),
3417 533 3735 602 ipsaqneauret

2239 619 2505 686 pendent;
2533 620 2716 689 regina
2741 632 2920 675 autem
2952 621 3243 692 plauetam,
3269 624 3426 693 plane
3445 625 3737 694 dignissimam

2239 709 2486 763 mittente
2511 721 2560 764 et
2599 711 3015 780 accipientibus,
3043 715 3165 784 quia
3187 715 3268 769 sic
3291 715 3527 785 rigidam,
3543 720 3738 788 utplirari

2239 814 2344 854 non
2369 809 2572 868 posset.

2309 889 2396 943 15.
2436 890 2550 947 Rex
2579 892 2721 948 idem
2748 891 3396 964 Anglorum.Willelmus,
3443 896 3519 950 vir
3557 903 3740 970 magniﬁ-

2237 995 2332 1036 cus
2355 991 2412 1037 et
2434 984 2484 1036 in
2509 984 2679 1039 armis
2701 993 2972 1050 strenuus,
2990 995 3045 1041 et
3065 986 3291 1041 inﬁnitis
3309 987 3495 1055 opibus
3525 1005 3578 1043 ac
3597 991 3742 1047 viribus

2248 1073 2678 1140 potentissimus,
2709 1074 3083 1145 cumprzrfata:
3106 1077 3343 1146 regionis
3374 1078 3524 1148 potiri
3550 1083 3736 1150 coepisset

2241 1163 2465 1232 ejusque
2519 1180 2777 1220 coronam
2841 1169 2988 1238 regni
3043 1168 3187 1222 bello
3239 1169 3572 1236 obtinuisset,
3614 1174 3740 1228 volent

2237 1253 2396 1320 digne
2421 1255 2767 1326 episcopatus
2796 1268 2856 1312 et
2879 1258 3132 1316 ahbatias
3171 1268 3335 1315 terra:
3375 1260 3510 1316 illius
3535 1265 3738 1326 ordinare.

2178 1384 2186 1391 .
2238 1346 2384 1400 misit
2439 1347 2648 1404 litteras
2711 1350 3076 1407 illustrissimo
3131 1353 3317 1408 abbati
3373 1355 3431 1409 S.
3475 1355 3668 1427 llugooi,
3706 1371 3741 1415 et

2237 1439 2513 1493 mandavit
2533 1439 2582 1494 ei
2615 1440 2994 1511 supplicando,
3027 1452 3086 1497 ut
3111 1460 3202 1498 sex
3234 1445 3286 1500 ci
3314 1459 3563 1516 personas
3602 1450 3742 1519 dirige-

2239 1537 2318 1583 t‘cl
2345 1544 2414 1583 ex
2438 1529 2692 1586 fratribus
2726 1535 2953 1596 nostris,
2985 1549 3214 1603 quorum
3247 1535 3478 1590 consilio
3502 1552 3636 1607 agere
3659 1556 3742 1608 ροςρ

2241 1631 2367 1688 set,
2423 1623 2684 1693 quidtptil
2749 1625 2822 1678 illi
2890 1626 2960 1681 de
3015 1626 3274 1682 Ecclesiis
3323 1627 3614 1685 ordinandi:
3654 1631 3745 1687 foret

2239 1714 2528 1780 agendum,
2565 1716 2751 1786 eiSque
2777 1717 3078 1772 rectoribus
3106 1719 3420 1774 constitutis
3441 1735 3633 1777 secunts
3651 1735 3746 1777 esset

2240 1802 2306 1856 de
2330 1803 2527 1858 ovibus
2544 1805 2915 1860 custodiendis
2943 1815 3109 1874 atque
3141 1809 3413 1877 regendis.
3452 1808 3634 1878 Adiecit
3653 1827 3747 1879 quo-

2239 1906 2342 1960 que
2369 1908 2428 1946 se
2459 1893 2712 1947 daturum
2759 1909 2854 1962 pro
2895 1895 3120 1964 singulis
3147 1897 3362 1964 argenti
3411 1897 3564 1951 libras
3593 1911 3746 1952 ceruum

2241 1985 2531 2053 quotannis
2578 1985 2859 2052 Cluniaco,
2889 1986 2992 2040 sub
3039 1987 3194 2040 titulo
3226 1988 3482 2042 arnicitia:
3522 1997 3569 2042 et
3596 1990 3746 2059 gratia,

2241 2092 2308 2131 ne
2343 2076 2482 2132 forte
2512 2090 2653 2133 esset
2686 2095 2851 2150 grave
2875 2095 3032 2136 sacro
3060 2080 3180 2136 loco
3205 2097 3402 2137 carere
3426 2084 3747 2152 personisslis,

2241 2178 2296 2222 et
2332 2183 2520 2223 earum
2573 2170 2808 2226 fructum
2869 2171 3120 2243 perdere.
3175 2171 3285 2229 Sed
3319 2173 3412 2243 qui
3458 2183 3638 2244 emptor
3668 2175 3748 2229 ﬁeri

2239 2261 2432 2327 voluit,
2465 2277 2571 2318 non
2611 2265 2809 2334 potuit,
2837 2265 2964 2335 quia
3021 2266 3418 2320 monachorum
3463 2283 3559 2321 non
3606 2268 3749 2320 invenit

2242 2353 2602 2408 venditorem.
2653 2355 2956 2424 Respondit
3000 2359 3143 2412 enim
3203 2359 3549 2428 phil050phus
3591 2359 3749 2420 Christi,

2241 2446 2334 2516 qui
2367 2446 2656 2500 animabus
2683 2446 2910 2503 fratrum
2960 2449 3034 2503 nil
3058 2451 3326 2506 censebat
3360 2451 3748 2519 comparandum:

2247 2554 2266 2588 ι
2303 2536 2526 2603 Pctitio,
2556 2537 2754 2606 inquit,
2794 2548 2998 2604 vestra,
3044 2540 3266 2596 domine
3320 2557 3434 2602 rex,
3463 2542 3691 2595 descendit
3708 2556 3751 2594 ex

2242 2625 2380 2688 bona
2403 2617 2698 2691 voluntate,
2733 2629 2827 2698 qui
2850 2629 3014 2684 vultis
3047 2638 3268 2701 gentem
3296 2630 3446 2685 vobis
3487 2646 3514 2684 a
3553 2629 3645 2684 Deo
3678 2639 3753 2682 tra-

2242 2715 2408 2770 ditam
2445 2716 2514 2770 ad
2548 2715 2779 2772 salutem
2810 2733 2964 2773 suam
3008 2718 3292 2774 ordinare.
3343 2717 3528 2774 Verum
3571 2717 3753 2772 sicutdi-

2242 2823 2407 2878 gnum
2446 2816 2535 2863 cst
2562 2819 2761 2864 vestra:
2789 2809 3058 2880 majestati
3093 2811 3242 2881 quod
3278 2811 3522 2883 poscitis,
3552 2810 3614 2864 ita
3654 2809 3753 2878 quod

2243 2900 2544 2970 injungitis,
2579 2903 2938 2974 incongruum
2973 2917 3054 2962 est
3082 2917 3290 2962 nostra:
3321 2907 3480 2962 saluti
3509 2905 3749 2967 utanintas,

2243 3008 2378 3062 quas
2403 2994 2455 3046 in
2487 2994 2725 3064 periculo
2747 2996 2942 3051 anima:
2981 3013 3113 3053 mea:
3138 3005 3193 3052 et
3223 2999 3425 3068 capitis
3453 2997 3550 3053 mei
3579 2998 3750 3064 uisceri,

2244 3085 2474 3140 vendam
2517 3087 2718 3142 terreni
2762 3089 3100 3144 mercimonii
3154 3091 3479 3160 cupiditate,
3514 3097 3563 3143 et
3601 3087 3749 3142 mittam

2246 3175 2302 3228 in
2328 3176 2716 3245 perditionem,
2741 3187 2836 3232 aut
2862 3176 3172 3249 generalem
3219 3191 3317 3236 aut
3348 3181 3628 3252 specialem,
3652 3179 3752 3232 vide-

2239 3265 2368 3322 licet
2399 3267 2488 3322 ubi
2521 3279 2616 3322 aut
2647 3283 2839 3324 omnes
2874 3281 2970 3324 aut
3009 3271 3174 3341 aliqui
3227 3287 3421 3327 eorum
3476 3279 3678 3342 pereant,
3711 3277 3749 3320 et

2239 3374 2342 3431 ego
2362 3374 2461 3429 pro
2484 3361 2589 3416 illis
2618 3363 2880 3416 rationem
2911 3363 3020 3418 Deo
3055 3364 3304 3433 reddam,
3335 3364 3472 3435 apud
3497 3379 3632 3434 quem
3655 3359 3746 3414 nihil

2240 3452 2384 3508 valet
2413 3467 2629 3519 aurum,
2664 3454 2907 3524 nihilque
2949 3457 3169 3524 prodest
3200 3467 3504 3528 argenturm,
3531 3465 3609 3510 aut
3636 3469 3748 3521 argu-

2240 3552 2480 3598 mentum
2509 3559 2662 3599 vanre
2709 3546 3103 3620 excusationis.
3135 3547 3428 3614 Quomodo
3466 3561 3579 3615 ergo
3615 3545 3751 3598 faciam

2240 3649 2339 3704 pro
2375 3633 2482 3688 ullo
2518 3650 2764 3700 munere,
2796 3636 2940 3705 quod
2984 3635 3028 3690 si
3060 3635 3308 3690 facerem
3339 3652 3436 3706 pro
3469 3644 3569 3690 toto
3593 3635 3750 3691 murteo.

2243 3725 2374 3779 mihi
2408 3741 2594 3794 parum
2623 3736 2790 3794 esset,
2815 3741 2938 3781 cum
2969 3741 3066 3796 pro
3097 3742 3206 3780 uno
3252 3743 3324 3782 ev
3356 3729 3435 3783 eis
3457 3726 3634 3798 perdito
3655 3724 3752 3792 peri-

2242 3817 2402 3870 rem?
2427 3815 2565 3883 Quid
2597 3818 2740 3871 enim
2775 3818 2988 3888 proficit
3015 3817 3219 3872 homini
3259 3819 3310 3874 si
3343 3820 3622 3874 univcrsqu
3643 3831 3751 3870 ninn-

2242 3907 2368 3962 dum
2409 3907 2673 3974 lucretur,
2705 3909 2942 3978 seipsum
2975 3917 3158 3964 autem
3208 3911 3426 3980 perdat,
3453 3920 3504 3966 et
3533 3907 3751 3964 detrimen-

2244 4005 2355 4050 tum
2381 3996 2463 4051 sui
2498 3996 2707 4051 faciat?
2735 3998 2953 4066 (Matth.
2982 4014 3092 4065 XVI,
3116 3998 3232 4069 26.)
3285 3999 3472 4070 Igitur,
3511 3996 3751 4053 charissim

2243 4083 2484 4151 domine,
2516 4087 2619 4140 hoc
2643 4086 2810 4141 nolite
2833 4103 2864 4141 a
2915 4103 3002 4142 me
3026 4103 3299 4158 quaerere,
3323 4089 3464 4158 quod
3501 4087 3648 4141 favere
3679 4082 3748 4136 nisi

2243 4191 2367 4231 cum
2405 4175 2710 4244 perditione
2741 4191 2859 4230 mea
2896 4193 3002 4232 non
3030 4193 3282 4248 possum,
3318 4179 3442 4248 quia
3480 4177 3606 4232 nullo
3627 4173 3749 4245 pretio

2241 4267 2363 4322 volo
2394 4268 2626 4322 animam
2651 4283 2825 4324 meam
2851 4271 3385 4342 vcnumdare,quam
3413 4269 3750 4340 profeczotem-

2243 4357 2347 4410 lem
2376 4358 2582 4420 darem,
2617 4358 2660 4412 si
2714 4374 2876 4412 unum
2911 4377 2975 4414 ex
3026 4361 3288 4417 fratribus
3342 4361 3470 4416 mihi
3516 4355 3746 4415 commissis

2246 4448 2513 4504 mitterem
2539 4449 2627 4504 ubi
2663 4448 2808 4504 illum
2832 4451 3139 4520 perderem,
3163 4462 3215 4506 et
3250 4453 3503 4509 libentius
3531 4466 3614 4522 ego
3638 4462 3747 4520 petu-

2245 4541 2391 4595 uiam
2451 4541 2635 4595 darem
2675 4555 2774 4610 pro
2822 4543 3206 4612 comparandis
3258 4545 3568 4608 monachis,
3610 4540 3748 4610 quibns

2246 4631 2399 4686 valde
2423 4631 2635 4699 in.!igeo
2658 4649 2752 4702 per
2773 4633 2988 4688 diversa
3021 4634 3134 4688 loca
3158 4651 3188 4688 a
3213 4652 3300 4689 tne
3326 4634 3746 4698 ordiuanda,quant

2246 4735 2342 4790 pro
2387 4736 2569 4776 eorum
2609 4723 2918 4778 venditione
2968 4725 3292 4793 acciperem.
3327 4725 3476 4791 Quod
3505 4723 3625 4778 enim
3645 4714 3745 4784 capi-

2246 4813 2413 4867 talum
2441 4823 2685 4869 nostrum
2711 4815 2764 4869 in
2789 4815 3034 4884 partibus
3072 4815 3178 4870 illis
3209 4817 3480 4882 timerent,
3503 4813 3581 4868 ubi
3603 4807 3746 4864 nullum

2247 4911 2495 4963 viderent
2523 4919 2769 4963 nostrum
2813 4909 3225 4974 monasterium,
3277 4911 3346 4966 ad
3400 4909 3543 4979 cujus
3589 4912 3744 4974 portati

2233 5079 2235 5082 ‘
2317 5062 2467 5129 (l53)
2509 5060 2756 5116 Dolensis
2783 5077 2876 5116 seu
2910 5061 3316 5132 Burgidolensis
3343 5053 3747 5132 abbatia,_in_lliltl-

2246 5122 2460 5200 rigihus'
2496 5133 2560 5184 ad
2593 5132 2810 5184 fluvium
2842 5122 3124 5195 Andriam,
3165 5132 3363 5184 sarculo
3405 5126 3637 5200 superiori
3661 5122 3745 5173 lun-

2245 5203 2371 5256 data
2401 5202 2594 5263 fuerat,
2611 5201 2858 5254 abbatem
2875 5212 3056 5255 autem
3087 5204 3228 5256 hunc
3241 5199 3610 5255 Warmundutu
3636 5203 3746 5246 acce-

2245 5280 2399 5342 perat
2422 5272 2565 5325 circa
2597 5286 2798 5324 annum
2830 5272 2988 5342 1071,
3024 5340 3033 5342 Α
3214 5339 3271 5342 __7
3486 5339 3496 5342 _
3629 5332 3667 5342 η
3719 5330 3726 5336 ε

2317 5342 2465 5411 (tot)
2493 5342 2635 5394 ldem
2673 5355 2814 5394 anno
2849 5341 2983 5394 1077
3014 5340 3186 5394 factus
3214 5339 3526 5394 Viennensis
3547 5332 3746 5397 arcltiepi'

2244 5427 2459 5478 scopus,
2488 5411 2753 5480 superfuit
2777 5425 2948 5480 usque
2971 5412 3036 5464 ad
3070 5428 3159 5465 an.
3187 5411 3338 5464 1085.
3601 5474 3624 5480 __
3684 5468 3718 5480 Α,

2317 5474 2464 5550 (liii)
2489 5474 2806 5551 ‘llujusmodi
2829 5474 3186 5535 tintinnalmla
3215 5482 3390 5551 adhuc
3409 5479 3576 5533 videre
3599 5474 3692 5551 licet
3710 5474 3744 5551 ut

2247 5537 2642 5621 aniiqui'oribits
2698 5552 3155 5621 Aquisgranensis
3201 5550 3441 5606 ecclesia:
3487 5537 3745 5621 cappiS._0b

2248 5609 2417 5678 solia's
2449 5623 2732 5676 vetustatis
2757 5609 3176 5679 ὼδιῖἷιιςειὶυιιυιιι
3206 5631 3255 5676 et
3301 5609 3636 5676 Ostensiuucnt
3679 5609 3745 5662 lt:-

2248 5706 2435 5749 etenus
2470 5693 2780 5748 reservatis.
2864 5692 2869 5696 ’
