3928 6298
118 363 220 418 925

113 568 525 640 itaquejubete,
555 575 613 620 et
630 566 893 620 sustinete
925 566 1027 620 hoc
1055 564 1348 634 patienter,
1397 563 1440 618 si
1474 578 1576 616 non
1607 578 1703 632 po-

115 671 225 716 test
262 661 378 715 fieri
410 675 533 714 cum
568 657 746 713 salute
801 657 961 710 amici
1011 656 1176 710 vestri
1210 695 1225 720 ,
1270 656 1432 724 quod'
1472 654 1702 723 petistis.

113 749 320 805 Valete.
363 769 381 801 ι
412 748 524 804 lloc
555 748 836 816 rescripsit
863 747 984 817 pius
1015 745 1181 799 Palcr
1211 746 1322 816 regi
1373 745 1449 799 illi
1480 745 1700 798 eximio.

111 827 218 909 Qui
273 840 448 912 primo
494 824 851 893 vehementer
905 835 1218 906 indignatus
1271 849 1370 904 pro
1417 836 1520 914 leo,
1561 835 1706 903 quod

109 941 267 988 esset
315 930 630 1002 repudiatus
668 929 720 984 in
753 943 914 1000 prece
959 943 1058 982 sua
1106 941 1227 981 cum
1268 933 1417 980 tanto
1461 940 1704 990 munere,

107 1035 239 1094 post
277 1024 516 1079 furorem
559 1023 718 1078 rediit
765 1022 830 1076 ad
869 1029 1131 1085 mentem,
1166 1019 1529 1090 coguovitque
1565 1020 1709 1073 hunc

108 1116 388 1172 hominem
421 1115 512 1170 Dei
543 1129 670 1169 vere
699 1112 913 1167 cunctis
945 1111 1376 1182 praeferendum;
1411 1109 1496 1164 cui
1529 1108 1710 1166 nullus

105 1207 389 1278 appetitus
421 1221 602 1260 rerum
643 1203 1024 1274 temporalium
1067 1201 1473 1266 dominabatur,
1503 1201 1708 1270 quique

105 1279 418 1354 animarum
442 1297 672 1352 salutem
704 1297 852 1352 omni
885 1310 1018 1349 auro
1048 1292 1532 1362 incomparabilem
1577 1309 1707 1348 cen-

103 1373 294 1458 sebat,
329 1393 560 1461 ideoque
593 1391 765 1459 ipsum
797 1388 926 1442 nulli
954 1387 1176 1442 omnino
1219 1385 1507 1456 potestatis
1536 1384 1707 1439 alicu-

102 1487 201 1554 jus
224 1498 470 1555 persona:
499 1480 944 1550 comparabilem,
972 1478 1100 1548 quia
1144 1477 1289 1530 nulla
1327 1474 1626 1545 cupiditate
1678 1489 1707 1528 a

108 1586 266 1632 tecto
293 1575 430 1630 calle
483 1572 775 1630 ﬂexibilem
818 1586 878 1628 se
917 1579 1014 1624 aut
1059 1567 1373 1623 mutabilem
1411 1566 1707 1636 przebebat.

103 1669 394 1724 Convertit
418 1683 550 1737 ergo
573 1681 633 1722 se
662 1666 731 1722 ab
765 1661 1134 1734 indignatione
1167 1660 1234 1714 ad
1263 1657 1709 1723 admirationem,

103 1759 384 1830 repulsam
410 1759 663 1814 videlicet
689 1772 846 1812 suam
888 1753 1110 1816 maioris
1143 1749 1369 1816 faciens,
1409 1764 1574 1821 quam
1618 1765 1709 1804 sn-

104 1853 452 1922 sceptionetn
485 1850 728 1914 fecisset,
761 1848 805 1903 si
851 1847 1138 1903 exauditus
1176 1844 1388 1900 fuisset.
1428 1843 1708 1912 Repressit

105 1945 284 2015 igitur
313 1943 449 1998 iram
483 1956 604 2012 quae
631 1941 890 2004 irruerat,
913 1937 1294 2008 acquievitque
1311 1934 1706 2004 rationi,quam

102 2037 372 2107 cogitavit
396 2045 686 2106 postquam
714 2033 938 2089 recessit
965 2030 1306 2102 perturbatio
1340 2028 1559 2107 mentis.

176 2105 270 2183 l4.
311 2105 580 2196 Tempore
625 2126 860 2195 quodam
916 2123 1066 2193 (156)
1110 2134 1335 2176 necesse
1378 2105 1477 2173 fuit
1518 2107 1708 2174 sancto

101 2219 228 2274 viro
251 2233 350 2289 pro
380 2217 594 2272 tuendis
625 2216 750 2270 filiis
781 2215 847 2270 ad
899 2213 1200 2269 Ecclesiatn
1233 2221 1464 2267 matrem
1513 2225 1704 2266 recur-

101 2325 250 2376 rere,
281 2319 336 2364 et
361 2309 617 2364 Romana:
649 2308 794 2363 sedis
833 2306 1200 2377 patrocinium
1231 2291 1521 2360 advocare.
1562 2303 1708 2371 Qua-

103 2412 333 2475 prepter
375 2401 528 2457 urbis
555 2401 700 2455 illius
743 2399 1010 2470 refugium
1049 2408 1265 2467 petens,
1296 2411 1492 2466 magno
1521 2396 1708 2450 labore

102 2504 161 2549 et
187 2494 516 2550 dillicultate
542 2507 573 2546 a
604 2491 775 2546 latere
821 2492 974 2560 papae
1019 2489 1267 2544 avulsmn
1321 2490 1577 2543 domuum
1609 2486 1708 2541 Pe-

105 2595 279 2650 trum,
307 2583 648 2638 Hostiensem
685 2579 935 2635 videlicet
964 2580 1300 2649 episcopum,
1326 2591 1707 2652 -cognomento

104 2677 460 2744 Damianum,
508 2675 766 2740 obtinuit,
817 2683 875 2729 ut
917 2675 1022 2729 sibi
1077 2674 1302 2729 daretur
1358 2690 1458 2744 pro
1513 2689 1709 2744 magno

103 2770 277 2825 Petro
308 2768 678 2837 pradiaturus,
719 2775 772 2821 et
813 2765 1157 2820 adversarios
1195 2774 1574 2835 prostraturus
1604 2768 1710 2820 mi-

103 2864 276 2922 rabili
302 2878 396 2918 sua
425 2863 710 2933 prudentia
742 2869 906 2931 atque
929 2860 1179 2916 facundia
1211 2861 1381 2932 (l57).
1407 2860 1535 2915 Erat
1559 2877 1711 2915 nam-

99 2969 213 3024 quc
239 2955 324 3008 vir
346 2954 432 3007 ille
458 2951 798 3007 abstinentia:
827 2950 1117 3021 singularis
1151 2967 1274 3015 usu,
1306 2959 1360 3005 et
1403 2950 1705 3004 ferrcorum

101 3047 450 3104 vinculorum
492 3061 632 3100 nexu
677 3045 912 3114 uniique
939 3044 1016 3100 sic
1049 3046 1288 3109 attritus,
1315 3053 1372 3099 ιιι
1401 3044 1490 3100 vix
1523 3053 1709 3115 posset

1649 353 1831 409 Vl'l‘A.

115 475 386 550 applicare
439 473 681 528 valerent
731 471 816 526 vel
873 467 1176 542 constringi
1234 471 1496 540 possent?
1555 469 1710 522 A‘lind
1744 478 1786 529 Α

3294 366 3398 423 926

1891 472 1978 526 15.
2015 473 2318 544 Aliquando
2367 490 2497 531 sane
2543 475 2822 547 judicabat
2865 476 3114 534 ciborum
3165 480 3397 548 cupiam,

1809 561 2103 633 aliquando
2129 564 2431 620 mirabatur
2460 566 2602 622 hanc
2637 569 3013 639 jejnnantibns
3041 571 3231 626 deesse
3275 587 3401 642 gra-

1813 654 1968 724 tiam,
2014 669 2174 723 quam
2229 656 2351 712 illos
2398 657 2600 714 habere
2645 659 2878 714 videbat.
2929 661 3307 718 Verumtamen
3352 663 3397 717 si

1813 744 1926 799 Iieri
1957 756 2165 816 posset,
2183 745 2322 802 sicut
2351 749 2466 818 ipse
2488 750 2723 819 dicebat,
2755 762 2811 808 ut
2836 761 3062 822 utraque
3077 755 3250 808 virtus
3271 754 3399 810 obe-

1811 835 2029 892 dientia:
2077 847 2133 893 et
2159 837 2503 896 abstinentia:
2548 844 2859 898 sociaretur.
2901 845 2952 898 in
2988 845 3090 909 eis,
3129 854 3241 899 ttttn
3271 861 3399 916 pro-

1814 926 1957 983 fecto
1984 929 2116 986 nihil
2144 931 2455 999 apostolicae
2493 933 2803 989 defuturum
2855 935 3223 1005 perfectionis.
3279 937 3393 1006 Qua

1811 1027 1876 1071 ue
1905 1032 1962 1073 re
2007 1020 2333 1075 conveniens
2375 1020 2634 1075 donmum
2669 1023 2917 1080 abbatem
2964 1027 3398 1098 obsecrabat,lut

1811 1127 1839 1163 a
1867 1111 2132 1182 sagimine
2157 1111 2366 1167 duabus
2393 1113 2572 1168 saltim
2602 1114 2752 1172 feriis
2781 1133 2839 1172 se
2866 1120 3279 1189 suspenderent,
3303 1121 3393 1190 qui

1811 1201 1864 1273 in
1893 1192 2103 1258 caeteris
2128 1212 2236 1257 tam
2267 1203 2490 1274 perfecti
2519 1217 2723 1270 essent,
2761 1216 2821 1261 ut
2869 1210 3215 1265 auachoretis
3240 1211 3395 1278 nihil

1811 1293 2091 1348 deberent.
2135 1293 2233 1350 Cui
2259 1297 2596 1352 venerandus
2630 1297 2802 1370 litigo,
2833 1300 3178 1370 discretionis
3213 1313 3396 1359 custos

1811 1385 2104 1455 egregius:
2169 1405 2188 1436 ι
2237 1385 2318 1452 Si,
2373 1387 2573 1458 inquit,
2626 1388 2789 1444 Pater
2835 1391 3182 1459 charissime,
3234 1393 3392 1448 vultis

1811 1490 2009 1546 augere
2041 1476 2198 1532 nobis
2238 1491 2497 1534 coronam
2530 1481 2794 1536 mercedis
2829 1495 2926 1550 per
2971 1482 3398 1550 additamentum

1805 1565 2022 1637 jejunii,
2059 1576 2263 1624 tentate
2310 1570 2464 1640 prius
2513 1571 2797 1627 nobiseum
2839 1573 3053 1644 pondus
3083 1575 3288 1632 laboris
3318 1578 3397 1632 vel

1812 1676 1909 1730 per
1940 1670 2064 1716 octo
2113 1662 2321 1716 dierum
2352 1664 2610 1731 spatium,
2661 1675 2717 1719 et
2762 1664 3018 1736 deinceps
3060 1669 3400 1726 aestimabitis

1811 1737 1952 1820 quid
1987 1749 2349 1817 adjiciendum
2393 1766 2619 1808 censere
2660 1753 2924 1810 debeatis.
2981 1755 3116 1810 Nam
3158 1758 3400 1826 quandiu

1811 1835 1916 1899 non
1947 1839 2293 1914 gustaveritis
2319 1845 2675 1914 pulmentum,
2711 1849 2925 1904 nescire
2967 1851 3212 1918 poteritis
3255 1852 3400 1920 quod

1810 1934 1993 2004 exigat
2019 1935 2424 1990 condimentum
2445 1936 2595 2004 salis,
2625 1946 2679 1994 et
2704 1938 2748 1993 si
2777 1954 2880 1993 non
2908 1940 3261 1996 adhibueritis
3293 1941 3400 1995 sal-

1811 2034 1915 2080 tem
1942 2025 2224 2082 minimum
2257 2028 2483 2100 digitum
2509 2040 2768 2094 vestrum,
2789 2048 3125 2102 nequaquam
3149 2032 3400 2101 judicare

1809 2118 1875 2173 de
1903 2133 2068 2174 onere
2102 2105 2346 2174 fraterno
2366 2119 2598 2177 discreto
2638 2137 2701 2176 ac
2729 2124 2887 2194 digne
2910 2124 3180 2178 valebitis.
3221 2145 3239 2177 ι
3268 2125 3400 2190 Qui-

1807 2209 1908 2265 bus
1929 2209 2018 2266 ille
2040 2212 2256 2276 auditis,
2282 2213 2522 2267 sentiens
2550 2213 2711 2268 fascis
2741 2215 3043 2285 hujusmodi
3075 2217 3399 2285 gravitatem

1807 2303 1921 2358 suis
1946 2303 2155 2359 viribus
2179 2304 2598 2375 importahilem,
2624 2308 2860 2361 cessavit
2887 2323 2914 2360 a
2939 2308 3198 2377 petitione
3221 2308 3402 2378 ingra-

1811 2395 1973 2450 vandi
2017 2395 2294 2465 ponderis,
2337 2404 2394 2450 et
2432 2396 2781 2466 semetipsum
2826 2397 2992 2466 coepit
3032 2407 3398 2468 repercutere,

1813 2489 1954 2544 unde
1993 2489 2129 2544 alios
2156 2487 2320 2545 ferire
2349 2489 2534 2555 voluit,
2579 2490 2706 2559 quia
2744 2491 2997 2558 sagittam
3039 2492 3105 2547 ad
3144 2507 3239 2548 eos
3282 2492 3402 2548 sine

1810 2599 1908 2638 suo
1939 2583 2162 2638 vulnere
2190 2584 2433 2653 nequivit
2481 2584 2736 2660 dirigere,
2785 2584 3091 2656 intelligens
3141 2601 3398 2657 maguum

1808 2689 1928 2730 esse
1955 2690 2180 2744 pensum
2219 2675 2370 2740 illud,
2405 2691 2468 2730 ac
2496 2675 2691 2730 debere
2719 2674 2966 2731 sullteere
3016 2677 3160 2746 quod
3210 2692 3404 2746 appre-

1810 2769 2049 2823 hendere
2077 2769 2191 2838 ipse
2215 2783 2320 2822 non
2351 2776 2554 2838 posset,
2580 2769 2670 2837 qui
2699 2769 2752 2821 in
2777 2776 2928 2823 tanto
2949 2768 3230 2823 videbatur
3257 2777 3403 2824 stare

1809 2859 2071 2913 virtutum
2117 2859 2374 2914 culmine.
2434 2859 2693 2914 Eruditus
2745 2859 2927 2927 itaque
2966 2859 3186 2928 praesul,
3230 2859 3401 2913 multo

1811 2950 2076 3005 eruditior
2095 2951 2256 3005 rediit
2285 2965 2448 3020 quam
2474 2951 2641 3017 venit,
2685 2964 3050 3020 magnumque
3085 2951 3398 3005 thesaurum

1811 3039 2076 3112 fugiendae
2106 3041 2281 3095 inanis
2310 3040 2494 3110 gloriae
2521 3050 2576 3096 et
2613 3041 2954 3110 capessenda:
2995 3055 3135 3096 vera:
3180 3041 3399 3096 humili-

103 3137 342 3193 inveniri
379 3136 594 3204 modus,
639 3151 744 3206 quo
765 3136 882 3204 ejus
909 3137 1155 3206 corporis
1187 3136 1534 3190 imbecillitas
1559 3135 1707 3191 fove-
1737 3172 1777 3227 Ο
1814 3132 1939 3188 tatis
1965 3147 2148 3187 secum
2187 3131 2504 3203 reportavit.

101 3242 284 3298 retur,
335 3233 401 3287 ad
437 3233 710 3301 equitandi
745 3249 881 3287 onus
927 3247 1088 3303 grave
1133 3241 1426 3296 utcumque
1470 3229 1706 3285 toleran-

102 3327 236 3380 dum
275 3324 446 3396 (I38).
479 3325 542 3380 Et
568 3324 696 3394 quia
732 3321 832 3377 levi
870 3322 1187 3394 plerumque
1223 3318 1478 3375 seandalo
1507 3318 1705 3373 offendi

99 3425 346 3489 poterat,
389 3431 608 3470 necesse
656 3415 890 3470 habebat
935 3429 1076 3484 smpc
1133 3413 1311 3482 aliqua
1340 3411 1709 3467 satisfactione

100 3508 340 3579 placari.
367 3507 445 3561 Ad
473 3523 634 3577 quam
664 3524 773 3561 rem
799 3505 1127 3562 venerabilis
1157 3507 1306 3576 llugo
1357 3503 1431 3559 ita
1469 3519 1527 3558 se
1557 3504 1708 3558 incli-

101 3598 296 3662 nabat,
346 3607 402 3650 ιιι
429 3598 545 3666 ejus
587 3599 824 3652 animum
875 3597 1199 3652 reformaret
1245 3596 1311 3650 ad
1356 3594 1711 3664 tranquillita-

103 3699 249 3754 tem,
282 3703 345 3743 ac
382 3690 426 3743 si
461 3689 599 3744 alter
653 3689 916 3746 Martinus
965 3697 1126 3755 esset,
1177 3687 1266 3758 qui
1308 3687 1438 3741 nihil
1495 3697 1709 3758 putaret

102 3778 603 3849 indignum,qnod,
622 3780 897 3834 humilitas
943 3781 1209 3850 agendum
1259 3778 1528 3833 suaderet.
1573 3776 1706 3832 Cum

99 3885 148 3924 θ’
166 3881 245 3940 go
276 3868 509 3924 venisset
556 3869 872 3924 Cluniacum
917 3871 1056 3923 alter
1108 3869 1195 3923 ille
1238 3866 1550 3939 Gregorius,
1613 3883 1709 3937 per

100 3955 436 4027 eloquentiae
492 3957 819 4022 ubertatem,
852 3973 958 4012 non
1019 3966 1198 4012 tamen
1258 3973 1352 4028 per
1400 3957 1709 4028 apostolica:

103 4051 240 4103 vita:
267 4049 654 4119 :equalitatem,
684 4049 1018 4118 vidissetque
1044 4049 1438 4104 humanitatem
1469 4059 1521 4103 et
1546 4049 1709 4104 disci-

100 4141 337 4212 plinam,
368 4141 687 4212 virgamque
735 4149 790 4196 et
837 4140 1090 4196 baculum
1145 4141 1487 4204 contulisset,
1539 4142 1708 4212 cmpit

97 4235 321 4288 haerere
350 4248 415 4288 ac
445 4242 685 4304 stupere,
709 4233 944 4304 qualiter
970 4233 1145 4288 sancti
1181 4248 1323 4298 esse,
1355 4241 1448 4286 aut
1480 4243 1707 4288 sanctos

101 4325 453 4381 institutores
484 4325 683 4380 habere
736 4333 980 4396 possent,
1035 4326 1126 4396 qui
1165 4329 1328 4380 tantis
1369 4324 1709 4379 abundarent

100 4417 298 4480 bonis;
325 4425 379 4469 et
407 4431 619 4469 rursum
651 4404 922 4487 quomodo
949 4431 1054 4470 non
1101 4415 1276 4470 sancti
1317 4430 1436 4470 esse
1489 4424 1709 4485 possent

1885 3224 1971 3279 l6.
2017 3223 2356 3279 Venerabilis
2384 3223 2559 3294 llugo,
2606 3222 2765 3293 hujus
2816 3225 2984 3280 sancti
3031 3223 3401 3279 Cluniacensis

1812 3315 2045 3370 cmnobii
2095 3317 2284 3380 abbas,
2321 3333 2426 3371 non
2460 3318 2620 3372 modo
2659 3320 2710 3373 in
2764 3319 3062 3374 monastica
3119 3318 3400 3389 religione,

1806 3419 1998 3462 verum
2021 3407 2184 3462 etiam
2218 3409 2270 3462 in
2303 3408 2502 3465 divinis
2534 3407 2747 3471 ofliciis.
2778 3425 2873 3480 per
2910 3411 3000 3464 Dei
3048 3411 3280 3479 gratiam
3332 3410 3399 3462 ad

1802 3500 2034 3555 'tneliora
2078 3501 2460 3569 provehendis,
2525 3511 2633 3556 tota
2668 3503 2832 3556 animi
2877 3502 3137 3557 industria
3172 3502 3404 3557 solerter

1811 3592 2134 3664 invigilaus,
2187 3595 2427 3649 decrevit
2482 3609 2605 3650 eum
2669 3595 2944 3650 communi
2991 3593 3217 3649 fratrum
3277 3609 3404 3648 eon-

1810 3685 1952 3749 silio,
1989 3686 2130 3739 utin
2158 3685 2246 3739 die
2287 3696 2476 3739 sancto
2527 3685 2895 3751 Pentecostes,
2951 3686 3205 3756 hymnus,
3273 3683 3402 3738 γειιὶ

1811 3773 2029 3829 Creator
2075 3773 2305 3845 Spiritus
2334 3777 2506 3846 (l59),
2545 3778 2600 3831 in
2628 3778 2761 3832 hora
2795 3777 2956 3833 tertia
2985 3778 3185 3832 decant
3226 3785 3398 3842 retur,

1810 3867 1900 3937 qtti
1938 3866 2194 3922 videlicet
2241 3867 2464 3922 minime
2512 3878 2671 3924 antea
2699 3871 3018 3932 cauebatur,
3053 3884 3161 3939 quo
3193 3868 3405 3923 scilicet

1809 3957 2050 4027 ejusdem
2101 3957 2392 4024 Paracleti,
2457 3959 2510 4014 id
2573 3969 2676 4024 est,
2719 3959 3062 4014 consolatoris
3092 3959 3404 4013 visitatione

1811 4052 2122 4122 compungi,
2157 4067 2344 4107 amore
2395 4051 2719 4108 inllamtnari
2757 4061 2813 4107 et
2855 4053 3027 4124 gratia
3087 4066 3401 4107 mereamur

1799 4143 2094 4198 illustrari.
2132 4142 2307 4213 thue
2340 4143 2463 4197 huic
2489 4154 2597 4197 tam
2637 4143 3015 4198 saluberrima:
3038 4143 3271 4198 orationi
3303 4142 3401 4196 ho-

1810 4250 1937 4289 num
1960 4234 2316 4305 eleemosyna:
2343 4232 2750 4304 sulfragaretur,
2774 4234 3075 4300 constituit,
3097 4243 3153 4288 ut
3174 4234 3288 4303 ipso
3314 4232 3402 4289 die

1811 4324 2093 4380 abundans
2124 4323 2348 4379 refectio
2378 4340 2406 4378 a
2440 4325 2700 4394 magistro
2729 4324 2974 4380 ecclesia:
3006 4324 3230 4380 custode
3269 4339 3406 4394 pau-

1811 4417 2030 4488 per.hus
2052 4418 2424 4487 exhiberetur,
2453 4421 2517 4473 de
2545 4432 2702 4487 pane,
2728 4419 2852 4473 vino
2885 4427 2938 4473 et
2968 4433 3152 4482 carne,
3186 4417 3276 4471 tali
3321 4432 3405 4471 ra-

101 4519 198 4564 aut
242 4507 448 4578 perire,
477 4510 566 4576 qui
608 4517 714 4561 tam
765 4509 956 4563 devote
1003 4507 1336 4561 sustineren!
1389 4517 1498 4561 tam
1547 4522 1709 4576 (ξηινο
1742 4515 1788 4574 D
1818 4515 1963 4570 tion'e
1992 4523 2051 4567 ιιι
2080 4523 2314 4584 quantus
2348 4514 2399 4568 itt
2447 4513 2740 4570 festivitate
2793 4514 2955 4569 fuerit
2999 4530 3256 4568 numerus
3288 4512 3402 4566 fra-

103 4603 334 4673 poudus
399 4601 600 4655 latoris
660 4610 714 4655 et
785 4599 1086 4655 custodiam
1155 4599 1468 4655 monasticae
1541 4598 1708 4653 disci-

101 4698 290 4767 plina}.

177 4849 338 4918 (1⁸56)
371 4849 450 4904 Ad
477 4865 679 4904 annum
707 4853 847 4908 £062
873 4855 987 4908 Itrec
1007 4855 1172 4908 refert
1197 4852 1483 4917 Baronins,
1503 4862 1554 4906 et
1581 4867 1712 4906 cau-

99 4939 224 4976 sam
281 4931 444 4974 mota:
471 4931 662 4976 contra
694 4924 1081 4985 Cluniacenses
1106 4925 1492 4984 controversize
1511 4923 1711 4977 fatetur

101 4995 406 5061 ignorare;
434 4990 707 5058 conjectat
746 5004 927 5048 autem
961 4993 1291 5048 Ganlredum
1315 4994 1568 5048 comitem
1600 4993 1709 5046 An-

99 5069 472 5128 tiegavensem
503 5064 782 5118 turbarum
807 5066 1083 5118 auctorem
1113 5064 1299 5129 fuisse,
1331 5066 1508 5120 citans
1543 5065 1707 5117 vitam

101 5134 164 5204 8ἴ
191 5130 466 5204 llugonis.
500 5131 605 5204 Sed
639 5135 762 5188 huic
804 5133 936 5188 nihil
993 5135 1190 5204 negotii
1224 5151 1346 5188 cum
1381 5133 1709 5189 Cluniacen-

100 5203 265 5256 sibus
297 5200 478 5255 'fuit:
540 5202 598 5257 S.
651 5203 868 5260 Martini
920 5200 1256 5261 Turonensis
1315 5205 1706 5260 monasterium

99 5272 352 5344 petebat.
389 5271 524 5328 Rem
557 5283 724 5328 totam
771 5274 1011 5344 explicat
1061 5275 1396 5330 Bibliotheca
1456 5276 1704 5330 Cluniae.

100 5343 214 5396 ml.
247 5343 374 5408 509,
421 5361 687 5399 enarrans
736 5343 1187 5411 controversiam,
1223 5347 1362 5400 inter
1406 5344 1705 5400 Drocont-m

101 5413 573 5487 Matisconcnsem
632 5424 687 5469 et
737 5416 1014 5487 llugonetn
1063 5416 1474 5471 Cluniaeensem
1521 5431 1706 5471 coram

105 5483 278 5537 Petro
331 5484 589 5539 Damiano
631 5483 918 5554 agitatam,
974 5502 1040 5540 eo
1086 5502 1360 5550 successu,
1399 5496 1460 5542 ιιι
1508 5487 1704 5550 Droco,

102 5555 200 5621 qui
254 5553 646 5640 plutt_iacettses
674 5553 686 5554 ί
709 5558 1207 5640 οχςοηιηιυιιξεειτο.
1248 5568 1669 5640 prtesumpserat
1690 5599 1704 5622 ,

102 5634 336 5699 coaetus
363 5625 433 5679 sit
454 5642 512 5680 se
536 5643 763 5699 purgare
791 5629 1096 5698 ignorantia
1128 5625 1530 5699 privilegiornm
1567 5629 1706 5698 Apo-

105 5695 430 5750 smlieornm
484 5695 831 5761 anno'lOGS,‘
860 5715 1044 5753 coram
1079 5695 1701 5756 concilio'C:tliluneitsi

105 5769 176 5819 ni.-
207 5781 328 5818 eam
358 5785 574 5823 causam
610 5778 924 5824 comat-ato.

1815 4616 1981 4672 trum,
2013 4615 2090 4660 tot
2111 4608 2274 4661 etiam
2303 4621 2564 4676 pauperes
2597 4607 2969 4660 reficerentur.
3005 4604 3098 4659 Siti
3147 4618 3274 4656 vero
3305 4618 3404 4656 nu-

1813 4715 2022 4755 merum
2047 4700 2276 4754 fratrum
2317 4714 2414 4770 per
2445 4714 2503 4754 se
2531 4699 2672 4754 scire
2706 4697 3031 4769 nequiverit,
3071 4713 3100 4750 a
3151 4695 3404 4750 ministro

1887 4858 2036 4930 (157)
2076 4858 2239 4913 Multa
2273 4857 2339 4913 de
2369 4857 2471 4914 hac
2513 4857 2571 4913 S.
2598 4857 2744 4912 Petri
2769 4855 3038 4930 legatione
3063 4854 3289 4930 dicenda
3313 4851 3402 4930 hic

1815 4924 2159 5072 ἷριξιιέίὲιίεἰ
2195 4930 2248 4985 id
2279 4939 2460 4984 actum
2497 4938 2646 4991 esset
2699 4924 2845 4983 ante,
2872 4928 3040 4998 ipsius
3083 4925 3282 4990 Vitam,
3330 4924 3402 4979 25

1857 5018 1885 5056 e
1929 5041 1942 5056 .
2078 5040 2093 5054 .

1811 5001 1942 5056 Feb.
1977 5001 2005 5056 Ε
2039 5001 2093 5054 5.

1889 5093 2036 5165 (158)
2076 5091 2272 5160 Quanti
2311 5093 2503 5148 deinde
2532 5092 2720 5148 fecerit
2756 5086 3400 5165 disciplina:_Clu_niacen-

1814 5159 2318 5234 sis'prmstantiam,
2351 5166 2537 5218 testari
2567 5172 2822 5234 poterunt
2848 5159 2964 5232 ejus
2994 5159 3254 5234 epistolae,
3283 5167 3401 5228 post

1815 5231 2052 5290 reditum
2079 5236 2130 5289 in
2156 5235 2386 5297 Italiam,
2409 5235 2476 5288 ad
2499 5231 2823 5289 conventum
2850 5231 3136 5303 ipsumque
3150 5231 3401 5303 abbatem

1814 5306 1932 5373 ejus
1963 5307 2244 5377 llugonem
2269 5307 2434 5367 datae,
2461 5322 2580 5374 qua:
2623 5300 2909 5376 propterea
2934 5303 3096 5359 etiatn
3130 5302 3184 5357 in
3212 5300 3403 5357 biblio~

1817 5381 1970 5434 theca
1995 5379 2233 5434 collecta:
2258 5377 2604 5432 exhibentur.

1887 5472 2037 5544 (159)
2077 5471 2230 5528 llunc
2270 5474 2433 5529 ritum
2492 5471 2738 5544 Romana
2771 5470 3029 5544 Ecclesia,
3058 5468 3399 5544 postmodum

1815 5542 2079 5614 suscepit,
2110 5554 2163 5600 et
2191 5545 2331 5616 apud
2373 5558 2562 5599 omnes
2595 5543 2840 5599 llomano
2885 5542 3155 5598 breviario
3188 5548 3401 5594 utentes

1814 5626 2148 5682 perseverat.
