3928 6298
559 265 666 320 927

1653 267 1710 324 s.
1743 267 2046 327 llUGONlS
2075 274 2366 340 ABBATIS
2388 277 2708 338 CLUNIAC.
2827 341 2838 358 ,
3679 304 3754 364 ns

559 377 858 488 refectorii,
897 377 981 488 vel
1007 395 1038 433 a
1076 379 1300 488 custode
1347 379 1706 485 infirmorum,
1740 397 1927 440 eorum
1965 405 2150 460 nume-
2177 401 2221 453 Α
2253 393 2398 449 dicto
2443 411 2669 465 vespere
2716 399 2898 456 omnia
2927 401 3078 474 signa
3109 403 3388 476 pulsentur
3429 423 3522 479 pro
3559 421 3756 488 vesper-is,

561 485 682 524 rum
705 467 902 524 discat.
941 469 1004 524 Et
1042 477 1104 523 ut
1133 479 1243 524 lam
1285 470 1410 526 boni
1457 473 1638 542 operis
1669 477 1949 544 praemium
1981 493 2009 532 a
2041 479 2144 534 Do-

557 561 707 616 miiio
750 571 1196 631 consequeretur,
1241 563 1518 642 decretum
1563 575 1646 622 est
1683 577 1742 622 ut
1795 568 1911 638 ipso
1952 571 2038 626 die
2077 573 2142 629 ad

557 650 820 720 majorem
875 654 1118 718 missam,
1165 663 1290 722 post
1343 655 1573 725 primam
1621 657 1907 715 colleCtam
1965 664 2146 719 missm

557 743 860 806 fantiliaris,
899 746 1224 815 omnipotens
1270 747 1576 816 sempiterna
1605 749 1765 816 Dens,
1809 767 1908 821 pro
1949 769 2014 808 eo
2043 756 2142 810 sub

555 835 770 890 silentio
815 836 1026 890 dicatur
1081 853 1110 890 a
1168 838 1472 894 sacerdote.
1535 839 1704 911 Hujus
1751 845 1934 913 itaque
1989 861 2143 916 pra:-

555 930 695 1000 repti
731 930 1144 988 roboratoribus
1169 943 1332 1003 atque
1357 937 1798 991 observatoribus
1823 952 1946 1008 pax,
1969 941 2138 1008 salus,

555 1033 620 1078 et.
637 1025 812 1101 gratia
850 1041 880 1080 a
917 1025 1028 1081 Deo
1059 1025 1238 1090 Patre,
1266 1037 1320 1082 et
1345 1027 1470 1082 Jesu
1503 1028 1721 1084 Christo
1757 1029 1894 1085 Filio
1919 1031 2055 1101 ejus,
2083 1043 2138 1088 et

557 1100 763 1184 Spiritu
795 1126 986 1174 sancto
1035 1119 1330 1188 paracleto.
1377 1119 1852 1189 Contemptoribus
1903 1100 2034 1178 vero
2079 1139 2142 1180 ac

555 1206 934 1272 violatoribus,
960 1209 1012 1263 ni
1044 1209 1152 1264 cito
1177 1210 1548 1279 pmnitucrint,
1589 1213 1664 1266 ira
1691 1213 1933 1282 ejusdem
1965 1217 2143 1270 omni-

553 1296 791 1366 potentis
819 1305 875 1350 et
899 1299 1087 1351 aeterni
1135 1297 1361 1363 .Iudicis,
1409 1299 1548 1370 ignis
1598 1302 1761 1355 etiam
1794 1301 2144 1378 inesstingui-

557 1384 682 1441 bilis
709 1393 912 1440 aeterna
943 1387 1236 1442 damnatio.
1266 1387 1548 1444 Decretum
1571 1387 1654 1444 est
1673 1395 1836 1460 etiam
1861 1397 1928 1447 ab
1951 1400 2138 1450 eodem

558 1474 719 1530 Patre
751 1491 874 1532 cum
903 1493 1168 1533 consensu
1210 1479 1460 1544 fratrum,
1484 1483 1738 1551 generale
1761 1483 1998 1540 ollicium
2023 1487 2142 1546 fieri

555 1567 782 1636 singulis
811 1569 984 1634 annis,
1022 1569 1156 1624 feria
1181 1585 1210 1623 ν
1235 1578 1354 1640 post
1382 1581 1602 1627 octavos
1631 1572 2002 1643 Pentecostes,
2039 1593 2140 1648 pro

2250 501 2320 581 ac.
2335 495 2454 581 post
2485 502 2695 542 coenam
2729 506 2828 560 pro
2874 491 3068 581 ollicio,
3101 505 3157 552 et
3198 497 3250 552 in
3298 503 3536 570 sequenti
3581 507 3654 562 die
3690 527 3758 581 pro

2251 572 2414 628 missa
2439 575 2492 629 in
2525 591 2630 646 qna
2673 585 2904 649 tractus,
2934 579 3011 638 De
3047 585 3348 654 profundis,
3383 606 3416 644 a
3459 591 3642 650 duobus
3667 572 3760 656 caa-

2249 665 2460 722 toribus
2494 680 2742 736 canatur,
2781 675 3074 744 cunctique
3123 679 3434 737 sacerdotes
3467 686 3552 752 qui
3597 687 3670 744 illo
3699 693 3760 750 die

2252 760 2590 814 eantaverint
2619 762 2863 829 missam,
2895 761 3035 820 Deus
3059 768 3212 836 cujus
3236 771 3574 840 miseratione,
3601 779 3758 845 specia-

2250 849 2376 904 liter
2405 867 2503 921 pro
2545 853 2649 908 illis
2677 864 2920 924 cantent,
2959 866 3016 914 et
3061 859 3150 914 alii
3201 862 3439 931 psalmos
3489 877 3682 934 septem,
3715 887 3760 928 at

2251 940 2533 996 duodecim
2561 958 2829 1014 pauperes
2875 948 3212 1016 reﬁciantur,
3257 961 3312 1006 et
3342 953 3590 1024 quidquid
3625 959 3758 1016 eadem

2250 1029 2335 1084 die
2366 1032 2432 1086 de
2461 1031 2756 1090 refectione
2789 1041 3131 1105 remanserit,
3159 1043 3514 1118 eleemosynze
3535 1049 3758 1108 tribuatur.

2252 1121 2357 1176 Sed
2382 1133 2435 1177 et
2459 1139 2556 1193 per
2577 1127 2760 1180 omnia
2791 1125 2907 1184 loca
2941 1131 3068 1187 huic
3095 1132 3215 1188 loco
3244 1136 3510 1205 subjecta,
3551 1139 3638 1194 hoc
3661 1141 3758 1196 idem

2249 1213 2333 1283 agi
2364 1231 2461 1285 pro
2485 1216 2748 1288 eujusqne
2775 1219 2878 1276 loci
2908 1227 3206 1280 etemeterii
3239 1227 3512 1288 defunctis
3558 1232 3759 1288 sancitum

2248 1314 2350 1374 est,
2370 1307 2619 1364 videlicet
2639 1320 2700 1365 ut
2730 1311 2782 1367 in
2815 1316 3180 1382 monasteriis,
3225 1319 3314 1374 ubi
3363 1323 3673 1392 congregatio
3691 1325 3762 1378 tra-

2247 1405 2388 1450 trum
2411 1405 2515 1462 est,
2548 1414 2648 1455 nec
2691 1402 2869 1456 minus
2917 1405 3021 1460 hoc
3068 1407 3406 1475 perﬁciatur.
3461 1408 3560 1464 Sed
3591 1411 3634 1464 in
3659 1411 3761 1467 cellis

2247 1487 2335 1542 ubi
2367 1505 2472 1544 non
2510 1489 2632 1559 plus
2673 1507 2837 1562 quam
2867 1496 3108 1566 quinque
3135 1509 3228 1553 aut
3259 1507 3374 1556 tres
3405 1481 3760 1571 commorantur,

2245 1579 2290 1632 si
2325 1587 2402 1634 tot
2427 1596 2691 1651 pauperes
2723 1583 2947 1640 reﬁcere
2996 1597 3290 1658 nequeunt,
3334 1589 3526 1646 saltem
3569 1593 3637 1647 vel
3672 1601 3764 1666 quot

555 1659 766 1714 cunctis
795 1657 848 1713 in
879 1661 1193 1715 caenneterio
1237 1662 1394 1730 hujus
1425 1663 1526 1718 loci
1575 1667 2004 1734 quiescentibus,
2065 1671 2138 1724 ita
2174 1672 2216 1730 Β
2246 1679 2373 1724 sunt
2399 1672 2615 1740 fratres,
2659 1681 2740 1729 tot
2767 1685 3082 1745 pascantur.

554 1750 786 1806 utsicut
829 1749 884 1805 in
919 1751 1210 1810 festivitate
1257 1753 1509 1810 Omnium
1565 1756 1886 1812 Sanctorum
1939 1760 2137 1832 agi.nr,

2213 1941 2376 2032 έΪῨ--έίε
2397 1945 2630 2026 πραπίδι
2655 1941 3022 2032 (ξω-ἑά
3103 1983 3192 2030 ea-

2355 2053 2364 2060 .
2379 2051 2396 2066 ,μ
2411 2053 2450 2066 ν,-
2457 2037 2998 2066 "ﬂia-.man

1139 2069 1658 2186 SANCTI
1721 2053 3267 2264 nUGONtsWEPIsToLm.‘

971 2487 978 2492 ,
1039 2426 1374 2484 EPISTOLA
1405 2427 1639 2484 PRIMA.

840 2535 906 2574 AD
929 2535 1252 2576 WILLELHUM
1278 2537 1294 2576 l
1323 2535 1606 2576 ANGLORUM
1635 2537 1832 2578 REGE”.

555 2607 681 2680 Regi
709 2609 1051 2682 supplicando
1079 2611 1268 2682 petenti
1291 2621 1346 2664 ut
1375 2607 1468 2666 sea:
1483 2612 1551 2665 ad
1572 2629 1688 2666 eum
1723 2613 2027 2682 monachos,
2048 2615 2143 2670 sub

628 2677 814 2754 cunno
849 2697 944 2754 pro
984 2677 1192 2749 singulo
1237 2691 1442 2754 centum
1465 2683 1688 2754 urgenti
1719 2683 1971 2737 librarum
2013 2677 2141 2753 pen-

619 2751 792 2817 sione,
805 2751 1053 2823 mitteret,
1077 2752 1353 2823 respondet
1369 2751 1664 2822 petitionem
1687 2754 1818 2823 ejus,
1838 2766 1892 2808 ut
1915 2751 2145 2810 uenalem

621 2830 670 2878 et.
697 2821 848 2892 quasi
877 2820 1260 2893 Simoniacnnt,
1283 2820 1494 2893 omnino
1531 2820 1890 2893 reﬁciendam.

1152 2891 1333 2962 (Anno
1363 2891 1547 2964 l078.)

836 2979 1185 3054 [Bibliotheca
1216 2982 1600 3048 Cluniacensis,
1625 2999 1677 3052 p.
1708 2981 1861 3056 453.]

622 3073 822 3128 Petitio
875 3081 1090 3134 vestra,
1138 3073 1357 3127 domine
1407 3087 1524 3137 rex,
1566 3072 1844 3128 descendit
1886 3089 1952 3129 ex
1999 3076 2142 3131 bona

551 3167 856 3231 voluntate,
881 3166 971 3236 qui
1009 3163 1168 3220 vultis
1193 3174 1410 3236 gentem
1434 3165 1586 3222 vobis
1607 3180 1637 3219 a
1669 3166 1776 3221 Deo
1801 3167 2050 3222 traditam
2075 3168 2143 3222 ad

552 3261 783 3318 salutem
834 3277 987 3316 suam
1037 3260 1313 3316 ordinare.
1359 3259 1556 3315 Verum
1605 3260 1746 3316 sicut
1793 3261 2012 3332 dignum
2059 3270 2146 3318 est

551 3361 749 3406 vestra:
782 3351 1050 3420 majestati
1081 3351 1224 3422 quod
1252 3351 1510 3422 poscitis,
1545 3351 1618 3406 ita
1662 3352 1804 3422 quod
1837 3351 2141 3424 injungitis,

553 3443 915 3514 incongruum
946 3451 1028 3496 est
1059 3453 1257 3497 nostra:
1285 3442 1466 3508 saluti,
1491 3450 1549 3496 ut
1577 3443 1790 3498 animas
1815 3458 1950 3514 quas
1975 3443 2027 3498 in
2051 3458 2144 3514 pc-

555 3519 726 3588 riculo
755 3534 950 3588 aniuue
979 3549 1135 3600 meat,
1174 3545 1228 3588 et
1277 3533 1470 3605 Capitis
1501 3535 1604 3589 mei
1635 3535 1881 3605 suscepi,
1914 3535 2140 3589 vendam

557 3625 758 3680 terreni
799 3623 1138 3680 mercimonii
1184 3625 1500 3696 cupiditate,
1537 3635 1592 3681 et
1637 3626 1850 3680 mittam
1881 3620 1932 3680 in
1963 3625 2143 3696 perdi-

557 3718 781 3786 tionem,
821 3726 913 3772 aut
945 3715 1251 3790 generalem
1283 3727 1376 3773 aut
1407 3718 1717 3789 specialem,
1752 3717 2004 3774 videlicet
2051 3718 2140 3772 ubi
2171 3691 2216 3754 (ἶ

555 3818 648 3864 aut
673 3820 994 3876 omnes,aut
1018 3810 1181 3880 aliqui
1213 3825 1402 3866 eorum
1431 3797 1676 3882 pereant,
1704 3823 1759 3866 et
1787 3825 1884 3884 ego
1915 3825 2012 3882 pro
2037 3810 2144 3865 illis

555 3903 818 3957 rationem
845 3901 956 3958 Deo
979 3901 1220 3968 reddam,
1246 3903 1386 3972 apud
1412 3917 1574 3973 quem
1599 3902 1733 3958 nihil
1763 3901 1903 3956 valet
1927 3917 2142 3967 aurum,

555 3993 798 4066 nihilque
833 3995 1054 4068 prodest
1099 4006 1405 4070 argentum,
1453 4005 1547 4052 aut
1585 4003 1960 4067 argumentum
1991 4010 2145 4049 vana:

556 4089 1239 4157 excusationis.Quomodo
1261 4105 1392 4160 ergo
1422 4087 1614 4144 faciam
1641 4104 1738 4158 pro
1764 4087 1870 4143 ullo
1896 4103 2143 4154 munere,

557 4181 701 4252 quod
730 4182 772 4236 si
797 4181 1032 4237 facerem
1067 4197 1164 4254 pro
1196 4191 1308 4238 toto
1341 4183 1564 4249 mundo,
1596 4183 1730 4238 mihi
1759 4198 1948 4254 parum
1977 4194 2143 4246 esset,

557 4288 682 4326 cum
719 4287 819 4342 pro
871 4288 978 4328 uno
1018 4288 1082 4328 cx
1118 4275 1216 4330 -eis
1261 4274 1473 4346 perdito
1527 4275 1792 4346 perirem?
1819 4275 1956 4344 Quid
1997 4275 2142 4330 enim

557 4361 776 4433 prolicit
826 4358 1034 4426 homini
1089 4365 1134 4420 si
1189 4365 1499 4422 universum
1549 4368 1810 4422 mundum
1865 4367 2142 4432 lucretur,

557 4458 796 4528 seipsum
829 4466 1009 4512 autem
1043 4458 1270 4530 perdat,
1301 4469 1358 4514 et
1395 4460 1773 4516 detrimentmn
1823 4461 1906 4516 sui
1947 4461 2146 4517 faciat?

557 4551 748 4622 Igitur,
777 4551 1099 4607 eharissimc
1126 4551 1365 4617 domine,
1395 4552 1498 4606 hoc
1531 4551 1697 4606 nolite
1725 4567 1756 4608 a
1786 4569 1870 4608 me
1899 4568 2145 4624 qua‘rere

555 4643 702 4714 quod
745 4644 924 4700 facere
963 4643 1066 4698 nisi
1111 4659 1232 4699 cttm
1280 4643 1584 4716 perditione
1611 4660 1732 4700 mea
1763 4661 1869 4700 non
1901 4660 2141 4717 possum,

555 4735 682 4806 quia
731 4734 878 4788 nullo
930 4735 1106 4804 pretio
1144 4734 1265 4790 volo
1309 4735 1545 4789 animam
1586 4751 1760 4790 meam
1807 4737 2143 4804 venundare,

552 4843 718 4897 quam
745 4828 989 4900 profecto
1018 4828 1262 4884 venalem
1291 4828 1503 4894 darem,
1527 4829 1572 4886 si
1598 4845 1762 4884 unum
1793 4845 1860 4886 ex
1887 4831 2146 4886 fratribus

555 4921 687 4976 mihi
720 4919 1025 4976 commissis
1055 4919 1326 4976 mitterem
1355 4920 1444 4977 ubi
1475 4919 1620 4975 illum
1651 4923 1963 4992 perderem;
2002 4931 2057 4976 et
2083 4921 2148 4975 li-

555 5015 772 5070 bentius
801 5031 902 5088 ego
944 5015 1228 5086 pecuniam
1263 5016 1446 5070 darem
1479 5031 1578 5086 pro
1608 5017 1991 5088 comparandis
2029 5032 2144 5072 mo-

559 5105 750 5162 naehis
777 5107 974 5178 quibus
1003 5105 1160 5162 valde
1201 5106 1438 5178 indigeo,
1477 5123 1572 5178 per
1601 5108 1813 5166 diversa
1851 5107 1965 5164 loca
1995 5123 2025 5164 a
2061 5123 2146 5163 me

555 5197 876 5266 ordinanda,
911 5216 1074 5271 quam
1111 5215 1210 5270 pro
1239 5215 1428 5256 eorum
1471 5201 1780 5260 venditione
1819 5201 2142 5271 acciperem.

559 5289 714 5354 Quod
757 5291 900 5343 enim
937 5288 1236 5359 capitulum
1271 5298 1514 5346 nostrum
1564 5289 1618 5343 in
1653 5289 1898 5359 partibus
1942 5289 2048 5344 illis
2078 5289 2147 5344 ti-

2843 2436 3178 2494 EPISTOLA
3201 2440 3263 2495 ll.

2663 2541 2733 2582 ΔΙ)
2761 2543 3136 2586 κοιειλοεκεεε
3161 2546 3434 2588 Ριιλτιιεε.

2863 2621 3042 2690 (Anno
3069 2621 3253 2692 1078.)

2552 2709 2778 2786 [MabilL
2817 2715 3015 2770 Annal.
3056 2715 3254 2770 Bened.
3287 2716 3358 2780 V,
3391 2717 3536 2792 150.]

2323 2802 2665 2858 Dulcissimis
2687 2813 2742 2860 et
2765 2805 3154 2860 amantissimis
3179 2803 3448 2861 fratribus
3473 2822 3536 2862 ac
3557 2807 3678 2874 filiis,
3703 2820 3772 2862 suo

2245 2893 2548 2964 patrocinio
2568 2891 2851 2949 beatorum
2887 2894 3251 2965 apostolorum
3275 2893 3430 2950 Petri
3453 2905 3506 2951 et
3527 2895 3654 2950 Pauli
3669 2895 3772 2966 apud

2245 2985 2561 3042 Moisiacum
2581 2986 2924 3058 degentibus,
2944 2987 3101 3042 fratri
3115 2987 3382 3045 [lumnae
3397 2989 3588 3056 abbati,
3603 2990 3770 3044 salutem

2247 3078 2550 3133 animarum
2581 3087 2637 3134 et
2665 3093 2954 3148 corporum
2991 3087 3048 3134 et
3075 3091 3344 3136 aeternam
3383 3081 3766 3138 benedictionnn.

2317 3164 2610 3236 Noveritis,
2643 3169 2741 3224 lilii
2769 3168 3099 3236 charissimi,
3129 3159 3372 3240 qualiter
3402 3187 3497 3226 vos
3519 3185 3696 3240 semper
3717 3169 3771 3220 ὧι

2247 3253 2500 3327 leximus,
2541 3275 2814 3330 quamque
2856 3259 3076 3329 speciali
3108 3275 3298 3316 amore
3339 3260 3518 3316 locum
3548 3260 3672 3314 illum
3693 3273 3768 3328 pta:

2247 3354 2504 3410 omnibus
2537 3352 2977 3424 congregationis
3018 3361 3220 3408 nostrae
3267 3353 3409 3410 locis
3463 3353 3708 3408 habuimus
3735 3359 3772 3402 cl

2247 3445 2656 3501 honoravinms.
2686 3444 2802 3502 Hoc
2827 3460 3064 3514 namque
3087 3445 3438 3518 privilegium
3467 3445 3606 3500 vobis
3629 3453 3674 3498 et
3689 3441 3772 3495 loco

2249 3546 2433 3594 vestro
2478 3553 2696 3608 semper
2747 3537 3121 3594 concessimus
3163 3545 3220 3593 et
3269 3537 3626 3600 concedimus,
3661 3541 3706 3588 ut
3735 3529 3771 3583 in

2250 3647 2437 3688 amore
2494 3641 2552 3688 et
2605 3629 2814 3687 lienore
2861 3639 3028 3700 atque
3081 3630 3350 3686 memoria
3413 3621 3772 3701 congregationis

2249 3732 2452 3778 nostra:
2472 3720 2738 3794 speciales
2765 3720 2908 3777 sitis.
2945 3719 2986 3776 ll
2996 3721 3120 3786 nde,
3145 3720 3264 3786 lilii,
3289 3735 3564 3792 rogamus,
3585 3725 3634 3771 ut
3651 3711 3772 3769 nostri

2251 3829 2542 3882 memores,
2571 3813 2864 3870 Dominum
2889 3827 3054 3884 super
3075 3813 3258 3868 omnia
3287 3811 3547 3882 diligatis,
3575 3805 3770 3866 linteatis,

2247 3907 2552 3974 houoretis,
2580 3907 2742 3977 eique
2764 3905 2970 3976 gratias
2997 3919 3160 3974 super
3189 3903 3484 3982 beneficiis
3507 3899 3610 3956 suis
3630 3893 3768 3966 agatis.

2250 3995 2402 4052 Licet
2447 3996 2590 4050 enim
2623 3995 2776 4050 vobis
2813 3994 3002 4066 plures
3045 3991 3474 4064 supervenerint
3515 3988 3768 4044 anxietatrs.

2249 4087 2370 4158 ejus
2401 4097 2586 4142 tamen
2613 4085 2986 4142 misericordia
3033 4100 3140 4140 non
3185 4083 3365 4142 defuit
3397 4082 3566 4147 vobis,
3591 4079 3636 4134 in
3661 4077 3770 4130 bonis

2250 4187 2601 4250 augmentum
2629 4185 2911 4248 prmstans,
2948 4184 3004 4230 et
3031 4175 3082 4230 in
3115 4173 3538 4230 necessitatibus
3559 4169 3766 4226 solatium.

2249 4269 2478 4337 Idcirco,
2507 4269 2840 4334 charissimi,
2875 4269 3050 4339 ipsum
3077 4268 3130 4322 in
3165 4266 3428 4322 omnibus
3455 4273 3511 4320 et
3535 4270 3770 4334 superon-

2248 4365 2337 4418 nia
2385 4377 2498 4434 prae
2543 4361 2716 4418 oculis
2755 4362 3048 4428 habetote;
3081 4358 3322 4416 dominis
3365 4359 3561 4416 nostris
3601 4347 3770 4410 summis

2250 4455 2509 4526 apostolis
2541 4455 2750 4512 servire
2801 4469 2910 4511 non
2941 4461 3188 4518 cessate;
3221 4452 3476 4508 ordinem
3513 4457 3712 4504 vestrum
3733 4449 3770 4492 et

2249 4563 2464 4605 sacram
2519 4547 2856 4620 religionem,
2897 4554 3259 4615 sanctamque
3303 4541 3648 4600 obedientiam
3683 4545 3770 4589 cum

2253 4657 2468 4698 summa
2499 4639 2781 4712 diligentia
2809 4637 3101 4695 custodite.
3145 4635 3386 4692 Pensate
3411 4649 3568 4708 quam
3591 4625 3696 4685 nihil
3723 4623 3768 4676 sit

2249 4731 2513 4803 quidquid
2555 4729 2611 4785 in
2660 4728 2866 4785 mundo
2913 4726 3157 4783 cernitis.
3189 4725 3442 4796 Cogitate
3477 4737 3592 4778 cum
3623 4723 3770 4803 Quanto

2250 4801 2450 4880 sudore
2487 4823 2869 4888 laborandum,
2903 4830 2963 4876 ut
2997 4821 3172 4892 possit
3221 4818 3354 4874 illud
3405 4815 3556 4874 evadi
3593 4801 3770 4867 terribile

2243 4916 2534 4988 judicium,
2565 4923 2623 4970 et
2651 4914 2919 4984 perveniri
2956 4914 3023 4969 ad
3053 4911 3311 4985 gaudium
3339 4919 3606 4977 nunquam
3629 4899 3770 4994 ﬁniet-

2255 5008 2402 5061 dum.
2445 5005 2702 5060 Dominus
2734 5005 2937 5068 abbas,
2969 5019 3130 5074 quem
3162 5001 3318 5057 vobis
3365 4997 3694 5072 puniet-imus,
3717 4998 3770 5036 ut

2255 5099 2410 5154 bonae
2455 5097 2773 5153 intentionis
2817 5104 2872 5152 et
2922 5095 3226 5166 religiosus,
3273 5093 3438 5148 nobis
3483 5097 3536 5145 et
3575 5081 3772 5178 futtili5

2256 5189 2464 5246 nostris
2499 5205 2602 5245 non
2641 5203 2832 5258 parum
2859 5187 3081 5254 charos,
3113 5186 3250 5240 satis
3275 5199 3336 5238 se
3369 5181 3552 5236 laudat
3571 5177 3630 5232 de

2257 5281 2409 5338 Unde
2441 5281 2755 5353 gaudemus,
2795 5288 2852 5333 et
2879 5287 2940 5332 ut
2983 5275 3155 5348 magis
3185 5273 3472 5358 magisque.
3515 5271 3666 5339 ipsum
3689 5257 3774 5314 dir?

559 5388 794 5444 merent,
823 5380 910 5434 ubi
937 5380 1142 5436 nullum
1167 5379 1414 5434 viderent
1435 5390 1691 5454 nostrum
1726 5379 2114 5433 tnnnastcrium
2133 5419 2146 5443 ,
2187 5373 2412 5446 Dgatis,
2455 5371 2734 5428 houoretis
2763 5370 2921 5440 eique
2949 5368 3144 5424 devote
3197 5365 3486 5422 obediatis.
3514 5365 3673 5454 utpote

558 5471 625 5540 al
670 5470 824 5540 cujus
857 5483 1068 5540 portmn
1104 5471 1380 5543 applicare
1425 5472 1670 5528 valerent
1717 5470 1800 5528 vel
1849 5471 2143 5542 constringi

559 5565 821 5636 possent?
851 5563 1008 5620 Aliud
1057 5565 1242 5635 itaque
1271 5563 1479 5632 jubcte.
1514 5573 1569 5618 et
1607 5563 1872 5618 sustinete
1913 5563 2013 5616 hoc
2053 5578 2148 5632 pa-

559 5661 779 5724 tienter,
818 5658 862 5713 si
903 5673 1008 5714 non
1053 5667 1236 5730 porcst
1268 5659 1382 5713 fieri
1433 5673 1554 5713 cum
1584 5658 1754 5712 salute
1797 5655 1958 5712 amici
1989 5657 2148 5712 vestri

559 5755 702 5824 quo!
732 5753 960 5825 petistis.
993 5753 1194 5808 Valete.

2254 5465 2492 5537 glorioso
2535 5464 2672 5526 viro,
2719 5459 2966 5516 volumus
3012 5467 3068 5514 et
3113 5457 3490 5513 admonemus.
3535 5451 3602 5506 De
3629 5451 3770 5500 eadem

2237 5557 2703 5615 commendamus
2737 5569 2830 5609 vos
2855 5551 3212 5622 omnipotenti
3245 5551 3374 5614 Deo,
3417 5545 3510 5616 qui
3553 5553 3636 5594 vos
3657 5537 3768 5622 bal:-

2256 5651 2423 5712 dirat,
2452 5658 2506 5703 et
2534 5646 2769 5715 adjuvet,
2793 5654 2844 5700 et
2873 5619 3138 5715 protegat,
3161 5652 3214 5698 et
3241 5641 3306 5697 ab
3325 5637 3576 5695 onmibus

2257 5741 2532 5808 absolvat,
2575 5741 3334 5812 vobisquc'perseverantia!“
3381 5733 3432 5786 in
3483 5731 3650 5783 sancta
3685 5711 3770 5769 παιδί
