3928 6298
143 430 250 491 929

147 644 270 698 ritis
297 654 630 698 summorum
660 635 1048 708 apostolorum,
1078 635 1275 706 quibus
1311 633 1612 698 deservitis,
1636 645 1732 685 vos

145 734 213 788 ad
241 741 505 788 aeternam
548 730 828 801 perducat.
861 743 1038 783 amen.
1074 727 1139 781 Et
1174 726 1302 796 quia
1344 741 1439 780 vos
1467 722 1734 795 corporali

146 834 372 894 aspectu
414 824 598 877 videre
630 836 734 876 non
776 835 1080 891 possumus.
1113 817 1379 888 spirituali
1425 832 1524 871 nos
1554 815 1736 869 videa-

142 933 292 973 mus.
316 916 482 974 Orate
508 931 606 989 pro
629 914 785 970 nobis
813 923 867 969 et
895 928 994 983 pro
1026 911 1287 966 fratribus
1314 909 1536 965 nostris.

718 1023 1056 1081 EPISTULA
1086 1022 1173 1077 III.

560 1135 628 1174 AD
656 1130 992 1173 ANASTASIUH
1026 1129 1325 1169 ΕΒΕΙῙΙΤᾹΜ.

402 1204 473 1267 Ut
506 1212 575 1265 ad
608 1209 981 1264 monasterium
1014 1207 1189 1261 redeat
1216 1206 1478 1261 ltorlatur.

778 1303 935 1357 Anno
966 1300 1147 1371 1086.)

440 1394 691 1467 [ΜΑΒιιι.
724 1393 841 1447 Act.
869 1390 1066 1447 Bened.
1099 1390 1192 1456 ιχ,
1218 1406 1272 1460 p.
1300 1387 1455 1459 ιρι.)

222 1487 583 1544 Dilectissimo
608 1485 715 1540 tilio
732 1485 1057 1549 Amsnsm,
1080 1481 1246 1537 frater
1264 1479 1434 1542 Huoo,
1457 1487 1731 1549 peccator,

145 1582 419 1646 salutem,
463 1588 518 1634 et.
563 1578 617 1633 in
668 1578 885 1632 beatam
926 1574 1400 1639 resurrectionem,
1445 1571 1733 1641 gloriosam

147 1668 448 1727 electorum
479 1670 810 1725 societatem.

224 1763 416 1827 Miror,
442 1760 766 1818 cltarissime
789 1758 883 1825 ﬁli,
908 1757 1052 1828 quod
1073 1755 1185 1825 jam
1214 1755 1305 1812 diu
1330 1756 1395 1811 de
1421 1753 1574 1810 vobis
1598 1752 1734 1809 nihil

146 1854 361 1921 audivi,
382 1852 694 1922 nullamque
714 1852 777 1907 de
799 1860 978 1906 vestra
1003 1849 1114 1905 vita
1137 1848 1496 1920 cognitionem
1520 1846 1736 1918 accepi:
1773 1889 1813 1946 Β

148 1948 295 2001 unde
330 1946 529 2000 mando
559 1953 756 2000 vestra:
791 1942 1101 2006 dilectioni,
1134 1951 1195 1996 ut
1220 1941 1264 1996 si
1296 1942 1497 1997 bonum
1527 1941 1742 1994 videtur

150 2037 332 2101 vobis,
357 2035 697 2092 descendatis
722 2034 789 2088 ad
811 2032 1110 2088 visitandos
1139 2031 1357 2097 fratres,
1381 2040 1440 2086 ut
1462 2031 1740 2086 sicutdixi

148 2126 537 2183 desiderabilis
571 2124 856 2196 praesentia
887 2131 1069 2178 vestra
1107 2123 1424 2179 corroboret
1452 2129 1508 2179 et
1545 2123 1743 2178 exhor-

148 2221 299 2273 tetur
327 2231 421 2273 eos
449 2216 618 2286 (140).
1503 2207 1510 2214 ’

712 2330 1048 2387 EPISTOLA
1072 2336 1073 2339 “
1096 2330 1183 2385 ιν.

612 2439 678 2477 AD
708 2436 959 2478 URBANUM
990 2440 1023 2478 II
1051 2439 1244 2477 ΡΔΡᾹΙ.

327 2516 589 2570 Adversus
618 2515 923 2581 Roberlum,
956 2516 1193 2569 abbatem
1226 2513 1288 2570 S.
1328 2513 1574 2586 Remigii.

758 2607 935 2677 (Anno
965 2605 1149 2674 1097.)

286 2710 598 2795 “iturine,
630 2720 878 2792 Ampliss.
902 2720 1172 2786 Collectio,
1204 2719 1355 2789 LIV,
1382 2736 1434 2793 p.
1466 2720 1618 2793 999.]

219 2837 617 2892 Amantissimo
630 2844 685 2892 et
716 2835 1169 2892 reverendissimo
1182 2834 1332 2891 Patri
1354 2843 1557 2892 sanctae
1582 2845 1748 2906 atque

144 2929 467 2999 apostolicae
501 2927 649 2983 sedis
693 2941 905 2982 summo
936 2927 1181 2998 pontifici
1209 2925 1428 2982 domino
1452 2942 1604 2997 papa:
1638 2927 1747 2983 Ult-

148 3037 327 3086 mmo,
359 3020 526 3076 frater
562 3019 715 3076 Iluco
744 3018 1119 3074 Cluniacensis
1146 3028 1269 3074 cum
1303 3029 1417 3075 tota
1455 3035 1748 3091 congrega-

152 3115 532 3169 tione-vestra
580 3112 871 3168 continuas
917 3119 972 3167 et
1018 3102 1397 3167 devotissimos
1445 3112 1748 3168 devotionis

144 3204 439 3259 orationes
465 3212 521 3258 et
549 3212 863 3273 perpetuam
895 3217 1105 3273 pacem.

221 3293 407 3361 Multi,
432 3310 465 3349 o
490 3294 708 3350 domine
732 3295 914 3362 Pater,
940 3294 1103 3365 iustis
1124 3308 1191 3352 ac
1214 3296 1540 3353 necessariis
1565 3297 1750 3352 causis

146 3385 537 3454 existentibus,
579 3386 803 3456 cupiunt
834 3383 1051 3457 dignattt
1074 3395 1313 3442 vestram
1340 3388 1491 3443 adire
1513 3404 1751 3458 praesen-

144 3479 319 3543 tiam,
341 3478 434 3534 sed
462 3478 831 3548 impediuntur
854 3479 1023 3535 variis
1049 3479 1454 3536 difﬁcultatibus
1480 3481 1749 3535 obsisten-

146 3567 330 3623 tibus.
362 3566 514 3623 Unde
538 3578 591 3622 et
620 3567 786 3636 aliqui
814 3582 1006 3623 eorum
1036 3568 1230 3625 saltem
1262 3571 1330 3625 ad
1372 3585 1472 3625 uos
1504 3570 1747 3632 veniunt,

143 3660 317 3732 quasi
346 3660 411 3714 ad
434 3660 765 3737 domesticos
794 3669 1030 3727 vestros,
1069 3661 1114 3716 si
1146 3662 1418 3732 quomodo
1444 3660 1523 3715 eis
1553 3676 1750 3716 consu-

147 3751 309 3806 latur
349 3749 433 3804 vel
465 3751 818 3805 subveniatur
862 3750 1075 3806 illorum
1131 3752 1567 3806 necessitatibus.
1606 3750 1750 3805 Inter

147 3856 303 3913 quos
333 3842 566 3896 domnus
611 3842 893 3897 Manasses
935 3841 1229 3898 Remorum
1273 3842 1536 3913 pontifex,
1568 3852 1752 3898 vester

147 3933 384 3991 humilis
414 3932 581 3998 Illius,
609 3943 794 3988 noster
818 3949 1035 4004 quoque
1059 3933 1287 3989 devotus
1322 3935 1553 4002 amicus,
1586 3950 1746 4006 quem

146 4034 207 4080 et
230 4023 295 4078 in
320 4024 425 4077 alia
450 4022 677 4092 epistola
701 4024 857 4078 vobis
877 4023 1398 4089 commendavimus,
1420 4036 1749 4097 conquestus

149 4122 241 4170 est.
279 4113 435 4167 nobis
463 4113 530 4167 de
580 4108 1147 4183 Majori-ltldnasterio,
1195 4115 1248 4169 in
1285 4116 1514 4171 ecclesia
1555 4117 1613 4171 B.
1644 4115 1750 4171 Re-

150 4204 312 4274 migii
364 4219 423 4259 se
470 4204 757 4273 quemdam
793 4205 1116 4259 monachum
1160 4206 1464 4271 ordinasse,
1500 4215 1549 4260 et
1590 4207 1749 4278 longe

150 4297 325 4352 aliter
352 4310 513 4364 quant
545 4296 800 4365 sperabat
837 4294 903 4349 de
940 4294 1057 4363 ejus
1100 4296 1408 4366 irreligione
1451 4297 1747 4352 maximum

153 4390 210 4444 in
246 4388 373 4442 loco
410 4387 665 4442 damnum
706 4388 1042 4457 provenisse.
1074 4388 1232 4444 Petiit
1270 4398 1448 4445 autem
1482 4401 1540 4445 ut
1578 4391 1751 4446 inter-

152 4479 493 4551 pellaremus
518 4479 643 4534 inde
672 4494 801 4545 vos;
832 4480 925 4535 sed
950 4481 1074 4550 quia
1105 4482 1334 4537 domnus
1362 4480 1511 4538 Huco
1534 4482 1752 4553 Lugdu-

151 4574 354 4631 nensis
383 4568 829 4645 archiepiscopus
853 4590 1069 4631 omnem
1106 4575 1353 4630 ordinem
1387 4591 1567 4631 reruut
1598 4575 1752 4631 vobis
1790 4582 1830 4635 ι)

154 4667 517 4740 signiﬁcavit,
549 4665 693 4722 sicut
714 4668 1042 4734 audivimus,
1069 4669 1386 4724 reverentia:
1410 4670 1751 4740 suggerimus

155 4767 218 4811 ut
263 4756 313 4810 si
362 4753 430 4808 ad
466 4769 562 4810 vos
601 4756 809 4809 venerit
851 4756 992 4810 idem
1042 4756 1362 4820 monachus,
1406 4756 1747 4825 prudentiam

156 4853 410 4900 vestram
456 4842 618 4898 nullis
649 4843 1042 4899 circumveniat
1083 4842 1490 4905 calliditatibus,
1536 4843 1633 4898 sed
1672 4843 1751 4896 fa-

152 4937 329 4991 ciatis
355 4935 405 4991 ei
449 4936 744 4990 secundum
772 4934 1093 5005 sapientiam
1117 4949 1278 5003 quam
1308 4950 1338 4988 a
1377 4933 1486 4990 Deo
1513 4934 1747 4991 habetis.

154 5026 689 5084 Reverenlissimam
720 5042 785 5081 ac
813 5026 1220 5082 dilectissimam
1258 5027 1415 5083 nobis
1446 5026 1747 5098 paternita-

159 5131 277 5177 tem
310 5130 547 5175 vestram
578 5120 841 5174 Dominus
869 5119 1118 5175 Christus
1140 5134 1324 5174 sanam
1349 5130 1401 5176 et
1431 5120 1752 5176 incolumem

155 5213 329 5269 nobis
350 5210 636 5268 conservet
660 5222 714 5267 et
740 5210 1005 5267 universae
1036 5211 1307 5266 Ecclesiae.

674 5322 1034 5401 cristam
1067 5343 1250 5399 v-vn.

731 5474 796 5513 AD
824 5473 871 5513 S.
906 5473 1208 5513 ANSELIIUI.

158 5570 431 5647 (Exstant
449 5571 610 5647 linter
625 5571 869 5647 epistolas
902 5570 969 5647 S._
993 5571 1270 5647 Anselnti,‘
1284 5588 1399 5647 epp.
1432 5546 1634 5647 1:13.79,
1667 5570 1759 5635 80,

335 5644 456 5696 libri
488 5658 563 5709 tv,
591 5640 751 5712 hujus
774 5642 1056 5696 voluminis
1087 5645 1205 5696 colt.
1243 5640 1350 5695 210
1380 5653 1427 5695 et
1457 5641 1607 5711 241.)

164 5774 394 5899 rualb)
422 5776 520 5831 llic
554 5777 747 5834 desunt
772 5776 976 5848 aliquot
1005 5777 1164 5833 verba
1194 5792 1312 5850 quae
1330 5776 1428 5850 legi
1450 5793 1553 5833 non
1572 5787 1759 5849 potue-

1605 419 1977 481 EPISTOLE.

144 554 307 623 gione
337 549 541 605 tribuat
601 553 656 601 ct
686 553 807 614 post
840 543 981 599 hanc
1018 542 1204 608 vitam,
1239 541 1490 613 precibus
1517 548 1571 596 et
1613 553 1730 594 tne-
1762 546 1805 600 Α

3310 412 3416 468 950

2370 531 2705 589 EPISTOLA
2747 530 2876 588 VIII.

2297 642 2364 681 AD
2408 640 2690 681 PIIILIPPUM
2738 637 2933 678 REGE“.

1840 717 1923 775 Ex
1949 715 2207 790 singulari
2238 719 2621 788 familiaritate,
2667 733 2857 790 regem,
2889 712 3223 790 ut__abdicato
3260 726 3419 782 regno

2041 786 2389 844 tnonasticam
2420 791 2575 843 vitant
2616 789 2858 856 arripiat,
2883 786 3213 839 adhortatur.

2430 880 2608 947 (Auno
2645 877 2828 947 1106.)

2178 971 2421 1044 [Aenenv
2454 970 2658 1040 Spicil.,
2688 978 2724 1023 t.
2750 970 2820 1033 -ll,
2848 984 2902 1039 p.
2938 967 3090 1039 40L]

1913 1063 2143 1119 Domino
2199 1061 2477 1125 PlﬂuPPO,
2535 1060 2629 1115 Dei
2675 1060 2846 1130 gratia
2903 1059 3234 1113 Francorum
3283 1056 3419 1127 regi.

1841 1157 2009 1212 frater
2039 1156 2233 1219 Huco,
2268 1152 2643 1210 Cluuiaccnsis
2668 1152 2866 1216 abbas,
2894 1149 3130 1206 caelestis
3155 1147 3304 1217 regni
3341 1146 3424 1201 di-

1842 1248 2100 1318 gnitatem
2131 1256 2184 1301 et
2208 1244 2458 1316 gloriam.

1911 1336 2065 1392 Sicut
2098 1345 2295 1390 vestra:
2349 1331 2702 1389 sublimitatis
2741 1328 3026 1399 prudentia
3066 1326 3421 1397 recognoscit,

1840 1435 2138 1499 sponteque
2183 1426 2406 1491 fatetur,
2452 1424 2599 1478 nullo
2637 1438 2872 1492 unquam
2921 1430 3187 1490 tempore,
3218 1420 3296 1473 vel
3344 1420 3427 1473 di-

1841 1517 2057 1588 gnitati,
2087 1516 2170 1572 vel
2204 1530 2440 1581 coronae,
2470 1515 2550 1568 vel
2576 1512 2912 1583 amplitudini
2937 1520 3131 1567 vestra
3157 1509 3427 1566 contrahe

1842 1608 2021 1663 conati
2064 1623 2271 1671 sumus,
2312 1621 2411 1661 nec
2454 1606 2715 1659 honorem
2746 1612 3009 1668 vestrum,
3054 1610 3146 1655 aut
3176 1600 3424 1672 gloriam.

1843 1707 1936 1753 aut
1975 1697 2340 1766 maiestatem,
2374 1695 2425 1750 in
2466 1708 2736 1765 quoquam
2768 1692 2938 1746 minui
2984 1706 3078 1746 seu
3119 1688 3429 1745 defraudati

1844 1790 2173 1860 optavimus,
2220 1788 2316 1843 sed
2346 1803 2409 1841 ea
2446 1787 2628 1856 potius
2665 1799 2787 1854 qum
2818 1784 2935 1838 istis
2961 1780 3234 1837 contraria
3278 1788 3427 1842 sunt,

1845 1884 2108 1952 quibusve
2134 1882 2237 1936 ista
2272 1878 2543 1949 corrumpi
2574 1886 2822 1948 possunt,
2851 1874 3007 1945 longe
3037 1890 3067 1928 a
3102 1872 3256 1927 vobis
3286 1883 3431 1924 sem-

1846 1990 1941 2046 per
1967 1973 2083 2028 fore
2112 1970 2213 2027 fide
2238 1986 2344 2026 non
2368 1971 2491 2024 fleta
2514 1978 2568 2023 et
2590 1977 2839 2038 optamus
2863 1967 3077 2021 assidue
3098 1972 3152 2020 et
3172 1978 3423 2019 oramus:

1844 2079 1899 2121 et
1927 2066 1971 2121 si
1993 2062 2122 2135 quid
2152 2065 2368 2128 horum,
2392 2061 2643 2117 videlicet
2672 2060 3071 2116 contrariorum
3102 2073 3165 2112 ac
3188 2071 3433 2111 corrum-

1847 2158 2088 2229 pentium
2119 2172 2181 2210 ex
2214 2155 2452 2210 humana
2485 2151 2638 2207 vobis
2672 2150 2966 2205 tentatione
2995 2158 3156 2218 atque
3197 2147 3432 2203 infirmi-

1848 2259 1958 2304 tate
1990 2246 2204 2302 inhmsit
2224 2288 2239 2313 ,
2286 2245 2416 2300 illud
2464 2243 2606 2299 Deus
2636 2250 2881 2297 amoveat
2906 2282 2920 2307 ,
2951 2240 3041 2295 illo
3077 2254 3172 2294 vos
3200 2248 3395 2309 purget
3416 2280 3431 2301 ,

1847 2341 1938 2397 ilio
1966 2354 2062 2394 vos
2088 2338 2152 2392 ad
2180 2337 2395 2407 plenum
2426 2337 2703 2391 emundet.
2748 2331 2889 2403 Quia
2913 2348 3043 2389 vero
3075 2331 3433 2388 mansuetudo

1849 2443 2028 2488 vestra
2051 2448 2117 2487 ex
2146 2430 2313 2485 multa
2337 2445 2441 2500 qua
2472 2445 2566 2484 vos
2589 2428 2874 2498 prtedituut
2907 2427 3109 2481 scimus
3130 2425 3435 2481 humilitate

1846 2527 1914 2581 ad
1946 2526 2051 2580 hoc
2084 2541 2143 2579 se
2175 2539 2282 2578 non
2317 2523 2640 2592 dedignatur
2679 2520 2960 2583 inclinare,
3006 2528 3066 2572 ιιι
3091 2518 3234 2587 quod
3265 2525 3438 2571 restat

1850 2618 2136 2690 temporis,
2161 2616 2443 2672 nobiscum
2468 2630 2528 2670 se
2548 2615 2857 2667 unanimem
2878 2627 2942 2667 ac
2963 2610 3232 2667 concorde
3254 2609 3436 2663 vivere

1847 2714 1992 2769 velle
2027 2711 2293 2776 fateatur,
2341 2722 2605 2776 suamque
2642 2706 2803 2761 nobis
2848 2705 3273 2761 benevolentiam
3306 2700 3436 2757 olfe-

1850 2819 1997 2868 rens,
2031 2812 2271 2857 nostram
2308 2800 2507 2855 devote
2532 2805 2801 2868 reposcat,
2854 2797 2905 2850 id
2950 2794 3287 2866 gratulanter
3315 2807 3436 2846 ant-

1851 2894 2160 2964 plectimur,
2191 2900 2245 2947 ct
2273 2904 2439 2959 super
2466 2889 2571 2944 hoc
2600 2888 2764 2943 corde
2789 2886 3054 2942 benevolo
3077 2876 3435 2946 CXSllIlaltillS,

1851 2985 2093 3040 dicentes
2122 3002 2135 3039 :
2171 2981 2363 3038 Gloria
2390 2982 2444 3035 in
2470 2978 2685 3035 excelsis
2717 2978 2844 3042 Deo,
2874 2987 2919 3030 et
2948 2977 3001 3029 in
3034 2987 3173 3029 terra
3205 2990 3310 3043 pax
3338 2976 3436 3026 Ito-

1858 3078 2085 3133 minibus
2113 3077 2261 3130 bona?
2286 3073 2590 3130 voluntatis.

1928 3169 1995 3223 Et
2026 3165 2283 3238 quoniam
2320 3166 2463 3220 Deus
2486 3163 2708 3233 januam
2749 3162 2906 3217 nobis
2944 3159 3118 3215 dulcis
3150 3156 3437 3212 familiari-

1775 3231 1819 3291 ο
1855 3260 1983 3315 tatis
2013 3259 2081 3313 ad
2114 3273 2209 3314 vos
2233 3257 2301 3342 de
2329 3271 2389 3312 se
2415 3231 2795 3326 alloquendum
2822 3252 3058 3323 aperuit,
3093 3265 3235 3305 nunc
3275 3249 3431 3303 vobis

1852 3355 2086 3425 primunt
2126 3351 2430 3422 aperimus,
2465 3348 2608 3419 quod
2651 3348 2717 3403 de
2763 3346 2918 3401 vobis
2970 3360 3077 3401 non
3132 3359 3277 3399 nunc
3321 3343 3431 3412 pri-

1853 3458 1998 3496 tuum
2031 3441 2281 3513 cogitare
2303 3440 2567 3510 carpimus
2605 3446 2661 3493 et
2688 3446 2907 3508 aptare;
2944 3443 3001 3489 ut
3029 3434 3441 3506 propensiorem

1852 3534 2105 3589 affectum
2134 3543 2188 3587 et
2215 3532 2569 3589 intentionem
2586 3528 2851 3597 majorem
2882 3528 3077 3583 amodo
3105 3526 3350 3582 habeatis
3373 3524 3442 3578 ad

1856 3626 2057 3681 bonum
2086 3666 2101 3690 ,
2129 3625 2195 3686 ad
2221 3640 2407 3680 verum
2431 3624 2553 3678 dico
2579 3623 2801 3689 bonum,
2828 3623 2894 3676 ad
2922 3635 3193 3676 summum
3215 3617 3439 3681 bonum,

1852 3719 1993 3787 quod
2032 3717 2173 3771 Deus
2199 3725 2301 3770 est.
2348 3714 2392 3770 Ο
2444 3729 2639 3785 magne
2686 3714 2881 3780 amice,
2920 3710 3282 3767 recordamini
3313 3708 3441 3779 quia

1852 3824 1940 3863 me
1965 3807 2255 3877 aliquando
2282 3805 2657 3876 interrogastis
2673 3820 2740 3858 an
2757 3803 2954 3873 aliquis
2979 3817 3216 3872 unquam
3250 3802 3315 3855 de
3344 3816 3435 3854 re-

1855 3901 2010 3971 gibus
2040 3898 2215 3953 factus
2246 3897 2408 3953 fuerit
2431 3895 2747 3951 monachus.
2782 3893 3077 3963 Respondi,
3116 3892 3305 3948 etiam.
3332 3891 3441 3944 Sed

1853 3991 1957 4047 etsi
1980 3991 2046 4046 de
2079 3989 2224 4044 nullo
2262 3988 2370 4043 alio
2397 3987 2530 4043 certi
2561 4002 2832 4051 essemus,
2875 3985 3042 4040 solius
3071 3982 3251 4039 sancti
3286 3982 3441 4038 Gun-

1857 4083 2034 4137 trauni
2058 4081 2401 4135 Francorum
2437 4080 2581 4150 regis
2625 4077 2932 4147 exemplum
2971 4074 3266 4138 sufﬁceret,
3314 4072 3403 4149 qui
3429 4113 3442 4135 ,

1858 4174 2062 4229 relictis
2089 4171 2269 4227 saeculi
2314 4171 2545 4241 pompis,
2581 4179 2635 4225 et
2673 4166 3020 4229 vanitatibus,
3055 4174 3109 4221 et
3150 4158 3441 4223 illecebris.

1855 4264 2030 4327 factus
2076 4270 2154 4317 est
2205 4260 2502 4314 monachus
2538 4259 2754 4313 imitans
2793 4256 2941 4310 illunt
2978 4255 3092 4325 qui,
3128 4268 3251 4309 cum
3294 4252 3447 4306 dives

1853 4364 2019 4419 esset,
2055 4366 2265 4426 pauper
2293 4367 2392 4422 pro
2422 4352 2578 4407 nobis
2608 4350 2781 4405 factus
2814 4357 2918 4412 est,
2960 4357 3147 4409 utpsua
3179 4360 3277 4401 nos
3308 4361 3444 4416 pau-

1855 4455 2063 4519 pertate
2088 4446 2308 4501 ditaret.
2343 4443 2510 4515 Igitur
2537 4442 2584 4498 si
2615 4457 2710 4497 vos
2735 4455 2958 4512 regnum
2988 4438 3239 4499 delectat,
3271 4446 3326 4490 et
3358 4451 3449 4505 po-

1859 4549 2045 4604 testas,
2080 4548 2136 4595 et
2161 4537 2423 4610 dignitas,
2458 4536 2744 4593 imitamini
2776 4539 2921 4605 quod
2954 4534 3183 4597 auditis;
3214 4532 3339 4601 quia
3368 4531 3448 4585 sic

1857 4647 1912 4692 et
1949 4650 2077 4691 vere
2104 4649 2224 4698 rex,
2249 4640 2303 4688 et
2333 4646 2460 4688 vere
2494 4639 2711 4702 potens,
2739 4641 2793 4685 et
2828 4642 2957 4683 vere
2985 4625 3267 4697 dignitatis
3293 4637 3449 4677 cont-

1858 4745 1977 4802 pos,
2003 4738 2057 4783 et
2088 4726 2399 4799 perenniter
2428 4723 2579 4779 dives
2601 4735 2720 4777 esse
2748 4717 3016 4788 poteritis.
3050 4714 3261 4771 Movcat
3282 4712 3447 4767 etiam

1866 4838 1961 4876 vos
1985 4835 2047 4874 ac
2071 4824 2373 4889 perterrent
2408 4810 2891 4883 contemporalium
2918 4807 3330 4874 vicinarumque
3358 4818 3449 4855 ve-

1861 4918 2118 4970 strorum,
2133 4902 2389 4961 Willeltni
2405 4901 2577 4973 (141),
2590 4901 2730 4966 dico,
2749 4898 3039 4969 Anglorum
3060 4894 3222 4964 regis,
3241 4891 3453 4948 etHen-

1862 5003 1958 5058 rici
1997 4998 2343 5070 imperatoris
2389 4995 2559 5068 (H2),
2590 4990 2949 5047 lamentabilis
2991 5004 3152 5046 casus
3189 4987 3449 5058 plangen-

1860 5094 2068 5161 dusque
2099 5089 2352 5144 interitus
2383 5104 2397 5140 :
2440 5097 2669 5154 quorum
2705 5081 2845 5137 alter
2881 5080 3043 5135 unius
3069 5079 3280 5149 sagittae
3319 5078 3448 5136 ictu,

1864 5201 1967 5239 non
2003 5186 2055 5238 in
2093 5182 2254 5253 bello,
2301 5181 2395 5235 sed
2438 5183 2489 5235 in
2541 5181 2704 5234 ltosco
2743 5177 2844 5231 sub
2880 5180 3155 5229 momento
3193 5170 3455 5241 temporis

1864 5276 2087 5331 interiit.
2111 5275 2263 5329 Alter
2294 5274 2432 5328 inter
2457 5272 2656 5326 multos
2677 5283 2909 5342 angores
2936 5280 3237 5338 gravesque
3251 5278 3450 5318 terum-

1866 5381 1986 5430 nas,
2037 5378 2173 5435 quas
2215 5364 2303 5418 ditt
2337 5363 2705 5427 sustinuerat,
2735 5374 2929 5429 nuper,
2977 5358 3119 5413 sicut
3156 5371 3254 5410 vos
3301 5353 3454 5408 audi-

1864 5459 2007 5512 visse
2029 5454 2141 5525 jam
2177 5455 2477 5518 credimus,
2501 5451 2724 5508 defecit.
2767 5450 2868 5519 Qui
2898 5447 3170 5518 quomodo
3214 5460 3357 5501 nunc
3392 5457 3455 5498 sc

1864 5550 2120 5616 habeant,
2166 5548 2365 5617 quidve
2407 5546 2737 5607 sustineant,
2766 5542 2891 5612 quis
2940 5542 3221 5595 hominum
3260 5533 3454 5591 novit?

1864 5642 2091 5712 Propter
2126 5642 2291 5711 quod.
2322 5655 2355 5693 ο
2390 5653 2483 5693 rex
2531 5639 2859 5705 amicabilis,
2908 5632 3297 5709 apprehettdite
3337 5629 3453 5699 jam

1970 5776 2086 5839 141)
2128 5773 2381 5829 Willvlnti
2415 5774 2569 5829 Ilttzi.

1970 5781 2086 5839 Ml)
2131 5781 2381 5829 Willvlnti
2415 5781 2455 5827 ll

1939 5781 2104 5917 ξω)
2128 5846 2344 5901 Hettt'ici
2374 5843 2461 5899 ιν.
