3928 6298
117 359 226 417 953

1357 345 1718 412 El’lSTOLxﬁ
1759 356 2231 414 DIVERSORUM.
3306 367 3412 422 954

193 480 307 534 Diu-
331 485 434 542 est,
465 477 660 530 domne
699 489 762 529 ac
788 473 971 538 Pater,
1007 473 1149 542 quod
1176 473 1452 527 infirmum
1481 483 1720 528 vestrum
1752 478 1798 534 Α
1895 475 2028 540 Quia
2059 485 2205 530 tuam
2233 492 2446 546 semper
2484 477 2741 546 pietatem
2765 487 2815 534 et
2843 490 3122 548 paternam
3152 499 3282 555 erga
3311 491 3414 540 nos

117 569 268 624 sicut
294 558 552 621 solebatis
575 579 679 619 non
704 562 984 628 visitastis,
1014 571 1070 617 et
1099 563 1240 632 quod
1269 563 1714 618 adhortationum

117 671 174 715 et
207 657 647 715 consolationum
696 652 950 710 fomentis
991 656 1284 710 contritum
1331 664 1572 709 vestrmu
1611 670 1718 710 non

117 751 380 805 curastis.
413 749 519 804 Sed
549 746 769 817 proinde
794 747 978 816 pietati
1016 755 1213 802 vestra:
1245 763 1352 800 non
1377 747 1716 801 aestimamus

119 841 518 912 derogandum,
547 841 641 894 sed
675 834 843 892 totum
878 837 1251 906 iniquitatibus
1293 839 1494 892 nostris
1537 837 1718 906 impu-

123 933 372 997 tandum,
404 931 526 1002 quia
559 929 791 984 fortasse
817 927 1054 997 Spiritus
1082 927 1294 981 Domiui
1324 927 1618 996 prohibuit,
1650 940 1718 981 ne

122 1034 354 1095 promer
387 1023 780 1078 infructuosam
808 1020 1056 1074 arborem
1090 1019 1360 1073 sanctitas
1382 1029 1562 1074 vestra
1597 1017 1719 1072 fati-

124 1116 247 1185 gari
285 1113 547 1168 debuerit.
584 1113 782 1166 Verum
813 1111 1073 1180 quoniam
1100 1118 1311 1178 tempus
1340 1118 1422 1165 est
1451 1109 1597 1163 omni
1640 1107 1717 1164 rei

123 1205 233 1259 sub
279 1203 438 1268 coelo,
479 1211 535 1257 et
580 1202 718 1258 sicut
774 1210 985 1270 tempus
1031 1209 1115 1255 est
1155 1200 1250 1254 irae
1303 1199 1534 1259 Domini.
1566 1199 1638 1253 ita
1667 1209 1725 1254 et

127 1295 518 1351 misericordiae
557 1292 706 1364 ejus;
748 1307 912 1363 quam
951 1292 1374 1347 vicissitudinem
1424 1291 1628 1362 saepius
1665 1291 1719 1347 in

126 1386 424 1442 lsraelitieo
449 1384 646 1456 populo
675 1384 1114 1439 animadvertere
1142 1398 1452 1454 possumus,
1472 1383 1564 1454 qui
1590 1400 1719 1454 pce-

126 1493 261 1534 cans
297 1477 330 1532 a
367 1477 596 1533 Domino
641 1476 1009 1548 puniebatur,‘
1033 1477 1538 1548 ptenitensdignus‘
1565 1476 1721 1547 venia

111 1567 498 1639 judicabatur,
530 1567 670 1622 sicut
694 1567 858 1636 plane
886 1566 1086 1622 factum
1125 1576 1210 1622 est
1238 1566 1457 1637 quando
1480 1582 1509 1620 a
1539 1565 1722 1621 Nabu-

127 1661 474 1716 chodonosor
498 1661 636 1714 mttri
668 1658 970 1715 Jerusalem
991 1660 1253 1717 destrueti
1278 1671 1423 1725 sunt,
1458 1661 1717 1731 templum

131 1752 348 1805 Domini
373 1751 632 1816 dirutum,
650 1751 879 1822 populus
901 1752 1144 1822 captivus
1169 1753 1362 1809 ductus
1383 1762 1488 1818 est,
1503 1754 1720 1823 quando

1826 567 2250 622 sollicitudinem
2295 569 2528 642 benigne
2577 572 2786 641 experti
2857 586 3069 638 sumus,
3115 574 3188 629 ita
3240 585 3302 633 ut
3343 578 3412 632 de

1823 659 2008 714 multis
2038 675 2180 728 saepe
2209 661 2464 728 periculis
2516 663 2622 718 tuis
2663 666 2868 719 sanctis
2907 667 3252 723 orationibus
3291 685 3412 726 cre-

1822 750 2016 804 damus
2059 765 2157 805 nos
2198 752 2474 816 liberatos,
2507 755 2732 822 idcirco,
2775 755 2938 810 Pater
2973 757 3310 825 charissime,
3341 760 3408 822 ad

1825 849 1878 895 te
1907 849 2028 910 post
2055 841 2221 894 Deum
2251 844 2405 910 quasi
2453 844 2528 896 ad
2551 843 2826 915 singulare
2869 847 3133 917 refugium
3177 851 3410 909 necessi-

1824 931 1954 984 tatis
1985 938 2183 984 nostrze
2209 932 2568 994 recurrimus.
2594 942 2672 1001 et,
2702 943 2762 989 ut
2790 938 2928 1006 apud
2953 946 3004 992 te
3025 938 3219 994 saltem
3249 941 3412 996 misc-

1826 1022 2028 1075 riarum
2074 1031 2384 1076 nostrarum
2430 1022 2683 1079 solatium
2727 1026 3090 1094 inveniamus,
3135 1030 3412 1087 humiliter

1823 1112 2195 1183 exposcimus.
2249 1114 2319 1167 Et
2365 1113 2578 1170 utinam
2625 1116 2782 1172 nobis
2831 1119 3170 1191 contingeret
3214 1121 3408 1184 facient

1825 1211 1973 1257 tuam
2022 1204 2326 1274 angelicam
2363 1205 2726 1276 corporaliter
2760 1208 2963 1275 videre,
3004 1220 3062 1272 nt
3105 1212 3210 1267 tuis
3251 1213 3410 1269 affusi

1802 1296 2054 1366 genibus
2103 1305 2268 1367 caput
2327 1307 2596 1363 nostrum,
2648 1298 2792 1367 quod
2855 1301 2922 1355 de
2986 1300 3134 1358 fonte
3185 1304 3411 1358 salutari

1823 1386 2149 1455 suscepisti,
2198 1388 2253 1442 in
2316 1387 2496 1443 sinum
2553 1390 3011 1448 sanetitatistute
3073 1393 3412 1450 familiariter

1824 1495 2110 1549 possemus
2152 1479 2442 1547 reclinare,
2472 1480 2656 1552 ibique
2688 1492 2910 1552 peccata
2942 1495 3127 1540 nostra
3162 1487 3412 1542 deflendo

1800 1569 2234 1624 multitudinem
2265 1571 2675 1627 tribulationum
2703 1582 3014 1630 nostrarum
3045 1592 3141 1647 per
3164 1579 3412 1634 ordinem

1819 1661 2116 1716 enarrare!
2152 1660 2260 1716 Sed
2295 1661 2422 1732 quia
2456 1663 2617 1718 talem
2649 1664 2808 1720 nobis
2836 1667 3258 1724 consolationem
3285 1670 3414 1723 iuvi-

1803 1749 1955 1804 ‘dent
2005 1765 2112 1804 non
2152 1749 2326 1805 solum
2377 1751 2533 1823 longa
2578 1762 2842 1809 terrarum
2884 1755 3164 1825 iuterjeeta
3213 1760 3409 1829 spatia,

125 1843 238 1897 ﬁlia
269 1842 407 1897 Sion
437 1843 578 1897 sedit
605 1843 1062 1913 perseptuagiula
1093 1859 1265 1900 annos
1292 1845 1410 1900 sine
1435 1861 1582 1916 rege,
1600 1838 1798 1900 sine‘li
1825 1841 1921 1896 sed
1959 1841 2126 1896 etiam
2155 1843 2294 1898 mira
2327 1844 2668 1900 saavientium
2706 1845 3049 1904 inimicorum
3080 1852 3227 1925 odia,
3265 1863 3411 1908 tuam

124 1932 437 1995 sacerdote,
479 1935 599 1986 sine
641 1933 930 1988 sacrificio.
965 1933 1071 1989 Sed
1103 1950 1317 1990 rursum
1354 1938 1573 2006 quando
1595 1939 1717 1994 cteli

127 2023 539 2079 distillaverunt
588 2023 1015 2081 misericordiam
1067 2027 1184 2093 Dei,
1241 2029 1340 2083 sub
1395 2028 1538 2101 Cyro
1597 2046 1722 2103 rege

129 2115 428 2171 Persarum
458 2116 631 2171 laxata
660 2125 742 2172 est
771 2118 1080 2186 captivitas,
1107 2120 1268 2176 rediit
1291 2121 1540 2189 populus,
1564 2123 1721 2178 Jeru-

126 2207 302 2265 salem
335 2210 685 2274 rezedifieata,
713 2211 972 2281 templum
1009 2221 1340 2282 reparatum,
1375 2223 1428 2270 et
1464 2231 1722 2272 caeremo-

123 2300 350 2357 niarum
388 2303 521 2357 ritus
543 2318 606 2358 ex
636 2302 848 2370 integro
875 2312 960 2357 est
984 2305 1289 2360 restitutus.
1324 2305 1380 2361 Si
1406 2309 1715 2378 ergo,sieut

97 2395 421 2465 'Apostolus
447 2395 704 2464 loquitur,
730 2396 840 2450 Iure
861 2397 1036 2450 omnia
1068 2397 1121 2450 in
1150 2398 1324 2467 ﬁgura
1352 2402 1718 2470 contingebant

122 2483 255 2550 illis,
298 2500 398 2541 nos
445 2486 536 2556 qui
579 2486 811 2541 similem
854 2486 908 2540 in
941 2487 1311 2543 destructione
1341 2489 1722 2546 ecclesiastica:

123 2575 434 2648 religionis,
481 2578 697 2633 Domini
735 2578 824 2633 ditt
865 2579 1225 2635 sustinuimus
1269 2581 1429 2646 iram,
1469 2597 1639 2651 quare
1668 2584 1720 2637 iu

125 2671 479 2739 reparatione
509 2671 747 2742 ejusdem
799 2670 1076 2742 religionis
1117 2673 1350 2728 similem
1381 2689 1488 2729 non
1531 2689 1720 2744 spere-

95 2775 257 2815 ~mus
307 2761 782 2816 misericordiam?
826 2761 939 2818 Hoc
986 2763 1168 2832 itaque
1213 2766 1462 2834 exemplo
1498 2766 1720 2820 animati

128 2860 325 2905 notum
367 2850 596 2906 facimus
632 2852 912 2907 serenitati
947 2863 1140 2908 vestra:
1173 2855 1341 2924 quod,
1377 2869 1476 2924 pro
1504 2869 1722 2926 repara-

124 2941 284 2992 tione
311 2939 686 3005 ecclesiarum,
719 2957 839 3010 quze
883 2942 1084 2997 nostris
1131 2945 1466 3013 temporibus
1518 2946 1720 3001 nostris

121 3030 393 3098 peccatis,
439 3030 573 3085 heu!
623 3040 969 3098 corruerunt,
1019 3034 1268 3089 omnibus
1316 3036 1509 3100 modis,
1559 3045 1720 3107 prout

122 3123 280 3178 Deus
311 3125 456 3179 vires
490 3124 720 3189 dederit,
752 3124 1000 3181 volumus
1042 3124 1288 3181 laborare
1327 3137 1382 3183 et
1411 3128 1560 3184 Sauis
1587 3144 1716 3184 con-

120 3216 272 3272 siliis
300 3218 539 3271 omnium
576 3217 841 3272 bonorum
891 3219 1085 3274 amodo
1122 3222 1488 3288 acquiescere,
1530 3221 1576 3277 si
1607 3238 1716 3292 quo

119 3309 298 3364 modo
324 3308 604 3364 valeamus
630 3308 872 3379 dispersa
917 3309 1190 3379 colligere,
1223 3320 1277 3366 et
1307 3311 1510 3366 hiantia
1541 3327 1715 3369 cuneo

119 3396 464 3465 schismatis,
486 3398 702 3452 unionis
725 3397 933 3468 glutino
955 3399 1284 3465 coadunare,
1309 3405 1472 3470 atque
1501 3402 1714 3457 ruinam

119 3492 409 3558 Ecclesiae,
445 3508 564 3562 qua:
609 3508 706 3564 per
742 3507 842 3548 nos
890 3493 1028 3548 facta
1060 3501 1164 3562 est,
1198 3494 1347 3564 pacis
1395 3505 1450 3550 et
1487 3495 1713 3566 iustitiae

120 3584 530 3640 instauratione
559 3581 996 3656 recompensare.

195 3696 470 3754 Praeterea
499 3699 870 3771 significamus
898 3699 1050 3755 vobis
1075 3701 1252 3771 quod,
1274 3699 1316 3756 si
1346 3702 1453 3758 Deo
1483 3705 1714 3774 propitio

118 3802 358 3859 regnum
386 3797 440 3842 et
486 3790 849 3844 sacerdotium
880 3790 940 3844 in'
971 3807 1135 3844 unum
1169 3781 1485 3864 recolligere
1513 3797 1716 3865 poteti-

85 3871 92 3880 ’
120 3893 274 3944 tuus,
305 3885 424 3947 post
453 3878 828 3932 confirmatam
857 3893 1068 3948 pacem,
1093 3880 1173 3935 ire
1204 3881 1502 3938 Jerusalem
1531 3885 1716 3955 dispo-

118 3971 329 4034 nimus,
366 3977 421 4023 et
453 3970 632 4024 videre
677 3981 921 4025 sanctam
962 3981 1164 4027 terram
1213 3974 1266 4029 in
1307 3991 1410 4045 qua
1451 3976 1716 4034 Dominus

118 4072 315 4118 noster
351 4062 402 4116 in
435 4078 598 4118 carne
634 4065 780 4120 visus
809 4074 911 4133 est,
949 4075 1004 4121 et
1050 4073 1171 4122 cum
1225 4068 1542 4126 hominilms
1568 4074 1715 4126 con-

115 4161 375 4208 versatus
400 4162 514 4208 est:
546 4154 660 4224 ipso
689 4157 922 4226 propitio
951 4158 1103 4213 valde
1134 4159 1530 4227 desideramus,
1553 4171 1619 4216 ‘ut
1641 4163 1714 4217 ibi

117 4243 444 4314 expressius
479 4259 600 4300 eum
635 4247 940 4313 adoremus,
989 4249 1076 4303 ubi
1127 4264 1249 4304 eum
1297 4250 1501 4320 alapas,
1536 4262 1712 4322 sputa,

117 4333 360 4406 flagella,
391 4350 631 4402 crucem,
655 4349 908 4405 mortem,
944 4339 1301 4409 sepulturam,
1341 4356 1563 4411 passum
1597 4355 1716 4398 esse

115 4443 226 4498 pro
253 4428 412 4483 nobis
439 4430 806 4500 cognovimus.
845 4431 970 4486 Haec
1001 4439 1177 4488 autem
1209 4433 1388 4488 omnia
1421 4443 1711 4504 propterea

1821 1933 2203 2003 paternitatem
2245 1935 2392 1990 omni
2443 1936 2730 1993 devotione
2794 1939 3168 2006 obsecramus,
3223 1953 3413 2012 quate-

1824 2039 1926 2080 nus
1980 2033 2179 2080 uostrm
2220 2026 2800 2097 humilitatis-ﬂitteras
2855 2030 2990 2085 nihil
3033 2031 3285 2088 falsitatis
3320 2043 3416 2088 aut

1824 2113 2212 2180 simulationis,
2249 2115 2356 2171 Deo
2387 2126 2546 2183 teste,
2574 2119 2936 2186 continentes,
2973 2137 3080 2176 non
3104 2123 3414 2194 dedigneris

1823 2205 2122 2275 suscipere,
2155 2215 2211 2261 et
2259 2216 2467 2262 attente
2511 2217 2568 2263 et
2617 2209 3042 2270 misericorditer
3089 2213 3411 2283 intelligere.

1825 2307 2127 2352 monstrum
2176 2297 2434 2353 inaudita:
2485 2298 2795 2356 traditionis
2826 2311 3047 2357 nostrtc.
3090 2302 3262 2370 Quam
3291 2307 3412 2374 qui-

1823 2390 1944 2444 dem
1973 2397 2030 2442 ut
2053 2389 2226 2460 tuagis
2265 2389 2575 2444 mirandum
2607 2390 2699 2457 sit,
2732 2407 2838 2447 non
2865 2401 2975 2447 tam
3007 2395 3301 2452 domestica
3331 2397 3414 2450 vel

1797 2481 2043 2535 inimica
2087 2497 2282 2537 manus
2315 2483 2476 2553 (naut
2513 2484 2561 2537 si
2607 2485 2652 2537 is
2691 2487 2781 2556 qui
2824 2487 3004 2541 oderat
3043 2506 3124 2542 me
3152 2506 3307 2560 super
3333 2508 3415 2545 nte

1822 2587 2015 2639 magna
2051 2572 2256 2626 locutus
2303 2573 2508 2643 fuisset,
2561 2575 2951 2631 abscondissem
2975 2594 3056 2631 me
3089 2578 3314 2648 forsitan
3348 2581 3413 2633 ab

1823 2661 1912 2731 eo)
1944 2677 2107 2731 quam
2136 2665 2301 2719 etiam
2331 2665 2476 2721 filius
2509 2667 2648 2721 uteri
2691 2669 2861 2724 nostri
2903 2669 3060 2724 unice
3098 2670 3254 2726 nobis
3279 2671 3414 2726 dile-

1823 2762 1970 2819 ctus,
2007 2755 2192 2826 impie,
2243 2757 2557 2822 inhumane,
2591 2769 2646 2814 et
2687 2759 2906 2830 indigne
2939 2761 2993 2815 in
3024 2777 3124 2816 nos
3144 2763 3410 2827 exercuit,

1824 2844 1898 2900 ita
1941 2855 2144 2901 utnon
2190 2849 2396 2918 absque
2437 2849 2624 2904 dolore
2672 2851 2755 2905 vel
2803 2851 3004 2921 ingenti
3052 2852 3412 2910 admiratione

1793 2939 2099 3009 'possimus
2150 2939 2391 2995 clamare
2434 2941 2501 2996 ad
2553 2942 2724 2997 Deum
2773 2959 2905 2998 voce
2960 2944 3049 2998 illa
3113 2945 3412 3010 Psaltuistre

1824 3033 1986 3101 regis,
2024 3048 2054 3086 a
2081 3031 2222 3088 faeie
2257 3049 2363 3090 non
2405 3034 2685 3089 dissimilis
2709 3035 2802 3090 filii
2835 3035 3093 3106 fugientis
3125 3036 3432 3104 abomine,’

1822 3131 1950 3200 quid
1987 3130 2326 3200 multiplicati
2353 3141 2475 3186 sunt
2503 3134 2594 3203 qui
2627 3133 2882 3188 tribulam
2911 3135 3048 3188 me?

1894 3231 2214 3300 Scire‘enim
2244 3256 2296 3300 te
2319 3245 2613 3311 credimus,
2646 3247 2772 3318 quia
2805 3248 3029 3303 audisse
3061 3265 3164 3303 non
3196 3250 3409 3307 dubita-

1821 3352 1962 3403 mus,
1987 3348 2188 3408 quanta
2225 3339 2532 3402 affectione,
2567 3350 2621 3396 et
2657 3343 2844 3397 intima
2881 3345 3059 3399 cordis
3098 3346 3408 3410 dilectione,

1818 3438 2005 3484 contra
2019 3431 2350 3487 voluntatem
2370 3431 2686 3499 multorum,
2707 3439 2957 3490 eumdem
2977 3436 3144 3491 filium
3164 3448 3408 3492 nostrum

1818 3521 2177 3576 exaltavimus
2207 3538 2379 3593 usque
2429 3524 2495 3578 ad
2541 3525 2690 3593 regni
2726 3526 2945 3590 solium,
2969 3529 3057 3596 qui
3084 3529 3134 3582 in
3163 3529 3275 3600 ipsa
3297 3529 3409 3584 cle-

1819 3613 1997 3668 etioue
2027 3628 2123 3668 sua
2144 3607 2314 3668 nobis
2343 3616 2550 3686 jnravit
2594 3616 2881 3688 Moguntiae
2906 3619 3068 3673 vitam
3101 3627 3153 3674 et
3181 3621 3409 3676 salutem

1819 3722 2065 3779 persome
2099 3717 2335 3774 nostrae;
2369 3718 2423 3764 et
2460 3710 2602 3780 quod
2633 3711 2697 3765 de
2730 3727 2896 3782 regno
2936 3721 2990 3767 et
3029 3713 3173 3766 omni
3207 3714 3412 3768 honore

1819 3809 2027 3866 nostro,
2062 3800 2206 3856 etde
2229 3801 2483 3856 omnibus
2513 3818 2636 3871 qua:
2674 3802 3025 3867 habebamus,
3054 3805 3136 3857 vel
3169 3804 3404 3861 habituri

1819 3906 2060 3956 eramus,
2109 3891 2419 3947 nullomodo
2474 3909 2531 3947 se
2591 3894 3001 3960 iutromitteret,
3046 3911 3132 3949 me
3169 3897 3405 3959 vivente,

1820 3993 2008 4038 contra
2059 3983 2391 4039 voluntatem
2457 3993 2511 4038 et
2563 3994 2894 4055 prreceptnm
2941 3996 3206 4040 nostrum.
3259 3986 3404 4042 Idem

1824 4090 2042 4146 quoque
2065 4091 2230 4146 super
2257 4091 2476 4130 crucem
2526 4084 2579 4129 et
2630 4073 2974 4130 Dominicum
3024 4075 3234 4130 clavum
3283 4090 3406 4130 cum

1819 4164 2026 4229 lancea,
2054 4181 2240 4220 coram
2290 4166 2541 4220 omnilms
2586 4165 2950 4236 principibus,
2999 4165 3155 4221 nobis
3177 4166 3404 4235 iuravit,

1821 4273 1944 4312 cum
1978 4257 2339 4312 intronizatus
2364 4256 2550 4311 fuisset
2582 4257 2772 4328 Aquis.
2801 4257 3003 4312 Verum
3040 4258 3126 4312 bis
3156 4259 3408 4313 omnibus

1820 4348 2144 4418 posthabitis
2172 4356 2225 4404 ct
2248 4347 2508 4403 oblivioni
2543 4349 2774 4416 traditis,
2798 4349 3026 4406 consilio
3054 4348 3406 4420 perfidorum,

1818 4450 1874 4498 et
1921 4442 2327 4513 perjttratorum
2361 4440 2784 4512 mortaliumque
2815 4442 3156 4498 inimicorum
3198 4450 3407 4496 nostro-

116 4520 410 4576 sanctitati
448 4531 639 4577 vestra:
677 4523 998 4587 indicamus,
1048 4530 1106 4577 ut
1161 4523 1374 4578 enixius
1409 4538 1507 4593 pro
1559 4524 1715 4580 nobis
1747 4559 1794 4618 υ
1821 4554 1940 4591 mm
1995 4537 2066 4591 ita
2111 4553 2141 4591 ει
2177 4536 2334 4592 nobis
2383 4546 2668 4608 separatus
2712 4544 2904 4602 estut,
2955 4533 3264 4589 omnimodo
3308 4548 3407 4586 nus

115 4613 316 4675 oretis,
369 4620 426 4666 et
480 4629 577 4668 nos
628 4614 737 4669 Deo
792 4630 912 4670 cum
969 4623 1161 4671 sancto
1203 4616 1430 4687 collegio
1480 4614 1712 4672 fratrum

115 4714 434 4763 vestrorum
482 4706 741 4762 attentius
791 4709 1203 4778 commendetis,
1245 4711 1444 4780 utipsc
1485 4708 1574 4780 qui
1618 4727 1716 4767 nos

113 4799 282 4853 bona:
320 4797 612 4853 voluntatis
647 4799 910 4868 prteveuit
956 4801 1351 4866 misericordia,
1382 4803 1447 4856 ad
1477 4803 1718 4860 fructuo-

114 4905 244 4944 sum
273 4887 526 4945 effectum
561 4900 742 4946 nostra
776 4892 1004 4962 dirigere
1029 4893 1281 4965 dignetur
1307 4909 1491 4963 opera.

882 5067 973 5126 lx.

209 5217 211 5219 ί
303 5198 515 5240 IENBICI
554 5199 910 5241 IIIPERATORIS
947 5200 1334 5240 PREDICTOBUH
1375 5201 1529 5240 FlLll.

215 5295 573 5366 Conqueritur
597 5298 661 5354 de
686 5298 798 5367 ﬁlio
823 5299 962 5370 quod
991 5299 1043 5353 in
1067 5298 1216 5352 illum
1239 5300 1607 5355 insurrexerit.

191 5451 491 5515 HENBICUS,
521 5455 616 5510 Dei
651 5455 824 5522 gratia
853 5455 1224 5512 Romanorum
1264 5457 1579 5528 imperator,
1611 5457 1716 5511 Au-

73 5599 77 5604 ,
111 5555 336 5619 gustu-5,
365 5543 690 5602 charissimo
719 5555 881 5615 atque
917 5547 1266 5604 dilectissimo
1300 5549 1444 5602 Patri
1479 5548 1709 5614 "fiGONl,

112 5650 175 5695 et
203 5639 476 5695 universis
503 5638 712 5695 sanctis
751 5625 1007 5695 fratribus
1037 5640 1410 5696 Cluniaeensis
1449 5642 1711 5706 eoenobii,

117 5729 336 5784 dulcem
373 5729 468 5786 filii
503 5729 778 5798 affectum,
812 5745 874 5787 ac
908 5730 1160 5789 devotum
1195 5731 1396 5800 fratris,
1434 5732 1541 5788 imo
1569 5733 1710 5790 servi

116 5823 464 5892 obsequium.

1817 4626 2068 4697 persequi
2104 4637 2212 4682 tam
2244 4627 2297 4681 iu
2333 4629 2493 4682 rebus
2516 4641 2674 4697 quam
2698 4626 2752 4679 in
2779 4637 3009 4694 persona
3036 4623 3279 4692 cupiens.
3307 4636 3407 4675 nos

1817 4720 2031 4789 privare
2063 4733 2227 4788 regno
2255 4727 2309 4771 et
2341 4717 2450 4770 vita
2485 4719 2551 4770 ab
2585 4730 2648 4770 ea
2679 4714 2812 4768 hora
2841 4727 3055 4782 semper
3081 4709 3402 4763 intenderet.

1815 4810 1989 4878 Coepit
2018 4809 2160 4864 enim
2194 4817 2369 4862 castra
2399 4813 2585 4859 nostra
2621 4804 2885 4863 obsidere,
2915 4811 2968 4857 et
2991 4800 3191 4870 praedia
3221 4806 3404 4854 nostra

1771 4893 1776 4896 ’
1815 4916 2099 4972 usurpare,
2127 4909 2389 4969 quotquot
2422 4898 2621 4967 potuit,
2660 4904 2767 4950 tam
2807 4895 2873 4948 de
2910 4893 3130 4950 familia.
3160 4905 3324 4960 quam
3350 4899 3406 4944 et

1817 4995 1950 5049 alios
1982 4993 2082 5049 sibi
2114 5001 2301 5048 contra
2333 5007 2430 5047 nos
2462 4996 2809 5044 sacramento
2834 4975 3092 5056 alligavit.
3136 4983 3278 5038 Proh
3309 4983 3407 5036 do-

1817 5086 1927 5142 lor!
1971 5100 2092 5139 cum
2147 5085 2214 5138 de
2255 5083 2341 5138 die
2371 5082 2425 5135 in
2458 5081 2597 5135 diem
2645 5085 3109 5146 exspectaremus,
3132 5083 3191 5129 ιιι
3228 5083 3404 5129 tactus

1816 5178 2004 5233 dolore
2048 5165 2230 5232 cordis
2280 5175 2608 5228 intrinsecus
2666 5169 2978 5223 humiliatus
3039 5167 3400 5235 resipisceret,

1817 5269 1988 5341 magis
2018 5285 2080 5324 ac
2103 5267 2272 5337 magis
2302 5266 2481 5320 furore
2503 5262 2743 5335 perfidia:
2776 5275 3061 5326 accensus,
3087 5257 3239 5315 nihili
3269 5267 3402 5328 pen-

1817 5365 1950 5418 dens
2001 5360 2093 5416 Dei
2135 5353 2381 5413 timorem
2430 5365 2483 5410 et
2525 5360 2820 5424 paternam
2867 5353 3249 5418 reverentiam,
3294 5365 3402 5405 non

1816 5454 2086 5509 dubitavit
2125 5467 2223 5507 nos
2264 5451 2330 5505 de
2368 5448 2589 5503 civitate
2644 5447 2696 5501 in
2743 5445 3020 5501 civitatem
3051 5443 3405 5516 persequi,'et

1817 5547 1997 5604 omnia
2042 5555 2227 5600 nostra
2274 5557 2370 5614 pro
2403 5555 2563 5612 posse
2604 5539 2878 5594 invadere.
3313 5549 3315 5552 ‘

1889 5639 1979 5694 Sic
2001 5640 2246 5692 venimus
2276 5633 2576 5690 Coloniam.
2597 5633 2830 5711 Proinde
2855 5646 2976 5688 cum
3001 5631 3115 5701 ipse
3144 5631 3195 5684 in
3218 5627 3403 5698 proxi-

1817 5746 1903 5786 ma
1935 5728 2226 5784 Nativitatc
2257 5725 2468 5781 Domini
2499 5725 2860 5796 disposuisset
2892 5723 3221 5793 colloquium
3253 5720 3393 5792 apud

1818 5821 2174 5893 Moguntiam,
2216 5819 2562 5892 congregatis
2608 5817 2857 5874 fidelibus
2894 5815 3096 5872 nostris
3141 5811 3399 5884 cmpimus
