3928 6298
586 355 694 413 955

1684 342 1742 396 s.
1772 338 1961 396 IIUCO
1992 335 2213 391 ADDAS
2244 300 2761 390 CLuNtacuxsts.

3682 333 3760 385 ne

591 474 717 528 illuc
742 467 1057 525 ascendere.
1087 464 1203 530 Quo
1234 460 1440 525 audito,
1479 458 1726 515 occurrit
1762 456 1919 510 nobis
1955 452 2169 507 obviam
2207 457 2249 510 Α
2282 448 2424 516 quod
2468 445 2804 500 liherationis
2847 451 3046 498 nostra:
3107 440 3305 496 nttllum
3359 450 3487 493 esset
3534 442 3751 497 conslittnt

580 567 644 620 in
675 565 848 618 locum
878 558 967 628 qui
996 556 1196 610 dicitur
1223 551 1558 608 Conﬁuentia
1586 566 1602 615 ;
1653 546 1723 603 ibi
1770 562 1894 601 cum
1937 542 2070 598 nihil
2120 542 2170 595 vi

576 660 775 710 contra
802 663 901 704 nos
922 654 1103 717 posset
1139 657 1301 713 agere
1346 640 1513 709 coepit
1539 638 1787 692 laborare
1814 634 2035 695 astutia,
2053 631 2175 686 dolo

589 753 646 799 et
678 742 824 799 omni
851 749 988 795 arte.
1022 737 1162 791 Misit
1198 747 1433 802 namque
1476 731 1635 784 nobis
1682 726 1907 781 nuntios
1951 738 2077 779 suos
2120 729 2177 776 ut

592 847 775 888 secum
824 830 1209 899 loqueremur;
1266 838 1364 877 nos
1415 830 1621 881 autem,
1667 827 1888 885 accepto
1952 812 2178 868 consilio

574 935 899 981 'nostrorum
931 920 1194 981 ﬁdelium,
1232 915 1543 969 annuimus.
1572 912 1868 979 Postquam
1896 920 2025 960 vero
2053 904 2177 957 illuc

574 1017 963 1079 "convenimus,
992 1011 1175 1066 statim
1209 1007 1495 1079 procidens
1540 1005 1606 1057 ad
1653 1005 1815 1072 pedes
1853 1000 1970 1068 ejus
2009 994 2177 1064 ccepi-

594 1126 715 1165 mtts
756 1123 856 1178 pro
913 1104 1029 1159 solo
1069 1103 1178 1156 Deo
1232 1104 1286 1153 el
1339 1097 1519 1151 anima
1572 1110 1668 1148 sua
1727 1087 2180 1147 aﬁ'ectuosissime

597 1176 816 1273 rogare,
842 1206 903 1251 ut
950 1194 1107 1249 vellet
1143 1192 1256 1261 jam
1297 1202 1514 1244 cessare
1560 1185 1628 1239 ab
1665 1184 1959 1238 inhumana
2009 1176 2179 1247 patris

594 1290 991 1362 persecutione.
1043 1285 1135 1339 llle
1158 1292 1337 1336 autem
1366 1287 1585 1333 econtra
1616 1276 1714 1330 sub
1748 1271 1928 1343 specie
1955 1277 2012 1323 et
2040 1266 2182 1321 vela-

574 1385 747 1439 mine
792 1379 942 1451 pacis
997 1386 1053 1432 et
1101 1370 1496 1433 conventionis,
1542 1366 1861 1437 provolutus
1910 1361 1975 1414 ad
2021 1359 2183 1429 pedes

598 1483 822 1529 nostros
867 1466 1215 1540 laerytnando
1259 1463 1485 1534 rogabat
1515 1469 1571 1514 et
1603 1456 1927 1512 obsecrabat
1968 1466 2090 1516 nos,
2125 1457 2185 1504 ttt

578 1565 725 1620 'ﬁdei
743 1562 1004 1619 etanintee
1028 1572 1136 1613 sure
1162 1570 1261 1609 nos
1286 1552 1709 1611 committentes,
1726 1561 1896 1618 que...
1918 1542 2067 1614 (145)
2090 1556 2184 1594 no—

578 1670 774 1713 'strum
807 1661 861 1709 et
883 1666 1010 1706 caro
1040 1658 1222 1703 nostra
1251 1656 1392 1710 erat,
1427 1658 1533 1697 non
1564 1641 1937 1696 dubitaremus
1968 1649 2092 1688 eutn
2120 1645 2186 1686 eo

578 1747 669 1801 'ad
720 1743 1011 1816 praefatum
1057 1737 1457 1805 colloquium...
1505 1729 1857 1801 Mogttntiam,
1905 1726 2030 1779 illuc
2083 1736 2185 1777 nos

2276 538 2382 592 nisi
2430 536 2701 605 exzemplo
2733 536 2957 589 daretur
2982 542 3035 587 et
3070 547 3199 585 crux
3225 541 3275 583 et
3309 529 3505 593 lancea,
3525 544 3751 602 ceteraque

2281 629 2480 700 regalia
2505 626 2758 698 insignia.
2790 625 2925 680 Cum
2948 638 3077 693 ergo
3104 620 3463 675 indubitanter
3489 620 3758 682 intellexisti;

2280 737 2381 777 nos
2406 720 2713 775 nullatenus
2740 717 2899 772 aliter
2916 729 3079 785 quam
3109 713 3211 768 hoc
3245 712 3401 766 modo
3432 712 3759 782 liherariposse,

2282 812 2658 868 mandavimus
2709 808 2816 862 illis
2842 806 2935 876 qui
2975 813 3139 860 erant
3181 804 3233 857 itt
3275 801 3492 857 castello
3518 802 3595 855 ubi
3626 804 3759 874 regalia

2283 906 2644 962 habebantur.
2678 908 2737 954 ut
2768 900 2962 954 saltem
3007 897 3110 952 hcc
3152 896 3311 950 modo
3338 894 3493 947 vitam
3522 893 3648 946 nobis
3670 897 3760 948 tedi-

2283 1006 2512 1052 nterent.
2561 994 2665 1062 Qui
2705 991 3005 1063 periculum
3067 988 3193 1043 vita:
3236 996 3434 1040 nostrae
3474 986 3761 1055 intelligente;

2282 1088 2564 1160 prtel‘atam
2603 1099 2820 1141 crucem
2864 1092 2917 1137 et
2963 1081 3208 1135 lanceam
3232 1094 3354 1134 cum
3376 1078 3497 1131 aliis
3527 1078 3761 1146 insignibus,

2284 1183 2409 1237 licet
2436 1179 2611 1243 imiti,
2644 1175 3009 1230 tradiderunt.

2359 1273 2454 1327 llis
2482 1272 2553 1325 ita
2578 1267 2923 1340 (posthabito
2957 1267 3083 1326 Deo,
3114 1274 3170 1319 et
3198 1263 3348 1319 onmi
3375 1262 3493 1332 jure
3517 1272 3564 1316 et
3588 1261 3761 1329 justiti!)

2287 1365 2578 1419 inhumane
2604 1360 2862 1432 peractis,
2891 1360 3198 1414 eduxerunt
3235 1370 3335 1409 nos
3367 1356 3433 1409 de
3458 1353 3660 1409 horribili
3688 1369 3761 1410 car-

2286 1472 2412 1513 cere
2439 1456 2491 1510 in
2522 1456 2721 1517 locum,
2749 1453 2842 1522 qtti
2880 1451 3080 1506 dicitur
3130 1448 3432 1519 lugilhcim,
3457 1448 3592 1517 juxta
3614 1447 3761 1517 legun-

2272 1550 2444 1614 -tiam,
2482 1562 2593 1617 quo
2638 1546 2788 1601 venit
2839 1544 2981 1597 ﬁlius
3030 1553 3214 1597 noster
3252 1556 3377 1595 cum
3419 1540 3687 1594 mortalibus
3704 1540 3764 1593 iei-

2290 1642 2445 1697 micis
2484 1638 2706 1701 nostris,
2739 1648 2794 1693 et
2823 1650 3009 1691 eorum
3048 1632 3420 1696 multitudine,
3459 1632 3631 1687 relictis
3660 1632 3765 1685 tunc

2290 1732 2545 1786 omnibus
2599 1728 2846 1783 ﬁdelibus
2894 1725 3097 1780 nostris
3146 1723 3454 1793 Moguntiae,
3496 1737 3552 1775 ea
3586 1720 3766 1791 speqnol

605 1840 726 1908 ipse
763 1837 987 1889 duceret
1025 1830 1177 1885 omni
1227 1824 1555 1883 certitudine
1592 1818 1921 1883 securitatis,
1958 1824 2014 1870 et
2061 1828 2183 1868 cum
2218 1812 2259 1870 ll
2289 1840 2387 1879 nos
2436 1824 2563 1878 ίηιιε
2608 1820 2675 1874 ad
2717 1832 2813 1873 eos
2857 1817 3080 1872 debere;
3120 1815 3340 1869 ducere,
3379 1812 3565 1879 Quibus
3600 1811 3766 1865 οωηίιηι,

572 1926 973 2001 'principihus,
1022 1929 1229 1992 quanto
1286 1917 1534 1972 ﬁdelibus
1588 1919 1810 1983 posset,
1849 1910 1916 1963 de
1981 1908 2187 1961 honore

607 2033 795 2078 nostro
843 2018 1079 2074 sollicite
1115 2020 1399 2075 tractaret,
1439 2018 1496 2064 et
1531 2007 1655 2061 inde
1684 2020 1802 2067 nos,
1842 2008 2064 2071 peracto
2100 2013 2194 2050 ne-

603 2114 750 2188 gotio
774 2110 857 2165 vel
891 2106 1111 2169 infecto,
1144 2104 1210 2158 ad
1254 2103 1434 2156 locum
1473 2111 1632 2167 quem
1672 2093 1934 2148 vellemus
1961 2086 2193 2143 securis-

607 2207 744 2261 sime
774 2202 1077 2255 reduceret.
1112 2195 1208 2249 llis
1232 2192 1484 2246 omnibus
1528 2185 1728 2240 auditis
1777 2190 1826 2236 et
1878 2176 2191 2239 intellectis,

605 2291 1051 2351 collaudantibus
1106 2283 1327 2346 nostris,
1379 2276 1754 2335 commisimus
1806 2286 1905 2325 nos
1958 2267 2082 2322 ﬁdei
2140 2258 2195 2320 et

608 2386 803 2439 animae
848 2380 994 2449 ejus,
1060 2374 1302 2430 dicentes
1346 2386 1359 2422 :
1407 2363 1809 2421 Lommittimus
1860 2373 1959 2413 nos
1999 2354 2195 2409 animae

608 2484 717 2528 tua:
753 2472 854 2526 sub
878 2447 956 2523 ea
982 2465 1107 2519 ﬁde
1148 2476 1255 2532 qua
1300 2461 1439 2514 Deus
1458 2454 1629 2509 voluit
1665 2451 1833 2505 ﬁlium
1864 2447 2087 2516 diligere
2105 2458 2197 2513 pa-

612 2575 772 2618 trem.
807 2560 897 2614 llle
940 2570 1071 2611 vero
1111 2555 1235 2608 data
1276 2552 1465 2605 dextra
1499 2546 1600 2600 sub
1624 2542 1816 2597 eadem
1864 2537 1969 2592 ﬁde
2008 2534 2198 2590 salutis

608 2664 671 2711 et
721 2651 944 2708 honoris
983 2644 1154 2701 nostri
1202 2657 1301 2698 nos
1336 2653 1561 2695 securos
1592 2631 1847 2688 reddidit.
1884 2628 1997 2683 llae
2037 2625 2198 2697 igitur

619 2745 816 2801 ﬁducia
854 2739 988 2797 nihil
1025 2736 1361 2798 dubitantes,
1395 2728 1707 2785 remisimus
1754 2730 1969 2777 nostros
2021 2728 2081 2773 ut
2132 2717 2199 2772 ad

617 2835 904 2908 prmlatum
950 2827 1285 2898 colloquium
1337 2820 1605 2881 redirent;
1672 2809 1980 2868 mandando
2033 2807 2199 2861 etiam

611 2902 827 2985 caeteris
858 2921 1103 2977 ﬁdelibus
1144 2915 1346 2973 nostris
1372 2920 1431 2967 ut
1460 2909 1659 2965 ibidem
1704 2902 1907 2960 nostris
1935 2911 2196 2956 occurre-

618 3028 760 3085 rent,
798 3026 852 3072 et
889 3014 968 3070 sic
990 3028 1113 3067 cum
1151 3009 1243 3064 illo
1272 3002 1502 3085 profecti
1529 3012 1736 3054 sumus.

686 3110 821 3166 Cum
853 3114 1034 3160 autem
1066 3078 1397 3156 essemus‘in
1429 3091 1604 3148 media
1631 3090 1736 3151 via,
1782 3084 2085 3140 nuntiatum
2119 3086 2203 3135 est

2290 1915 2391 1970 hac
2430 1918 2525 1984 spe
2568 1909 2828 1979 deceptis,
2872 1908 2924 1962 in
2958 1904 3185 1976 pnel‘ato
3224 1905 3345 1959 loco
3397 1905 3570 1958 iterum
3604 1902 3766 1970 probra

2292 2023 2483 2063 sumus
2535 2006 2602 2060 ad
2662 2001 3074 2059 crudelissimas
3128 1998 3490 2068 quaestiones.
3536 2004 3585 2050 et
3628 1995 3767 2061 iniquas

2290 2098 2635 2162 exactiones,
2647 2103 2914 2167 praesente
2938 2092 3131 2147 nuntio
3167 2104 3343 2161 papae,
3373 2089 3460 2142 ubi
3489 2086 3626 2141 multa
3646 2086 3768 2138 imu-

2284 2191 2583 2252 ~venientia,
2635 2204 2744 2243 non
2793 2196 2906 2241 tam
2960 2184 3078 2240 zelo
3121 2181 3465 2238 rectitudinis
3492 2194 3627 2249 quam
3654 2175 3767 2230 studio

2296 2292 2494 2337 nostra:
2523 2279 2909 2344 damnationis,
2938 2287 3067 2333 sunt
3103 2276 3262 2330 nobis
3307 2275 3375 2328 ab
3405 2272 3609 2327 inimicis
3638 2268 3769 2322 nostris

2292 2373 2523 2442 objecta,
2565 2385 2904 2443 quotcunque
2930 2369 3136 2425 scilicet
3170 2366 3336 2421 saluti
3369 2374 3421 2420 et
3457 2362 3619 2419 honori
3648 2369 3768 2413 nostro

2280 2472 2591 2535 potuerunt
2618 2477 2741 2517 esse
2775 2459 3073 2535 contraria.
3106 2458 3179 2512 At
3201 2472 3333 2511 vero
3365 2470 3459 2508 nos
3483 2470 3588 2507 cunt
3611 2448 3769 2519 postula-

2299 2571 2482 2610 remus
2529 2563 2590 2608 ttt
2630 2554 2820 2609 liceret
2863 2534 3032 2607 nobis.
3062 2549 3398 2619 respondere
3430 2555 3481 2599 et
3516 2544 3573 2599 de
3602 2540 3771 2596 οιιιιιὶὺυς

2300 2646 2550 2715 objectis,
2585 2646 2749 2715 digna
2791 2642 3004 2698 ratione
3042 2639 3391 2700 satisfacere,
3423 2636 3491 2690 illi
3521 2649 3600 2704 pro
3623 2630 3771 2698 imperio

2303 2746 2623 2801 renuertmt,
2664 2737 2807 2805 qttod
2834 2734 2998 2790 etiam
3028 2730 3249 2786 harhari
3278 2728 3442 2783 alicui
3468 2738 3603 2781 servo
3626 2736 3701 2775 non
3727 2717 3774 2771 ia-

2300 2837 2505 2884 cerent.
2556 2825 2690 2881 Cum
2735 2839 2865 2894 ergo
2913 2823 3221 2876 videremus
3266 2817 3430 2873 nobis
3470 2812 3713 2868 violentiam
3742 2817 3773 2861 et

2303 2919 2670 2991 prtejttdicium
2714 2916 2852 2979 ﬁeri,
2901 2925 3027 2969 tunc
3070 2911 3344 2982 provoluti
3390 2909 3455 2964 ad
3490 2905 3623 2978 pedes
3653 2914 3772 2959 conm

2304 3009 2570 3080 carpimus
2609 3007 2926 3078 suppliciter
2974 3004 3283 3073 implorare,
3322 3016 3440 3056 cum
3473 3013 3557 3069 pro
3585 2995 3681 3055 Deo.
3705 3004 3773 3044 luta

2305 3116 2406 3170 pro
2433 3115 2534 3156 suo
2558 3100 2787 3163 honore,
2824 3105 2883 3150 ιιι
2920 3092 3225 3162 huiusmodi
3256 3092 3568 3161 qumstiones
3605 3094 3647 3140 et
3678 3080 3773 3147 ohje

618 3200 774 3255 nobis
831 3194 1085 3267 privatim
1139 3190 1282 3260 quod
1340 3185 1699 3240 traderemttr.
1750 3174 1863 3231 lioc
1912 3190 2034 3267 cum
2088 3173 2202 3242 ipse
2229 3159 2271 3215 (ἶ
2306 3159 2516 3249 ξιίοηοε
2546 3159 2831 3245 differre,“
2858 3159 3030 3255 usqu'c
3055 3184 3122 3239 ad
3149 3159 3498 3253 apostolicam
3523 3176 3773 3237 m'm.

619 3291 785 3344 sciret
816 3261 969 3341 nobis
996 3283 1223 3338 relatum
1254 3290 1393 3341 esse,
1439 3273 1605 3342 coepit
1633 3270 1824 3339 jttrare
1862 3276 1916 3322 et
1946 3261 2203 3320 detestari

622 3379 936 3436 nullomodo
979 3389 1098 3431 esse
1140 3386 1349 3435 verum,
1397 3366 1665 3436 recipiens
1706 3376 1805 3417 nos
1853 3361 2048 3416 iterum
2101 3356 2202 3411 sub

619 3474 845 3544 prmlata
884 3471 1008 3524 ﬁde.
1050 3464 1255 3521 Deinde
1289 3463 1340 3515 in
1378 3458 1626 3528 sequenti
1667 3458 1753 3513 die
1794 3454 1939 3510 circa
1992 3458 2203 3505 noctem

621 3564 969 3638 pervenimus
1001 3560 1054 3615 itt
1079 3559 1256 3614 locum
1281 3553 1373 3625 qui
1407 3552 1602 3608 dicitur
1628 3551 1813 3618 Binga.
1848 3547 2003 3600 Mane
2027 3552 2205 3596 autem

622 3657 769 3710 facto
811 3648 1169 3707 circumvenit
1216 3660 1315 3701 nos
1360 3656 1636 3697 armorum
1672 3638 1922 3707 strepitu,
1956 3642 2011 3687 et
2060 3629 2206 3685 omni

623 3761 821 3819 genere
855 3741 1107 3806 terroris,
1148 3739 1335 3795 dicens
1364 3750 1421 3791 se
1459 3749 1557 3788 nos
1587 3730 1727 3787 nolle
1757 3731 1956 3783 dueere
1986 3724 2207 3794 Mogun-

628 3818 783 3903 tiam,
812 3836 907 3892 sed
952 3834 1019 3888 ad
1054 3840 1295 3887 castrum
1326 3825 1617 3897 quoddam.
1663 3821 1796 3876 Cum
1825 3818 1990 3891 igitur
2014 3830 2210 3887 provo-

622 3932 894 3986 lveremur
926 3926 994 3980 ad
1039 3922 1202 3994 pedes
1227 3930 1336 3975 tam
1369 3933 1497 3976 suos
1543 3930 1704 3985 quam
1735 3912 1989 3976 aliorum,
2020 3916 2100 3971 ul,
2130 3921 2213 3960 se-

622 4027 857 4080 cundum
893 4020 1053 4076 ﬁdem
1099 4021 1305 4080 datam,
1336 4029 1435 4068 nos
1468 4012 1692 4066 duceret
1731 4003 2085 4076 Mogunliam,
2125 3998 2207 4053 vel

625 4130 727 4170 nos
770 4111 1075 4166 dimitteret
1117 4107 1317 4161 liberos
1352 4104 1525 4167 abire,
1564 4100 1835 4156 redituros
1878 4096 1931 4149 itt
1975 4091 2209 4149 termino

623 4220 787 4276 quem
837 4203 1147 4270 disponeret
1190 4197 1337 4251 omni
1374 4194 1699 4250 certiludiue
1750 4185 2080 4249 securitatis,
2130 4198 2210 4236 re-

624 4275 885 4364 sponsum
915 4299 997 4346 est
1042 4288 1194 4343 nobis
1244 4287 1386 4357 quod
1436 4285 1570 4341 nihil
1608 4282 1752 4337 aliud
1807 4281 1995 4335 liceret
2054 4275 2207 4329 nobis

632 4386 812 4439 facere
840 4396 1001 4452 quam
1041 4379 1106 4431 ad
1146 4378 1427 4447 praefatum
1458 4376 1739 4432 castellum
1774 4373 1875 4427 ire.
1915 4369 2052 4436 Quid
2094 4367 2211 4436 plu-

2307 3298 2462 3341 cessa
2502 3281 2721 3337 interim
2779 3278 2935 3334 nobis
2985 3276 3247 3347 dignitate
3308 3272 3530 3343 prepria:
3573 3262 3770 3322 libertatis

2308 3388 2479 3445 usque
2500 3372 2567 3427 ad
2595 3371 2772 3427 locum
2800 3370 3035 3440 praelate
3068 3364 3233 3426 sedis.
3270 3364 3368 3419 ubi
3398 3369 3626 3433 praesente
3644 3356 3773 3410 Rom:-

2309 3482 2377 3521 no
2398 3465 2548 3521 eiero
2576 3472 2632 3519 et
2660 3459 2882 3532 populo,
2913 3466 3121 3515 remoto
3143 3457 3268 3515 odio
3294 3464 3357 3511 et
3383 3451 3584 3514 invidia,
3608 3457 3649 3502 et
3669 3453 3772 3498 cath

2310 3559 2384 3614 ris
2407 3573 2526 3628 quae
2545 3555 2772 3625 iustitia:
2814 3560 2939 3609 sunt
2976 3549 3274 3623 contraria,
3324 3548 3505 3603 liceret
3544 3543 3599 3597 de
3627 3535 3775 3606 ebitat!

2310 3651 2391 3706 vel
2425 3650 2584 3720 digne
2606 3662 2858 3718 purgare,
2881 3643 2966 3699 vel
3003 3642 3280 3697 humiliter
3310 3637 3612 3696 satisfacere.
3632 3631 3773 3685 Aleum

2311 3742 2363 3797 id
2412 3755 2628 3813 quoque
2674 3737 2830 3793 nobis
2894 3734 3187 3790 inhumane
3240 3731 3607 3800 denegaretur,
3641 3731 3680 3777 et
3717 3730 3777 3770 an!

2312 3834 2508 3890 deinde
2540 3831 2674 3887 mise
2697 3829 2957 3903 (144)..."
2990 3841 3258 3891 reremus,
3281 3827 3329 3879 si
3354 3838 3453 3895 qua
3482 3834 3586 3890 spes
3616 3816 3778 3869 vitam

2310 3926 2521 3990 salutis,
2546 3922 2630 3979 vel
2660 3900 2780 3994 qua:
2810 3920 3029 3977 tandem
3056 3925 3319 3975 esset.....
3345 3915 3491 3985 copia
3517 3900 3773 3965 liberationis.

2311 4018 2450 4073 Tum
2480 4015 2636 4072 nobis
2678 3993 2995 4083 responsum
3027 4017 3108 4065 est
3130 4006 3273 4078 quod
3314 4021 3345 4060 a
3387 4001 3525 4075 gravi
3559 3993 3775 4066 captivitate

2313 4109 2499 4163 ita.....
2530 4120 2837 4177 possemus,
2868 4104 2911 4158 si
2934 4117 2996 4156 ea
3025 4098 3249 4170 exsequi
3271 4096 3539 4158 ve'lemus,
3558 4102 3649 4160 qua:
3664 4080 3774 4137 nobis

2314 4200 2439 4255 licet
2474 4175 2663 4254 contra
2703 4197 2794 4263 jus
2826 4202 2881 4248 et
2915 4194 3175 4248 honorem
3218 4199 3483 4251 nostrum,
3514 4175 3776 4254 proponebin'

2315 4298 2424 4355 tur,
2455 4288 2507 4343 id
2544 4296 2648 4349 est,
2680 4295 2740 4341 ut
2778 4284 3074 4341 secundum
3114 4295 3304 4335 eorum
3345 4279 3632 4333 voluntatem
3653 4264 3774 4321 redde

2315 4393 2495 4433 remus
2542 4377 2684 4446 impe
2718 4375 2753 4430 ii
2801 4389 3081 4429 coronam.
3116 4370 3256 4439 Quid
3306 4367 3487 4440 plura?
3527 4362 3773 4426 Postquam?

630 4478 731 4531 ra?
752 4476 948 4531 Contra
971 4491 1184 4532 omnem
1207 4475 1540 4528 voluntatem
1572 4480 1811 4526 nostram
1841 4466 2084 4538 captivos
2114 4478 2198 4518 nos

2285 4470 2475 4549 ,nobis
2517 4469 2694 4524 omnia
2739 4482 2835 4538 pro
2864 4466 3137 4520 voluntate
3167 4472 3224 4518 et
3269 4460 3489 4532 imperio
3511 4453 3774 4511 extorsmml.

617 4569 919 4636 duxerunt,
955 4569 1155 4638 ibique,
1198 4564 1396 4622 retrusi
1431 4563 1736 4619 aretissima
1784 4559 2050 4623 custodia,
2098 4566 2209 4609 tra-

617 4661 723 4716 θαίιί
770 4675 954 4715 sumus
1002 4656 1317 4713 ntortalibus
1383 4654 1587 4709 nostris
1653 4649 1922 4715 inimicis,
1972 4647 2210 4703 exclusis

618 4754 878 4809 tomnihtts
936 4750 1136 4807 nostris
1202 4758 1401 4820 praeter
1469 4757 1576 4803 tres
1627 4745 1830 4809 laicos,
1903 4756 2003 4796 nec
2047 4740 2209 4794 etiam

622 4846 848 4900 relictus
884 4853 972 4899 est
1012 4843 1167 4897 nobis
1206 4841 1481 4903 sacerdos,
1520 4853 1641 4894 cum
1673 4836 1741 4890 de
1770 4834 1880 4889 vita
1911 4841 2093 4888 nostra
2121 4831 2213 4886 de-

624 4951 993 5006 speraremtts,
1034 4950 1063 4991 a
1100 4950 1208 5007 quo
1250 4948 1533 5003 possemus
1562 4944 1759 4998 corpus
1796 4936 1851 4982 et
1894 4925 2210 4995 sanguinem

630 5027 844 5083 Domini
871 5044 968 5098 pro
986 5028 1181 5082 viatico
1202 5027 1473 5093 accipere,
1501 5033 1556 5077 et
1587 5023 1671 5078 cui
1710 5034 1991 5092 possemus
2018 5032 2214 5087 pecea-

630 5128 808 5173 tortttu
857 5129 1163 5173 nostrorum
1207 5117 1602 5172 confessionem
1656 5115 1855 5168 facere.
1897 5110 1997 5168 Ubi
2048 5109 2212 5162 etiam

632 5206 818 5262 amicti
856 5222 1045 5262 sumus
1084 5206 1231 5261 fame
1279 5217 1333 5259 et
1383 5204 1496 5267 siti,
1541 5213 1595 5258 et
1624 5202 1768 5257 omni
1800 5213 1997 5270 genere
2026 5205 2215 5252 contu-

632 5296 809 5350 melia:
830 5304 883 5349 et
914 5297 1154 5362 terroris,
1182 5311 1351 5366 usque
1393 5297 1458 5348 ad
1488 5296 1661 5362 ipsum
1689 5290 1976 5346 articulum
2004 5288 2212 5352 mortis,

634 5387 709 5440 ita
750 5397 809 5440 ttt
858 5388 1217 5443 certissimum
1278 5388 1434 5442 nobis
1486 5397 1631 5441 esset
1685 5399 1783 5439 nos
1831 5382 2061 5437 ulterius
2110 5397 2213 5433 nott

632 5492 793 5549 posse
830 5478 1030 5543 vivere,
1076 5492 1335 5559 quantum
1364 5480 1438 5532 .in
1483 5478 1596 5548 ipso
1634 5484 1772 5540 erat,
1809 5473 1913 5528 nisi
1952 5472 2215 5528 voluntai

634 5568 752 5640 ejus
802 5567 1255 5627 satisfacerentus.
1312 5570 1518 5624 Interea
1573 5568 1888 5623 mandatum
1936 5574 2019 5621 est
2060 5565 2217 5621 nobis

689 5766 852 5838 ‘("5)
895 5766 994 5822 llic
1022 5781 1256 5822 corrosa:
1283 5767 1635 5822 membranae.

2317 4561 2579 4616 abeuntes
2623 4558 2978 4628 Moguntiam,
2998 4557 3073 4611 μὶιι
3121 4554 3317 4610 eodem
3359 4553 3471 4606 loco
3497 4562 3579 4601 nos
3603 4543 3689 4597 sine
3713 4537 3773 4588 b‘

2315 4664 2450 4705 nore
2502 4649 2853 4719 reliquerunt,
2886 4663 3009 4702 eum
3057 4660 3185 4700 ecce
3243 4644 3542 4698 mandatum
3578 4643 3643 4690 est
3679 4622 3776 4683 ηοδίδ

2316 4744 2482 4812 quod,
2528 4741 2631 4798 nisi
2682 4751 2939 4797 aeternam
2968 4732 3349 4807 captivitatem
3390 4734 3555 4789 subire
3586 4723 3772 4779 vellemus

2317 4833 2639 4905 quantocius
2667 4832 3093 4887 discederemus.
3132 4828 3468 4897 Quapropter
3495 4820 3636 4874 locutu
3666 4813 3773 4879 ἰρειιηι

2316 4927 2675 4986 detestantes,
2714 4921 2895 4975 navim
2948 4894 3385 4977 conscendimus.
3424 4910 3656 4968 Coloniam
3685 4894 3775 4952 ῐεειὶ·

2320 5024 2516 5069 nattter
2540 5014 2809 5078 venimus,
2838 5022 2894 5064 et
2933 5012 3012 5065 sic
3042 5009 3276 5080 gratuita
3306 4998 3633 5059 misericordia
3654 4988 3775 5043 dirius

2318 5105 2621 5175 majestalis
2663 5119 2693 5158 a
2749 5103 3061 5159 crudelibus
3119 5101 3454 5156 inimicorum
3499 5089 3694 5148 manibus
3725 5078 3775 5126 τὲί

2317 5200 2533 5255 liberati
2562 5214 2766 5253 sumus.

2375 5288 2497 5344 'Sed
2540 5288 2651 5358 jam
2701 5297 2913 5355 tempus
2953 5293 3036 5339 est
3071 5292 3181 5338 tam
3222 5281 3387 5351 longae
3416 5272 3776 5357 miseriarum!”

2320 5390 2557 5435 strarum
2601 5377 2875 5448 tragmdia:
2914 5375 3070 5429 ﬁnem
3117 5349 3429 5443 imponere;
3472 5376 3607 5434 quam
3645 5349 3777 5406 idfift“

2323 5480 2445 5538 tuae,
2482 5471 2643 5526 Pater
2671 5467 3062 5532 amantissime,
3102 5464 3289 5535 pietati
3331 5459 3511 5517 deﬂere
3546 5444 3777 5508 curavimus

2320 5565 2449 5635 quia
2481 5563 2532 5618 in
2568 5563 2679 5618 Deo
2717 5570 2773 5616 et
2817 5560 2868 5613 in
2915 5566 2968 5613 te
3015 5532 3208 5626 magna
3245 5566 3298 5611 et
3341 5545 3705 5623 singularisspcs
3728 5532 3779 5581 θλ

2398 5760 2547 5834 (IN)
2582 5759 2688 5815 llic
2723 5760 2886 5815 etiam
2916 5773 3133 5815 corrosa
3166 5756 3486 5813 membrana.
