3928 6298
164 349 265 435 θεέ
1284 388 1287 395 υ
1321 360 1676 428 EPISTOLAS
1709 358 2176 433 uirensoauu.
2754 388 2759 395 υ
3301 395 3408 454 933

164 486 314 550 nobis
334 486 537 545 consilii
562 494 616 541 et
640 483 847 551 auxilii,
862 483 1051 540 salutis
1068 493 1125 540 et
1145 485 1482 543 liberationis
1504 494 1722 541 nostrai.
1752 486 1800 542 A
1967 500 1969 503 ‘
2574 514 2664 576 XI.

163 582 310 640 Unde
346 578 486 650 quod
533 578 795 631 hactenus
840 575 1019 630 facere
1065 575 1395 643 distulimus,
1435 591 1581 630 nunc
1612 585 1725 631 toto

160 670 345 727 aﬁ'ectu
374 677 429 724 et
454 664 723 722 desiderio
755 665 922 719 animi
951 674 1121 720 totum
1152 665 1435 720 consilium
1480 676 1727 720 nostrum

2184 617 2437 662 ALPHONSI
2476 623 2630 665 aecus
2662 620 3039 669 ulsmmanun.

1827 687 2026 745 Gratiis
2054 692 2119 746 de
2148 693 2373 776 Roberto
2414 700 2482 753 ad
2519 718 2574 755 se
2600 702 2755 755 misso
2789 707 2943 769 actis,
2978 716 3035 759 ut
3069 707 3183 776 ejus
3210 711 3404 766 animo:

163 772 260 816 tua:
296 759 417 815 ﬁdei
457 757 868 850 committimus,
906 764 961 810 et
1000 754 1352 850 quidquidde
1392 764 1578 811 nostra
1602 771 1727 850 cum
1897 777 2079 850 garum
2101 776 2257 850 gerat
2286 767 2466 834 abbas,
2500 781 2546 850 et
2569 754 3406 850 censumama};[359.7552

159 850 442 923 apostolico
473 846 930 911 reconciliatione,
955 845 1215 915 quidquid
1245 845 1312 898 de
1347 859 1482 913 pace
1519 852 1573 898 et
1604 844 1726 899 uni.
1897 826 2062 885 Patre
2086 826 2406 903 concessum,
2434 826 2656 909 recipere
2683 843 2797 897 velit
2823 826 3249 916 estimabit;

160 954 262 1000 tate
288 949 487 998 sanctae
514 938 771 994 Romana:
793 936 1071 1001 Ecclesiae,
1100 934 1247 990 salvo
1280 935 1486 989 honore
1513 943 1722 1004 nostro,

2276 924 2492 996 [SpiciL
2527 939 2566 984 t.
2600 930 2682 996 vr,
2714 948 2768 1003 p.
2799 926 2951 1009 445.]

157 1035 452 1093 faciendum
481 1045 602 1087 esse
631 1029 964 1094 decreveris,
1004 1037 1172 1083 tetum
1208 1041 1308 1082 nos
1339 1026 1582 1082 facturos
1608 1027 1725 1082 sine
1842 1084 1843 1087 η
1895 1026 2430 1092 Ηυαοιπιγθιιθιτιὺῑιὶ
2474 1048 2529 1094 et
2572 1044 3023 1104 excellentissimo
3060 1051 3239 1107 abbati
3271 1052 3401 1110 Clu'a

156 1128 313 1184 dubio
339 1127 450 1181 Deo
483 1124 684 1193 ubique
719 1120 1105 1192 promittimus.
1130 1117 1346 1173 Festina
1381 1133 1529 1187 ergo,
1562 1117 1725 1172 Pater
1823 1121 2177 1187 niaeensium,
2224 1129 2485 1185 virtutum
2523 1130 2746 1189 ﬁoribus
2785 1138 2951 1203 claro,
2990 1142 3181 1197 fomite
3219 1146 3404 1202 divino

156 1221 483 1286 charissime,
513 1218 669 1273 nobis
696 1213 1002 1280 consulere,
1035 1227 1133 1267 nec
1170 1220 1220 1266 te
1262 1211 1545 1282 poeniteat,
1573 1225 1720 1302 quai-
1823 1213 2062 1279 sulfulto,
2090 1229 2252 1286 atque
2302 1233 2511 1277 cunctae
2546 1224 2848 1283 dulcedinis
2882 1230 3133 1288 melliﬂuo
3177 1236 3401 1302 seniori,

154 1328 351 1375 sumus,
377 1311 480 1366 etsi
510 1324 617 1363 non
662 1321 762 1377 pro
797 1305 891 1359 ﬁlii
925 1304 1267 1369 liberatione,
1308 1303 1435 1372 quia
1474 1300 1722 1371 peccavi-
1822 1320 1981 1375 quem
2003 1324 2113 1363 suae
2135 1311 2410 1381 dignitatis
2433 1315 3040 1388 clariﬁcatgradus,nec
3064 1340 3167 1379 non
3196 1300 3405 1382 cunctae

149 1419 267 1460 mus
303 1402 356 1456 in
404 1399 600 1456 coelum
640 1407 695 1451 et
740 1410 926 1450 coram
955 1403 1026 1457 te,
1060 1392 1248 1447 saltem
1277 1406 1375 1460 pro
1399 1390 1720 1445 mercenarii
1822 1397 2166 1453 nobilissimae
2188 1406 2590 1475 congregationi
2623 1411 2984 1478 apostolorum
3010 1412 3155 1468 Petri
3182 1426 3236 1469 et
3264 1416 3405 1472 Pan-

149 1497 225 1550 tui
274 1493 447 1549 salute
486 1490 754 1545 laborare.
802 1485 1071 1539 Praeterea
1109 1482 1491 1552 conquerimus
1531 1482 1719 1552 pietati
1820 1485 1878 1554 li,
1909 1489 2289 1549 Amsamsus
2331 1498 2505 1566 gratia
2554 1498 2649 1554 Dei
2695 1500 3075 1572 Hispaniarum
3120 1523 3234 1571 rex,
3279 1525 3406 1564 cum

154 1595 250 1641 tua;
291 1583 433 1654 quod
471 1582 613 1637 ﬁlius
646 1589 830 1633 noster
876 1575 1073 1630 litteris
1115 1573 1236 1664 suis
1275 1574 1492 1629 mandat
1520 1573 1719 1643 ubique
1820 1583 1966 1635 omni
2010 1586 2297 1641 devoticne
2343 1590 2541 1646 mentis
2579 1600 2634 1647 et
2677 1598 2944 1664 corporis,
2993 1614 3151 1654 suum
3196 1602 3404 1658 stillare

151 1674 341 1746 regalia
383 1672 563 1727 omnia
606 1677 797 1739 sponte
833 1681 932 1721 nos
975 1663 1297 1728 reddidisse,
1337 1664 1479 1733 quod
1508 1664 1717 1719 noverit
1817 1672 2043 1739 fascem,
2071 1691 2323 1746 veraeque
2346 1680 2624 1738 charitatis
2647 1663 2969 1755 custodiam,
2990 1689 3217 1761 vitmque
3240 1707 3402 1746 anew

152 1768 403 1823 sanctitas
431 1774 520 1820 tua
548 1763 767 1820 omnino
800 1775 987 1816 verum
1021 1774 1127 1814 non
1156 1774 1296 1814 esse.
1751 1821 1794 1876 Β
1818 1778 1901 1817 nae
1931 1766 2144 1835 gaudia,
2183 1778 2343 1838 atque
2374 1784 2689 1842 perpetuam
2717 1780 3129 1848 prosperitatem
3163 1794 3218 1836 et
3249 1783 3398 1837 Salu-

1823 1864 1953 1922 tem,
1986 1874 2088 1912 nec
2117 1875 2223 1915 non
2265 1863 2523 1933 quidquid
2565 1867 2865 1933 sublimius,
2900 1886 2964 1925 ex
2994 1872 3185 1928 intimo
3214 1877 3398 1943 corde,

898 1917 965 1973 Χ·
1818 1949 2149 2018 amplcxibili
2186 1952 2490 2023 dilectione,
2521 1960 2573 2012 in
2605 1960 2834 2016 Domino
2862 1962 2987 2019 Jesu
3016 1964 3252 2022 Christo.

797 2049 1048 2091 swsosl.
1888 2038 2097 2105 Quanta
2133 2052 2201 2106 te,
2234 2044 2620 2114 gloriosissime
2640 2049 2821 2115 Pater,
2847 2054 3131 2110 devotione
3154 2057 3397 2127 diligam,

148 2147 304 2221 Rogat
340 2147 620 2219 Hugonem
671 2157 723 2201 ut
777 2148 970 2200 arbiter
1009 2163 1120 2201 esse
1152 2146 1271 2201 velit
1305 2145 1455 2200 illum
1497 2145 1631 2199 inter
1667 2154 1715 2198 et

1817 2132 2031 2197 melius,
2058 2145 2116 2189 ut
2144 2137 2361 2207 deputo,
2390 2141 2502 2209 ipse
2539 2144 2837 2212 cognoscis,
2878 2162 3038 2215 quam
3074 2149 3268 2218 aliquis
3303 2151 3399 2205 do-

818 2233 1031 2308 papa-tn.
1103 2305 1203 2308 Ub
1236 2304 1252 2308 _
1770 2285 1796 2307 .
1817 2231 1937 2276 ctor
1965 2224 2016 2277 in
2050 2225 2239 2281 charta
2276 2230 2519 2285 scribere
2540 2234 2729 2301 possit,
2761 2224 3080 2303 R‘obertum,
3112 2255 3271 2308 quem
3303 2254 3399 2295 su-

594 2303 816 2377 [SpiciL
857 2314 894 2360 t.
924 2305 990 2370 II,
1017 2320 1073 2376 p.
1102 2304 1255 2377 595.]
1774 2303 1792 2307 ”
1816 2328 1913 2381 per
1939 2329 2129 2371 omnes
2174 2321 2469 2376 monachos
2511 2332 2666 2377 teneo
2709 2303 3145 2393 excellentiorem
3187 2341 3241 2384 et
3268 2331 3400 2384 cha-

209 2418 498 2484 thamcvs,
531 2417 624 2472 Dei
668 2416 840 2487 gratia
884 2415 1251 2471 Romanorum
1283 2416 1578 2483 imperator
1602 2414 1713 2466 Au-
1818 2404 2037 2471 riorcm,
2070 2417 2420 2478 vestrumque
2458 2426 2525 2465 ex
2576 2413 2767 2469 intimo
2815 2418 2979 2471 corde
3026 2419 3398 2476 ﬁdelissimum

148 2521 339 2585 gustus,
363 2510 600 2575 Hucom,
628 2507 924 2564 venerabili
952 2505 1296 2561 Cluniacensi
1332 2505 1532 2567 abbati,
1560 2505 1716 2574 quid-
1817 2495 2175 2564 confratrem,
2212 2501 2475 2557 scientem
2516 2504 2749 2573 qualiter
2778 2516 2899 2562 tuus
2927 2523 3082 2563 amor
3110 2509 3283 2566 factus
3313 2520 3399 2567 est

147 2604 263 2673 quid
298 2602 425 2658 licet
460 2607 735 2671 peccator,
770 2608 950 2654 tamen
984 2598 1245 2668 spiritalis
1274 2596 1435 2661 ﬁlius,
1468 2596 1715 2652 devotius
1816 2587 1947 2641 mihi
1983 2588 2123 2642 velut
2169 2590 2309 2660 ignis
2357 2602 2467 2647 tota
2513 2594 2600 2648 die
2647 2606 2702 2649 et
2742 2605 2901 2653 nocte
2929 2600 3126 2653 ardens
3152 2601 3206 2655 in
3233 2602 3398 2659 corde

126 2701 194 2751 .ct
222 2691 475 2747 humilius
496 2704 594 2744 suo
615 2688 1110 2743 desiderantissimo
1137 2695 1192 2741 et
1220 2686 1418 2742 dilecto
1440 2685 1609 2741 Patri.
1816 2693 1957 2744 m80,
1991 2680 2136 2735 unde
2185 2683 2229 2736 si
2276 2685 2456 2737 omnia
2498 2687 2627 2739 mihi
2669 2687 2911 2743 dedisses
2937 2704 3057 2759 quae
3099 2691 3152 2744 in
3196 2690 3396 2748 mundo

207 2782 315 2838 Etsi
361 2797 465 2854 per
506 2780 804 2835 familiares
842 2779 1135 2834 monachos
1186 2787 1241 2833 et
1279 2777 1476 2832 fratres
1506 2790 1714 2833 veStros
1814 2768 2012 2825 habere
2063 2779 2234 2840 ροιθδ.
2294 2784 2422 2842 pulo
2478 2777 2610 2830 nihil
2655 2790 2775 2832 esse
2827 2779 2894 2833 ad
2933 2784 3393 2849 comparationem

145 2872 516 2937 tribulationis,
554 2878 609 2927 et
647 2885 678 2925 a
725 2868 923 2923 sarculo
952 2867 1209 2923 inauditae
1241 2867 1517 2922 horribilis
1547 2866 1714 2922 tradi-
1815 2860 1957 2916 illius
1984 2863 2133 2927 boni,
2162 2866 2304 2933 quod
2342 2881 2502 2920 causa
2556 2869 2661 2922 mei
2712 2870 3028 2939 particulam
3073 2873 3147 2926 tui
3190 2875 3393 2943 gregis,

146 2966 291 3021 tionis
316 2975 518 3022 nostra:
537 2979 751 3019 omnem
775 2962 1021 3017 ordinem
1052 2960 1204 3015 vobis
1234 2961 1469 3029 propriis
1495 2960 1708 3024 litteris,

1814 2965 1973 3018 quem
2022 2953 2289 3021 Spirituali
2334 2953 2516 3009 fovisti
2570 2973 2753 3022 manu,
2807 2958 2860 3011 in
2909 2962 3110 3014 nostris
3146 2964 3393 3029 partibus

147 3056 273 3113 sicut
325 3057 577 3129 contigit,
623 3054 933 3126 signiﬁcare
957 3060 1013 3107 et
1036 3051 1298 3107 mandare
1328 3051 1709 3119 disposuimus,
1814 3042 2029 3096 ιηίείειῖ-
2078 3041 2416 3114 Quapropter
2463 3048 2635 3114 Brulla
2682 3047 2891 3103 Domitii
2934 3060 2984 3104 ιϐ
3030 3051 3390 3121 ίιιυηιίηθιιιει

146 3159 309 3203 tamen
338 3149 614 3203 noluimus
635 3145 1050 3216 pmtermittere
1076 3142 1205 3212 quin
1244 3156 1341 3213 per
1366 3142 1464 3196 hos
1490 3141 1707 3195 nuntios
1734 3154 1780 3218 ρ
1813 3149 1912 3204 ego
1933 3150 2122 3190 servus
2152 3151 2430 3191 servorum
2462 3138 2573 3202 Dei,
2598 3141 2818 3194 omnino
2850 3150 2955 3196 tuae
2982 3142 3256 3210 subiectus
3284 3145 3394 3214 pie-

143 3249 320 3294 vestra:
351 3238 700 3311 paternitatis
746 3236 1110 3300 sanctitatem,
1142 3242 1201 3288 ut
1235 3232 1553 3304 publicanus
1581 3247 1705 3301 pec-
1812 3227 2110 3297 tati,magis
2131 3244 2194 3283 ac
2218 3229 2388 3300 magis
2408 3232 3391 3302 tuamdeprecorpaternitatem,utin

143 3341 365 3385 calorum
437 3345 656 3386 suorum
710 3328 998 3397 refugium,
1043 3336 1099 3381 et
1144 3324 1475 3395 naufragans
1518 3324 1707 3379 salutis
1810 3318 1951 3373 bono
1980 3320 2121 3387 quod
2146 3322 2358 3390 cmpisli
2397 3338 2735 3391 perseveres,
2759 3332 3024 3392 quatenus
3050 3325 3261 3395 aliquos
3288 3337 3393 3382 tua

142 3430 358 3490 portum,
395 3419 895 3476 desiderantissima
942 3416 1226 3472 devotione
1267 3417 1703 3485 deposceremus.
1807 3410 2165 3466 sanctissima:
2206 3412 2483 3483 religionis
2507 3413 2831 3469 domesticos
2875 3416 3090 3473 mittere
3130 3419 3389 3489 digneris,

142 3511 394 3581 Rogamus
424 3511 606 3579 igitur,
640 3509 947 3564 venerande
978 3508 1155 3575 Pater,
1185 3516 1381 3563 vestrae
1403 3508 1707 3563 sanctitatis

1810 3508 1862 3555 et
1904 3511 1963 3556 ut
2003 3502 2151 3557 illum
2195 3514 2442 3560 nostrum
2488 3516 2543 3561 et
2583 3516 2823 3561 vestrum
2871 3506 3072 3576 locum,
3100 3525 3259 3579 quem
3299 3520 3393 3568 tuo

142 3601 533 3657 memorabilem
564 3600 913 3670 probitatem,
941 3610 1229 3668 quatenus,
1261 3600 1441 3654 audita
1467 3598 1707 3654 etintel—
1808 3592 2151 3647 sanctissimo
2204 3593 2354 3650 fonte
2411 3596 2680 3663 incmpisti
2743 3597 2938 3668 rigare,
2997 3600 3245 3669 repleant
3296 3611 3392 3656 tua

140 3688 262 3745 lecta
291 3700 495 3750 nostra:
516 3700 873 3749 monstruosas
896 3692 1202 3748 traditionis
1216 3692 1519 3747 detestabili
1544 3691 1707 3746 mise-
1807 3684 2111 3750 dulcedine.
2137 3685 2263 3739 dum
2298 3686 2351 3741 in
2384 3687 2487 3740 Ιιοο
2518 3688 2694 3756 fragili
2730 3704 2971 3743 ηιονεονσ
3320 3702 3325 3709 ’

141 3782 228 3847 ria,
256 3784 326 3838 ita
356 3783 601 3840 charilas
630 3784 721 3839 Dei
752 3799 871 3853 qua:
898 3786 952 3838 in
982 3784 1134 3839 vobis
1154 3792 1237 3839 est
1257 3783 1587 3838 accendatur
1606 3797 1705 3852 pro

1876 3777 2075 3832 Adhoe
2096 3779 2253 3843 scito,
2272 3780 2612 3836 sanctissime
2625 3780 2806 3846 Pater,
2824 3794 3045 3837 censum
3061 3783 3209 3854 (I45)
3226 3798 3390 3854 quem

138 3872 240 3930 5,,10
267 3875 373 3931 ι)εο
394 3875 466 3929 ad
487 3873 856 3931 defensionem
876 3874 1224 3931 exsecrabilis
1250 3874 1460 3943 injuria;
1483 3883 1703 3940 nostra,
1805 3876 1963 3936 pater
2003 3883 2157 3923 meus
2187 3868 2280 3923 illo
2310 3870 2657 3925 sanctissimo
2687 3871 2805 3926 loco
2830 3872 3170 3928 Cluniacensi
3197 3876 3392 3929 solitus

139 3969 265 4035 quod
308 3969 603 4026 manifeste
640 3978 900 4040 appareat
923 3970 1264 4024 sanctitatem
1303 3978 1498 4024 vestrae
1524 3978 1703 4038 pater-
1806 3967 1926 4013 erat
1955 3959 2105 4025 dare,
2136 3975 2258 4031 ego,
2294 3969 2565 4014 annuente
2607 3961 2739 4026 Deo,
2778 3963 2832 4015 in
2881 3963 3072 4016 diebus
3106 3964 3226 4018 vitae
3257 3954 3391 4019 mete

136 4059 311 4117 uitatis
338 4063 458 4118 solo
488 4063 669 4118 divino
707 4071 955 4133 respectu
1000 4062 1281 4117 sollicitari
1319 4077 1417 4131 pro
1448 4061 1703 4116 inauditis

1810 4048 2113 4117 duplicabo,
2159 4059 2215 4103 et
2266 4050 2462 4104 seriem
2513 4051 2823 4105 testamenti
2878 4053 3154 4120 composui
3203 4068 3391 4107 coram

139 4152 568 4210 tribulationibus
616 4155 839 4210 nostris.
889 4153 998 4208 Nos
1046 4154 1191 4208 enim
1240 4167 1421 4207 coram
1461 4155 1703 4207 Romano

1810 4139 2054 4206 testibus,
2087 4150 2146 4193 ut
2174 4141 2533 4211 quisque,qui
2560 4143 2662 4197 hoc
2686 4144 2926 4211 regimen
2954 4153 3078 4212 post
3103 4160 3391 4201 excessum

138 4244 333 4307 nuntio,
364 4245 432 4299 de
472 4259 639 4299 causa
669 4259 790 4314 quae
827 4253 911 4300 est
946 4243 1090 4302 inter
1114 4258 1211 4298 nos
1234 4252 1287 4298 et
1314 4259 1531 4313 papam,
1565 4242 1702 4298 cdn-
1804 4232 1928 4284 νίιεθ
1957 4244 2089 4286 mea?
2115 4242 2438 4301 θεεθΡῑυΓυε
2463 4234 2568 4288 θτίι
2605 4238 2748 4305 quo“
2780 4243 2956 4300 ῑθηθον
2988 4237 3259 4305 (Ιυοηιοδο
3281 4237 3391 4292 Ιιοα

137 4333 243 4389 silio
268 4336 640 4407 religiosorum
677 4336 917 4391 virorum
952 4335 1220 4390 voluimus
1259 4334 1487 4405 pleuiter
1516 4349 1698 4403 agerc,

1810 4334 2048 4386 censum,
2079 4321 2222 4390 quod
2255 4322 2460 4378 sanctis
2504 4323 2762 4392 apostolis
2793 4323 2950 4379 Petro
2978 4335 3034 4381 et
3062 4326 3253 4393 Paulo,
3286 4342 3387 4384 vo-

138 4440 328 4492 vcrum,
360 4425 487 4498 quia
528 4429 907 4499 disposuerant
961 4443 1060 4483 nos
1109 4428 1329 4481 omnino
1359 4427 1425 4481 de
1459 4426 1559 4481 hac
1589 4426 1696 4478 vita

1810 4412 1886 4466 bis
1912 4421 1967 4467 et
1989 4414 2350 4469 sanctissima:
2377 4422 2568 4471 vestrae
2590 4416 2999 4487 congregationi
3030 4419 3231 4484 tribuo,
3254 4434 3390 4488 qua-

136 4518 370 4585 perdere,
409 4520 557 4575 nullo
586 4527 743 4576 modo
774 4523 1056 4576 voluerunt
1082 4536 1179 4575 nos
1208 4520 1465 4588 recipere.
1502 4519 1697 4573 lterum

1810 4515 1963 4560 tenus
1994 4504 2109 4572 ipse
2137 4505 2391 4560 similiter
2415 4506 2505 4575 qui
2544 4507 2647 4563 hoc
2670 4523 2897 4576 regnum
2926 4508 3183 4565 habuerit
3208 4511 3388 4567 debito

136 4617 303 4663 [amen
342 4592 795 4681 quantacunque
835 4613 1046 4666 [manu
1095 4612 1284 4671 simus,
1317 4611 1569 4679 ponimus
1601 4624 1698 4663 nos
1804 4593 2077 4666 persolvat
2108 4593 2201 4648 illo
2228 4594 2574 4651 sanctissimo
2600 4595 2750 4662 loco;
2802 4598 2884 4654 sin
2911 4606 3093 4653 autem
3127 4599 3384 4664 noluerit,

136 4695 184 4749 in
207 4700 431 4755 consilio
466 4709 647 4756 vestro
680 4701 720 4756 Ρ
741 4703 856 4755 atris
897 4704 1084 4764 nostri,
1118 4703 1453 4771 aliorumque
1486 4702 1699 4772 religio-

1810 4683 2074 4756 quomodo
2117 4694 2383 4752 potestate
2425 4684 2515 4737 Dei
2566 4694 2621 4738 et
2657 4687 2909 4753 precibus
2946 4686 3229 4740 beatorum
3256 4702 3389 4754 apo-

136 4790 304 4841 somm
334 4790 599 4854 γίνοωηι,
628 4806 763 4859 quos
793 4792 858 4844 ad
900 4792 999 4844 hoc
1044 4791 1240 4845 habere
1288 4790 1478 4851 νυιιίε,
1520 4792 1593 4843 διε.
1644 4800 1701 4844 ιιι
1803 4774 2064 4834 stelorum
2099 4775 2242 4829 Petri
2269 4785 2324 4830 et
2366 4774 2516 4829 Pauli
2549 4776 2665 4845 ipso
2716 4792 2884 4847 regno
2922 4783 3125 4831 careat.
3153 4776 3413 4842 Idcirco,

136 4874 272 4931 Salvo
308 4879 515 4934 honore
554 4891 740 4936 nostro
779 4890 947 4935 totum
989 4896 1139 4949 papae
1182 4881 1375 4934 faciam
1417 4880 1562 4949 quod
1591 4881 1701 4935 dis-

1810 4872 2019 4940 egregie
2059 4870 2239 4934 Pater,
2278 4878 2507 4923 vestram
2545 4869 2807 4937 deprecor
2849 4868 3266 4934 fraternitatem,
3327 4878 3387 4924 ut

135 4971 433 5034 posueritis.
477 4969 551 5027 De
594 4982 791 5029 caetero
838 4972 1174 5029 orationibus
1198 4971 1390 5026 vestris
1428 4985 1513 5026 me
1546 4984 1700 5025 com-
1803 4964 1907 5016 hoc
1955 4976 2197 5027 censum,
2229 4961 2371 5031 quod
2423 4960 2574 5015 νουίε
2627 4959 2829 5025 addidi,
2874 4968 3093 5028 Ρΐοβιετ
3145 4960 3385 5015 "meum

135 5058 303 5129 mitto,
332 5066 641 5120 venerande
669 5066 846 5128 Pater,
888 5074 943 5119 et
984 5079 1081 5134 per
1113 5078 1211 5118 vos
1237 5071 1435 5119 sancta:
1473 5076 1701 5132 congre-
1801 5052 2158 5115 venundetur,
2188 5060 2244 5106 et
2285 5051 2410 5106 inde
2446 5049 2778 5119 acquiratur,
2809 5057 2868 5103 ut
2914 5048 3002 5103 illa
3039 5049 3386 5119 sanctissima

132 5150 324 5217 gationi
371 5166 565 5211 vestrm
606 5156 922 5226 praesentari
960 5171 1232 5224 rogamus,
1261 5164 1317 5210 et
1352 5170 1536 5210 eorum
1562 5156 1699 5208 orae

1810 5141 2148 5211 congregatio
2191 5141 2359 5194 vitam
2408 5155 2560 5195 suam
2612 5147 2916 5197 sustentare
2946 5139 3141 5217 valeat.
3168 5139 3234 5194 Et
3260 5142 3385 5211 qui.

136 5241 256 5298 ιίοηε
284 5246 627 5304 ἀενοιίεθίωθ
651 5249 1039 5305 commendari,
1801 5246 2013 5300 cunque
2046 5230 2149 5284 hoc
2178 5246 2396 5285 censum
2425 5229 2597 5301 (quod
2623 5228 2853 5284 domnus
2883 5228 3150 5284 Robertus
3198 5242 3385 5307 noster

1803 5323 2036 5387 amicus,
2081 5330 2259 5376 vester
2287 5330 2466 5374 autem
2496 5323 2679 5374 animo
2721 5327 2776 5373 et
2820 5334 3047 5389 corpore
3074 5318 3381 5391 familiaris,

1804 5416 1937 5471 mihi
1965 5417 2050 5469 die
2074 5430 2136 5469 ac
2168 5423 2323 5467 nocte
2354 5413 2553 5468 addere
2589 5410 2803 5481 suasit)
2841 5410 2894 5465 in
2935 5409 3041 5465 alio
3070 5409 3188 5465 locb
3220 5410 3382 5464 mise-

1804 5507 1895 5570 rit,
1924 5506 2048 5569 nisi,
2084 5505 2221 5559 sicut
2249 5504 2615 5571 supradictum
2661 5510 2762 5566 est,
2812 5507 2866 5555 ct
2912 5507 2973 5554 ul
3010 5499 3125 5570 ipse
3162 5497 3395 5577 propria.

1802 5612 1897 5654 ore
1954 5596 2103 5654 vobis
2153 5594 2371 5660 dixerit,
2413 5609 2533 5649 cum
2569 5591 2707 5649 Juda
2759 5591 3021 5648 traditore
3060 5589 3117 5644 in
3166 5586 3381 5669 inferno

202 5732 344 5808 (iis)
382 5734 456 5793 De
481 5738 581 5796 hoc
606 5753 770 5795 censu
797 5739 972 5810 agitur
994 5738 1048 5795 in
1080 5738 1193 5796 i'ita
1218 5736 1272 5795 S.
1303 5730 1417 5808 llug
1446 5774 1462 5804 ,
1505 5748 1688 5832 supra.
2636 5802 2639 5805 λ

442 5853 712 5919 Ρλτιιοι..
760 5853 977 5916 CLIX.
2006 5856 2009 5861 ’
2896 5832 2972 5891 3°
