3928 6298
566 364 687 420 θεν

1585 357 1623 411 S
1670 355 1971 413 IICGONIS
2004 354 2183 412 ABBA
2213 355 2732 416 CLUNIACENSIS.
3679 366 3751 421 ςω

558 478 835 537 sustineat
864 489 1072 545 paruas,
1107 485 1155 529 ct
1185 489 1213 527 a
1257 470 1438 528 fronte
1490 471 1603 527 suis
1661 481 1844 525 careat
1895 469 2151 525 lucernis.
2183 468 2233 528 Δ
2265 473 2661 538 Atrebatensis,
2690 472 2962 543 simulque
2999 471 3256 527 instinctu
3289 473 3623 544 quorumdam
3651 482 3737 547 prin

640 570 998 639 Quapropter,
1049 569 1265 639 egregie
1318 567 1505 632 Pater,
1568 564 1797 635 supplici
1862 563 2189 641 devotione,

569 669 717 716 tuam
755 660 988 728 deposco
1034 658 1402 723 clementiam,
1438 658 1564 713 huic
1605 654 1973 725 deprecationi
2016 666 2150 709 meat

566 748 799 822 beMgno
846 750 967 805 sinu
1009 749 1219 812 favens,
1260 766 1421 820 quam
1457 764 1487 802 a
1525 758 1577 803 te
1602 757 1787 816 petere
1816 747 1881 801 ad
1910 760 2148 815 praesens

565 840 751 910 cupio,
776 838 966 895 vellem
1002 840 1311 903 admodum,
1360 838 1404 894 si
1448 838 1619 909 gratia
1658 835 1732 891 tui
1771 845 1939 901 esset,
1992 834 2148 888 dom-

563 947 698 987 num
728 933 1019 988 Robertum
1061 934 1280 987 omnino
1326 933 1379 987 in
1418 934 1619 987 nostris
1655 930 1899 1002 partibus
1930 930 2145 995 adesse,

560 1038 731 1095 quem
758 1040 1029 1080 summum
1059 1034 1222 1095 atque
1247 1024 1625 1080 cbarissimum
1654 1038 1754 1092 pro
1776 1022 2027 1077 omnibus
2056 1034 2147 1075 re-

565 1114 669 1170 bus
698 1114 892 1179 habeo,
916 1130 1023 1185 qua
1056 1114 1124 1170 de
1146 1129 1307 1169 causa
1330 1113 1522 1167 vellem
1554 1127 1675 1166 eum
1707 1125 1917 1166 mecum
1947 1122 2067 1163 esse
2090 1108 2143 1161 in

569 1206 680 1261 vita
704 1215 759 1261 et
778 1206 832 1260 in
850 1214 1046 1271 morte,
1066 1206 1324 1275 quoniam
1348 1204 1490 1259 illius
1504 1202 1778 1259 δυσυιυίοτ
1795 1201 1966 1272 (M6),
1996 1201 2145 1270 ejus-

565 1312 675 1367 que
704 1297 1031 1353 dulcissimis
1057 1298 1236 1351 verbis
1258 1298 1460 1351 foveor.
1499 1295 1635 1349 Nam
1682 1294 1833 1349 scitis
1866 1309 1964 1363 pro
1995 1303 2147 1348 certo

565 1400 750 1446 vestro
791 1391 913 1446 usui
956 1405 1077 1446 esse
1113 1405 1272 1445 omne
1299 1388 1584 1443 consilium
1625 1388 1767 1457 quod
1808 1388 1985 1459 agitur
2011 1402 2140 1452 erga

566 1498 678 1546 mc,
705 1483 932 1553 ideoque
969 1492 1027 1536 ut
1052 1496 1239 1538 curam
1267 1481 1370 1534 mei
1408 1480 1653 1535 habeatis
1682 1494 1834 1549 rogo,
1867 1488 1925 1532 ut
1949 1478 2147 1533 nullius

568 1588 732 1631 causa
756 1576 1126 1645 impedimenti
1173 1575 1457 1630 dimittatis
1488 1574 1619 1644 quin
1653 1573 1708 1627 in
1744 1571 1945 1629 nostris
1968 1570 2144 1642 parti-

565 1663 670 1721 bus
694 1665 914 1720 omnino
940 1680 1061 1719 eum
1094 1664 1285 1721 sinatis
1310 1664 1579 1720 habitare.

637 1751 715 1812 De
738 1756 983 1811 Romano
1008 1767 1188 1813 autem
1226 1756 1401 1813 ollicio
1435 1756 1576 1827 quod
1606 1763 1696 1810 tua
1716 1754 1960 1823 iussione
1987 1770 2142 1809 acce-

2249 568 2453 636 cipum,
2486 581 2623 635 quos
2651 565 2719 620 ad
2764 565 2868 620 hoc
2910 579 3121 619 mecum
3158 565 3539 635 disponendum
3566 568 3756 629 alacriori

2249 661 2468 732 quidem
2511 659 2742 715 consilio
2780 658 3101 722 convocavi,
3126 657 3278 726 juxta
3310 658 3603 727 petitionem
3638 662 3758 731 ipsius

2249 751 2462 807 abbatis
2488 760 2651 820 atque
2680 749 3015 804 voluntatem
3060 748 3189 803 mibi
3234 749 3448 804 caelitus
3490 749 3757 819 inspiratam,

2249 840 2641 897 monasterium
2698 840 2850 895 Beati
2903 839 3134 905 Bertini,
3189 840 3479 910 omniaque
3532 842 3591 895 ad
3632 843 3758 913 ipsum

2249 930 2600 1002 pertinentia,
2641 939 2749 984 tam
2772 929 3013 985 exterius
3044 944 3205 999 quam
3232 929 3477 991 interius,
3498 940 3545 984 et
3564 932 3760 1001 quidquid

2249 1027 2318 1080 ad
2362 1040 2462 1080 DOS
2502 1040 2567 1080 ac
2602 1031 2982 1079 antecessores
3010 1031 3227 1078 ROSII'OS
3254 1037 3324 1077 ex
3354 1022 3539 1077 eodem
3564 1025 3761 1081 Μειωω

2250 1117 2538 1177 attinebat,
2572 1114 2682 1170 Deo
2732 1123 2788 1169 et
2846 1124 3033 1170 sancto
3079 1114 3262 1180 Petro,
3302 1114 3457 1168 vobis
3488 1128 3690 1183 quoque,
3719 1132 3783 1184 ss,

2251 1207 2659 1263 succeswtibus
2694 1207 2891 1260 vestris
2945 1220 3044 1276 per
3099 1204 3508 1259 concessionem
3538 1204 3759 1261 dimi

2252 1296 2489 1367 episcopi
2547 1295 2781 1349 libenter
2832 1294 3184 1349 concedimus
3216 1332 3231 1357 ,
3291 1304 3344 1347 et
3415 1308 3509 1363 per
3550 1296 3761 1362 prrsealis

2251 1388 2457 1458 paginae
2512 1385 2855 1439 traditionem
2883 1383 3009 1451 jure
3048 1391 3312 1453 perpetuo
3350 1382 3620 1446 donamus,
3645 1392 3762 1451 atque

2251 1494 2350 1551 pro
2382 1477 2749 1547 redemptione
2779 1475 2973 1531 anima:
3003 1490 3157 1541 mem,
3194 1491 3259 1529 ac
3285 1490 3641 1529 successorum
3663 1490 3764 1528 areo-

2254 1585 2396 1634 rum,
2428 1584 2527 1640 pro
2553 1567 2730 1622 salute
2752 1580 2968 1637 quoque
2992 1565 3193 1620 domini
3220 1567 3322 1620 mei
3350 1564 3566 1619 Boberti
3587 1566 3763 1626 comitis,

2254 1660 2320 1713 de
2348 1657 2503 1726 cujus
2534 1658 2809 1712 voluntate
2840 1669 3003 1726 atque
3027 1669 3251 1711 assensu
3279 1671 3445 1725 super
3472 1657 3569 1709 ltoc
3591 1658 3763 1724 negotio,

2255 1749 2299 1803 si
2326 1748 2463 1803 forte
2485 1749 2667 1801 divina
2696 1748 2871 1817 pietas
2888 1760 3012 1801 eum
3041 1747 3337 1811 reduxerit,
3360 1747 3637 1801 certissime
3652 1762 3762 1799 Slllll

564 1847 766 1920 pimus,
791 1848 978 1903 sciatis
1011 1857 1254 1903 nostram
1292 1856 1493 1903 terram
1528 1822 1816 1902 admodum
1848 1845 2144 1901 desolatam
2182 1822 2223 1876 Β
2251 1842 2427 1895 locum
2494 1842 2643 1895 illum
2689 1839 2991 1896 secundum
3032 1848 3275 1894 tenorem
3313 1839 3604 1893 litterarum
3634 1840 3763 1893 domui

564 1956 690 1999 esse
709 1959 723 1994 :
740 1942 883 1995 unde
910 1948 1144 1996 vestram
1170 1942 1429 2011 deprecor
1456 1940 1854 2010 paternitatent,
1882 1948 2149 2009 quatenus

564 2029 780 2086 faciatis
805 2038 864 2085 ut
892 2029 1122 2085 domnus
1150 2046 1285 2100 papa
1317 2028 1471 2085 nobis
1500 2043 1655 2084 suum
1686 2028 1867 2082 mittat
1888 2027 2147 2082 cardina-

564 2119 697 2185 ietu,
732 2120 986 2176 videlicet
1018 2120 1275 2174 domuum
1318 2118 1621 2183 Giraldum,
1664 2126 1720 2171 ut
1759 2131 1821 2172 ea
1870 2130 1987 2185 qua:
2026 2123 2151 2169 sunt

564 2210 898 2266 emendanda
949 2211 1222 2277 emendet,
1276 2218 1332 2265 et
1367 2226 1431 2265 ea
1479 2224 1599 2281 quae
1643 2216 1772 2263 sunt
1828 2206 2193 2276 corrigenda,

562 2299 822 2372 corrigat.
856 2298 1008 2354 Vale.

549 2383 558 2394 ’
1306 2406 1421 2466 xu.
1450 2415 1455 2421 ’

851 2520 1170 2561 CLENENTIE
1204 2517 1500 2559 ΒΟΙΙΙΤΙΒΒΑΕ
1543 2516 1844 2557 Ριλκυηιι.

570 2590 768 2654 Invitat
796 2597 943 2652 illum
981 2599 1050 2651 ad
1088 2597 1478 2667 reformandum
1514 2597 1882 2650 monasterium
1923 2594 1984 2649 S.
2017 2593 2142 2647 Ber-

644 2671 775 2754 lini,
800 2669 938 2740 quod
984 2668 1314 2722 Cluniacensi
1353 2668 1564 2723 omnino
1607 2668 1989 2735 subjiciendum
2020 2681 2148 2733 pro-

636 2750 814 2795 mittit.

726 2833 1035 2904 (Mantus,
1066 2830 1322 2885 Tltesaur.
1354 2832 1578 2896 Auecd.,
1614 2840 1651 2884 ι.
1677 2829 1717 2895 ι,
1746 2845 1798 2899 p.
1834 2829 1984 2899 309.)

632 2921 690 2980 In
742 2925 959 2980 nomine
1013 2925 1214 2988 Putris,
1258 2932 1315 2978 et
1372 2922 1517 2989 Filii,
1560 2932 1614 2977 et
1662 2922 1898 2992 Spiritus
1947 2921 2143 2977 sancti.

563 3011 771 3073 Domno
816 3015 1023 3072 HUGONI
1075 3026 1277 3071 sanctae
1324 3015 1698 3071 Cluniacensis
1750 3016 2006 3071 Ecclesiae
2050 3017 2146 3071 ab-

562 3109 699 3173 bati,
751 3107 1068 3162 Caesar”
1118 3105 1530 3162 Flandrensium
1582 3107 1878 3173 comitissa,
1930 3106 2144 3161 beatam

564 3212 688 3255 cum
720 3201 925 3255 dextrae
956 3200 1129 3270 partis
1161 3201 1356 3254 ovibus
1382 3200 1710 3268 portionem.

555 3318 561 3323 ~
633 3290 901 3358 Quoniam
932 3292 998 3345 de
1024 3291 1242 3360 pietatis
1273 3302 1466 3345 vestra:
1497 3290 1817 3353 visceribus,
1865 3289 2023 3345 Pater
2052 3305 2141 3345 re-

562 3382 823 3446 verende,
864 3381 1153 3451 plurimum
1197 3397 1487 3451 przesumo,
1520 3382 1725 3437 idcirco
1748 3397 1846 3451 pro
1881 3382 2143 3454 religione

561 3469 619 3525 in
648 3471 893 3541 partibus
920 3470 1124 3526 nostris
1158 3488 1254 3541 per
1285 3484 1379 3525 vos
1424 3472 1808 3536 construenda,
1842 3487 1983 3526 nunc
2012 3473 2145 3526 seri-

562 3561 693 3630 ptis,
719 3576 863 3615 nunc
888 3561 1254 3626 internuntiis,
1280 3561 1606 3616 ﬁducialiter
1625 3562 1692 3617 ad
1714 3560 2141 3617 misericordiam

562 3661 799 3707 vestram
844 3665 1087 3705 recurro.
1137 3650 1351 3705 Nullum
1389 3652 1532 3706 enim
1579 3666 1715 3723 opus
1743 3652 1949 3723 gratius
1977 3650 2145 3707 Crea-

562 3743 667 3797 tori
698 3753 887 3798 nostro
923 3742 1043 3798 fore
1071 3744 1324 3798 existimo
1368 3758 1528 3813 quam
1560 3753 1620 3798 ut
1666 3745 1756 3799 hic
1794 3759 2010 3815 operam
2041 3744 2140 3801 dc-

518 3866 523 3908 ,
561 3847 703 3898 mus,
731 3843 1001 3903 quatenus
1041 3834 1214 3900 locus,
1246 3835 1336 3904 qui
1370 3836 1476 3890 buc
1511 3850 1680 3913 usque
1717 3835 1875 3904 plane
1906 3845 2026 3890 erat
2050 3850 2143 3890 ec.

560 3924 725 3980 elesia
754 3926 1188 3995 malignantium,
1224 3943 1289 3983 ex
1324 3929 1543 3998 superni
1572 3938 1851 3998 respectus
1880 3928 2142 3984 immuta-

559 4017 710 4071 tione
758 4017 852 4072 flat
888 4017 1119 4087 gloriosa
1159 4018 1430 4073 habitatio
1496 4019 1611 4074 Deo
1665 4019 2019 4074 servientium
2086 4029 2143 4075 et

560 4108 883 4179 regulariter
915 4125 979 4164 ac
1018 4110 1101 4179 pie
1135 4110 1352 4165 insimul
1384 4109 1703 4164 viventium.
1757 4108 1824 4165 Et
1879 4111 2138 4179 quoniam

560 4210 748 4254 sancta
776 4202 1059 4272 prudentia
1091 4212 1271 4256 vestra
1304 4202 1436 4256 mihi
1476 4203 1713 4272 scripsit,
1752 4214 1830 4265 ut,
1866 4204 2024 4274 juxta
2052 4220 2143 4259 cu-

555 4287 772 4356 jusdam
826 4294 1075 4357 superius
1106 4292 1344 4356 dictum,
1391 4293 1509 4363 plus
1550 4309 1731 4347 rerum
1764 4296 1941 4349 exitus
1975 4312 2139 4366 quam

560 4378 777 4433 initium
822 4381 1181 4447 attenderem,
1234 4399 1438 4454 vosque
1478 4385 1777 4453 discordias
1822 4402 2139 4456 procerum,

2253 1948 2403 2001 papae
2428 1931 2667 2002 perfecte
2696 1931 2851 1985 vobis
2873 1928 3247 1997 subjicicmus,
3281 1930 3357 1984 ita
3381 1929 3543 1983 etiam
3570 1938 3619 1981 ut
3642 1929 3762 1982 abbas

2255 2040 2283 2077 a
2313 2025 2467 2079 vobis
2512 2022 2707 2077 ibidem
2744 2022 3053 2087 ordinatus,
3103 2023 3173 2086 si,
3230 2023 3526 2077 secundum
3572 2022 3763 2091 Regulam

2252 2116 2424 2171 sancti
2467 2114 2767 2179 Benedicti,
2798 2123 2854 2169 et
2890 2129 3077 2171 sacras
3100 2114 3476 2169 institutiones
3503 2123 3666 2167 vestra:
3681 2112 3766 2166 Clu-

2252 2210 2525 2265 niacensis
2548 2208 2827 2272 Ecclesiae,
2873 2224 2980 2263 non
3012 2209 3230 2273 vixerit,
3258 2208 3488 2263 liberam
3524 2207 3764 2261 facultatem

2251 2302 2594 2368 removendi,
2623 2300 2962 2371 alterumque
2996 2300 3364 2355 substituendi
3397 2300 3643 2360 habeatis,
3670 2313 3764 2366 pra-

2250 2394 2441 2448 sertim
2485 2406 2608 2445 cum
2656 2406 2763 2446 non
2796 2390 3051 2456 aliunde,
3095 2390 3198 2443 nisi
3240 2391 3306 2443 de
3332 2387 3601 2453 Cluniaco,
3624 2400 3763 2457 quem-

2250 2499 2410 2552 quam
2441 2483 2696 2552 deinceps
2728 2481 2927 2536 ibidcm
2975 2480 3139 2535 liceat
3174 2493 3431 2549 prmesse.
3476 2476 3590 2533 Ilaec
3633 2485 3762 2530 auten

2248 2575 2428 2629 omnia
2479 2588 2736 2628 concessa
2785 2582 2840 2627 et
2900 2572 3130 2626 tirmiter
3182 2570 3491 2625 collaudata
3548 2578 3653 2625 sunt
3695 2566 3763 2622 sub

2251 2667 2563 2725 testimonio
2592 2665 2969 2737 episcoporum
3008 2671 3612 2734 supramemoratorum,
3649 2657 3764 2714 Joan-

2250 2764 2334 2817 nis
2365 2760 2752 2825 Tarvanensis,
2784 2769 2840 2814 et
2864 2756 3138 2813 Lamberti
3175 2753 3569 2816 Atrebatcnsis,
3594 2768 3645 2806 ac
3667 2750 3765 2819 opti-

2251 2863 2457 2910 matum
2492 2867 2759 2917 meorum,
2786 2852 2991 2907 scilicet
3021 2851 3243 2908 Roberti
3267 2852 3338 2906 de
3366 2844 3763 2915 BelImllilJ'PSim

2249 2947 2483 3003 abbatite
2530 2945 2812 3013 advocati,
2851 2953 3019 3015 atque
3081 2943 3332 3015 Balduini
3401 2942 3621 3012 ejusdem
3667 2938 3765 2991 villa

2249 3036 2550 3101 castellani,
2585 3051 2688 3092 nec
2728 3050 2833 3091 non
2881 3034 3119 3091 Baldrici
3163 3050 3379 3105 magna:
3406 3032 3659 3102 probitatis
3674 3028 3763 3080 tiri.

2248 3125 2330 3179 Ad
2361 3136 2593 3179 vestram
2619 3139 2748 3196 ergo
2782 3125 3127 3194 prudentiam
3152 3134 3322 3192 atque
3348 3123 3660 3178 sanctitatem
3681 3131 3763 3185 spe-

2248 3227 2354 3274 ctat
2382 3218 2558 3272 locum
2598 3217 2747 3271 illum
2788 3232 2885 3288 pro
2910 3232 3097 3273 amore
3125 3216 3309 3271 Deiex
3339 3215 3535 3270 vestris
3558 3207 3761 3279 religiosis

2244 3310 2493 3380 personis
2524 3324 2589 3364 ac
2626 3308 2876 3363 honestis
2900 3309 3035 3363 viris
3058 3308 3254 3377 quibus
3280 3304 3564 3359 abundatis
3580 3302 3644 3355 sic
3660 3297 3761 3352 ordi-

2244 3417 2398 3466 nare,
2435 3410 2705 3470 quatenus
2738 3398 2944 3453 malitia
2972 3399 3105 3454 inibi
3137 3398 3348 3452 diutius
3382 3396 3494 3464 jam
3523 3394 3759 3456 inolitape-

2244 3494 2392 3549 nitus
2422 3493 2780 3562 esstirpetur,
2800 3501 2962 3561 atque
2988 3490 3042 3544 in
3068 3491 3175 3545 vita
3204 3503 3527 3557 morumque
3548 3488 3763 3538 honestate

2246 3584 2445 3638 ibidetu
2481 3581 2926 3636 conversantium
2968 3594 3167 3635 nomen
3193 3578 3413 3635 Domini
3446 3593 3535 3648 per
3552 3570 3765 3629 omnis»

2243 3675 2495 3731 omnibus
2525 3672 2883 3744 glorificetur.
2915 3675 3109 3727 Amen.

2971 3762 3109 3819 XIII.

2631 3868 2883 3911 ιιοτσειιιι
2920 3869 3139 3909 ροιητιε
3178 3870 3241 3910 Γυ
3251 3868 3461 3908 κεκεις.

2246 3948 2492 4005 Concedit
2536 3948 2747 4019 Παροιιί
2798 3949 2973 4002 locum
3028 3947 3212 4019 Sancti
3264 3945 3539 4019 Saturnini
3570 3938 3761 3995 Fulcin-

2424 4020 2587 4076 Ἤιδει
2613 4016 2915 4074 monasticis
2948 4018 3204 4071 institutis
3231 4016 3628 4085 informandum.

2627 4111 2939 4183 (Man-rhus,
2970 4114 3123 4178 ibid.,
3161 4112 3266 4167 col.
3300 4113 3454 4181 5H.)

2317 4206 2527 4261 Domno
2577 4203 2787 4260 Hocoat
2844 4204 3025 4258 abbati
3081 4201 3465 4264 Cluniacensi,
3518 4200 3759 4253 bonum

2245 4311 2431 4353 comes
2478 4297 2543 4350 de
2591 4293 2759 4366 Foys,
2805 4302 2862 4349 et
2890 4309 3028 4349 uxor
3081 4291 3201 4362 ejus
3262 4293 3465 4358 Altus,
3517 4299 3563 4344 et
3596 4285 3759 4342 omnino

2244 4388 2387 4443 servi
2434 4401 2531 4457 pro
2568 4400 2729 4457 posse
2778 4386 2868 4442 sui
2928 4403 2959 4441 a
3001 4385 3289 4441 Salvatore
3338 4400 3459 4450 suo,
3493 4380 3683 4437 salutem
3718 4382 3756 4426 et

559 4484 626 4525 ac
656 4468 825 4539 ipsius
846 4468 948 4525 loci
976 4470 1205 4576 fratrum
1234 4475 1429 4536 vereri,
1482 4476 1548 4529 ad
1572 4476 1625 4530 id
1656 4477 1885 4545 primum
1911 4478 2135 4534 audaci-
2170 4517 2218 4576 ο
2244 4496 2423 4551 opem.

557 4571 647 4618 ser
677 4563 973 4632 respondeo
999 4562 1139 4632 quod
1172 4565 1224 4618 in
1266 4565 1368 4619 hoc
1404 4581 1524 4621 meo
1570 4570 1867 4637 proposito,
1914 4571 2135 4627 omnino

555 4654 735 4720 ﬁrma,
765 4656 875 4710 itno
902 4656 1367 4724 constantissima,
1403 4657 1510 4713 Deo
1555 4667 1715 4721 teste,
1747 4664 2126 4729 perseverabo,

552 4762 655 4803 nec
687 4764 786 4818 pro
811 4748 1150 4805 dissensione
1179 4765 1465 4819 procerum
1515 4767 1637 4821 qua:
1668 4754 1811 4806 nulla
1847 4754 1971 4819 erit,
2007 4770 2132 4810 cum

554 4841 793 4894 maxime
834 4840 984 4895 eordi
1028 4839 1099 4894 sit
1136 4842 1410 4905 otnnibus,
1459 4857 1558 4897 nec
1595 4859 1693 4912 pro
1748 4846 2133 4903 controversiis

554 4944 649 4985 seu
683 4931 1200 4986 contradictionibus
1231 4931 1484 4997 fratrum,
1520 4951 1657 5006 quas
1694 4938 2021 4994 omnimodis
2063 4939 2131 4995 ad

553 5023 780 5079 nihilum
816 5026 1138 5095 redigemus,
1164 5042 1196 5081 a
1230 5035 1341 5083 tam
1368 5039 1559 5084 sancto
1582 5045 1766 5101 opere,
1802 5043 2024 5103 tamque
2044 5036 2134 5104 pia

554 5116 874 5185 intentione,
924 5117 1103 5188 quoad
1154 5118 1368 5187 vixero,
1406 5136 1647 5190 unquam
1676 5122 1980 5180 declinabo.
2012 5124 2126 5197 Ego

552 5207 719 5278 igitur
742 5208 1063 5275 Clementia,
1094 5211 1267 5280 gratia
1305 5212 1397 5269 Dei
1439 5210 1789 5271 Flandrensis
1819 5217 2129 5284 comitissa,

551 5298 743 5352 eadem
771 5311 1037 5368 potestate
1079 5319 1141 5359 ac
1179 5304 1475 5361 stabilitate
1504 5322 1613 5377 qua
1654 5308 1909 5364 dominus
1949 5326 2121 5376 meus,

552 5390 684 5443 dum
717 5392 891 5448 adhuc
919 5396 973 5449 in
1003 5405 1148 5450 terra
1178 5411 1276 5453 sua
1302 5408 1469 5465 esset,
1496 5415 1834 5472 quzecuuque
1856 5402 2001 5471 juris
2024 5402 2129 5458 mei

551 5491 682 5538 sunt
703 5483 961 5547 ordinans
981 5496 1145 5557 atque
1166 5488 1473 5560 disponens,
1500 5494 1731 5549 consilio
1746 5494 2127 5565 episcdporum

547 5580 818 5655 meorum,
855 5571 1080 5631 Joannis
1108 5580 1354 5638 videlicet
1379 5582 1720 5652 Murinensis,
1765 5596 1823 5643 et
1846 5584 2129 5646 Lamberti

608 5726 783 5822 (ιιϐῖ
808 5752 969 5826 Deest
998 5752 1224 5808 verbum
1252 5754 1486 5826 aliquod.

2317 4572 2515 4627 Notum
2543 4580 2627 4626 est
2650 4569 2825 4634 nobis,
2849 4568 3015 4625 Pater
3042 4578 3099 4624 et
3132 4568 3399 4640 magister
3418 4565 3752 4626 animarum

2242 4674 2451 4734 pastor,
2469 4674 2605 4719 teste
2628 4664 2870 4719 humano
2881 4677 3077 4733 genere
3099 4663 3300 4731 passim
3313 4660 3547 4731 quotidie
3561 4658 3751 4713 olim

2241 4769 2346 4808 non
2377 4770 2474 4807 nos
2495 4768 2711 4823 semper
2736 4753 3095 4822 corporaliter
3124 4752 3309 4806 vivere
3333 4766 3507 4820 posse.
3528 4749 3634 4801 Ideo
3655 4754 3748 4796 roa-

2239 4844 2361 4897 silio
2390 4843 2524 4897 inito
2561 4843 2702 4898 inter
2728 4857 2827 4897 nos
2867 4843 2937 4896 ad
2976 4841 3275 4896 remedium
3309 4852 3365 4897 et
3393 4847 3666 4895 nostrarum
3685 4841 3749 4882 sa-

2238 4936 2404 4991 lutem
2439 4936 2767 4999 animarum,
2806 4934 3295 5002 remissionemque
3321 4947 3443 5003 quze
3463 4930 3646 5000 egimus
3661 4934 3749 4992 ρει-

2237 5040 2519 5092 calorum,
2589 5043 2657 5083 ex
2713 5027 3051 5090 luereditate,
3108 5042 3273 5097 quam
3314 5026 3368 5080 in
3408 5020 3748 5094 praesentiam

2235 5120 2517 5191 possidere
2547 5119 2821 5182 videmur,
2870 5118 3209 5185 transitoria,
3262 5118 3393 5173 dare
3433 5114 3574 5169 vobis
3594 5113 3748 5179 parta

2228 5208 2341 5280 jam
2375 5209 2761 5279 disposuimus,
2790 5217 2848 5263 ut
2879 5218 3197 5278 perpetuam
3228 5221 3530 5263 mereamur
3554 5214 3654 5256 cum
3676 5192 3747 5246 υθ-

2236 5305 2383 5358 mino
2407 5303 2733 5363 mercedem,
2748 5317 2853 5371 qua
2877 5313 3303 5372 postcorporum
3326 5300 3485 5353 tinent
3503 5297 3746 5350 eorum"

2234 5394 2286 5449 in
2314 5394 2522 5449 ccelesti
2578 5393 2809 5448 feliciter
2857 5393 3104 5446 vivamus
3162 5394 3367 5461 requie.
3400 5388 3545 5455 Quod
3584 5386 3748 5452 quasi"

2232 5487 2398 5540 vestri
2427 5486 2636 5541 ordinis
2661 5484 2869 5541 meritis
2890 5493 2941 5540 et
2965 5483 3217 5555 precibus
3238 5482 3509 5539 credimus
3525 5473 3745 5542 aeq-ile"

2230 5573 2734 5647 super-abundanter
2765 5587 2926 5645 quam
2958 5572 3213 5644 petimus
3251 5558 3739 5628 Christi-miseris»
