3928 6298
102 4708 128 4849 l

134 353 228 415 9M

134 472 235 526 die
263 466 535 527 affluentia
566 465 800 536 desuper
820 463 977 520 nobis
999 462 1085 533 pie
1103 460 1343 533 lapsura,
1370 461 1455 516 cui
1486 460 1541 515 in
1565 458 1721 514 nobis
1750 459 1793 516 A

138 576 234 618 vos
286 558 607 615 riducialiter
640 574 764 614 cum
804 554 1062 626 praedicta
1091 553 1386 608 donatione
1417 551 1723 607 committe«

139 669 278 709 mus.
317 649 478 708 Verbi
502 650 675 721 gratia
710 648 937 704 Domino
973 646 1082 701 Deo
1111 644 1359 701 Creatori
1401 658 1465 698 ac
1489 640 1720 697 Redem-

135 741 279 815 ptorl
305 748 489 813 nostro
511 738 637 794 Jesu
665 737 903 801 Christo,
940 734 1299 821 genitricique
1327 732 1494 803 ipsius
1524 740 1725 786 sanctae

146 825 352 905 Virgilii
386 824 570 885 M‘ariae
597 838 653 885 et
680 827 942 899 apostolis
981 826 1188 882 sanctis
1216 824 1591 880 CluniaCensis
1616 836 1726 877 cce-

141 926 287 982 nobii
330 913 493 979 Petro
530 930 585 978 et
630 920 822 986 Paulo,
871 934 975 974 nec
1017 934 1124 973 non
1160 916 1277 981 tibi,
1320 914 1494 985 llugo,
1539 922 1734 967 sancte

138 1017 368 1080 viventi,
400 1013 765 1070 famosissimo
793 1025 894 1083 per
920 1011 1107 1066 orbem
1143 1005 1488 1064 Cluniacensi
1518 1004 1724 1070 abbati,

136 1120 240 1177 ego
262 1106 328 1159 Β.
361 1113 416 1160 et
447 1106 646 1176 conjux
684 1118 803 1160 mea
826 1118 926 1173 pro
961 1098 1323 1171 acquisitione
1353 1097 1478 1151 vita:
1503 1105 1725 1149 aeternae

139 1198 518 1263 concedimus,
548 1212 672 1252 cum
704 1196 956 1251 onmibus
978 1192 1044 1248 ad
1074 1207 1133 1249 se
1156 1189 1574 1263 pertinentibus,
1603 1202 1726 1243 cum

140 1304 371 1344 assensu
423 1297 479 1343 et
525 1287 775 1343 ultroneo
805 1299 1073 1342 consensu
1104 1281 1320 1338 comitis
1346 1278 1620 1345 Tolosani,
1650 1276 1728 1332 lo-

142 1397 269 1437 cum
313 1380 500 1435 Sancti
544 1379 827 1442 Antonini,
862 1377 952 1448 qui
981 1375 1142 1445 vulgo
1173 1381 1397 1427 vocatur
1432 1370 1725 1434 Fredeleiz,‘

138 1482 413 1546 quatenus
442 1472 515 1526 ibi
557 1471 844 1527 monastici
885 1469 1126 1530 habitus,
1165 1477 1217 1521 te
1247 1471 1539 1547 statuente.
1572 1476 1731 1529 regu-

136 1565 273 1621 laris
312 1565 584 1618 inseratur
636 1562 795 1625 ordo,
847 1558 915 1613 ad
962 1564 1278 1627 provectum
1319 1551 1731 1622 profectumque

139 1663 456 1711 nostrarum
481 1652 832 1720 omniumque
861 1648 1097 1703 fidelium
1129 1646 1453 1700 animarum.

864 1736 1005 1792 XIV.

688 1844 916 1886 WICONIS
949 1839 1190 1882 COMITIS.

139 1914 413 1981 Honorem
439 1924 503 1979 de
546 1921 733 1977 Visllia
764 1922 863 1985 ipsi
886 1934 1189 1974 concessum
1238 1916 1400 1985 fuisse
1429 1914 1630 1978 scribit,
1653 1927 1734 1966 ro-

382 2004 571 2066 gatque
596 2009 693 2065 pro
722 1987 1040 2046 adversariis
1072 1987 1477 2057 indulgentiam.

704 2079 1003 2150 (Murem,
1029 2074 1185 2145 ibid.)
1728 2132 1731 2133 ν

217 2172 434 2230 Seniori
463 2184 563 2226 suo
592 2168 948 2225 dilectissimo
987 2165 1206 2220 domino
1244 2163 1471 2226 Hucom,
1509 2161 1733 2217 Clunia-

140 2265 307 2323 censi
356 2262 606 2319 videlicet
642 2260 824 2315 abbati
881 2256 1251 2321 sanctissimo,
1284 2246 1737 2323 dominerumque

139 2370 394 2412 meorum
418 2354 644 2407 fratrum
666 2348 1102 2407 Cluniacensium
1133 2346 1478 2402 sanctissimo
1504 2359 1740 2402 convena

139 2448 249 2512 tui,
277 2464 377 2517 ego
393 2444 572 2512 Wieo,
594 2452 654 2498 ut
677 2442 895 2509 dicitur,
922 2455 1126 2505 comes,
1156 2439 1331 2493 ﬁdelia
1364 2436 1736 2493 famulamina.

219 2537 582 2591 Sanctitatem
625 2539 861 2589 vestram
917 2531 1061 2586 scire
1108 2528 1230 2583 volo
1285 2530 1409 2597 quia
1452 2529 1624 2582 honor
1670 2540 1739 2582 ne

137 2626 362 2689 Visilia,
384 2627 475 2696 qui
508 2624 661 2680 vobis
682 2640 710 2677 a
739 2620 1229 2693 pnedecessoribus
1251 2620 1385 2673 meis
1408 2617 1728 2687 jamdudum

134 2714 332 2774 fuerat
355 2716 534 2779 datus,
581 2725 725 2768 nunc
772 2728 802 2766 a
851 2727 959 2777 me,
998 2726 1120 2765 cum
1166 2710 1392 2764 consilio
1440 2723 1731 2779 procerum

136 2816 397 2864 meorum
439 2805 960 2877 prudentiorumque
1006 2803 1401 2875 canonicorum
1451 2801 1739 2857 Gratiano-

136 2901 555 2971 politanorum,
603 2913 828 2954 assensu
881 2897 1090 2952 scilicet
1132 2888 1428 2964 Rostagni,
1470 2894 1737 2965 Wigonis.

135 2993 239 3064 qui
275 2992 503 3047 multum
533 3005 635 3062 pro
663 2990 819 3046 vobis
858 2990 913 3043 in
948 2990 1054 3044 hoc
1094 2988 1310 3058 negotio
1335 2986 1737 3051 laboraverunt,

139 3082 432 3151 multaque
479 3080 548 3135 ab
603 3078 933 3135 adversariis
970 3077 1171 3133 vestris
1225 3076 1451 3131 adversa
1497 3075 1740 3145 perpessi

135 3183 301 3235 sunt,
341 3188 440 3227 nec
465 3188 573 3229 non
609 3180 667 3228 et
697 3172 954 3236 aliorum,
987 3154 1240 3225 videlicet
1276 3168 1502 3231 Adonis,
1537 3167 1736 3223 Acardi

134 3274 199 3321 et
225 3262 532 3330 Adalberti,
556 3262 647 3332 qui
671 3262 775 3317 hoc
796 3262 998 3316 donum
1022 3267 1337 3314 constanter
1358 3258 1737 3324 laudaverunt,

139 3360 196 3412 in
234 3355 525 3428 praesentia
555 3370 771 3424 quoque
809 3352 1042 3407 fratrum
1072 3361 1380 3406 vestrorum
1413 3350 1480 3405 de
1523 3350 1741 3405 domina

136 3451 314 3505 vobis
339 3446 633 3518 perfectius
656 3456 741 3501 est
760 3444 993 3504 deditus.
1022 3443 1305 3499 monachis
1322 3441 1518 3512 quippe
1547 3442 1744 3497 vestris

136 3542 224 3597 ibi
263 3540 481 3611 positis,
536 3535 834 3593 adversarii
864 3534 1054 3599 vestri,
1082 3533 1176 3602 qui
1204 3531 1579 3586 fraudulenter
1606 3545 1745 3601 prae-

136 3633 331 3688 fatum
361 3630 620 3685 honorem
658 3626 760 3682 sibi
808 3633 1123 3694 rapuerant,
1160 3623 1287 3678 inde
1330 3622 1539 3693 expulsi
1595 3629 1740 3676 sunt.

135 3718 523 3789 Quamobrem
552 3718 807 3788 pietatem
830 3723 1068 3770 vestram
1092 3713 1236 3768 votis
1265 3712 1518 3768 omnibus
1551 3725 1744 3776 exoro,

136 3821 210 3867 ut
240 3808 423 3882 patris
455 3808 562 3863 mei
590 3808 879 3862 adversum
909 3820 1005 3865 vos
1031 3802 1294 3858 offensam
1326 3800 1611 3857 absolvere
1651 3817 1745 3856 cu-

138 3901 314 3964 retis,
328 3897 559 3969 ejusque
582 3895 1080 3960 memoriam,sicut
1103 3895 1207 3950 sibi
1229 3908 1350 3950 esse
1372 3892 1745 3947 necessarium

137 3992 334 4055 scitis,
366 3999 424 4045 et
445 4004 542 4044 vos
573 3988 778 4044 habere
814 3986 1131 4057 dignemini,
1186 3994 1243 4041 et
1286 3987 1631 4043 monasteriis
1656 3999 1749 4039 ve-

136 4085 311 4147 stris,
366 4080 822 4153 quemadmodum
877 4081 946 4134 de
978 4078 1175 4135 vestris
1214 4079 1509 4149 monachis.
1546 4078 1747 4133 haben-

136 4170 286 4225 dam
317 4166 655 4239 percipiatis.
704 4164 812 4221 Pro
854 4179 940 4221 me
969 4174 1152 4221 autem
1198 4179 1297 4220 vos
1335 4164 1623 4219 Dominum
1660 4165 1749 4218 de-

146 4260 377 4335 precari
410 4260 700 4315 admodum
733 4272 992 4329 exposco,
1018 4265 1288 4326 quatenus
1309 4256 1376 4312 de
1401 4256 1749 4312 sublimitatis

141 4356 377 4411 honore
404 4350 536 4405 mihi
560 4350 853 4406 commisso
883 4349 984 4403 sibi
1018 4347 1232 4417 placere
1258 4362 1489 4403 merear.
1516 4347 1591 4403 llli
1620 4362 1748 4403 vero

139 4447 269 4501 duo
296 4442 501 4497 milites
533 4440 730 4496 fratres
758 4437 1033 4495 Arnaldus
1057 4448 1111 4493 et
1141 4436 1325 4510 Wigo,
1370 4440 1470 4494 sub
1513 4454 1747 4508 quorum

1365 344 1721 402 erasmus
1756 306 2225 400 otvsnsoauu.

3288 324 3410 397 his?!

1894 456 2040 512 inter
2069 472 2217 526 spem
2252 463 2569 527 metumque
2599 454 2789 527 positi,
2830 452 2956 509 dum
2998 455 3140 510 hanc
3188 455 3415 511 labilem'

1824 547 1989 601 vitam
2013 548 2235 617 agimus,
2260 547 2462 602 auxilio
2491 546 2610 612 Dei,
2635 544 2993 618 consultuque
3020 561 3242 602 suorum
3270 544 3408 603 lide-

1829 635 1962 690 l‘ium
1993 635 2060 690 de
2100 635 2271 690 salute
2299 638 2495 691 animae
2543 636 2745 707 aliquid
2787 650 2885 707 pio
2922 652 3079 706 posse
3115 636 3408 707 disponere

1827 728 2379 795 volnmus,quatenus
2409 727 2460 782 in
2487 728 2666 784 futuro
2691 728 3063 784 remissionem
3082 728 3408 785 delictorum

1827 826 1879 872 et
1908 817 2089 892 vitam.
2112 830 2429 887 perpetuam
2455 821 2736 891 percipere
2766 836 3093 877 mereamur.
3124 822 3221 876 Est
3248 822 3419 877 nobis

1830 906 1882 961 in
1918 908 2121 976 praedio
2150 909 2369 977 proprio
2417 910 2471 963 in
2518 910 2666 976 villa,
2703 926 2824 979 qua:
2855 913 3016 983 vulgo
3056 913 3257 967 dicitur
3290 913 3411 967 Mai

1828 996 2180 1066 guns-Vicus,
2206 998 2411 1067 capella
2433 999 2680 1067 quaedam
2710 999 2762 1052 in
2794 999 3002 1056 honore
3025 1001 3228 1056 Christi
3264 1000 3419 1058 maré

1828 1087 1964 1158 tyris
1995 1085 2369 1158 ChristOphori
2407 1096 2745 1152 constructa,
2798 1104 2960 1159 quam
3003 1102 3260 1160 procurat
3284 1094 3416 1164 qui-

1829 1179 1954 1234 dam
1982 1181 2298 1247 monachus,
2317 1179 2614 1236 Walterius
2638 1181 2835 1247 dictus,
2854 1196 3104 1237 asserens
3133 1199 3191 1238 se
3216 1194 3414 1240 vestrze

1831 1269 2185 1339 subiectionis
2206 1285 2327 1326 esse
2357 1284 2453 1340 per
2478 1271 2682 1325 omnia.
2722 1270 2880 1335 Inibi,
2928 1272 3039 1327 Deo
3064 1284 3412 1341 cooperante,

1832 1378 1930 1432 per
1949 1362 2141 1417 merita
2166 1362 2408 1430 praedicti
2443 1363 2697 1434 martyris
2719 1363 2951 1431 plurima
2972 1364 3106 1417 liunt
3129 1362 3414 1418 miracula.

1831 1451 1951 1509 Jam
1982 1454 2055 1508 ibi
2086 1454 2512 1508 contradidimus
2535 1463 2743 1509 tantum
2768 1466 3003 1509 aratum:
3032 1464 3211 1521 terrae,
3238 1471 3418 1525 quan-

1835 1555 1946 1599 tum
1976 1552 2157 1615 potest
2188 1554 2311 1600 octo
2342 1543 2516 1600 bobus
2544 1547 2611 1599 ad
2646 1538 2910 1600 arandum
2959 1545 3224 1603 sullicere.
3283 1546 3447 1603 Dedi‘

1836 1637 1965 1691 huic
2005 1635 2251 1691 ecclesiae
2285 1650 2448 1689 unam
2486 1636 2718 1691 saliuam
2749 1635 2953 1701 sedem,
2978 1645 3033 1691 et
3059 1652 3218 1691 unam
3245 1637 3422 1707 patela

1837 1726 1975 1793 lam;
2002 1742 2247 1797 uxorque
2277 1742 2397 1782 mea
2429 1742 2592 1781 unam
2622 1727 2872 1797 patellam
2895 1737 3159 1798 perpetuo
3180 1728 3325 1797 jure,
3361 1736 3422 1784 et

1765 1824 1810 1892 Β
1838 1818 2088 1873 dabimus
2118 1818 2319 1884 adhuc,
2353 1820 2635 1889 nostrique
2663 1834 3027 1874 successores.
3073 1819 3187 1874 Non
3222 1836 3420 1890 parum

1836 1910 1992 1965 vobis
2023 1910 2298 1977 videatur,
2338 1911 2531 1967 damus
2568 1912 2812 1968 ecclesiae
2841 1912 3182 1969 Cluniacensi
3212 1931 3423 1970 annua-

1839 2002 1956 2070 tim,
1984 2002 2123 2058 festo
2144 2005 2320 2075 sancti
2355 2006 2604 2069 Andreae,
2630 2015 2899 2061 carratam
2929 2006 3076 2071 salis,
3107 2017 3180 2073 et,
3209 2008 3253 2063 si
3279 2002 3423 2064 Deus

1836 2107 1951 2148 rem
1983 2093 2450 2165 multiplicaverit,
2478 2096 2889 2150 emeudahimus
2936 2104 2991 2151 et
3030 2112 3127 2152 nos
3170 2097 3325 2152 vobis
3364 2097 3423 2153 in

1837 2185 2016 2241 donis.
2066 2184 2301 2242 Oramus
2358 2187 2703 2242 sanctitatem
2748 2197 2982 2241 vestram
3028 2197 3087 2241 ut
3134 2188 3423 2257 pnefatum

1839 2278 2015 2333 locum
2043 2278 2221 2335 velitis
2253 2280 2306 2333 in
2354 2294 2485 2333 cura
2536 2288 2717 2333 vestra
2753 2287 2808 2334 et
2836 2263 3169 2348 subjectione
3199 2298 3298 2352 pro
3330 2280 3426 2337 Dei

1837 2386 2022 2426 amore
2052 2372 2352 2443 suscipere,
2380 2380 2437 2425 ut
2466 2386 2564 2441 per
2588 2386 2683 2425 vos
2707 2387 2901 2425 nomen
2936 2372 3147 2427 Domini
3179 2374 3428 2429 laudetur

1839 2464 2057 2534 ubique.
2090 2464 2210 2518 Jam
2241 2465 2385 2519 enim
2420 2464 2471 2518 in
2508 2464 2731 2534 praefato
2776 2462 2895 2518 loco
2925 2465 3247 2519 monachilia
3274 2466 3427 2521 bubi—

1840 2555 2013 2610 tacula
2049 2557 2279 2611 honeSte
2318 2567 2444 2610 sunt
2485 2557 2739 2625 incmpta,
2769 2570 2888 2625 quae.
2919 2557 3283 2626 perlicientur,
3317 2559 3427 2627 Deo

1840 2658 2134 2711 annuente,
2185 2648 2409 2702 instanti
2460 2662 2610 2702 cura.
2668 2646 2929 2701 Mittimus
2978 2646 3188 2703 litteras
3240 2659 3428 2705 nostra

1838 2751 1991 2810 parte
2008 2741 2321 2795 beatitudini
2343 2752 2554 2805 vestrae,
2572 2754 2628 2795 ut
2644 2741 2934 2795 notilicetis
2947 2742 3101 2797 nobis
3122 2740 3247 2811 quid
3262 2758 3428 2812 super

1841 2834 1947 2889 hoc
1972 2833 2153 2888 velitis
2191 2832 2391 2888 facere.
2432 2831 2691 2887 Nolumus
2728 2833 2871 2888 enim
2919 2841 3090 2903 usque
3119 2834 3428 2905 pactionem

1839 2941 1907 2981 ex
1936 2926 2040 2981 hac
2066 2940 2122 2979 re
2147 2924 2360 2989 facere,
2385 2923 2557 2978 donec
2579 2923 2921 2978 rescierimus
2950 2924 2994 2978 si
3032 2939 3131 2979 nos
3160 2923 3338 2979 velitis
3369 2924 3429 2979 in

1841 3019 1944 3087 hac
1959 3018 2219 3089 petitione
2241 3015 2523 3071 exaudire.
2550 3014 2663 3071 lloc
2696 3015 2831 3071 sciat
2860 3017 3034 3087 pietas
3062 3026 3264 3083 vestra,
3294 3032 3429 3086 quo-

1843 3111 2013 3174 niam,
2054 3110 2100 3165 si
2130 3108 2284 3164 vobis
2314 3106 2578 3177 plaeuerit
2618 3107 2917 3177 suscipere,
2940 3108 3162 3163 .nullum
3190 3108 3300 3177 jus,
3330 3120 3426 3165 seu

1767 3212 1811 3273 ο
1843 3202 2281 3263 advocationem,
2311 3216 2412 3255 nec
2440 3215 2560 3272 ego,
2592 3214 2693 3256 nec
2724 3201 3013 3271 posteritas
3044 3211 3250 3267 nostra,
3278 3202 3430 3257 volu-

1846 3308 1966 3348 mus
1995 3291 2543 3363 retinere.Alioquin,
2567 3292 2611 3347 si
2636 3292 2938 3358 nolueritis,
2966 3293 3251 3348 consilium
3278 3308 3429 3366 quae-

1847 3401 2030 3441 remus
2055 3386 2105 3440 in
2145 3384 2267 3439 aliis
2300 3384 2459 3446 locis.
2489 3386 2582 3440 sed
2612 3384 2869 3442 libentius
2910 3386 3051 3457 apud
3080 3402 3177 3443 vos
3204 3401 3432 3443 conver-

1845 3478 1926 3534 sio
1954 3486 2097 3533 esset
2125 3478 2299 3533 nobis.
2332 3475 2524 3533 Valete
2554 3490 2789 3547 semper.

2563 3584 2702 3641 XVI.
2750 3575 2754 3579 ’

2192 3713 2376 3754 AMELII
2417 3712 2643 3754 ΑΒΜ-[ιε
2679 3712 3101 3755 Αυιιιιιλοεκειε.

1845 3813 1869 3877 ι
1955 3802 2247 3860 Committi:
2278 3805 2325 3858 ei
2355 3803 2542 3859 cellam
2572 3803 2856 3860 Cariacum
2898 3806 3319 3874 reformandum.

2235 3896 2542 3969 (Msa-rene,
2569 3897 2722 3961 ibid.,
2752 3897 2857 3952 col.
2886 3896 3037 3965 513.)

1920 3990 2158 4045 Summae
2195 3989 2495 4055 felicitatis,
2547 4004 2612 4045 ac
2661 3988 2823 4044 totius
2868 3989 3168 4060 prudentia
3219 3988 3429 4063 fulgore

1849 4083 2174 4150 clarissimo,
2202 4081 2331 4151 quin
2356 4081 2519 4137 etiam
2550 4080 2881 4137 venerabilis
2900 4080 3198 4151 disciplinae
3230 4082 3430 4138 studiis

1849 4176 2240 4241 eruditissimo,
2272 4176 2473 4231 domno
2502 4172 2750 4229 videlicet
2774 4171 2984 4230 lineam
3011 4173 3132 4244 jure
3161 4173 3299 4242 juris
3328 4176 3433 4229 ab-

1849 4268 1961 4325 bati
1985 4266 2449 4331 Cluniacensium,
2477 4265 2686 4321 utinam
2713 4280 2933 4321 suorum
2962 4265 3220 4321 minimus
3249 4282 3437 4323 monac

1850 4357 2076 4413 chorum
2099 4359 2360 4423 Αιιειιυε,
2397 4355 2527 4411 licet
2563 4355 2841 4426 indignus,
2872 4356 3043 4412 abbas
3076 4356 3434 4413 Aureliacen-

1853 4450 2017 4517 sium,
2049 4465 2247 4506 munus
2282 4448 2605 4506 aeternitatis
2635 4450 2899 4519 optimum
2937 4463 2999 4505 ac
3022 4449 3264 4505 divinum
3291 4465 3435 4520 praes

136 4543 436 4609 potestate
472 4533 761 4602 praedictus
807 4532 983 4587 honor
1014 4531 1265 4597 habetur,
1301 4531 1394 4600 qui
1432 4532 1586 4586 vobis
1614 4532 1743 4587 olim
1780 4562 1824 4617 D
1852 4540 2076 4598 simum!

134 4632 225 4685 de
258 4643 327 4682 eo
360 4626 617 4682 resistere
647 4625 991 4689 videbantur,
1023 4639 1166 4679 nunc
1199 4634 1378 4680 autem
1412 4624 1622 4695 plenius
1650 4625 1750 4679 im-

135 4719 432 4791 pendunt,
476 4728 529 4772 et
588 4731 649 4772 se
702 4717 1046 4785 impensurus
1109 4716 1392 4772 monachis
1440 4718 1506 4771 de
1552 4718 1751 4773 vestris

140 4812 375 4867 ibidem
420 4810 839 4865 commoraturis
890 4807 1238 4878 pollicentur,
1292 4809 1646 4865 nihilominus
1692 4818 1753 4864 ut

136 4901 299 4971 ipsis
328 4900 541 4971 culpam
570 4898 868 4963 dimittere,
890 4906 948 4952 et
975 4898 1041 4953 de
1069 4897 1242 4967 patris
1259 4905 1317 4954 et
1342 4897 1536 4954 matris
1556 4912 1749 4955 eorum

135 4991 488 5050 meminisse
514 4991 779 5048 debeatis.
808 4990 1016 5046 Valete.

917 5103 1031 5158 XV.

628 5212 847 5253 πιυηιει
886 5210 1294 5252 DANOBMBNSIS.‘

142 5304 153 5307 ί
218 5280 401 5352 οπετι
423 5281 502 5336 illi
525 5281 709 5336 cellam
736 5281 794 5336 S.
826 5280 1186 5349 Christophori
1209 5282 1277 5335 de
1315 5279 1696 5354 Magno-Vite.

531 5370 838 5439 (Maerens,
876 5369 1035 5435 ibid.,
1075 5369 1180 5426 col.
1207 5370 1364 5441 512.)

206 5461 824 5526 'Venerabiliabbati,
888 5474 960 5517 ac
1008 5461 1200 5517 totius?
1227 5461 1510 5532 religionis
1556 5459 1757 5517 decore

132 5555 439 5613 adornato
462 5552 609 5610 Patri
635 5552 842 5609 [locum
864 5552 1233 5619 Cluniacensi,
1263 5554 1448 5609 senior
1470 5551 1753 5615 Winstcus

138 5642 585 5709 Danobrien'sis,
617 5653 675 5699 et
697 5643 848 5701 Gen
882 5642 1081 5712 coniux
1120 5644 1257 5713 ejus,
1301 5651 1467 5716 atque
1513 5643 1753 5714 ipsorum

134 5732 753 5801 doolliiﬂacnumus
776 5745 831 5791 et
854 5733 1216 5801 minuimus,
1241 5734 1492 5792 devotum
1524 5730 1755 5805 famulas;

132 5840 296 5885 mea
324 5834 486 5897 atque
526 5835 744 5882 aeternae
770 5824 1047 5914 felicitatis
1074 5840 1299 5909 munus.

1922 4634 2057 4690 Cum
2098 4633 2398 4694 videamus,
2451 4630 2614 4685 Pater
2650 4630 2988 4695 cbarissime,
3045 4630 3211 4686 totius
3260 4631 3434 4696 orbis,

1853 4739 1964 4780 suae
1994 4722 2469 4793 redintegrationis
2495 4721 2692 4792 gratia,
2724 4723 2972 4776 ctenohia
2993 4736 3344 4790 consurgere,
3366 4725 3437 4779 de

1852 4817 2025 4872 nostri
2064 4817 2335 4885 quondam
2386 4816 2680 4870 sanctitate
2709 4813 2902 4869 famosi
2952 4815 3276 4871 contritione
3302 4831 3436 4873 con-

1852 4907 2133 4979 querimur
2159 4921 2323 4977 quam
2354 4906 2609 4962 maxime.
2639 4904 2907 4961 Ceterum
2941 4921 3066 4962 cum
3095 4907 3163 4963 ad
3189 4908 3433 4989 plenum,

1853 4999 1999 5071 quod
2029 4996 2205 5066 majus
2230 5006 2331 5062 est,
2357 5007 2607 5054 nostrum
2628 4998 2936 5054 coenobium
2960 5013 3217 5069 reparare
3246 4992 3435 5069 nequi-

1853 5107 1996 5159 mus,
2036 5090 2225 5145 saltem
2282 5089 2574 5161 quamdam
2621 5103 2688 5143 ex
2738 5090 2942 5145 nostris
2994 5089 3265 5157 cellulam,
3315 5105 3436 5160 qum

1855 5183 2112 5239 Cariacus
2138 5181 2353 5248 dicitur,
2380 5189 2485 5236 tuae
2506 5182 2693 5236 ditioni
2720 5182 3221 5247 committimus,'eo
3247 5172 3439 5239 tenore

1856 5273 2064 5330 scilicet
2093 5281 2154 5328 ut
2171 5270 2285 5341 jam
2308 5272 2577 5342 praedicta:
2603 5270 2808 5328 cellulae
2832 5270 3028 5327 fratres
3052 5286 3121 5327 ex
3149 5273 3256 5328 tuis
3283 5288 3438 5343 regu-

1856 5365 2002 5421 lares
2032 5364 2311 5439 adhibeas,
2336 5363 2426 5434 qui
2452 5362 2525 5420 ibi
2560 5364 2825 5420 hactenus
2844 5362 3106 5423 fratribus
3134 5346 3437 5421 enormiter

1858 5458 2165 5514 viventibus
2186 5456 2366 5512 studia
2398 5455 2698 5526 disciplinae
2739 5456 3003 5528 regularis
3034 5456 3344 5517 exhibeant,
3370 5468 3437 5510 ac

1855 5550 2104 5609 ordinem
2133 5550 2271 5605 bene
2297 5548 2511 5604 vivendi
2536 5549 3133 5619 attentius-expediant,
3165 5556 3455 5619 quatenus

1860 5648 1949 5695 tua
1976 5641 2150 5710 gratia
2189 5638 2261 5695 ibi
2294 5637 2523 5695 fratrum
2556 5638 3094 5706 degentium-animae
3119 5645 3243 5711 post
3276 5635 3441 5707 hujus

1859 5734 1986 5796 vita
2027 5733 2319 5791 terminum
2366 5731 2583 5811 futurae,
2614 5732 2799 5795 statim
2836 5738 3095 5804 prospera
3123 5728 3436 5793 mereantur

1752 5894 1760 5901 ‘
1862 5825 2125 5893 accipere.
2159 5822 2312 5889 Quod
2354 5821 2931 5921 siquidem‘toli’mes,
2964 5828 3022 5877 ut
3052 5828 3144 5873 aut
3173 5834 3298 5891 ego,
3345 5825 3440 5895 aut
