3928 6298
566 317 701 383 ,³45⁷

1668 316 1727 371 s.
1760 314 2060 372 nccoxns
2087 314 2259 370 ABBA
2272 314 2376 372 TIS
2400 316 2716 377 CLUNIAC.
3664 288 3736 393 in

578 432 804 503 quilibet
832 430 900 485 de
933 429 1309 501 pratsentibus,
1337 442 1401 484 ac
1429 428 1497 495 de
1534 429 1728 484 futuris
1770 430 1939 485 nostri
1968 443 2157 483 cceno-
2187 436 2237 490 Α
2267 429 2438 485 vitate
2467 440 2523 486 et
2552 432 2757 485 ditione
2800 432 3119 502 inmunem,
3165 449 3286 491 cum
3336 438 3560 497 omnibus
3583 448 3739 505 omnia.

578 524 794 581 hiemum
830 520 1111 575 fratribus
1156 520 1224 575 de
1266 530 1355 575 tua
1391 519 1675 590 disciplina
1726 522 1892 591 (quod
1941 521 2158 590 quidem

576 610 796 678 absit!)
823 598 1149 680 quandoque
1185 609 1391 680 aliquid
1442 609 1763 665 deiraudare
1809 610 2156 676 tentaveaint,

575 708 672 757 tuo
712 708 883 755 totum
933 715 1031 770 per
1077 691 1221 770 quod
1264 700 1333 754 ab
1363 700 1452 754 illa
1496 686 1932 768 praesumptione
1960 700 2157 767 resipi-

572 800 753 860 κιαι,
792 791 1180 847 committimus
1206 791 1464 845 examini.
1496 790 1649 857 Quod
1676 791 1722 845 si
1754 790 1933 844 facere
1961 805 2156 844 renue-

572 886 709 953 riut,
752 886 895 942 sicut
953 894 1011 940 tu
1062 894 1229 940 temet
1265 884 1625 939 decrevisti...
1680 899 1744 939 ac
1795 884 1838 937 si
1886 876 2159 936 sancimus

571 977 907 1051 perenniter,
954 992 1070 1047 quo
1108 976 1221 1047 jam
1248 976 1519 1045 praedictae
1549 975 1693 1029 illius
1722 974 1869 1029 cellae
1924 973 2149 1034 fratres,

571 1081 667 1129 aut
701 1073 910 1143 priores
944 1070 1132 1139 aliqui,
1164 1068 1469 1122 Romanum
1495 1068 1692 1122 adeant
1726 1065 2064 1135 pontiﬁcem.
2097 1070 2157 1116 ut

478 1168 487 1180 ⁸
572 1169 716 1240 quod
740 1178 909 1237 perte
950 1180 1429 1235 successoremque
1456 1174 1603 1218 tuum
1627 1163 1947 1216 charitative
1967 1176 2158 1214 emen-

571 1262 708 1317 dare
750 1260 1061 1323 voluerint,
1082 1259 1207 1313 licet
1253 1258 1429 1324 inviti,
1475 1272 1586 1311 suo,
1608 1255 1813 1326 judicio
1858 1260 2154 1310 emendare

571 1366 681 1409 non
707 1351 975 1407 desinant.
1001 1349 1176 1439 'Vale.’
1193 1348 1341 1433 Vale.

1285 1437 1453 1493 XVII.

916 1540 1211 1589 πεοιιιιιυι
1251 1546 1468 1586 εοιιιτιε
1503 1544 1809 1585 curtum.

569 1620 744 1695 οπεγι
776 1621 1105 1679 Theobaldus
1120 1639 1305 1695 fontes
1338 1622 1509 1695 ﬁlium
1543 1632 1595 1674 ιιι
1635 1623 1783 1691 aquis
1827 1618 2150 1674 salutaribus

1110 1691 1176 1746 Β.
1220 1691 1375 1762 ﬂugo
1406 1693 1607 1745 abluat.

1047 1783 1271 1853 (Spicil.
1303 1792 1345 1836 t.
1371 1781 1465 1847 Vl,
1498 1782 1663 1853 449.)

626 1872 697 1933 ¹1η
724 1884 942 1933 nomine
972 1886 1175 1930 sancta:
1208 1884 1263 1930 et
1292 1875 1583 1929 individua:
1610 1874 1915 1937 Trinitatis,
1940 1884 1996 1929 et
2022 1890 2152 1929 sano

567 1983 781 2026 ciorum
810 1962 1182 2041 apostolorum
1201 1955 1367 2022 ‘Petri
1396 1975 1451 2021 et
1486 1967 1658 2033 Pauli,
1686 1967 1893 2023 Hucom
1928 1983 2155 2023 venera-

565 2056 661 2116 bili
691 2054 897 2126 abbati,
922 2069 977 2115 et
997 2058 1254 2115 Cluniaco
1277 2057 1608 2113 monasterio
1632 2066 1796 2127 atque
1823 2054 2149 2126 Cosseiensi,

568 2156 874 2222 domnoque
904 2152 1213 2207 Gozecmxo
1248 2149 1700 2203 reverendissimo
1736 2144 1856 2218 ejus
1884 2148 1984 2202 loci
2015 2164 2154 2217 prte-

565 2248 779 2318 posilo,
839 2252 1137 2314 eorumque
1189 2242 1621 2306 successoribus,
1676 2232 1998 2296 ΤετΒΑιυυε
2040 2232 2149 2296 ’1)θί

567 2340 741 2411 gratia
771 2339 1105 2393 Francorum
1134 2352 1337 2398 comes,
1388 2346 1441 2389 et
1490 2351 1629 2389 uxor
1680 2336 1795 2405 ejus
1834 2335 2150 2400 Αυειηιιοιε,

568 2446 695 2485 cum
723 2429 847 2485 ﬁliis
873 2430 985 2482 suis
1009 2430 1059 2481 iu
1085 2438 1423 2497 perpetuum.

642 2520 867 2587 Quoties
898 2518 1257 2588 omnipotenti
1292 2519 1401 2572 Deo
1423 2519 1687 2571 bonorum
1717 2517 1956 2572 omnium
1988 2515 2153 2588 largi-

568 2612 671 2667 tori
696 2610 967 2681 quzedam,
1001 2611 1121 2665 licet
1150 2618 1342 2682 pauca,
1381 2609 1558 2664 laudis
1588 2627 1699 2665 sua:
1731 2609 1920 2664 usibus
1960 2609 2151 2679 profu-

569 2715 693 2763 tura
718 2702 1075 2769 conferimus,
1102 2714 1211 2757 sua
1230 2701 1332 2758 sibi
1361 2702 1654 2765 reddimus,
1689 2718 1793 2757 non
1818 2716 2002 2756 nostra
2043 2701 2153 2755 lar-

566 2802 766 2874 gimur,
799 2810 1066 2872 quatenus
1098 2800 1210 2854 haec
1245 2807 1469 2870 agentes
1513 2799 1685 2853 simus
1716 2813 1820 2852 non
1854 2797 1921 2852 de
1950 2796 2150 2852 nostris

564 2898 885 2953 muneribus
919 2895 1066 2958 elati,
1099 2884 1193 2947 sed
1225 2893 1463 2961 acceptis
1492 2908 1521 2945 a
1561 2891 1670 2945 Deo
1703 2884 2015 2944 muneribus
2042 2904 2147 2943 non

565 2987 797 3059 ingrati;
822 2985 951 3039 nihil
973 2985 1190 3053 quidem
1224 2985 1400 3051 magis
1424 2983 1693 3052 ingratum
1719 2992 1819 3044 est,
1850 2990 1905 3034 et
1932 2998 1961 3034 a
1984 2978 2146 3034 Chri-

565 3080 744 3136 stiana
782 3078 982 3147 pietate
1018 3086 1231 3131 constat
1257 3076 1472 3145 penitus
1499 3075 1733 3127 alienum
1766 3089 1926 3141 quam
1957 3074 2004 3127 ei
2026 3070 2147 3126 non

2264 521 2332 572 ad
2380 536 2501 574 eam
2538 521 2684 589 juste
2731 525 3145 593 pertinentibus,
3190 529 3241 581 id
3270 539 3368 592 est,
3399 533 3539 588 terris
3564 537 3682 592 cultis
3703 550 3739 593 et

2262 610 2503 676 incultis,
2541 616 2733 682 pratis,
2758 616 2929 677 silvis.
2964 619 3123 686 aquis
3167 637 3523 691 aquarumque
3563 633 3721 684 etcum

2261 703 2362 757 bus
2414 707 2839 777 circumquaque
2864 711 2931 762 de
2944 708 3069 777 jure
3096 712 3264 780 ipsius
3288 715 3548 782 potestatis
3570 718 3739 774 existen-

2262 794 2442 857 tibus;
2496 797 2672 851 servis
2698 813 2913 867 quoque
2959 810 3012 853 et
3066 801 3295 867 ancillis,
3323 806 3651 871 capitecensis,
3686 794 3742 862 id

2260 887 2418 942 aliter
2443 903 2502 943 se
2534 889 2877 949 habentibus.
2908 894 3234 963 czeterisqne
3260 896 3540 950 redditibus
3574 902 3740 964 cunctis,

2260 988 2423 1047 atque
2468 981 2953 1036 consuetudinibus
2989 982 3154 1050 justis
3198 994 3252 1038 et
3304 985 3599 1051 actionibus,
3643 986 3743 1044 nullo

2258 1088 2483 1141 prorsus
2529 1074 2597 1127 ad
2634 1089 2734 1130 nus
2785 1085 3032 1144 respectu
3081 1080 3525 1133 consuetudineve
3583 1088 3776 1167 reterns,

2259 1174 2351 1217 aut
2376 1166 2553 1219 debita
2590 1168 2869 1224 servitutis
2894 1170 3072 1239 aliqua
3106 1171 3362 1238 pensione
3390 1172 3495 1225 sive
3521 1174 3745 1238 exactione.

2259 1255 2422 1310 modo
2450 1257 2694 1325 quolibet
2722 1258 3054 1321 exhibenda,
3080 1270 3346 1330 quatenus
3373 1263 3615 1329 universa,
3638 1274 3743 1317 tam:

2259 1345 2417 1399 nobis
2445 1362 2609 1416 quam
2638 1363 2668 1400 a
2702 1341 3149 1405 ministeriaiibus
3176 1361 3230 1404 et
3252 1352 3585 1407 servientibus
3607 1356 3746 1410 nostris

2260 1435 2312 1489 in
2359 1446 2467 1490 tota
2516 1438 2611 1491 illa
2641 1434 3007 1509 possessione,
3048 1434 3333 1509 cujuslibet
3362 1445 3746 1511 oppressionisaut

2257 1527 2648 1595 inquietudinis
2696 1531 2916 1585 occasio
2978 1533 3153 1586 modis
3204 1534 3453 1587 omnibus
3490 1545 3744 1603 amputetur;

2257 1611 2371 1675 Deo
2403 1631 2585 1676 autem
2618 1622 2748 1677 inibi
2783 1623 3077 1678 militantes
3114 1640 3238 1680 cum
3281 1626 3426 1679 omni
3444 1640 3567 1695 pace
3587 1635 3630 1679 et
3649 1635 3749 1679 tm.

2262 1714 2535 1784 quillitate
2584 1716 2755 1770 libera
2784 1716 2997 1770 Domini
3050 1717 3316 1772 servitute
3342 1718 3747 1785 fruantur.Quibns

2264 1807 2485 1875 insuper
2520 1806 2842 1861 auxiliarem
2876 1822 3096 1862 manum
3132 1820 3375 1864 nostram
3428 1810 3681 1879 ubicunque
3714 1820 3749 1863 et

2258 1895 2524 1950 adversus
2566 1911 2924 1966 quoscunque
2968 1898 3287 1969 indigerint,
3317 1899 3400 1953 vel
3426 1899 3550 1953 ratio
3578 1897 3749 1969 postula-

2256 1983 2416 2049 verit,
2452 1992 2560 2038 tam
2590 1986 3017 2054 przesentissime
3044 2001 3207 2056 quam
3253 1987 3619 2044 humanissime
3652 2000 3750 2042 sel-

2256 2089 2355 2146 per
2393 2076 2763 2147 promittimus
2797 2075 3110 2132 aliuturam.

2961 2189 3148 2245 XV'lll.

2366 2296 2631 2346 RAYIUNDI
2658 2306 2956 2346 castra;
2990 2307 3059 2346 er
3089 2307 3307 2348 BENRICI
3347 2305 3678 2347 Pori-rectius

2913 2377 3174 2418 COIITUI.

2256 2469 2474 2525 Mittunt
2514 2472 2780 2538 exemplar
2808 2473 3020 2542 foederis
3049 2473 3300 2528 amicitia:
3339 2474 3472 2528 inter
3501 2490 3549 2528 se
3570 2474 3694 2533 inite.
3718 2479 3753 2524 et

2322 2553 2597 2608 pactorum
2633 2544 2697 2595 de
2735 2546 3013 2611 partienda
3047 2545 3378 2599 successione
3412 2546 3563 2599 soceri
3595 2545 3658 2598 nti
3690 2544 3753 2596 Al-

2322 2613 2510 2681 phonsi
2542 2612 2784 2667 Castalia:
2809 2630 2872 2665 ac
2904 2612 3145 2682 Legionis
3180 2616 3345 2684 regis.

2713 2704 2929 2777 (Spicil.
2958 2716 3001 2760 t.
3036 2706 3120 2769 nt,
3148 2724 3202 2778 p.
3234 2708 3390 2778 19.2.)

2326 2798 2557 2854 Domino
2588 2809 2753 2870 atque
2792 2800 3230 2856 reverentissimo
3262 2800 3593 2856 Cluniacensi
3626 2798 3755 2853 abluti

2250 2890 2751 2963 Hammer-mque
2764 2874 3505 2964 beati'Petricongregationi,
3521 2892 3753 2945 lituum

2251 2998 2434 3039 comes
2460 2984 2685 3053 ejusque
2713 2984 2880 3049 ﬁlius,
2926 2995 2977 3039 et
3020 2985 3298 3040 HENBICUS
3322 3000 3502 3041 comes
3524 2986 3621 3055 ejus
3641 2982 3755 3035 iamio

2252 3076 2422 3143 liaris,
2453 3093 2574 3131 cum
2607 3076 2898 3132 dilectione
2929 3078 3159 3132 salutem
3198 3080 3247 3132 in
3293 3079 3526 3134 Christo.

564 3166 757 3225 saltem
782 3144 835 3221 in
863 3159 1101 3222 minimis
1126 3182 1223 3236 pro
1244 3176 1395 3236 parte
1422 3166 1598 3234 aliqua
1624 3164 1958 3229 ministrare,
1982 3180 2010 3217 a
2038 3180 2145 3233 quo
2172 3144 2219 3207 (ἶ
2323 3168 2542 3231 Sciatis,
2568 3160 2887 3223 charissime
2911 3169 3094 3235 Pater,
3118 3170 3260 3238 quod
3278 3180 3563 3239 postquam
3581 3174 3754 3220 vestrum

561 3276 674 3316 non
711 3259 885 3315 solum
909 3250 1269 3329 praesentibus
1303 3256 1681 3326 temporalium
1714 3271 1895 3309 rerum
1922 3271 2148 3325 corpore

563 3365 755 3409 sumus
794 3348 967 3413 (παυςιί
998 3348 1277 3417 sublimes,
1318 3360 1504 3403 verum
1550 3349 1852 3403 futurorum
1881 3348 2146 3403 bonorum

562 3459 663 3515 per
695 3443 864 3513 ipsius
903 3443 1264 3515 largissimam
1312 3442 1737 3498 miscricordiam
1790 3442 1845 3496 in
1880 3453 2144 3498 aeternum

560 3544 815 3607 optamus
841 3536 958 3591 ﬁeri
989 3537 1251 3592 lueredes.

634 3630 885 3687 Scieutes
914 3645 1045 3701 ergo
1077 3630 1203 3700 quia
1244 3628 1435 3684 ﬁducia
1460 3644 1653 3700 magna
1689 3638 1767 3683 est
1800 3629 1940 3699 apud
1974 3627 2144 3682 Deum

562 3722 911 3794 eieemosyna
951 3720 1278 3777 facientibus
1316 3735 1459 3788 eam,
1491 3737 1556 3776 eo
1600 3721 1899 3792 inspirante
1940 3728 1995 3774 et
2042 3720 2142 3773 do-

558 3826 750 3884 nante,
782 3818 991 3873 amicos
1020 3816 1175 3872 nobis
1220 3817 1274 3872 in
1318 3816 1568 3888 praesenti
1605 3814 1787 3872 facere
1815 3817 2150 3886 cogitamus,

560 3928 591 3966 a
629 3910 826 3981 quibus
874 3919 998 3980 post
1042 3909 1182 3964 hanc
1220 3910 1385 3964 vitam
1429 3908 1482 3964 in
1528 3920 1732 3963 aeterna
1791 3906 2139 3962 tabernacula

556 4004 727 4073 recipi
750 4017 1076 4057 mereamur.
1099 4001 1442 4072 Quapropter
1464 4017 1564 4071 ego
1588 4000 1899 4064 'l'etbaldus,
1921 4007 1975 4054 et
2002 4014 2139 4054 uxor

552 4109 680 4155 mea
709 4094 1001 4158 Adelaidis,
1032 4095 1337 4150 sanctitatis
1379 4104 1435 4149 et
1476 4093 1771 4164 religionis,
1804 4109 1924 4162 quae
1969 4107 2136 4163 penes

560 4193 811 4238 sanctum
843 4192 1080 4239 vestrum
1107 4184 1394 4256 collegium
1444 4185 1647 4241 nostris
1677 4185 2010 4255 temporibus
2056 4183 2109 4238 di

558 4274 687 4328 vina
733 4275 906 4344 gratia
951 4276 1213 4345 largiente
1254 4278 1430 4346 potior
1481 4276 1853 4345 celebriorque
1885 4276 2134 4339 habetur,

562 4363 670 4419 ﬁde
691 4372 745 4417 et
776 4364 1061 4421 devotione
1092 4368 1343 4441 permoti,
1370 4367 1476 4420 imo
1496 4367 1589 4420 Dei
1619 4367 1971 4436 inspiratione
1990 4381 2140 4421 com-

2249 3258 2481 3313 vidimus
2512 3260 2765 3327 legatum,
2801 3275 2898 3326 pro
2939 3260 3032 3314 Dei
3061 3261 3458 3329 omnipotentis
3489 3269 3627 3328 atque
3653 3254 3753 3310 beati

2248 3348 2394 3405 Petri
2431 3351 2658 3420 apostoli
2706 3352 2901 3405 timore
2930 3362 3236 3422 vestraeque
3276 3354 3548 3424 dignitatis
3570 3363 3755 3406 reverea-

2250 3443 2342 3506 tia,
2369 3444 2511 3511 quod
2550 3443 2705 3496 nobis
2732 3440 3031 3496 mandastis
3074 3443 3128 3497 in
3167 3458 3342 3497 manu
3374 3443 3547 3499 domui
3568 3434 3753 3496 Dalmatii

2246 3532 2409 3588 Geret
2440 3532 2687 3587 fecimus.

2318 3624 2385 3677 In
2410 3626 2619 3678 nomine
2644 3622 2821 3679 Patris
2850 3634 2900 3679 et
2926 3623 3059 3679 Filii
3079 3636 3127 3680 et
3152 3625 3394 3695 Spiritus
3418 3627 3591 3682 uncti.
3611 3623 3755 3693 Pignus

2246 3718 2469 3787 integrae
2495 3717 2820 3783 dilectionis,
2876 3733 2984 3790 quo
3025 3719 3313 3787 conjuncti
3363 3728 3488 3774 sunt
3535 3719 3581 3772 in
3622 3725 3756 3768 amore

2244 3808 2583 3866 Raimundus
2609 3825 2815 3875 comes,
2837 3824 3131 3881 comesque
3159 3808 3454 3876 Henricus,
3480 3818 3531 3864 et
3548 3809 3634 3862 hoc
3647 3805 3756 3874 jun-

2244 3913 2453 3957 mento.

2315 3996 2427 4066 Ego
2446 3995 2662 4065 quidem
2684 3993 2956 4051 ﬂenricus
2978 3995 3183 4064 absque
3210 3995 3326 4049 ulla
3354 3993 3559 4050 divortii
3581 3988 3754 4043 falsitate

2246 4089 2338 4144 tibi
2372 4090 2555 4145 comiti
2596 4089 2923 4160 Raymundo
2954 4090 3329 4144 membrorum
3376 4099 3577 4144 tuorum
3603 4082 3753 4137 sanita-

2245 4192 2381 4245 tem,
2435 4190 2649 4250 tumque
2699 4184 2822 4235 vita:
2868 4181 3140 4250 integrant
3193 4179 3571 4238 dilectionem.
3621 4172 3753 4237 miti"

2241 4277 2481 4331 carceris
2507 4276 2729 4330 invitam
2763 4274 2893 4329 mihi
2928 4273 3312 4328 occursiouem
3339 4272 3483 4342 juro.
3507 4269 3621 4325 Juro
3637 4265 3752 4321 etiaII

2241 4369 2405 4438 quod,
2428 4377 2550 4437 post
2572 4367 2778 4421 obitum
2810 4365 2957 4436 regis
2994 4365 3330 4434 Ildephonsi,
3362 4365 3458 4419 tibi
3486 4361 3614 4415 muni
3639 4356 3752 4410 ωούυ

557 4455 779 4523 moniti,
809 4456 1053 4513 Odonetn
1080 4456 1248 4511 ﬁlium
1286 4468 1526 4513 nostrum
1554 4473 1723 4512 sacra:
1774 4459 2131 4528 regeneratio-
2164 4492 2213 4551 υ
2244 4470 2431 4515 contra
2454 4474 2672 4513 onmem
2698 4459 2973 4512 hominem
2996 4466 3160 4525 atque
3183 4456 3471 4511 mulierem
3494 4455 3614 4508 hanc
3634 4456 3751 4502 total!

557 4547 646 4603 nis
683 4546 960 4617 mysteriis
989 4546 1357 4602 innovandum
1387 4562 1417 4600 a
1455 4556 1632 4600 vestra
1661 4548 1986 4615 paternitate
2038 4549 2130 4601 de-

557 4639 903 4705 stinavimus,
928 4638 1055 4704 rati,
1076 4650 1307 4706 superna
1332 4638 1680 4707 dispensante
1698 4636 2007 4701 clementia,
2032 4636 2134 4692 sibi

555 4746 664 4786 non
716 4732 877 4785 inane
924 4729 1160 4783 futurum
1206 4728 1569 4798 religiosiores
1610 4745 1775 4799 quam
1822 4730 2050 4784 ditiores
2081 4730 2135 4783 iu

554 4821 774 4878 Christo
812 4822 1071 4877 habuisse
1100 4827 1375 4889 parentes,
1411 4821 1479 4874 ad
1508 4820 1658 4889 cujus
1694 4821 1880 4892 gratia:
1929 4828 1984 4874 et
2038 4822 2134 4875 de-

554 4918 819 4979 fensionis
850 4930 1048 4976 nostra:
1098 4915 1821 4988 pmpensiorerueﬂ'wtum,
1865 4916 2135 4971 efﬁcacio-

553 5027 784 5082 remque
813 5009 1141 5081 profectum,
1179 5018 1493 5064 nostrorum
1518 5006 2132 5080 etiam‘redemptiouem

549 5112 924 5172 peccatorum,
957 5101 1013 5157 in
1042 5100 1327 5156 servitium
1363 5106 1420 5153 et
1455 5097 1930 5167 gloriamDomini
1960 5097 2133 5151 nostri

553 5194 682 5250 Jesu
729 5193 951 5263 Christi,
1005 5206 1429 5266 sanctorumque
1486 5194 1854 5265 apostolorum
1908 5194 2049 5249 Petri
2080 5200 2135 5248 et

548 5284 744 5352 Pauli,
797 5297 1001 5343 sanctae
1055 5280 1368 5358 paternitati
1419 5294 1650 5350 Vestrae,
1697 5295 1751 5340 et
1801 5285 2133 5339 monasterio

554 5379 835 5445 Cluniaco,
885 5389 1011 5435 voto
1045 5386 1109 5461 ac
1134 5379 1429 5456 traditione
1472 5376 1698 5439 solemni
1742 5376 2132 5449 perpetualitcr

553 5471 905 5531 concedimus
932 5486 987 5531 et
1011 5460 1275 5533 Miseros
1299 5468 1591 5546 quamdam
1622 5473 1679 5528 in
1703 5480 1897 5551 nostro
1933 5469 2133 5526 allodio

551 5566 757 5635 rixam,
786 5581 906 5636 qua:
1241 5565 1457 5631 dicitur,
1491 5559 1774 5634 eumipsa
1812 5560 2030 5631 aiiodio,
2065 5577 2132 5619 eo

551 5675 648 5730 per
673 5661 867 5716 omnia"
895 5668 1005 5733 quo
1027 5658 1141 5714 rm
1158 5668 1280 5713 eam
1312 5658 1577 5713 hactenus
1613 5648 1741 5727 jure
1765 5664 1822 5712 et
1862 5662 2131 5725 potestate

554 5756 841 5823 tenuimus,
869 5740 940 5810 ab
955 5752 1111 5814 omni
1134 5742 1341 5814 sciiicet
1358 5748 1986 5833 aliquorumbnruinum
2008 5762 2127 5807 ser-

2249 4562 2451 4606 terram
2504 4550 2647 4619 regis
2701 4548 3005 4618 lldepbonsi
3037 4546 3331 4601 defendere
3377 4546 3593 4599 ﬁdeliter
3622 4546 3666 4590 ut
3687 4535 3753 4583 clo-

2244 4646 2390 4698 mino
2421 4643 2682 4713 singulari
2715 4652 2879 4709 atque
2926 4640 3208 4708 acquirere
3257 4645 3587 4707 praeparatus
3614 4638 3752 4683 occur-

2243 4752 2379 4790 ram.
2421 4733 2551 4789 Juro
2593 4735 2754 4787 etiam
2795 4733 2837 4786 si
2876 4732 3187 4786 thesaurum
3216 4729 3395 4783 Toleti
3439 4728 3578 4798 prius
3607 4734 3649 4774 te
3684 4718 3752 4769 ιιι-

2239 4831 2429 4891 buero,
2454 4829 2589 4880 duas
2627 4832 2809 4895 partes
2836 4823 2930 4878 tibi
2960 4824 3122 4889 dabo,
3163 4831 3219 4876 et
3259 4821 3480 4875 tertiam
3522 4814 3635 4871 mihi
3661 4804 3757 4881 ηιξ

2240 4922 2399 4975 nebo;
2428 4920 2621 4987 Anien.
3280 4954 3283 4955 ν
3532 4921 3543 4929 ’
3666 4920 3671 4921 ⁷

2311 5010 2375 5065 Et
2400 5024 2499 5079 ego
2523 5023 2707 5065 comes
2738 5005 3092 5078 Raymundus
3116 5004 3211 5060 tibi
3234 5003 3424 5059 comiti
3454 4998 3753 5057 ιιαιτιωιω

2239 5121 2357 5159 rum
2392 5103 2761 5161 membrorum
2802 5099 3116 5161 sanitatem,
3153 5106 3367 5166 tutaque
3398 5096 3518 5149 vita
3548 5091 3751 5154 integraIll

2237 5198 2602 5261 dilectionem,
2631 5195 2817 5263 tuique
2844 5191 3084 5248 carceris
3109 5190 3351 5251 invitant
3374 5186 3507 5241 mihi
3538 5173 3751 5239 οαιιηίο-

2237 5305 2360 5343 nem
2385 5289 2528 5358 juro.
2559 5287 2691 5342 .Iuro
2715 5284 2881 5340 etiam
2905 5281 3075 5351 quod,
3098 5288 3227 5350 post
3253 5288 3489 5333 mortem
3512 5270 3638 5341 regis
3654 5264 3753 5319 ωε·

2234 5380 2452 5451 phonsi,
2486 5392 2569 5433 me
2611 5377 2706 5432 tibi
2730 5376 2992 5430 daturum
3019 5370 3269 5428 Toletum
3298 5377 3605 5435 terramque
3628 5365 3752 5412 ιοιδω

2234 5473 2602 5541 subiacentem
2649 5471 2759 5536 et,
2788 5474 3069 5537 totamque
3106 5476 3331 5529 terram,
3394 5474 3555 5532 quam

2233 5563 2421 5620 modo"
2449 5576 2480 5617 a
2528 5575 2615 5618 me
2665 5572 3005 5623 concessam,
3036 5557 3258 5615 habeas
3295 5553 3392 5608 tali
3437 5558 3589 5624 pacto
3615 5552 3664 5598 It
3698 5548 3753 5592 ω

2234 5655 2364 5712 inde
2393 5668 2548 5710 meus
2578 5653 2761 5721 homo,
2790 5658 2847 5707 et
2875 5650 2944 5707 de
2960 5664 3057 5705 me
3081 5663 3206 5705 eam
3234 5646 3443 5702 habeas
3483 5638 3691 5698 domin.
3714 5634 3754 5679 ει

2231 5740 3093 5828 Ρφθίειιιέιριὶἓέδέιὶυξρᾶςάεω,
3143 5738 3391 5796 dimittas
3434 5730 3565 5806 mihi
3602 5728 3752 5788 an"
