3928 6298
130 326 228 383 θιὸ
1533 312 1681 368 STA'

1823 311 1872 364 ι.
1934 337 1940 347 ι
2447 335 2454 343 ε
3270 293 3374 362 ut

132 444 297 488 terras
320 428 386 486 de
412 426 557 485 Leon
589 436 644 484 et
670 428 733 484 de
767 427 1031 495 Castella;
1060 435 1116 483 et
1150 426 1193 482 si
1228 423 1424 496 aliquis
1458 424 1590 479 mibi
1616 420 1701 477 vel
1720 426 1779 486 Α
1879 419 1940 476 Si
1973 435 2072 492 ego
2095 436 2278 476 comes
2304 421 2654 493 Raymundus
2679 434 2784 475 non
2815 432 3036 491 possum
3067 417 3159 473 tibi
3190 417 3377 481 comiti

131 521 219 579 tibi
268 519 535 573 obsistere
572 518 845 582 voluerit,
877 526 931 573 et
980 515 1229 586 iniuriam
1292 513 1447 569 nobis
1486 513 1696 577 fecerit,
1806 514 2039 570 Henrico
2071 515 2197 569 dare
2226 513 2469 569 Toletum
2502 525 2562 567 ut
2591 512 2837 585 promisi,
2873 509 3011 573 dabo
3044 510 3138 565 tibi
3178 508 3373 564 Galla:-

128 624 370 682 guerram
400 608 573 667 simul,
596 611 649 663 in
682 625 807 664 eum
835 608 918 663 vel
941 592 1309 679 unusq'uisque
1338 622 1434 677 per
1460 622 1518 661 se
1550 606 1699 661 inea-
1774 648 1779 651 ε
1807 606 1970 671 ciam,
2008 604 2101 659 tali
2135 615 2301 675 pacto
2330 614 2387 659 ut
2418 614 2472 660 tu
2500 604 2718 673 adjuves
2745 603 2874 658 mihi
2902 600 3182 671 acquirere
3210 602 3377 655 totam

130 712 265 758 mus,
305 711 586 767 usquequa
619 696 999 751 terramillam
1037 695 1168 750 mihi
1210 696 1293 748 vel
1345 696 1440 750 tibi
1473 693 1699 765 paciﬁee
1807 705 2009 752 terram
2041 696 2107 751 de
2152 696 2303 760 Leon
2333 705 2387 751 et
2426 694 2789 768 dejCastella;
2837 702 2891 749 et
2937 701 3221 763 postquam
3252 691 3379 745 inde

131 786 379 849 dunittat,
408 796 461 839 et
494 798 678 853 postea
712 787 805 841 tibi
836 802 956 841 eam
983 787 1271 854 praebeam.
1299 783 1432 840 iuro
1454 786 1618 840 etiam
1650 784 1697 840 si
1808 788 2058 843 dominus
2114 803 2145 857 p
2166 787 2351 842 acilice
2402 787 2576 853 fuero,
2623 788 2763 842 dabo
2806 785 2900 841 tibi
2943 783 3271 849 Gallmciam,
3321 790 3381 836 ιιι

130 877 445 937 thesaurum
475 878 648 933 'l‘oleti
678 880 828 947 prius
861 887 913 933 te
956 878 1214 937 habuero.
1247 878 1457 931 tertiam
1486 887 1693 947 partem
1808 891 2093 953 pOSIquam
2129 897 2248 936 eam
2295 879 2391 934 tibi
2431 880 2647 942 dedero,
2690 879 2929 945 dimittas
2966 876 3094 943 mihi
3121 885 3293 930 terras
3316 874 3381 927 de

133 1304 3360 1335 MM

131 968 219 1022 tibi
245 967 410 1031 dabo,
451 976 507 1022 et
537 972 672 1028 duas
703 979 1051 1026 remanentes
1080 969 1485 1042 mihiservabo.
1742 1032 1745 1033 ν
1804 969 1956 1026 Leon
1992 979 2049 1025 et
2085 971 2152 1025 de
2196 968 2450 1024 Castella.
2497 969 2682 1038 igitur,
2726 968 2833 1024 Deo
2857 966 3220 1040 jub_enle,rsic
3247 980 3382 1037 quo-

196 1056 477 1112 Fiduciam
500 1077 658 1129 quam
686 1077 856 1115 comes
880 1060 1229 1132 Raymundus
1254 1061 1374 1131 fecit
1398 1062 1453 1115 in
1488 1078 1702 1117 manum
1809 1078 1917 1133 que
1942 1072 2131 1119 sancta
2163 1063 2257 1118 Dei
2281 1061 2525 1117 Ecclesia
2554 1060 2657 1142 piis
2681 1060 3013 1117 orationibus
3038 1060 3383 1122 interveniat,

127 1147 322 1201 domini
356 1148 606 1203 Dalmatii
640 1148 789 1204 Geret
812 1165 833 1207 :
1804 1153 2005 1209 Amen.

3368 1378 3377 1389 π
3410 1346 3452 1449 ξ

770 1452 1438 1573 STATUTA
1525 1448 2047 1572 SANCITI
2130 1458 2624 1575 HUGON
2636 1460 2764 1573 IS

1337 1673 1629 1740 ABBATIS
1665 1672 2163 1733 CLUNIACENSIS

654 1830 783 1895 Pro
818 1829 1141 1917 Alpheum
1172 1848 1315 1913 rege
1348 1830 1838 1912 Hispaniarum,
1878 1837 2173 1913 tanquam
2195 1831 2435 1913 insigni
2460 1829 2863 1916 benefpctore.

194 2120 459 2180 Omnibus
495 2118 751 2178 fratribus
777 2138 841 2179 ac
886 2123 1009 2180 ﬁliis
1040 2126 1240 2181 nostris
1271 2126 1324 2182 in
1355 2126 1700 2185 Cluniacensi
1740 2138 1786 2200 Β
1813 2141 1873 2187 ιιι
1905 2132 2246 2205 praebendam
2275 2129 2643 2203 quotidianam
2682 2131 2878 2187 habeat
2924 2131 2975 2186 in
3008 2130 3291 2188 refectorio
3322 2135 3390 2189 ad

128 2214 378 2270 cmuobio
413 2214 637 2268 Domino
684 2215 736 2268 in
801 2216 903 2270 ﬁde
953 2228 1096 2272 recta
1146 2220 1549 2284 servientibus,
1601 2230 1708 2277 tam
1812 2225 2073 2293 majorem
2124 2238 2388 2289 mensam,
2431 2224 2583 2293 quasi
2631 2223 2680 2279 si
2738 2224 3017 2280 nobiscum
3077 2226 3393 2295 epulaturus

128 2305 487 2374 praesentibus
548 2321 709 2374 quam
779 2305 1009 2371 futuris,
1066 2306 1236 2363 frater
1299 2310 1453 2366 iloco
1519 2313 1710 2379 abbas,
1812 2315 2056 2378 sederet,
2087 2330 2208 2384 quae
2236 2315 2328 2368 uni
2372 2329 2669 2385 pauperum
2699 2314 2900 2375 Christi
2947 2331 3161 2386 semper
3191 2316 3395 2373 tribua-

128 2398 372 2452 crelestis
420 2399 568 2466 regni
601 2399 821 2468 praemia
849 2409 903 2455 et
946 2410 1159 2456 aeternae
1190 2402 1462 2459 felicitatis
1493 2406 1706 2476 gaudia.
1814 2412 1902 2458 tur
1943 2419 2043 2479 pro
2081 2405 2257 2468 salute
2308 2405 2503 2471 animm
2549 2405 2687 2477 ejus,
2736 2415 2844 2461 tam
2886 2408 2940 2461 in
2971 2407 3081 2465 vita
3121 2423 3285 2478 quam
3335 2408 3400 2469 in

192 2488 486 2551 Convenit,
534 2489 895 2555 dilectiSsimi,
936 2493 1163 2546 utsicut
1209 2509 1307 2548 nos
1356 2495 1574 2549 Patrum
1608 2512 1709 2565 no-
1813 2502 2011 2550 morte.
2468 2487 2473 2492 ’

129 2592 371 2637 strorum
422 2584 842 2652 prtecedentium
882 2584 1159 2651 instituta.
1194 2586 1292 2641 etsi
1329 2604 1434 2653 non
1486 2590 1552 2643 ad
1598 2590 1717 2660 ple-.
1886 2584 2023 2643 Huic
2069 2600 2286 2656 quoque
2332 2602 2601 2643 mensum
2625 2588 2803 2652 b01128.
2838 2587 3122 2655 οοηῖθτιω,
3154 2589 3401 2644 Similim

129 2686 285 2731 nutu,
319 2679 531 2740 tamen,
553 2684 715 2740 prout
745 2688 1052 2741 possumus,
1088 2672 1316 2729 ﬁdeliter
1339 2677 1708 2743 observamus,
1814 2678 2100 2751 coagitaue
2130 2679 2624 2749 superemuentiam
2652 2681 2853 2737 addere
2892 2682 3194 2750 cupientes,
3243 2682 3403 2740 dedi:

128 2762 196 2814 ita
224 2762 399 2816 etiam
428 2771 484 2815 et
523 2776 618 2815 vos
648 2777 709 2815 ea
744 2776 863 2831 qua
900 2778 997 2831 pro
1023 2765 1296 2829 communi
1329 2766 1564 2821 utilitate
1596 2766 1710 2829 ﬁeri
1814 2785 1933 2825 nms
1983 2770 2032 2824 ei
2074 2769 2131 2835 in
2177 2769 2406 2826 ecclesia
2453 2772 2735 2827 beatorum
2780 2773 3144 2840 apostolorum
3175 2771 3317 2827 Petri
3345 2782 3406 2829 et.

127 2854 491 2918 decernimus,
516 2864 570 2907 et
599 2855 790 2908 devote
824 2855 1238 2931 suscipiatis,pet
1265 2856 1553 2912 salubriter
1584 2876 1713 2916 con-
1814 2858 1967 2914 Pauli
2002 2876 2164 2926 nova,
2192 2877 2353 2932 quam
2394 2863 2507 2932 ipse
2553 2862 2619 2916 de
2650 2862 2861 2933 propris
2898 2862 3245 2918 facultatibus
3270 2871 3406 2918 con-t

127 2944 385 3008 servetis,
417 2952 771 3014 quatenuset
798 2945 954 2999 vobis
991 2946 1241 2999 meritum
1285 2948 1627 3015 obedientize,
1659 2959 1715 3004 et
1817 2951 2085 3011 struxisse
2117 2953 2356 3016 videtur,
2408 2969 2574 3008 unum
2611 2953 2780 3006 altare
2825 2951 2891 3007 de
2936 2954 3264 3023 praecipuis,
3295 2969 3404 3023 quo

128 3033 229 3090 illis
270 3050 370 3105 pro
394 3037 590 3105 Quibus
635 3036 760 3090 talia
804 3035 1212 3105 praecipiuntur,
1244 3039 1522 3108 prmitiqu
1572 3057 1716 3095 scm-
1817 3028 2026 3109 scilicet
2059 3041 2237 3096 divina
2271 3043 2529 3113 mysteria
2564 3042 2759 3097 ibidem
2790 3041 3060 3096 celebrata
3092 3042 3251 3096 saluti
3283 3042 3410 3110 ejus

126 3124 360 3196 piter-me
390 3124 581 3180 salutis
612 3133 908 3180 accrescat.
1817 3131 2036 3189 valeant
2063 3130 2369 3203 suffragari.
2401 3132 2533 3188 Cum
2574 3148 2704 3188 vero
2734 3132 2893 3202 lmjus
2930 3132 3243 3203 temporalis
3279 3133 3412 3193 vita:

196 3215 400 3271 Nmum
433 3216 614 3285 itaque
660 3218 730 3270 sit
777 3216 1102 3272 fraternitati
1134 3229 1356 3299 vestrm,
1395 3223 1718 3299 praecepisse
1819 3238 2036 3277 cursum
2083 3223 2264 3277 debito
2310 3222 2415 3278 ﬁne
2464 3222 2852 3292 compleverit,
2896 3222 3142 3291 exceptis
3191 3219 3406 3287 ofﬁciis,

132 3324 229 3365 nos
262 3311 333 3365 de
364 3310 564 3365 domno
599 3311 875 3381 Alphouso
922 3313 1300 3387 Hispaniarum
1342 3297 1489 3390 rege,
1532 3297 1716 3373 nostro
1820 3313 2038 3380 missis,
2094 3325 2255 3383 atque
2312 3314 2692 3383 eleemosym's,
2739 3331 2858 3384 qua:
2901 3329 3000 3384 pro
3054 3313 3145 3368 illo
3197 3312 3409 3382 agenda

132 3401 272 3469 ﬁdeli
305 3403 506 3469 amico,
543 3404 635 3473 qui
683 3414 832 3459 tanta
867 3421 930 3461 ac
963 3407 1088 3461 talia
1122 3408 1258 3461 bona
1298 3409 1451 3463 nobis
1481 3408 1626 3473 fecit,
1661 3419 1721 3476 et
1822 3413 1969 3467 sunt,
2005 3420 2113 3457 uno
2142 3420 2285 3458 anno
2317 3405 2367 3458 in
2405 3406 2716 3475 supradicto
2742 3405 2899 3459 altari
2948 3406 3110 3460 missa
3152 3403 3408 3474 speciali»

133 3494 309 3549 adhuc
358 3495 728 3550 indesinenter
790 3496 938 3563 facit,
990 3508 1049 3551 ιιι
1094 3500 1365 3553 neminem
1418 3516 1601 3568 regum
1637 3501 1718 3556 vel
1748 3511 1792 3572 (ζ
1828 3504 1908 3552 ter
1934 3496 2175 3565 quotidie
2204 3512 2300 3564 pro
2330 3497 2421 3551 illo
2446 3507 2694 3552 canatur.
2720 3497 3115 3552 Anniversaria.
3139 3512 3267 3551 vero
3291 3495 3410 3550 dies

131 3597 164 3654 p
197 3586 440 3656 incipum
469 3587 583 3641 sive
621 3587 819 3656 prisms
849 3604 942 3643 seu
980 3588 1253 3642 modernis
1291 3592 1642 3658 temporibus,
1674 3592 1725 3646 ei
1829 3586 1999 3655 ip8ius
2038 3586 2108 3638 ita
2152 3602 2248 3654 per
2274 3587 2453 3641 omnia
2486 3596 2680 3655 agatur
2709 3626 2724 3651 ,
2746 3587 2885 3641 sicut
2915 3602 3011 3657 pro
3042 3586 3240 3647 domno
3264 3584 3416 3639 Ηεηο-

132 3690 459 3744 comparare
490 3676 781 3745 possimus,
803 3676 945 3745 quod
970 3678 1176 3731 scilicet
1206 3676 1258 3730 iu
1289 3678 1540 3733 omnibus
1570 3678 1728 3735 bonis
1828 3678 1941 3731 rico
1992 3677 2320 3746 imperatore
2348 3677 2621 3748 Augusto;
2661 3678 2726 3732 ad
2760 3692 3016 3746 vcsperas
3063 3674 3291 3739 scilicet,
3340 3674 3410 3728 ad

131 3780 252 3834 quae
294 3765 524 3819 Domino
566 3766 827 3836 largiente
858 3767 909 3821 in
962 3776 1146 3821 nostro
1193 3768 1332 3833 loco,
1378 3769 1463 3823 vel
1508 3769 1560 3823 in
1605 3770 1726 3825 aliis
1826 3766 2079 3831 ofﬁcium,
2136 3778 2193 3822 et
2240 3768 2307 3821 ad
2369 3770 2589 3824 missam
2644 3770 2825 3825 omnia
2887 3769 3039 3837 signa
3095 3774 3405 3836 tangantur,

134 3856 462 3925 nostrojuri
514 3859 745 3913 subditis
784 3868 901 3914 acta
948 3857 1178 3933 fuerint,
1211 3859 1496 3929 specialem
1530 3860 1728 3916 habeat
1829 3866 2035 3935 tractus
2085 3858 2136 3911 iu
2191 3859 2377 3929 cappis
2414 3868 2661 3923 canatur,
2718 3858 2908 3913 eadem
2962 3856 3129 3917 missa
3178 3854 3244 3917 ad
3293 3853 3410 3925 ejus

134 3948 619 4017 participationem
651 3958 758 4003 tam
795 3950 848 4004 in
880 3949 989 4003 vita
1020 3965 1179 4019 quam
1220 3940 1616 4020 postmortem.
1828 3948 1999 4003 altare
2045 3950 2383 4014 decantetur,
2428 3948 2712 4005 duodecim
2753 3960 3022 4019 pauperes
3068 3944 3407 4007 reficiantur,

201 4037 475 4092 Praeterea
508 4038 750 4095 dedimus
775 4045 825 4094 ei
863 4039 916 4094 in
952 4039 1061 4095 vita
1093 4056 1189 4096 sua
1238 4056 1402 4095 unum
1435 4043 1722 4116 psalmum,
1828 4038 2034 4110 Septem
2089 4039 2279 4095 diebus
2324 4040 2531 4109 jnstitia
2588 4043 2775 4103 detur,
2817 4046 3041 4106 excepta
3094 4033 3417 4105 quotidiana

134 4129 189 4183 id
216 4138 326 4191 est,
364 4128 629 4183 Exaudiat
661 4130 1014 4201 te.Domiuus,
1047 4126 1113 4185 ad
1146 4132 1333 4187 horam
1367 4134 1580 4187 tertiam
1610 4116 1728 4190 sine
1828 4132 2135 4202 przebenda,
2183 4146 2301 4200 quae
2347 4132 2401 4185 iu
2450 4130 2638 4201 majori
2683 4131 2848 4187 missa
2899 4143 3114 4198 semper
3165 4125 3410 4198 ponitur,

136 4221 554 4278 intermissione
612 4225 936 4287 canendum,
980 4235 1035 4281 et
1078 4227 1146 4281 ad
1195 4229 1452 4298 majorem
1504 4232 1723 4285 missam
1828 4207 2111 4278 abundans
2140 4222 2361 4277 refectio
2393 4239 2421 4275 a
2451 4221 2673 4277 custode
2702 4221 2946 4277 ecclesiae
2981 4219 3239 4274 fratribus
3270 4230 3420 4288 ρπβ-η

132 4330 305 4367 "nam
362 4313 678 4381 COIIeClam,
730 4315 783 4369 id
831 4324 935 4379 est,
1002 4317 1343 4384 Qumsumus,
1406 4320 1726 4389 omm’potens
1827 4322 2069 4384 paretur.
2101 4313 2156 4367 lu
2201 4313 2288 4368 his
2331 4325 2510 4369 autem
2541 4314 2793 4370 omnibus
2818 4328 2937 4384 quae
2981 4313 3048 4368 de
3078 4312 3170 4366 illo
3199 4310 3283 4365 vel
3315 4324 3413 4379 pro

134 4404 304 4472 Deus,
363 4405 523 4460 simili
576 4406 769 4469 modo,
824 4408 1062 4476 quandiu
1114 4410 1325 4464 vixerit.
1379 4409 1727 4467 Decrevimus
1830 4406 1921 4461 illo
1960 4406 2043 4477 agi
2092 4406 2454 4472 decrevimus,
2502 4407 2555 4475 in
2605 4407 2710 4469 his,
2768 4407 3011 4476 inquam,
3063 4404 3317 4459 omnibus
3360 4412 3417 4455 et

134 4500 365 4565 quoque
405 4506 462 4551 ut
506 4497 560 4551 in
604 4497 692 4552 die
732 4495 912 4553 Ctenae
952 4498 1165 4554 Domini
1200 4500 1419 4571 triginta
1465 4517 1731 4572 pauperes
1830 4497 2075 4568 reginam
2109 4498 2225 4569 eius
2261 4498 2543 4573 conjung
2574 4498 2977 4557 dev0tissimam
3007 4496 3125 4551 ﬁeri
3163 4494 3415 4548 volumus

132 4603 239 4659 pro
272 4602 345 4644 eo
392 4590 677 4665 mittantur
711 4589 779 4642 ad
827 4590 1162 4645 mandatum.
1214 4591 1281 4646 Et
1311 4594 1363 4647 in
1411 4595 1496 4648 die
1540 4603 1731 4650 sancto
1831 4590 2174 4659 participem.
2206 4590 2427 4667 Insuper
2453 4591 2734 4651 duodeCIm
2773 4601 3037 4658 pauperes
3068 4588 3117 4641 ei
3152 4588 3205 4640 in
3241 4586 3411 4640 C0303

132 4678 370 4737 Paschae
399 4690 617 4754 centum
660 4664 1011 4755 nihilominus
1049 4695 1315 4758 pauperes
1352 4697 1385 4736 a
1425 4685 1729 4739 camerario
1835 4679 2050 4738 Domini
2076 4664 2466 4749 concessimus,
2493 4690 2549 4735 et
2576 4682 2630 4735 in
2654 4679 3081 4734 anniversarium
3113 4678 3248 4748 ejus,
3267 4676 3411 4732 sicut

133 4784 241 4843 pro
283 4787 352 4828 eo
385 4758 718 4830 reﬁciantur.
762 4773 830 4829 Et
863 4787 1025 4845 super
1052 4774 1165 4829 haec
1203 4774 1384 4830 omnia
1415 4774 1724 4842 statuimus,
1792 4770 1797 4771 ⁷
1838 4771 2201 4842 imperatricis
2228 4771 2451 4841 Agnetis
2479 4770 2563 4841 agi
2591 4771 2927 4837 censuimus.

1186 5073 1710 5169 STATUTA
1785 5074 2375 5175 ΕΙΠΞΒΕΜι

429 5266 678 5345 Recipit
712 5263 1106 5335 Lambcrtttm
1133 5263 1409 5335 abbatem
1432 5265 1501 5328 Ξ.
1530 5264 1781 5333 Berlini
1800 5263 2000 5328 veluti
2041 5266 2377 5346 proprium
2419 5264 2711 5327 σιειπίαοί
2741 5260 3128 5325 monachum.

132 5582 135 5585 λ
219 5586 404 5657 lineo,
434 5588 616 5645 divina
659 5588 837 5662 gratia
866 5585 1241 5645 Ciuniacensis
1282 5585 1515 5643 emnobii
1539 5585 1731 5652 abbas,
1840 5592 2003 5658 quam
2049 5585 2268 5651 futuris,
2305 5595 2426 5655 post
2462 5589 2663 5644 sancite
2691 5580 3116 5650 conversationis
3160 5562 3429 5656 insignia;

148 5682 373 5738 Cunctis
407 5680 667 5739 fratribus
710 5696 775 5750 ac
817 5681 942 5772 ﬁliive
977 5682 1205 5748 nostris,
1231 5689 1339 5737 tam
1375 5679 1731 5753 pmcntibm
1829 5677 2010 5734 beata:
2047 5676 2169 5732 vitro
2198 5677 2420 5748 gaudia.
