3928 6298
506 302 614 361 917

1637 319 1696 376 δ.
1726 320 2028 382 llUGONlS
2064 327 2357 390 ABBATlS
2386 330 2705 395 CLUNIAC.

577 413 813 525 Noverit.
849 417 1088 475 cbaritas
1114 418 1339 494 'vestra,
1368 424 1727 486 'dilectissitni
1772 430 1867 487 filii
1886 475 1902 499 ,
1952 435 2095 511 quod
2122 446 2172 506 Α
2203 452 2453 516 repetere
2473 444 2869 525 abbatiam,ea
2882 447 3092 517 scilicet
3118 450 3424 507 intentione
3446 460 3500 507 ut
3527 453 3583 507 in
3607 464 3778 511 nostra

511 507 746 565 domnus
792 508 1112 569 Lambcrtus
1141 514 1309 572 abbas
1353 517 1412 573 Β.
1444 518 1651 577 Bertini
1702 508 2097 586 veniens'ante

507 599 853 662 praesentiam
894 600 1219 662 humilitatis
1265 616 1493 685 nostra},
1539 610 1683 688 inter
1731 614 1837 670 alia
1886 633 2095 690 magna;

507 703 623 744 suae
652 689 952 749 devotionis
977 709 1221 763 munera,
1248 700 1390 769 quod
1421 702 1586 758 etiam
1614 708 1962 778 commissam
1989 689 2095 775 sibi,

508 778 785 837 abbatiam
835 800 944 840 non
995 786 1263 846 dubitavit
1316 792 1655 865 relinquere,
1713 801 1978 872 nobisque
2022 805 2090 859 ad

505 874 862 932 ordinandam
911 880 1138 949 offerre,
1191 895 1377 943 noster
1421 904 1635 959 quoque
1683 896 1981 961 monachus
2026 910 2091 951 ac

498 967 786 1038 professus
823 984 1076 1030 existete.
1120 976 1254 1032 Cum
1292 981 1358 1057 ad
1391 996 1452 1036 ea
1480 998 1600 1053 qua:
1636 985 1827 1049 devote
1856 988 2094 1059 pustula-3

502 1057 600 1146 hat
630 1070 832 1117 nostrae
860 1064 1149 1123 voluntatis
1170 1056 1451 1128 assensum
1485 1075 1631 1130 nullo
1660 1088 1817 1146 pacto
1845 1056 2093 1135 cerneret

507 1144 792 1220 inclinari,
838 1167 1060 1226 rogatus
1096 1175 1122 1212 a
1156 1162 1316 1233 nobis
1343 1168 1618 1247 propriam
1651 1144 1966 1241 compulsus
2009 1180 2094 1253 est

2197 531 2530 601 obedientia,
2564 537 2805 608 quandiu
2836 539 3058 609 vixerit,
3109 543 3307 598 devote
3347 553 3693 614 permaneat,
3728 558 3782 603 α

2194 635 2257 681 ut
2286 628 2585 684 monachus
2622 616 2812 687 noste'r
2849 647 2914 689 ac
2952 632 3234 703 professus
3276 635 3347 689 ab
3374 636 3530 689 omni
3566 651 3803 719 consurg

2192 716 2410 785 gatione
2430 727 2645 795 ametur
2663 730 2721 776 et
2747 723 3064 801 excolatur-
3078 724 3215 780 Cum
3236 740 3367 781 vero
3387 726 3611 796 expleto
3630 726 3783 796 huius

2191 807 2319 863 vita:
2348 810 2626 867 curriculo
2655 813 2899 883 debitum
2930 816 3141 891 cunctis
3187 816 3515 871 mortalibus
3544 819 3786 874 exsolve-

2195 900 2263 956 τί·
2313 901 2495 968 linem,
2548 906 2876 963 tricenarius
2907 910 2960 964 in
3007 910 3108 965 hoc
3134 909 3252 981 loco
3287 925 3388 981 pro
3415 910 3511 968 illo
3542 912 3784 967 celebre-

2194 999 2303 1055 tur,
2350 990 2575 1069 ejusque
2621 997 3000 1077 anniversaria
3035 1000 3152 1063 dies
3186 1001 3470 1056 annuatim
3502 999 3786 1059 celebria

2192 1090 2404 1151 agatur.

511 1312 3775 1365 .._.___________________________________________

1352 1477 2035 1597 SANC'I‘I
2114 1486 2927 1627 ιιπαοιπιε

1742 1710 2546 1810 EXHORTATIO

1191 1896 1286 1962 Ad
1323 1900 1842 1969 sanctimoniales
1873 1903 2042 1984 apud
2074 1904 2529 1970 Marciniacum
2573 1908 2709 1980 Deo
2745 1908 3135 2001 servientes,

1592 2060 1933 2133 (Bibliotheca
1962 2064 2227 2130 Cluniac.,
2260 2081 2320 2146 p.’
2346 2064 2501 2136 49!.)

1969 2219 2359 2238 h—M

596 2376 934 2434 Dulcissimis
986 2379 1205 2453 filiabus
1256 2382 1647 2451 sororibusque
1696 2386 2088 2450 amantissimis
2119 2369 2164 2429 Β
2195 2405 2317 2447 esse
2350 2373 2705 2460 securaeised
2734 2393 2821 2452 die
2860 2402 3132 2465 noctuque
3154 2406 3445 2469 suspectae,
3478 2408 3532 2455 et
3569 2400 3644 2457 de
3669 2403 3792 2475 ani:

502 2467 687 2523 Iaculi
724 2484 919 2540 pompa
957 2473 1158 2544 exutis,
1199 2481 1253 2527 et
1284 2473 1594 2530 Marciniaci
1644 2476 1708 2529 ad
1746 2477 2004 2533 honorem
2037 2488 2091 2535 et

501 2558 718 2613 Iaudem
743 2573 946 2616 sanctae
966 2570 1021 2625 et
1049 2563 1336 2621 individua:
1358 2565 1641 2622 Trinitatis
1663 2569 1762 2624 sub
1790 2570 2091 2638 patrocinio

499 2646 560 2703 B.
580 2649 761 2706 Maria:
783 2666 996 2739 semper
1028 2653 1359 2725 \’irginis,et
1387 2669 1694 2715 sanctorum
1725 2662 2088 2739 apostolorum

498 2740 645 2798 Petri
674 2752 729 2798 et
755 2730 1299 2819 Pauli'congregatis,
1348 2749 1522 2805 frater
1560 2752 1710 2808 lluco
1748 2755 1916 2810 abbas
1950 2736 2090 2811 Clu-

497 2833 792 2902 niaccnsis,
844 2836 1107 2911 salutem,
1149 2840 1379 2908 gratiam
1431 2850 1485 2898 et
1542 2844 1976 2921 bsnetlictioluem
2033 2856 2090 2903 et

496 2937 641 2978 nunc
665 2933 718 2979 et
744 2924 797 2979 in
827 2922 1173 2997 perpetuum;
1560 2926 1563 2929 λ
1832 2920 1833 2923 “

569 3012 684 3068 Non
715 3014 876 3071 lateat
896 3057 909 3077 .
941 3033 973 3072 ο
1006 3017 1159 3082 filiae,
1202 3022 1613 3090 prtecordialem
1642 3024 1963 3081 charitatem
1992 3041 2088 3096 ve:

496 3115 691 3173 stram,
722 3107 849 3177 quia
874 3125 939 3164 ex
970 3125 1079 3179 quo
1114 3111 1265 3167 illum
1299 3113 1478 3169 locum
1510 3115 1699 3173 divina
1724 3127 2003 3187 praeeunte
2031 3126 2087 3174 et

496 3212 830 3267 cooperante
892 3201 1181 3272 clementia
1242 3202 1626 3275 fundavimus,
1683 3208 2087 3269 evidentissime

495 3290 598 3344 Dei
651 3291 1043 3362 omnipotentis
1094 3295 1536 3364 propitiationem
1586 3299 1846 3370 piumque
1904 3317 2087 3373 respe—

499 3390 649 3435 ctum
681 3381 754 3437 ibi
781 3385 971 3439 adesse
995 3386 1266 3441 sensimus
1302 3399 1358 3443 et
1384 3392 1595 3459 experti
1627 3407 1834 3458 sumus,
1866 3393 1959 3463 qui
1988 3409 2085 3449 sua

497 3473 673 3543 gratia
706 3474 885 3538 locum
918 3479 1094 3547 ipsum
1124 3488 1179 3533 et
1208 3480 1583 3555 spiritualibus
1611 3486 1884 3554 promovit
1912 3487 2087 3542 incre-

498 3565 721 3628 mentis,
762 3574 817 3621 et
844 3570 1226 3637 temporalibus
1250 3572 1525 3628 beneficiis
1554 3573 1947 3645 aliquantisper
1971 3591 2087 3630 am~

492 3653 708 3724 pliavit.
752 3654 885 3715 Cum
932 3659 1076 3714 enim
1125 3661 1377 3730 primitus
1421 3662 1556 3731 Deo,
1611 3666 1751 3721 sicut
1785 3666 2079 3732 credimus,

494 3746 811 3816 ordinante,
842 3764 1044 3819 paucas
1078 3751 1209 3806 inibi
1239 3755 1606 3823 posuissemus
1635 3771 1874 3824 sorores,
1898 3766 1952 3811 et
1982 3757 2088 3813 illa:

493 3822 785 3908 charitatis
808 3828 880 3895 ‘ac
912 3840 1192 3912 religionis
1238 3822 1454 3900 fervore
1499 3845 1863 3917 vitiorumque
1896 3850 2087 3903 morti—

494 3926 754 3985 ﬁcatione
802 3930 1004 4001 pollere
1061 3934 1394 4004 coepissent,
1446 3938 1715 4007 benignus
1779 3941 2086 3997 animarum

496 4018 727 4095 Greater
755 4031 811 4078 et
848 4008 1064 4079 amator
1101 4026 1233 4082 alias
1273 4029 1532 4097 paulatim
1565 4041 1726 4099 atque
1757 4032 1892 4089 alias
1919 4034 2089 4090 unde-

493 4124 711 4183 Cunque
756 4113 829 4169 ibi
863 4132 1182 4190 aggregare,
1215 4136 1492 4192 unumque
1524 4123 1664 4178 ovile
1692 4126 1998 4195 speciosum
2032 4136 2089 4184 et

491 4202 652 4268 quasi
719 4206 990 4273 quoddam
1040 4208 1390 4264 candidarum
1451 4211 1826 4288 columbarum
1888 4230 2085 4287 agmen

492 4292 806 4349 instaurare
865 4297 1118 4365 dignatus
1173 4310 1277 4356 est.
1330 4301 1570 4369 Quarum
1628 4304 1917 4361 nonnullas
1970 4308 2087 4379 jam

493 4382 568 4436 de
610 4385 1003 4461 tentati‘onibns
1048 4389 1207 4461 hujus
1242 4394 1425 4450 szcculi
1466 4396 1701 4464 glorioso
1740 4399 1844 4454 fine
1877 4400 2084 4469 eduxit,

493 4481 553 4527 et
596 4475 665 4528 ad
715 4474 887 4532 beatae
939 4484 1398 4541 remunerationis
1464 4488 1659 4554 gaudia
1710 4489 1973 4558 feliciter,
2029 4480 2088 4553 ut

490 4576 803 4633 speramus,
827 4567 1028 4622 evexit.
1060 4567 1357 4627 Nonnullas
1387 4588 1540 4642 vero,
1579 4592 1677 4632 vos
1705 4562 1939 4646 Scilicet,
1967 4596 2087 4651 quae,

491 4667 643 4708 nunc
673 4659 992 4727 superestis,
1016 4661 1216 4717 'adhuc
1248 4663 1540 4721 miseratus
1572 4677 1887 4740 exspectat,
1917 4671 2085 4728 donec

490 4757 612 4813 aute
637 4746 978 4816 complaceat
1004 4749 1326 4819 dignationi,
1357 4763 1414 4809 ut
1440 4756 1508 4811 ab
1534 4756 1696 4827 hujus
1726 4760 1901 4814 exsilii
1931 4764 2088 4817 m’s2-

488 4838 654 4893 rabili
687 4854 929 4897 aerumna
954 4844 1222 4914 propitius
1258 4862 1350 4909 vos
1393 4850 1611 4930 eripiat,
1657 4860 1711 4906 et
1755 4852 1823 4906 ad
1870 4852 2083 4909 illarum

489 4928 624 4986 felix
653 4934 915 5002 perducat
939 4938 1297 4993 consortium.
1324 4940 1404 4994 Ad
1430 4928 1524 4996 vos
1546 4941 1730 5013 igitur,
1760 4957 1793 4996 ο
1824 4942 1967 5021 filiae,
1995 4944 2085 5012 hic

487 5022 801 5091 specialiter
823 5035 1007 5094 noster
1028 5042 1211 5093 sermo
1243 5030 1511 5102 dirigitur,
1537 5047 1634 5101 per
1658 5047 1819 5103 quem
1845 5044 2081 5090 vestram
2117 5064 2161 5121 ι)

490 5122 722 5185 paterno
771 5116 967 5173 affectu
1011 5120 1424 5199 unanimitatem
1472 5126 1866 5193 convenimus,
1916 5128 2078 5183 obse-

491 5194 712 5260 crantes
749 5208 801 5262 in
849 5209 1111 5287 Domino,
1152 5221 1208 5268 et
1246 5198 1463 5284 propter
1494 5217 1815 5285 Dominum,
1863 5228 1923 5272 ut
1956 5218 2081 5275 illuc

490 5295 811 5364 suspiretis,
852 5301 979 5358 illuc
1015 5295 1184 5359 totam
1230 5306 1400 5371 animi
1447 5292 1802 5364 intentionem
1839 5310 2076 5365 transfe-

491 5384 651 5457 ratis,
675 5390 935 5459 quidquid
962 5394 1015 5449 in
1041 5397 1241 5453 saeculo
1262 5399 1523 5467 cernitur,
1559 5410 1815 5474 tanquam
1848 5404 2077 5460 nihilum

490 5487 551 5543 et
581 5477 775 5546 inane,
810 5491 865 5536 et
893 5487 1048 5555 quasi
1092 5488 1345 5545 nebulam
1393 5500 1867 5562 pertranseuntem
1913 5511 2075 5566 repu-

490 5574 628 5649 tate.
667 5568 735 5625 Et
762 5570 889 5665 quia
923 5588 1101 5665 neque
1136 5578 1279 5635 diem
1309 5596 1485 5665 neque
1512 5584 1724 5655 horam,
1747 5602 1852 5657 qua
1878 5587 1948 5642 ad
1980 5602 2077 5645 ve-

484 5666 660 5725 stram
703 5662 1050 5747 vocationem
1087 5662 1350 5749 Dominus
1392 5673 1604 5743 veniat,
1650 5674 1858 5745 nostis,
1910 5675 2081 5762 nolite

2193 2498 2405 2539 marum
2440 2494 2745 2541 vestrarum
2776 2486 2954 2542 salute
2998 2486 3231 2542 sollicite
3262 2500 3568 2560 praeparate
3616 2493 3787 2548 thalao

2190 2588 2309 2629 mos
2332 2574 2583 2630 cordium
2613 2586 2922 2632 vestrorum
2958 2578 3025 2633 ad
3064 2579 3351 2648 amplexus
3381 2584 3561 2652 sponsi
3596 2588 3785 2649 vestri.

2189 2652 2334 2719 illius
2370 2665 2580 2723 scilicet
2604 2668 2787 2740 magni
2850 2670 3031 2740 regis,
3080 2670 3171 2725 cui
3217 2670 3381 2727 (idem
3430 2677 3786 2743 promisistis,

2188 2770 2545 2828 procurantes
2587 2760 2854 2825 attentius
2907 2777 2978 2816 ne
3030 2761 3164 2847 quid
3221 2762 3279 2816 in
3336 2765 3491 2842 vobis
3544 2769 3788 2836 reperiat

2187 2847 2330 2915 quod
2373 2864 2483 2903 suae
2513 2849 2800 2919 displiceat
2832 2851 3130 2921 majestati.
3160 2851 3409 2924 Cogitate
3431 2854 3623 2924 itaque
3663 2858 3793 2927 quid

2188 2936 2424 3005 fecistis,
2461 2940 2760 3011 recogitate
2789 2941 2919 3011 quid
2943 2943 3201 3010 vovistis;
3231 2954 3306 3008 et,
3335 2946 3379 3000 si
3423 2945 3676 3016 aliquam
3713 2963 3791 3003 ve-

2185 3036 2355 3082 strum
2378 3029 2599 3099 propria
2630 3031 2906 3102 remordet
2936 3033 3277 3089 conscientia
3300 3035 3352 3089 in
3377 3034 3559 3105 aliquo
3592 3052 3786 3093 exces-

2186 3119 2349 3185 sisse,
2383 3120 2671 3190 cogitando
2707 3121 2981 3190 videlicet,
3015 3123 3306 3193 loquendo,
3351 3128 3661 3194 operando,
3697 3143 3787 3182 seu

2185 3210 2437 3267 fortassis
2469 3212 2710 3285 indebite
2754 3214 2935 3283 dando
2984 3225 3077 3270 aut
3120 3217 3462 3286 accipiendo,
3509 3218 3604 3273 vel
3646 3220 3787 3274 aliud

2186 3300 2511 3371 professioni
2551 3288 2747 3358 vestrae
2795 3306 3134 3360 contrarium
3184 3306 3427 3377 agendo,
3478 3308 3682 3364 redeat
3726 3308 3790 3365 ad

2187 3406 2302 3458 cor,
2347 3401 2598 3447 recurrat
2624 3393 2690 3447 ad
2728 3393 2956 3460 fontem,
2985 3411 3192 3466 suoque
3220 3397 3392 3467 priori
3424 3398 3547 3454 vim
3597 3409 3787 3456 nostra

2189 3497 2302 3537 rem
2340 3482 2620 3538 humiliter
2658 3484 2992 3551 manifestet,
3034 3496 3091 3541 et
3125 3490 3398 3543 veraciter
3427 3490 3781 3554 conﬁteatur.

2189 3572 2399 3643 sicque,
2435 3582 2697 3649 quantum
2747 3575 2984 3634 humana
3035 3578 3304 3648 permittit
3337 3579 3637 3651 fragilitas,
3669 3597 3785 3638 eum

2188 3659 2287 3739 Dei
2309 3661 2576 3731 adjutorio
2603 3662 2670 3717 de
2697 3650 2893 3719 etetero
2918 3665 2986 3719 ab
3013 3665 3319 3735 huiusmodi
3349 3650 3567 3725 caveat.
3597 3669 3768 3736 Quid-

2190 3753 2317 3824 quid
2366 3768 2498 3825 ergo
2549 3754 2701 3820 boni,
2751 3757 3016 3827 quidquid
3058 3758 3385 3824 cbaritatis,
3438 3760 3784 3826 humilitatis,

2188 3847 2486 3917 patientiae,
2552 3848 2918 3916 obedientiae,
2972 3860 3173 3906 sancta:
3223 3852 3689 3921 compunctionis,
3733 3862 3785 3907 et

2189 3941 2549 3997 confessionis
2574 3956 2736 4009 verte,
2760 3943 2844 3997 vel
2870 3944 3035 3997 etiam
3064 3944 3367 4015 corporalis
3388 3946 3669 4007 exercitii,
3693 3961 3782 4000 seu

2188 4041 2315 4088 ante
2346 4032 2437 4088 Dei
2468 4034 2637 4090 solius
2666 4033 2875 4099 oculos,
2910 4034 3025 4089 sive
3053 4034 3120 4088 ad
3147 4050 3247 4089 nos
3272 4035 3509 4090 invicem
3542 4037 3778 4107 egeritis,

2190 4130 2362 4178 totum
2391 4124 2544 4189 vobis
2573 4139 2641 4200 ex
2691 4132 2846 4195 parte
2884 4124 2978 4201 Dei
3034 4125 3370 4225 injungimus
3406 4126 3464 4198 in
3503 4127 3779 4182 reme

2188 4228 2312 4269 nem
2344 4224 2693 4285 peccatorum
2743 4223 3073 4273 vestrorum.
3107 4216 3176 4271 Et
3195 4216 3369 4272 'nunc
3422 4219 3554 4289 quia
3609 4228 3778 4273 vestra

2190 4311 2384 4357 sancta
2424 4304 2598 4372 poscit
2639 4303 2856 4359 devotio
2898 4314 2978 4370 ut,
3009 4306 3270 4373 quoniam
3300 4315 3359 4360 et
3403 4307 3581 4361 aetatis
3610 4307 3779 4377 grati-

2191 4399 2321 4457 tate,
2349 4404 2403 4447 et
2437 4393 2773 4449 infirmitatis
2818 4394 3195 4449 imbecillitate
3228 4396 3561 4467 impediente
3597 4411 3777 4467 corpo-

2188 4481 2357 4549 ralem
2406 4483 2754 4553 prmseutiam
2802 4493 3048 4544 nostram
3089 4484 3203 4554 jam
3253 4501 3356 4556 vos
3414 4487 3629 4542 visuras
3675 4501 3775 4541 non

2189 4579 2442 4653 Spei-atis,
2481 4576 2761 4651 tradamus
2787 4578 2945 4633 vobis
2966 4579 3188 4649 aliquod
3211 4580 3558 4646 memoriale,
3593 4581 3642 4635 in
3672 4593 3775 4650 quo

2187 4677 2245 4723 et
2284 4678 2520 4723 vestram
2550 4669 3011 4735 consolationem,
3056 4678 3113 4724 et
3148 4674 3352 4726 nosﬁae
3386 4672 3662 4727 memoriae
3686 4671 3773 4725 ba-

2126 4798 2129 4801 ν
2187 4761 2363 4816 beatis
2402 4762 2963 4833 reptmsentationem,
3002 4771 3244 4817 vestrum
3285 4764 3650 4833 approbantes
3688 4764 3775 4817 dc-

2188 4854 2468 4919 siderium,
2518 4870 2616 4924 per
2672 4866 2992 4924 praesentem
3038 4853 3325 4923 epistolam
3380 4856 3527 4924 quod
3584 4855 3773 4923 optatis

2188 4945 2498 5014 implemus,
2555 4946 2799 5001 volentes
2837 4956 2898 5001 ut
2948 4960 3114 5015 penes
3152 4961 3251 5002 vos
3298 4956 3639 5011 reservetur,
3680 4960 3772 4998 vo-

2186 5038 2379 5107 bisque
2407 5038 2459 5092 in
2486 5038 2727 5108 quinque
2744 5039 3031 5108 praecipuis
3055 5038 3446 5094 festivitatibus
3472 5039 3525 5093 in
3550 5036 3772 5107 capitulo

2188 5131 2470 5185 recitetur.
2519 5128 2760 5200 Supplex
2796 5145 2926 5201 ergo
2961 5141 3014 5183 et
3039 5131 3204 5185 corde
3234 5140 3543 5205 prostratus
3596 5128 3773 5183 Domi-

2189 5239 2317 5277 num
2356 5204 2811 5292 omnipotentem,
2841 5222 3058 5277 Patrem
3089 5233 3145 5278 et
3175 5222 3373 5278 Filium
3420 5232 3475 5277 et
3521 5221 3771 5293 Spiritum

2188 5311 2247 5367 S.
2292 5313 2504 5375 invoco,
2536 5324 2595 5367 ut
2622 5312 2831 5368 meritis
2875 5320 2930 5368 et
2952 5312 3206 5381 precibus
3227 5312 3403 5369 beatae
3432 5312 3608 5366 Maria
3632 5325 3769 5365 sem-

2187 5418 2286 5473 per
2314 5403 2554 5475 Yirginis
2576 5446 2590 5470 ,
2624 5412 2680 5458 et
2709 5402 2810 5457 SS.
2841 5403 3207 5473 apostolorum
3245 5402 3391 5457 Petri
3438 5414 3492 5457 et
3521 5402 3687 5467 Pauli,
3716 5408 3769 5453 et

2190 5493 2247 5548 S.
2280 5492 2583 5558 Benidicti,-
2601 5493 2956 5564 omniumque
2993 5492 3097 5548 SS.
3138 5506 3236 5547 vos
3270 5490 3578 5556 benedicat,
3616 5498 3675 5544 et
3700 5489 3767 5543 ab

2191 5585 2447 5642 omnibus
2479 5586 2720 5656 peccatis
2767 5599 3109 5657 quacunque
3160 5584 3217 5639 in
3247 5585 3431 5639 anima
3466 5591 3516 5636 et
3546 5593 3765 5649 corpore

2188 5678 2541 5757 commisistis
2573 5677 2839 5756 absolvat,
2872 5678 2924 5733 in
2946 5686 3136 5733 sancta
3166 5677 3453 5733 confirmet
3462 5673 3761 5751 proposito,
