3928 6298
129 353 245 412 ΜΩ

1471 346 2075 408 COMMONITORIUM.

3296 326 3421 409 ea.

132 476 191 521 et
214 464 282 521 ad
302 462 523 528 beatum
549 458 711 516 finem
739 457 991 523 deducat,
1019 457 1108 514 ubi
1140 459 1417 531 recipiatis
1454 461 1521 517 de
1553 475 1713 516 manu
1744 466 1791 524 Α
1823 462 2023 514 tionem
2068 458 2221 515 vobis
2249 458 2433 529 largiri
2480 458 2746 530 dignetur.
2777 455 2969 510 Amen.
3009 450 3212 507 Omnes
3238 452 3403 507 etiam

134 554 305 625 ipsius
350 553 496 622 quod
546 549 740 605 oculus
781 564 888 602 non
943 549 1231 613 vidit,-nec
1286 552 1437 607 auris
1486 549 1718 617 audivit,

134 663 240 702 nec
272 647 323 700 in
354 659 451 699 cor
481 642 715 697 hominis
750 642 1028 709 ascendit,
1056 657 1178 712 qua:
1224 643 1545 713 pra-paravit
1578 643 1720 696 Deus

133 734 486 807 diligentibus
537 748 617 789 se.
667 732 774 788 Sed
805 742 860 788 et
908 734 1011 787 hoc
1049 733 1293 803 ejusdem
1344 735 1435 789 Dei
1487 733 1722 803 petimus

134 825 482 881 clementiam
526 832 585 876 ut
632 824 847 892 quoties
895 822 1009 876 haec
1046 822 1203 877 vobis
1247 822 1567 876 recitabitur
1603 820 1717 889 epi-

134 915 277 971 stola
299 913 669 985 plenissimam
710 912 1103 968 benedictionis
1130 914 1382 983 gratiam,
1415 921 1471 967 et
1502 912 1720 966 absoluo

133 1065 2437 1103 ᾗ

1822 554 1913 621 qui
1930 567 2022 606 vos
2041 551 2337 605 secundmu
2355 550 2637 604 Dominum
2666 546 2979 609 dilexerint,
3002 554 3054 599 et
3076 542 3403 611 adjuvet-int,

1814 650 2173 711 Vestramque
2223 640 2655 694 sustentaverint
2708 635 3151 697 teneritudinem,
3192 631 3425 698 adjuvet,

1823 731 1879 799 ip
1911 747 1963 795 c,
1994 739 2048 784 et
2068 746 2161 783 sua
2194 731 2365 796 gratia
2402 730 2595 798 dignos
2615 728 2831 782 eﬂiciat.
2859 728 3055 784 Amen.
3088 722 3207 779 Jam
3234 734 3405 788 nunc,

1823 835 2030 890 qu;eso,
2060 833 2093 873 ο
2126 818 2267 882 filiae,
2300 826 2625 873 mementote
2650 817 2757 873 mei
2790 816 3109 887 peccatoris,
3138 822 3192 868 et
3218 812 3323 877 hic,
3350 816 3405 866 et

1824 918 1951 965 ante
1977 909 2283 963 Dominum.
2308 909 2500 961 Amen.

2426 1057 3407 1094 =_——-—_—___.—=u==n~

987 1221 1675 1341 SANC'I‘I
1746 1218 2546 1336 EUGONIS

1259 1446 2322 1542 COMMONITORIUM

695 1646 791 1723 Ad
819 1659 1225 1717 successores
1260 1658 1413 1707 suos
1452 1657 1567 1724 pro
1599 1638 2196 1705 sanctimonialibus
2231 1638 2877 1709 Marciuiacensibus.

1702 1801 1899 1872 (ιὺίά.)

212 2103 461 2174 Quamliu
509 2102 881 2157 misericordia
931 2100 1135 2156 Christi
1179 2098 1455 2162 annuerit,
1498 2106 1559 2151 ut
1601 2095 1720 2174 ejus
1755 2076 1797 2133 Β
1827 2101 1886 2147 ut
1905 2094 2242 2162 praemissum
2272 2092 2507 2158 est,viri
2533 2106 2847 2163 peccatores
2871 2094 3431 2165 fuerantconsecuti,_

138 2196 485 2275 obsequium,
519 2194 706 2264 religio
738 2201 793 2248 et
823 2192 1102 2263 disciplina
1131 2190 1397 2262 regularis
1426 2190 1478 2244 in
1502 2188 1722 2245 confes-

138 2288 299 2341 sione
345 2284 446 2340 SS.
496 2287 565 2341 sit
615 2286 1006 2357 apostolorum,
1033 2293 1090 2339 et
1135 2286 1189 2339 in
1240 2282 1571 2339 monasterio
1601 2279 1730 2335 Clu-

140 2382 326 2443 niaeo,
354 2379 421 2432 ad
450 2394 640 2433 omnes
671 2379 761 2447 qui
788 2378 1027 2449 ejusdem
1059 2377 1157 2433 loci
1183 2387 1425 2432 rectores
1457 2385 1511 2431 et
1534 2376 1729 2446 guber-

138 2480 366 2524 eztores
386 2484 507 2523 esse
534 2470 853 2532 meruerint,
899 2469 1160 2536 scriptum
1188 2477 1270 2521 est
1297 2467 1403 2521 hoc
1430 2463 1728 2525 commerui.

140 2562 347 2614 torium
386 2560 565 2615 domui
607 2559 848 2629 llugonis
887 2559 1124 2621 abbatis,
1163 2558 1305 2627 quod
1340 2556 1454 2625 ipse
1507 2556 1726 2625 quidem

135 2662 389 2709 extrema
419 2669 513 2707 sua
557 2652 782 2707 omnino
820 2651 1150 2720 suspicatus,
1192 2650 1268 2703 ita
1321 2649 1437 2703 fieri
1486 2650 1721 2703 fratrum

138 2745 489 2800 collaudante
521 2743 777 2814 suffragio
807 2744 1048 2799 decrevit
1074 2753 1128 2797 et
1162 2743 1419 2798 instituit.

210 2838 267 2893 Ο
295 2838 521 2899 domini,
570 2852 602 2891 ο
632 2836 844 2904 Patres,
875 2853 1013 2908 quos
1050 2837 1311 2892 Dominus
1340 2837 1429 2892 ille
1468 2835 1739 2901 cmlcstis,

138 2942 192 2989 et
214 2930 461 2985 cmlestis
482 2929 642 2985 Pater
669 2930 831 3001 elegit
859 2942 911 2985 et
936 2930 1209 3001 promovit
1239 2939 1296 2983 ut
1322 2946 1540 3001 gregem
1575 2946 1729 2983 suum

140 3036 375 3091 pascere
398 3022 667 3085 debeatis,
692 3022 1117 3076 misericorditer
1133 3036 1336 3092 quceso.
1366 3030 1419 3073 et
1450 3020 1735 3090 diligenter

142 3112 338 3168 amiitc
374 3114 516 3183 quod
544 3113 597 3168 in
635 3114 753 3168 istis
786 3114 981 3168 litteris
1009 3113 1422 3168 commendatur
1448 3113 1653 3168 notitiae
1681 3118 1737 3166 et

142 3204 430 3259 memoria:
460 3213 677 3267 vestrm,
706 3213 764 3256 ut
797 3206 849 3257 in
891 3205 1149 3257 memoria
1188 3213 1392 3258 aeterna
1424 3219 1545 3257 cum
1574 3202 1736 3271 justis

144 3293 491 3358 tnercamini,
520 3302 576 3347 et
634 3294 686 3347 in
744 3293 834 3347 illo
880 3293 965 3347 dic
1001 3293 1069 3345 ab
1115 3293 1389 3347 auditione
1441 3294 1581 3347 mala
1628 3308 1734 3348 non

146 3389 369 3440 timere.
402 3384 662 3452 Quamvis
715 3384 858 3438 enim
919 3398 1021 3436 non
1078 3382 1427 3438 mediocriter
1482 3392 1735 3453 peccator

148 3477 372 3535 fuerim,
406 3486 460 3529 et
488 3476 741 3546 indignus
766 3483 823 3527 ut
849 3474 929 3529 vel
962 3474 1133 3529 solum
1164 3474 1452 3544 parvitatis
1482 3488 1616 3529 mete
1644 3488 1738 3528 vo-

146 3567 404 3621 cabulum
456 3568 508 3621 in
560 3568 831 3621 audientia
884 3577 1059 3623 vestra
1110 3567 1398 3633 recitctur,
1429 3574 1610 3621 tamen
1669 3567 1736 3623 de

147 3658 408 3727 opinione
458 3658 682 3726 pietatis
731 3669 922 3713 vestrae
973 3658 1321 3729 prmsumpsi,
1371 3666 1433 3713 ut
1480 3660 1742 3719 auderem.

149 3751 415 3805 mandare
457 3751 611 3805 vobis
647 3760 700 3804 et
747 3751 1007 3814 scribere,
1050 3748 1199 3819 quod
1231 3758 1287 3806 et
1326 3750 1479 3805 vobis
1510 3751 1619 3805 Deo
1645 3764 1740 3803 vo.

150 3843 302 3898 lente
331 3858 437 3896 non
460 3843 566 3895 erit
607 3842 815 3905 inutile,
844 3842 887 3896 si
925 3842 1037 3911 ipse
1070 3841 1281 3896 dederit
1306 3848 1366 3896 ut
1400 3841 1608 3911 loquela
1640 3841 1738 3895 liu-

149 3933 405 3988 militatis
432 3949 563 3988 mere
586 3934 768 3987 brevis
793 3944 847 3986 ct
873 3934 1081 3987 modica
1106 3932 1477 4002 dignationem
1502 3942 1737 3992 vestram

147 4032 452 4087 mereatur.
489 4024 655 4094 Igitur
688 4039 1025 4093 quanquam,
1054 4032 1113 4077 ut
1142 4025 1482 4094 prtemissum
1512 4034 1615 4091 est,
1660 4026 1741 4079 in-

150 4116 354 4184 dignus
385 4113 599 4174 fuerim,
637 4125 823 4168 etnon
863 4113 1006 4167 aliud
1040 4130 1203 4184 (luam
1230 4131 1447 4169 omnem
1484 4115 1740 4171 extremi-

150 4218 325 4262 tatem
370 4205 710 4267 merucrim,‘
739 4216 919 4260 tamen
954 4207 1099 4262 Deus
1129 4216 1224 4263 aut
1257 4208 1444 4272 voluit,
1485 4218 1578 4261 aut
1620 4222 1744 4276 per-

150 4301 309 4365 misit
358 4308 417 4353 ut
469 4316 664 4353 nomen
712 4307 766 4354 et
828 4298 1061 4351 offici-un
1121 4298 1333 4369 praelati
1391 4306 1535 4353 esset
1580 4313 1773 4368 super,

151 4389 436 4445 hominem
468 4389 797 4455 huiusmodi.
850 4388 914 4442 Et
959 4388 1046 4443 ille
1074 4389 1164 4457 qui
1202 4388 1252 4443 in
1298 4390 1442 4444 hunc
1483 4389 1741 4443 mundum

150 4481 311 4535 venit
340 4481 510 4551 magis
538 4495 636 4550 pro
660 4482 1040 4550 peccatoribus
1067 4496 1227 4550 quam
1256 4496 1355 4551 pro
1373 4480 1555 4551 justis,
1584 4481 1743 4536 modo

151 4584 375 4637 quoque
400 4571 708 4625 miriticavit
735 4571 1164 4626 misericordiam
1193 4587 1369 4633 suam,
1388 4581 1446 4627 ut
1475 4574 1526 4626 in
1553 4573 1744 4628 diebus

155 4659 369 4712 nostris
407 4668 722 4727 peccatores
750 4661 854 4725 sui,
884 4662 1075 4730 suique
1111 4662 1438 4731 pmniteutes
1468 4661 1535 4716 de
1582 4662 1745 4715 tantis

150 4761 208 4803 et
252 4759 362 4803 tam
396 4751 626 4806 diversis
678 4752 993 4820 regionibus
1036 4753 1103 4806 ad
1130 4753 1437 4809 cmnobium
1476 4750 1576 4806 SS.
1616 4765 1743 4821 apo-

159 4842 431 4897 SIolorum
476 4845 832 4907 confluerent,
881 4845 1108 4913 ipsaque
1158 4844 1397 4899 Ecclesia
1440 4845 1742 4912 apostolico

153 4932 366 4986 nomini
395 4942 448 4986 et
481 4933 670 4987 honori
712 4934 763 4986 in
807 4934 1029 4988 Christo
1075 4934 1252 4987 dicata
1298 4933 1594 4987 crescendo
1620 4949 1743 5003 pro-

154 5023 438 5087 ceSSisset,
476 5034 531 5078 et
564 5024 792 5078 fratrum
826 5024 1191 5090 multitudine,
1233 5033 1288 5079 et
1317 5040 1497 5079 rerum
1540 5034 1745 5093 tempe-

156 5116 361 5169 ratium
378 5118 733 5185 compendiis.
769 5116 874 5171 Sed
899 5117 967 5184 si,
991 5125 1048 5170 ut
1069 5116 1271 5171 dictum
1296 5126 1402 5182 est,
1427 5125 1744 5187 peccatores

157 5224 272 5281 non
302 5208 476 5263 solum
521 5209 662 5278 apud
696 5224 813 5274 nos,
846 5211 941 5265 sed
974 5210 1142 5264 etiam
1172 5210 1227 5264 in
1266 5210 1388 5264 aliis
1429 5210 1564 5265 locis
1594 5210 1747 5265 inve-

156 5300 323 5354 niunt
392 5315 499 5369 quo
564 5300 632 5353 ad
690 5300 979 5356 salvandas
1023 5301 1233 5357 animas
1280 5316 1409 5356 suas
1453 5302 1747 5372 confugere

158 5399 485 5457 potuerunt,
535 5392 808 5449 infirmior
837 5408 1025 5457 sexus,
1048 5403 1103 5449 et
1148 5393 1193 5447 si
1237 5410 1340 5465 qua
1390 5395 1588 5450 femina
1634 5397 1745 5451 vita

161 5483 415 5539 swculari
461 5485 841 5543 abrenuntiata
886 5486 1002 5543 Deo
1028 5486 1238 5544 servire
1268 5488 1458 5553 voluit,
1499 5503 1609 5544 non
1641 5488 1747 5553 sibi

162 5586 530 5646 opportunum
559 5580 738 5637 locum
780 5583 847 5638 ad
878 5583 987 5639 hoc
1030 5582 1189 5639 facile
1221 5583 1523 5639 inveniunt.
1556 5583 1745 5639 Visum

158 5678 250 5723 est
306 5670 461 5725 nobis
502 5671 611 5728 Deo
649 5689 755 5729 non
807 5674 1118 5743 displicere,
1174 5674 1283 5730 imo
1331 5674 1446 5744 ejus
1482 5672 1746 5730 voluntati

163 5760 411 5827 obedire,
438 5762 482 5817 si
538 5764 998 5843 Opportunitatem
1057 5763 1508 5833 sibi'serviendi,
1559 5779 1745 5840 quam,

1830 2183 2043 2236 feminae
2071 2197 2285 2253 quoque
2331 2186 2664 2254 peccatrices
2706 2186 2823 2255 ipso
2850 2196 3072 2241 auctore
3118 2203 3214 2257 per
3245 2204 3415 2258 opera

1830 2275 2221 2333 mediocritatis
2253 2285 2449 2331 nostra:
2488 2288 2979 2346 consequerentur,
3028 2279 3237 2348 illisque
3287 2293 3411 2347 spe-2

1830 2367 2041 2422 cialiter
2063 2368 2427 2439 delegavimus
2454 2367 2627 2423 locum
2651 2370 2797 2423 illum
2823 2369 3230 2433 Marciniacmn,
3252 2385 3411 2439 quem

1831 2458 1886 2517 in
1918 2460 2120 2513 honore
2150 2469 2352 2514 sancta:
2385 2468 2443 2513 et
2490 2459 2781 2514 individua:
2805 2460 3089 2515 Trinitatis
3125 2459 3416 2516 fundaules

1831 2550 2241 2612 :edificavimus,
2281 2566 2386 2604 non
2419 2550 2485 2604 de
2522 2551 2723 2604 nostris
2752 2550 3078 2619 sumptibus,
3103 2566 3205 2606 nec
3228 2552 3292 2605 de
3317 2567 3417 2604 uo-

1833 2642 1962 2697 stris
1993 2640 2337 2695 facultatibus
2353 2641 2443 2710 qui
2463 2642 2665 2697 Christi
2690 2658 2954 2712 pauperes
2977 2643 3109 2697 nihil
3137 2643 3431 2713 proprium.

1835 2733 2148 2799 habuimus,
2180 2734 2275 2787 sed
2307 2734 2381 2811 de,
2400 2734 2501 2787 hoc
2531 2742 2745 2811 tantum
2775 2736 2916 2803 quod
2947 2736 3116 2805 ipsius
3147 2736 3418 2806 largiludo

1835 2827 2050 2895 dignata
2101 2830 2181 2881 est
2234 2826 2525 2895 impertiri.
2560 2826 2626 2880 Et
2657 2842 2802 2880 nunc
2831 2827 2956 2894 quia
2997 2827 3048 2879 in
3081 2828 3181 2881 hoc
3217 2828 3418 2881 mundo

1838 2931 1900 2971 ca
1925 2926 2007 2972 est
2038 2917 2280 2973 omnium
2312 2917 2633 2972 vicissitudo
2654 2925 2712 2970 nt
2754 2916 2969 2987 quidam
3000 2917 3276 2972 hominum
3311 2918 3424 2972 sint

1838 3020 2144 3075 nascentes,
2195 3011 2412 3080 quidam
2460 3011 2723 3075 viventes,
2758 3011 2975 3080 quidam
3031 3011 3081 3064 in
3132 3010 3417 3079 sepulcris,

1837 3101 2131 3155 secundum
2150 3102 2293 3170 quod
2308 3117 2461 3156 saera
2489 3101 2769 3171 Scriptura
2790 3100 3046 3171 loquitur,
3063 3103 3416 3158 dormientes.

1836 3193 1959 3263 Ego.
1980 3208 2107 3247 vero
2150 3201 2412 3262 quantum
2452 3192 2685 3251 videtur.
2719 3191 3024 3247 nativitatis
3047 3201 3103 3246 et
3132 3194 3259 3247 vita:
3287 3201 3437 3247 lena»-

1835 3299 1965 3354 pora
1994 3284 2108 3354 jam
2152 3284 2354 3353 peregi,
2390 3292 2441 3338 et
2488 3284 2553 3337 ad
2599 3283 2841 3337 ultimam
2871 3296 3071 3339 sortem
3100 3285 3310 3350 deveni,
3352 3285 3420 3338 ad

1843 3376 2012 3439 illam,
2066 3376 2311 3444 inquam,
2368 3385 2605 3438 sortem,
2664 3391 2826 3444 quam
2880 3376 3057 3431 nullus
3108 3377 3431 3431 mortalium

1842 3465 2243 3535 quantumlibet
2294 3464 2369 3518 sit
2423 3478 2609 3528 sanus,
2657 3466 3054 3533 quantmnlibet
3091 3466 3160 3521 sit
3206 3476 3422 3539 potens,

1839 3558 2072 3612 evadere
2098 3566 2298 3625 potest.
2356 3553 2423 3609 Et
2450 3555 2518 3611 de
2543 3564 2743 3610 czelero
2768 3555 2813 3609 si
2855 3571 2975 3625 qua:
2996 3556 3198 3611 Christi
3224 3573 3441 3628 paupeq-

1840 3663 1929 3707 res
1959 3648 2165 3703 ibidem
2189 3648 2256 3701 de
2282 3662 2385 3717 qua
2433 3647 2611 3717 agitur
2639 3646 2856 3702 fuerunt
2881 3659 3244 3719 congregatae,
3270 3651 3426 3719 quid.

1842 3740 1969 3810 quid
1998 3740 2078 3793 eis
2103 3739 2370 3801 evenerit,
2394 3752 2731 3808 quaecunque
2758 3741 3058 3794 necessitas
3109 3743 3427 3811 temporalis

1839 3833 1931 3886 eis.
1958 3829 2286 3894 incubuerit,
2334 3843 2437 3881 non
2480 3838 2821 3897 eXSpcctant,
2847 3838 2907 3883 ut
2946 3828 3047 3883 sibi
3085 3829 3199 3898 jam
3246 3833 3435 3889 veniat

1840 3926 2089 3981 solatium
2118 3926 2446 3983 visitationis
2475 3937 2695 3992 nostrre,
2726 3926 2810 3981 vel
2836 3927 3124 3983 libertatis.
3151 3928 3424 3996 Quantum

1842 4019 1895 4072 in
1929 4035 2013 4074 me
2044 4034 2165 4074 esse
2213 4020 2408 4089 potuit,
2456 4029 2681 4089 paterna
2730 4018 3059 4085 sollicitudo,
3106 4028 3161 4074 et
3193 4021 3426 4079 benevo-

1843 4110 2006 4165 lentia
2062 4122 2283 4181 paterna
2336 4114 2416 4169 eis
2464 4128 2568 4167 non
2601 4113 2789 4166 defuit.
2843 4113 2997 4168 Nunc
3027 4123 3232 4178 autem,
3272 4112 3425 4182 juxta

1842 4202 1971 4256 illud
1999 4205 2272 4278 propheta:
2298 4204 2550 4259 .lcremize
2585 4222 2596 4257 :
2631 4204 2851 4274 Pupilla:
2880 4203 3034 4260 facta:
3066 4214 3193 4259 sunt
3222 4204 3429 4272 absque

1842 4304 2016 4363 patre,
2054 4296 2158 4348 nisi
2208 4295 2382 4357 vobis,
2431 4296 2643 4351 domini,
2688 4298 2816 4359 mei,
2855 4313 2993 4367 quos
3047 4298 3135 4352 hic
3190 4298 3427 4369 appello,

1846 4385 1989 4441 Dens
2022 4387 2369 4456 inspiraverit
2406 4403 2507 4458 pro
2543 4390 2711 4459 ipsius
2734 4406 2941 4453 amore,
2971 4389 3157 4445 vicarii
3192 4404 3313 4445 esse
3342 4390 3426 4444 di-

1845 4476 2080 4549 gnemini
2135 4476 2307 4545 patris
2355 4486 2410 4531 et
2454 4480 2821 4547 procuratoris
2863 4480 3070 4535 amissi.
3115 4480 3257 4551 Ergo
3307 4480 3431 4549 qui-

1845 4583 2061 4639 cunqne
2092 4572 2245 4635 estis,
2275 4573 2365 4641 qui
2394 4572 2613 4626 nomine
2651 4580 2705 4626 et
2735 4570 2912 4628 cilicio
2944 4572 3071 4626 mihi
3104 4572 3424 4637 succeditis,

1846 4671 2041 4716 vestra:
2070 4662 2456 4718 misericordia:
2486 4663 2658 4717 vicem
2694 4671 2933 4718 nostram
2958 4663 3306 4728 commendo,
3338 4676 3432 4717 ve-

1847 4760 1971 4806 strm
2013 4753 2401 4807 misericordia:
2431 4768 2527 4821 pro
2565 4753 2682 4806 vice
2718 4762 2909 4806 nostra
2953 4753 3219 4823 supplico,
3257 4762 3317 4807 ut
3365 4753 3432 4807 de

1850 4843 2079 4914 praelato
2130 4843 2248 4899 loco
2285 4843 2427 4912 quod
2461 4858 2560 4913 ego
2590 4859 2686 4911 pro
2713 4859 2872 4912 posse
2900 4854 3087 4900 nostro
3113 4844 3359 4907 facerem
3380 4846 3428 4902 si

1850 4948 2211 5002 superessem,
2241 4948 2335 4987 vos
2382 4934 2540 4987 modo
2568 4933 2802 4999 faciatis,
2836 4936 2925 5005 qui
2973 4935 3154 4991 facere
3178 4937 3425 5006 potestis.

1848 5025 2087 5089 Placeat,
2121 5039 2330 5095 qnzeso,
2357 5025 2673 5080 beatitudini
2700 5036 2913 5091 vestrae,
2931 5036 2990 5081 ut
3010 5027 3151 5096 quod
3175 5027 3428 5087 Christh

1849 5118 2017 5173 voluit
2051 5134 2145 5187 per
2172 5128 2513 5188 peccatorem
2546 5134 2701 5173 suum
2749 5118 2933 5188 a‘liquo
2975 5119 3135 5174 modo
3166 5119 3428 5191 plantari,

1850 5229 1947 5285 per
1997 5214 2394 5269 successionem
2445 5223 2682 5268 vestram
2726 5214 2926 5269 debeat
2955 5213 3143 5285 rigari,
3183 5222 3244 5268 ut
3289 5212 3431 5269 Deus

1852 5318 2069 5375 quoque
2122 5304 2516 5359 incrementum
2571 5304 2797 5371 tribuat,
2843 5314 2897 5360 et
2930 5304 3087 5361 vobis
3134 5305 3316 5362 valeat
3360 5303 3432 5359 ad
3472 5352 3473 5355 η

1853 5397 2411 5463 recompensationein
2462 5396 2658 5451 salutis
2705 5406 2946 5453 :eternaz.
3006 5397 3193 5452 Primo
3244 5399 3315 5453 sit
3364 5412 3430 5451 ea

1853 5501 2015 5543 causa
2038 5487 2368 5558 principalis,
2383 5504 2545 5557 quam
2557 5498 2610 5545 et
2635 5488 2748 5560 ipse
2774 5488 3035 5547 Dominus
3057 5490 3109 5545 in
3141 5487 3432 5560 Evangelio

1852 5579 2119 5651 praecipue
2146 5578 2494 5635 commendat
2529 5580 2595 5636 de
2627 5595 2795 5648 regno
2827 5579 2923 5638 Dei
2947 5591 3004 5638 et
3039 5581 3251 5653 justiti:
3286 5579 3428 5648 ejus,

1856 5681 1913 5725 ut
1959 5686 2079 5742 quae
2128 5670 2270 5726 ultro
2315 5670 2502 5742 jugum
2554 5671 2758 5729 Christi
2811 5681 3189 5746 susceperunt,
3237 5684 3428 5726 earum

1853 5777 2070 5842 quoque
2099 5762 2210 5817 vita
2240 5762 2314 5817 sit
2340 5761 2614 5835 religiosa,
2663 5764 2734 5820 sit
2760 5765 3028 5829 ordinata,
3061 5772 3115 5818 et
3150 5776 3431 5831 nunquam
