3928 6298
547 304 654 370 93f

1644 310 1702 367 S.
1743 309 2049 368 [11:60le
2087 310 2380 366 ABBATIS
2416 308 2734 380 CLUNIAC.
3669 319 3748 378 ιω

547 397 760 496 ’ςιὶιειιιιε
803 439 866 482 ea
910 424 1214 496 disciplina,
1261 438 1382 496 quas
1425 438 1530 480 non
1562 423 1733 480 solum
1767 423 2003 489 feminis,
2035 423 2128 478 sed
2158 429 2208 490 Α
2237 423 2493 478 Ecclesia:
2529 432 2750 488 nostrae,
2781 428 2990 478 etcum
3017 429 3146 480 voto
3181 430 3238 478 et
3263 438 3534 482 consensu
3559 409 3750 488 omnia:

455 551 470 560 ρ
553 519 724 572 etiam
747 517 878 573 viris
909 518 1135 572 multum
1169 525 1254 573 est
1278 516 1608 572 necessaria.
1635 516 1702 570 Et
1723 515 1870 571 locus
1894 530 1956 569 ea
1985 530 2129 570 scm-

555 623 658 680 per
704 617 1024 678 permaneat
1071 608 1383 664 conditione
1428 622 1536 680 qua
1574 595 1673 664 nos
1703 622 1826 662 eum
1857 605 2133 662 inchoavi-

552 715 700 766 mus,
723 707 780 755 et
806 701 1098 765 tenuimus,
1127 709 1184 755 ut
1227 701 1280 756 in
1318 701 1436 771 ipso
1475 713 1750 769 nunquam
1787 699 1854 752 ad
1887 697 2130 752 habitum

553 790 866 846 sanctitatis
906 791 1128 859 puerilis
1173 799 1304 844 aetas
1333 789 1647 859 recipiatur,
1697 803 1798 842 nec
1837 787 1940 842 alia
1967 801 2129 856 quam

550 880 608 938 in
641 896 742 949 qua
769 883 938 949 possit
960 881 1174 950 probari
1204 881 1428 949 spiritus
1453 879 1498 936 si
1527 895 1594 936 ex
1619 879 1729 934 Deo
1751 879 1840 946 sit,
1873 886 1927 932 et
1954 878 1996 932 si
2022 891 2128 932 non

550 973 714 1034 ultra,
751 982 930 1024 tamen
975 973 1220 1036 omnino,
1262 971 1346 1026 vel
1389 986 1564 1041 usque
1607 970 1671 1022 ad
1699 985 1768 1022 xx
1795 983 1990 1022 annum
2015 966 2128 1035 jam

523 1061 885 1132 .pervenerit.
912 1060 1064 1127 Quod
1097 1063 1139 1114 si
1169 1076 1275 1130 qua
1306 1069 1390 1115 est
1411 1061 1586 1114 :etatis
1609 1058 1925 1118 laseivioris,
1951 1056 2130 1110 ethoc

549 1152 620 1206 ad
665 1161 873 1206 certum
906 1150 1069 1205 fuerit
1119 1161 1474 1221 compertum,
1527 1165 1598 1207 ne,
1631 1149 1757 1203 huic
1803 1147 2127 1210 feminarum

548 1239 779 1310 collegio
809 1241 1002 1294 debeat
1026 1241 1344 1306 coadunari,
1387 1255 1454 1296 ex
1487 1247 1643 1315 parte
1668 1238 1760 1292 Dei
1789 1237 2129 1310 omnipoten-
2183 1303 2188 1308 η

547 1329 642 1395 tis,
673 1345 741 1385 ex
787 1339 944 1400 parte
982 1330 1331 1396 beatissimte,
1366 1339 1421 1386 et
1448 1331 1782 1386 intemerata:
1805 1329 2047 1400 Virginis
2074 1337 2128 1383 et

548 1421 646 1482 Dei
677 1423 954 1492 genitricis
981 1423 1185 1486 Mariae,
1236 1433 1290 1477 et
1335 1437 1398 1476 ex
1442 1431 1594 1492 parte
1617 1421 1718 1480 SS.
1751 1422 2120 1492 apostolorum

548 1509 698 1566 Petri
725 1521 780 1568 et
809 1511 984 1576 Pauli,
1013 1511 1457 1577 contradicimus,
1487 1512 1888 1578 interdicimus,
1917 1510 1972 1563 et
1997 1525 2128 1562 ana-

548 1605 989 1662 thematizamus.
1035 1605 1103 1660 Et
1143 1605 1246 1664 hoc
1273 1605 1548 1661 decretum
1576 1616 1628 1660 et
1677 1611 2034 1679 przeceptum,
2069 1612 2130 1657 ut

548 1708 616 1749 eo
651 1693 908 1763 majorem
949 1694 1366 1750 aestimationem
1405 1702 1462 1749 et
1486 1679 1834 1748 stabilitatem
1862 1692 2126 1755 obtineat,

547 1787 953 1852 confirmamus,
993 1787 1409 1844 corroboramus
1443 1801 1565 1840 cum
1593 1784 1918 1840 auctoritate
1963 1781 2126 1837 totius
2157 1777 2201 1836 Β

2205 509 2466 586 'fra'trum
2515 519 2849 578 nostrorum,
2891 517 2948 566 et
2997 511 3062 566 in’
3097 510 3314 568 Christo
3355 516 3776 578 commilitonum.‘

2231 601 2359 670 Jesu
2387 603 2552 668 bone,
2594 601 2720 660 Jesu
2759 601 3203 670 clementissime,
3233 603 3326 673 qui
3384 603 3600 660 nariam
3643 607 3752 664 illa

2231 694 2595 762 peccatricem
2638 700 2764 762 post
2792 691 2983 746 sordes
3012 699 3068 746 et
3112 691 3522 762 inquinamenta
3559 675 3768 766 corporis!

2233 789 2307 844 ita
2328 786 2629 850 honorasti,
2652 786 2726 842 ita
2751 784 3092 856 glorificasti,
3123 795 3182 838 ut
3205 785 3259 838 in
3291 786 3664 840 resurrectione
3687 771 3774 842 tua

2231 882 2348 951 ipsa
2378 878 2743 948 apostolorum
2769 876 3016 946 apostola
3045 891 3166 932 esse
3193 885 3524 940 rnereretur,
3550 889 3600 932 et
3621 880 3752 948 prima

2230 971 2387 1024 testis
2413 969 2532 1022 ficri
2565 967 2984 1048 resurrectionis
3019 975 3144 1032 tuae,
3185 976 3241 1022 lu
3273 967 3494 1036 largire,
3529 977 3582 1022 tu
3601 985 3752 1038 annue,

2230 1069 2290 1113 ut
2320 1073 2442 1112 cum
2471 1058 2659 1112 eadem
2685 1055 2852 1110 Maria
2881 1047 2934 1110 in
2960 1056 3049 1110 illo
3071 1057 3156 1112 die
3179 1066 3394 1128 partem
3425 1066 3478 1112 et
3499 1061 3752 1118 societate:

2231 1151 2450 1216 habeat,
2481 1149 2792 1221 quicunque
2823 1149 2944 1204 istis
2973 1149 3383 1218 peccatricibus
3413 1149 3614 1220 tuisque
3633 1165 3756 1220 spon-

2231 1244 2408 1298 taneis
2449 1241 2776 1313 pauperibus
2833 1237 3086 1304 solatium
3138 1247 3192 1293 et
3245 1238 3572 1309 adjutorium
3612 1241 3658 1293 in
3689 1251 3752 1295 tuo

2229 1333 2448 1389 nomine
2476 1332 2821 1402 prmrogabit.
2857 1332 2923 1388 Et
2963 1331 3010 1384 si
3041 1331 3160 1400 quis
3189 1331 3271 1386 eis
3297 1330 3604 1385 contrarius
3622 1331 3754 1401 aliqua

2231 1426 2390 1479 modo
2411 1424 2708 1494 exstiterit,
2757 1431 2812 1477 et
2843 1437 2911 1476 ne
2941 1423 2994 1476 in
3040 1423 3440 1492 tranquillitate
3470 1421 3560 1478 tibi
3599 1425 3752 1479 servire

2230 1517 2438 1586 possint
2474 1516 2803 1586 impedierit,
2833 1515 2878 1568 si
2910 1529 3019 1568 non
3068 1515 3405 1584 resipiscens
3449 1512 3752 1570 satisfactione

2229 1611 2390 1680 digna
2413 1609 2734 1674 correxerit,
2762 1617 2814 1662 te
2843 1607 3097 1674 ultorem,
3128 1617 3180 1662 te
3203 1606 3483 1666 vindicem
3503 1605 3754 1676 experiatur

2231 1698 2283 1753 in
2306 1699 2408 1754 hoc
2432 1698 2650 1765 sarculo,
2684 1707 2736 1754 et
2759 1697 2814 1752 in
2837 1697 3040 1752 futuro.

1029 2036 1035 2042 ’
1103 2064 1845 2160 IMPRECATIO
1915 2069 2022 2154 B.
2097 2065 2644 2160 HUGONIS
2717 2065 3210 2160 ABBATIS

1369 2403 1402 2408 --
1437 2403 1588 2414 _—_v_.
1623 2403 1736 2412 --——-
1761 2403 1949 2418 τηρ-*φ-
1985 2411 1990 2415 ,

617 2424 970 2480 Charlssimis
995 2401 1956 2494 ﬂamentissimisque‘ﬁfratribusra
1985 2411 2130 2481 filiis

545 2517 873 2587 liiabusque
917 2518 1277 2588 praesentibus
1317 2527 1372 2574 et
1403 2517 1742 2584 absentibus,
1783 2519 1951 2573 frater
1977 2517 2129 2573 lluco

543 2616 803 2676 peccator
835 2601 1029 2675 abbas,
1062 2609 1117 2664 in
1148 2609 1380 2668 Domino
1426 2607 1553 2668 «lesu
1579 2609 1965 2682 sempiternum
1993 2624 2126 2681 gau-

545 2699 716 2756 dium.

605 2790 962 2856 ,Dileclissimi
1016 2791 1108 2848 filii
1165 2801 1220 2847 ct
1267 2791 1430 2848 amici
1489 2792 1620 2859 mei,
1673 2803 1785 2848 tam
1833 2799 2130 2863 praesentes

543 2899 704 2952 quam
737 2883 926 2948 futuri,
982 2893 1173 2939 vestra:
1221 2886 1560 2940 innotescere
1592 2885 1846 2940 cbaritati
1901 2885 2124 2954 dignum

543 2977 828 3040 duximus,
862 2977 1002 3048 quod
1035 2976 1298 3050 benignus
1343 2975 1504 3042 Deus,
1548 2977 1639 3046 qui
1685 2984 1843 3032 vocat
1871 2991 1992 3047 qua:
2019 2989 2127 3030 non

543 3077 670 3120 sunt
713 3077 966 3135 tauquam
994 3082 1056 3120 ea
1092 3082 1212 3136 quae
1247 3071 1392 3132 sunt,
1441 3083 1528 3122 me
1552 3070 1840 3138 quemdam
1865 3077 2122 3138 peccato-

543 3171 682 3220 rcm,
713 3174 890 3223 reum,
923 3157 1218 3228 multisque
1267 3157 1675 3214 lubricitatibus
1725 3159 2022 3228 obligatum
2074 3159 2129 3214 in

539 3247 828 3323 juventule
857 3263 998 3314 mea,
1037 3263 1200 3316 quam
1245 3261 1409 3316 prave
1433 3249 1830 3318 expendebam,
1871 3249 1986 3304 sola
2029 3265 2126 3305 sua

542 3335 919 3390 misericordia
973 3337 1224 3406 dignatus
1267 3334 1371 3398 fuit
1422 3337 1671 3394 saeculari
1705 3347 1852 3394 veste
1904 3353 2126 3410 exuere,

545 3436 860 3494 sauciaeque
907 3428 1188 3498 religionis
1245 3429 1439 3484 habitu
1493 3430 1740 3494 induere,
1771 3439 1935 3499 atque
1986 3431 2126 3484 intra
2166 3459 2168 3462 τ

541 3517 706 3588 hujus
749 3519 852 3574 loci
901 3535 1118 3590 gregem
1147 3534 1464 3590 aggregare,
1507 3520 1598 3574 ubi
1655 3528 1781 3574 tunc
1829 3528 2010 3589 patres
2053 3533 2126 3584 ac,

542 3609 746 3676 fratres
768 3612 937 3672 nostri
967 3611 1259 3682 meipsum,
1289 3612 1419 3670 licet
1449 3611 1748 3680 indignum,
1792 3611 1914 3665 licet
1947 3610 2126 3664 irreli-

2231 2423 2386 2480 valde
2419 2424 2686 2480 timendas
2712 2439 2811 2494 ego
2845 2439 3204 2494 cognoscens,
3233 2427 3530 2482 emendare
3554 2427 3674 2482 sicut
3693 2427 3756 2484 dia

2231 2530 2397 2585 gnum
2460 2525 2606 2569 esset
2677 2515 2920 2584 neglexi;
2978 2516 3200 2584 quidam
3269 2526 3459 2572 autem
3505 2518 3754 2588 pmipitiis

2229 2601 2435 2668 obruti,
2467 2605 2710 2658 nonnulli
2759 2606 2922 2660 etiam
2951 2606 3108 2675 aquis
3147 2606 3267 2662 sive
3299 2607 3516 2678 ignibus
3539 2607 3754 2672 suﬁocati,

2231 2703 2325 2748 aut
2363 2695 2938 2764 quampluribus-aliis
2985 2697 3248 2766 periculis
3293 2699 3481 2755 subito
3507 2701 3754 2769 intercepti,

2230 2783 2298 2839 de
2324 2784 2426 2838 hac
2449 2785 2648 2840 misera
2676 2787 2927 2841 exierunt
2949 2788 3084 2842 vita.
3113 2787 3180 2843 Et
3203 2791 3337 2860 quia
3365 2799 3472 2846 tam
3494 2791 3610 2846 istos
3629 2805 3750 2857 quam

2230 2873 2395 2934 etiam
2429 2882 2653 2929 caeteros
2680 2875 2858 2932 adhuc
2887 2878 3227 2946 superstites,
3253 2889 3360 2934 aut
3375 2879 3488 2949 jam
3509 2879 3754 2940 defunctos.

2231 2978 2338 3017 non
2371 2963 2510 3018 sicut
2550 2966 2860 3022 debuissem
2906 2970 3144 3038 correxi,
3196 2986 3410 3041 eosque
3461 2973 3512 3026 in
3561 2971 3752 3041 plurimis

2230 3056 2513 3111 remissius
2561 3057 2747 3124 habui,
2800 3061 3206 3116 admonendum
3259 3064 3434 3119 timeo
3473 3078 3540 3118 ne
3579 3063 3752 3131 ipsisad

2228 3155 2494 3202 mternum
2547 3151 2833 3218 praemium
2885 3153 2983 3208 ﬁat
3033 3153 3522 3227 impedimentum,
3567 3155 3750 3224 mihique

2229 3237 2480 3302 fortassis
2524 3241 2592 3298 ad
2643 3252 2903 3298 aeternam
2935 3245 3164 3315 gloriam
3195 3257 3486 3319 reputetur
3503 3248 3750 3304 adversum.

2230 3325 2288 3380 1n
2323 3327 2520 3396 quibus
2553 3332 2803 3387 omnibus
2831 3332 2976 3389 Deus
3022 3335 3180 3391 nobis
3207 3339 3482 3408 propitius
3507 3353 3566 3393 ac
3587 3335 3748 3392 miseri-

2230 3433 2355 3474 cors
2381 3420 2576 3475 adesse
2602 3421 2878 3493 dignetur,
2909 3441 3116 3494 vosque
3135 3441 3235 3496 pro
3259 3430 3463 3486 animae
3483 3442 3602 3482 insae
3625 3437 3749 3480 reme-

2231 3506 2320 3566 dio
2343 3499 2730 3580 deprecaturos
2757 3514 2883 3582 pius
2924 3517 3206 3582 exaudiat,
3229 3527 3286 3572 et
3327 3527 3440 3572 tam
3473 3517 3609 3571 vobis
3627 3527 3748 3585 quam

2229 3601 2479 3657 omnibus
2519 3601 2847 3660 Christianis
2899 3605 3007 3660 mei
3058 3608 3386 3662 memoriam
3431 3607 3687 3678 agentibus,
3707 3603 3750 3658 in.

542 3699 694 3776 gicse
718 3688 878 3770 atque
907 3699 1108 3758 lascive
1139 3703 1434 3766 viventem,
1464 3701 1590 3757 licet
1610 3701 1773 3756 etiam
1796 3701 1929 3757 satis
1958 3701 2128 3756 recla-t

2231 3691 2410 3759 magni
2433 3690 2626 3760 judicii
2658 3695 2745 3749 die
2777 3693 3142 3752 indeticientis
3189 3701 3464 3754 mercedis
3493 3711 3745 3766 recompen-

543 3799 805 3856 mautem,
855 3791 984 3846 huic
1023 3793 1174 3857 ovili,
1212 3794 1322 3848 Deo
1351 3793 1424 3846 ita
1460 3793 1798 3862 disponente,
1835 3793 2123 3865 opilionem

542 3881 848 3960 elegerunt,
883 3883 1133 3953 hancque
1183 3884 1402 3938 tandem
1431 3884 1806 3952 gravissimam
1855 3885 2126 3942 sarcinam

543 3973 692 4033 collo
716 3988 836 4028 meo
877 3973 1272 4046 imposuerunt.
1302 3974 1708 4041 Verumtamen,
1735 3977 1876 4034 sicut
1905 3977 1958 4031 in
1984 3991 2122 4045 pra:-

543 4065 842 4120 sentiarum
887 4065 1122 4132 videtur,
1167 4066 1513 4136 omnipotens
1567 4067 1707 4122 Deus
1761 4082 1870 4122 non
1925 4067 2128 4124 nostris

541 4145 780 4220 meritis,
829 4157 924 4212 sed
977 4172 1074 4212 sua
1131 4157 1394 4214 immensa
1444 4158 1750 4222 clementia,
1777 4159 1936 4214 istum
1994 4159 2126 4214 satis

545 4243 973 4314 circumquaque
1029 4244 1307 4315 ampliavit
1358 4246 1557 4312 locum,
1589 4257 1644 4301 et
1697 4257 1807 4304 tam
1867 4245 2125 4302 fratribus

548 4345 713 4400 quam
745 4333 1180 4399 possessionibus
1203 4335 1414 4390 ditavit.
1449 4335 1561 4391 Nec
1589 4337 1761 4392 solum
1805 4338 1860 4390 in
1898 4337 2000 4392 hac
2030 4352 2128 4392 no-

547 4431 660 4476 stra
693 4422 911 4492 regione
941 4438 1127 4476 verum
1165 4425 1329 4478 etiam
1388 4426 1442 4480 in
1473 4425 1643 4492 italia,
1676 4427 1728 4480 in
1752 4427 2122 4498 Lotharingia,

546 4512 604 4568 in
643 4511 854 4582 Anglia,
907 4509 1260 4578 Normannia,
1319 4513 1571 4579 Francia,
1625 4517 1936 4584 Aquitania,
1987 4517 2127 4576 Gua-

545 4605 758 4668 sconia,
807 4603 1095 4658 Provincia
1140 4613 1304 4674 atque
1345 4603 1603 4675 Hispania
1655 4607 1830 4676 ipsum
1857 4607 2124 4662 dilatavit.

547 4695 728 4762 Unde,
782 4693 876 4749 filii
906 4696 1239 4761 charissimi,
1267 4706 1469 4766 quanto
1519 4699 1691 4772 major
1733 4699 1973 4754 locorum
2019 4699 2127 4758 fra-

546 4800 804 4859 trumque
837 4790 1086 4844 habetur
1139 4807 1420 4854 numerus,
1467 4800 1618 4848 tanto
1669 4792 1799 4848 mihi
1851 4794 2127 4862 peccatori

544 4895 648 4949 pro
667 4894 854 4935 eorum
887 4883 1202 4937 excessibus
1229 4883 1582 4950 gravissimus
1609 4893 1811 4940 tremor
1841 4887 2125 4956 incutitur,

545 4969 654 5025 nisi
691 4981 888 5040 magna
928 4971 1022 5030 Dei
1057 4974 1252 5041 pictas,
1285 4975 1482 5038 animae
1531 4990 1687 5038 mea),
1721 4978 1916 5031 vestris
1959 4979 2128 5036 inter-

541 5060 893 5118 venientibus
945 5063 1304 5138 eleemosynis
1340 5074 1398 5121 et
1441 5067 1716 5136 precibus,
1768 5069 2013 5128 misereri
2051 5073 2134 5128 di-

550 5159 769 5219 gnetur.
799 5153 963 5225 Cujus
990 5143 1229 5227 namque
1254 5171 1457 5224 sermo,
1481 5167 1742 5228 quantum
1770 5176 1896 5218 reus
1922 5171 2129 5228 tenear,

542 5239 828 5309 explicare
873 5245 1094 5313 sufﬁcit,
1145 5247 1237 5317 qui
1287 5263 1409 5324 cum
1447 5257 1529 5303 tot
1567 5249 1842 5320 tantisque
1899 5257 2132 5326 prepriis

551 5333 880 5389 constrictus
899 5338 1127 5400 existam
1153 5339 1386 5407 delictis,
1419 5340 1484 5396 tie
1503 5349 1787 5398 .tantorum
1829 5346 1958 5399 mihi
1985 5362 2131 5401 com—

549 5423 845 5484 missorum
873 5427 1212 5496 negligentiis
1238 5431 1290 5484 in
1307 5441 1602 5501 conspectu
1623 5431 1842 5487 Domini
1865 5435 2128 5492 rationem

551 5514 871 5572 redditurus
898 5519 1053 5580 sum?
1091 5520 1193 5573 Alii
1229 5522 1376 5576 enim
1424 5537 1615 5576 eorum
1647 5525 1904 5592 prrevenli
1937 5537 2130 5590 morte,

549 5601 758 5675 absque
811 5603 1176 5674 confessione,
1221 5617 1277 5665 et
1305 5611 1572 5681 corporis
1608 5614 1998 5684 sanguinisque
2031 5617 2133 5676 Do,-

2229 3791 2306 3837 εει
2331 3783 2633 3852 praemium.
2657 3783 2713 3838 ln
2741 3786 2844 3840 hac
2870 3787 3121 3857 equidem
3153 3798 3262 3844 tam
3291 3790 3448 3860 gravi
3475 3785 3744 3846 obedientia,

2223 3873 2335 3944 jam
2367 3877 2649 3946 sexaginta
2699 3894 2969 3937 annorum
2995 3895 3214 3936 cursum
3244 3893 3304 3938 et
3336 3883 3532 3952 aliquid
3553 3877 3746 3950 amplius.

2225 3967 2422 4022 vestris
2455 4008 2470 4034 ,
2511 3977 2571 4022 ut
2618 3970 2799 4035 credo,
2835 3969 3085 4026 suffultus
3129 3974 3498 4038 orationibus,
3533 3981 3742 4036 utcunque

2229 4058 2461 4128 explevi.
2483 4057 2638 4127 Quod
2663 4062 2706 4116 si
2730 4061 2870 4116 forte
2885 4062 3172 4134 aliquoties
3196 4067 3448 4134 corporis
3469 4062 3744 4124 infirmitate.

2227 4150 2342 4204 sive
2375 4149 2481 4204 alio
2507 4151 2748 4220 quolibet
2791 4153 3034 4209 laboravi
3062 4156 3438 4222 incommodo,
3467 4167 3634 4212 vestra:
3649 4151 3742 4207 mihi

2229 4255 2336 4294 non
2363 4235 2654 4297 defuerunt
2717 4246 3019 4312 orationes,
3049 4257 3360 4318 vestraque
3385 4249 3451 4304 ad
3483 4249 3628 4302 Deum
3645 4243 3744 4314 peli-

2230 4333 2427 4389 tiones.
2461 4331 2713 4390 Vestram
2749 4336 2986 4406 denique
3012 4352 3142 4408 erga
3179 4353 3270 4394 me
3315 4319 3534 4406 bonam,
3557 4349 3604 4394 et
3625 4341 3744 4391 dero-

2230 4433 2340 4479 tam
2366 4424 2712 4488 charuatcm,
2741 4440 3040 4496 veramque
3061 4429 3455 4498 obedientiam,
3479 4443 3612 4484 meus
3635 4437 3744 4480 enar-

2221 4529 2356 4570 rare
2404 4531 2586 4570 serum
2634 4533 2739 4572 non
2787 4516 3004 4574 sufficit.
3047 4519 3415 4591 Quapropter,
3464 4528 3606 4592 prout
3643 4515 3744 4570 Deus

2230 4606 2718 4678 administraxerit,
2762 4624 2860 4670 vos
2889 4609 3116 4680 diligere
3171 4613 3380 4677 studui,
3429 4626 3522 4667 vos
3561 4607 3744 4664 modeste

2223 4700 2484 4764 tractavi,
2513 4716 2607 4754 vos
2643 4701 2785 4755 sicut
2817 4703 3012 4758 charos
3046 4703 3331 4774 amplexus
3375 4720 3494 4760 sum
3535 4703 3666 4756 ﬁlios.
3696 4697 3736 4750 in

2229 4805 2334 4860 qua
2365 4787 2618 4846 videlicet
2655 4791 2984 4862 indulgentia
3035 4794 3080 4848 si
3131 4795 3262 4865 quid
3295 4797 3533 4866 peccavi,
3559 4793 3744 4864 ignoscat

2232 4882 2362 4936 mihi
2393 4883 2554 4938 Deus.
2601 4883 2667 4938 Et
2698 4899 2864 4950 nunc,
2895 4885 3014 4954 filii,
3063 4888 3303 4957 quandiu
3351 4889 3406 4946 in
3451 4889 3546 4946 hac
3583 4883 3742 4939 caduca

2229 4969 2339 5025 vita
2370 4973 2566 5042 partim
2593 4989 2693 5043 pro
2721 4975 2874 5032 vobis
2911 4977 3184 5046 omnibus,
3214 4993 3312 5050 Pro
3336 4978 3530 5034 nostris
3569 4969 3744 5046 propriis

2237 5065 2653 5124 necessitatibus
2696 5069 2999 5139 agonizavi,
3047 5070 3274 5143 jamque
3319 5074 3374 5130 in
3439 5071 3610 5127 diebus
3645 5061 3744 5118 meis

2235 5157 2498 5230 processi,
2530 5159 2709 5214 exitus
2750 5162 2854 5216 mei
2888 5163 3148 5233 ignorans
3181 5165 3484 5230 articulum,
3513 5159 3742 5233 quamdam

2239 5249 2366 5302 mihi
2397 5250 2534 5322 elegi
2564 5250 3121 5319 obedientiunculam,
3155 5257 3374 5310 nomine
3399 5251 3742 5314 Berziacllm,"

2237 5358 2359 5397 cum
2385 5343 2507 5400 finis
2535 5360 2724 5402 cursus
2751 5347 2854 5400 mei
2882 5347 3145 5413 evenerit,
3170 5363 3236 5406 ex
3267 5350 3382 5418 ipsa
3402 5350 3450 5402 in
3474 5353 3742 5417 ιιεηιειιιιιιιι,

2231 5431 2388 5500 juxta
2450 5437 2707 5506 temporis
2765 5438 3226 5506 opportunitatem
3259 5479 3274 5504 ,
3321 5447 3510 5498 cuncta
3563 5448 3660 5504 qna:
3705 5428 3742 5480 ίπ

2242 5524 2364 5578 cibo
2399 5525 2482 5579 vel
2525 5537 2653 5596 potu
2683 5527 2882 5583 fuerint
2912 5529 3240 5596 necessaria,
3275 5533 3327 5586 in
3349 5531 3434 5583 die
3461 5515 3744 5581 anniversarii

2242 5614 2346 5668 mci
2376 5614 2637 5673 fratribus
2659 5620 2710 5673 in
2739 5630 3035 5685 conventu,
3069 5637 3165 5677 seu
3207 5624 3258 5677 in
3297 5625 3452 5676 domo
3475 5617 3742 5673 inﬁrmorum

549 5693 1099 5781 minipcrceptione,
1163 5700 1254 5758 alii
1302 5715 1456 5771 vero,
1490 5717 1720 5772 quantm
1773 5705 2133 5778 negligentias
2241 5710 2599 5779 morantibus,
2641 5713 2744 5774 nisi
2770 5715 3076 5788 peccatoris
3099 5715 3410 5778 memoriam
3435 5703 3742 5768 recalentibus.

2161 5815 2234 5836 *ην
