3928 6298
115 367 239 427 953

1226 344 1593 430 NARRATIO
1632 372 1725 429 AD
1764 332 2106 431 Faunus.

3238 442 3240 444 ν
3274 374 3391 434 λθω

70 545 97 567 ,
118 484 345 543 abunde
388 482 854 538 administrentur.
892 482 1063 551 Quam
1087 484 1297 540 scilicet
1317 487 1708 556 obedientiam,
1736 495 1788 556 Α
1815 499 1902 546 cet
1932 490 2077 544 enim
2117 501 2284 560 usque
2312 487 2378 542 ad
2420 494 2602 543 nostra
2631 494 2874 558 tempora
2912 485 3232 543 feminarum
3262 504 3399 545 con-

116 576 266 632 satis
309 591 602 646 pauperem
646 590 891 646 peueque
938 572 1289 643 destructum,
1340 579 1552 633 cuidam
1600 575 1708 636 filio

120 675 331 721 nostro
376 666 575 720 domno
610 664 846 734 Seguiuo
884 663 1285 722 reformandam
1317 669 1706 725 commisimus.

114 754 235 812 llic
277 771 407 811 vero
452 771 573 811 eam
624 756 1017 826 aliquantulum
1079 775 1203 815 cum
1255 760 1486 831 quodam
1542 762 1709 819 fratre

112 843 444 911 Fulcberio,
472 861 632 916 quem
665 847 767 901 sibi
803 850 869 903 ad
905 848 1005 905 hoc
1037 866 1504 917 concesseramus,
1543 853 1709 908 aedifi-

112 934 295 999 cavit,
324 934 504 1004 ibique
532 936 721 990 vineas
746 944 801 991 et
827 938 1081 1005 terrulas,
1115 947 1276 1010 prout
1300 941 1492 1010 potuit,
1523 942 1708 1012 acqui-

110 1040 251 1082 rere
271 1024 615 1093 studuit.Qua
628 1025 741 1095 jam
759 1028 972 1083 tandem
994 1031 1321 1096 restituta,et
1338 1041 1446 1085 tam
1466 1034 1707 1087 exterius

112 1134 290 1189 quam
332 1118 564 1175 interius
590 1128 881 1185 restructa,
910 1121 1164 1192 deinceps
1213 1123 1277 1176 ad
1324 1138 1596 1179 cameram
1623 1139 1708 1178 re-

110 1210 429 1279 spondebit.
496 1210 607 1266 Nos
650 1225 780 1281 ergo
829 1212 1079 1268 volumus
1133 1230 1197 1268 ac
1256 1216 1599 1285 prazcipimus
1649 1225 1708 1269 ut

109 1297 430 1368 quicunque
472 1299 613 1354 hanc
642 1301 875 1354 tenuerit
900 1301 1283 1365 obedientiam,
1330 1302 1383 1356 in
1425 1302 1511 1357 die
1548 1303 1705 1357 anui-

110 1391 353 1445 versarii
391 1430 407 1455 ,
467 1392 605 1446 sicut
649 1390 761 1460 jam
828 1393 1111 1459 diximus,
1176 1406 1437 1463 perpetue
1493 1395 1703 1465 plenam

107 1482 411 1537 conventui
438 1483 682 1539 exsolvat
708 1483 1079 1541 refectionem.
1104 1486 1327 1541 Cuidam
1359 1488 1521 1541 etiam
1550 1487 1703 1542 fratri

86 1574 330 1636 'uostro,
364 1572 563 1629 domno
588 1575 841 1631 videlicet
863 1575 1023 1631 Petro
1050 1576 1326 1643 Glocensi,
1359 1580 1451 1649 qui
1484 1596 1581 1649 pro
1605 1581 1705 1635 hu-

97 1660 197 1732 jus
228 1662 338 1720 loci
370 1665 600 1721 utilitate
625 1666 918 1737 plurimum
968 1668 1254 1735 laboravit,
1282 1671 1384 1725 hoc
1412 1673 1465 1727 in
1512 1674 1702 1728 eadem

106 1755 434 1812 obedientia
464 1759 851 1827 concessimus,
884 1770 942 1816 ut
990 1762 1044 1815 in
1093 1761 1182 1817 die
1224 1764 1581 1820 anniversarii
1616 1766 1698 1821 sui

1820 580 2064 651 gregatio
2094 580 2315 634 minime
2353 578 2647 634 haberetur
2677 579 2729 634 in
2763 578 2923 647 hujus
2948 578 3051 635 loci
3093 581 3389 647 consortio,

1815 669 1954 725 istas
1981 680 2162 724 tamen
2195 670 2344 740 prius
2370 670 2587 739 quidem
2636 687 2741 726 non
2782 672 2996 737 multas,
3038 683 3221 743 postea
3258 688 3396 730 vero

1811 763 1949 817 adeo
1982 761 2388 832 multiplicatas,
2419 765 2619 821 nostris
2645 764 2835 820 diebus
2869 766 2935 820 ad
2975 780 3144 821 sacrae
3176 766 3392 839 religio-

1812 854 1900 909 nis
1939 854 2183 909 habitum
2232 856 2595 923 suscepimus,
2644 857 2931 925 locumque
2967 844 3385 926 mdiﬁeavimus;

1812 961 2041 1016 quarum
2096 944 2407 1014 quicunque
2451 946 2705 1002 misertus
2757 947 2937 1015 fuerit,
2984 947 3307 1002 misereatur
3338 947 3389 1004 ei

1812 1037 1975 1101 Deus,
2008 1036 2093 1090 hic
2121 1044 2174 1089 et
2203 1035 2254 1088 in
2287 1034 2491 1089 futuro.
2516 1035 2693 1106 Ipsum
2717 1038 2881 1093 etiam
2907 1038 3159 1093 domuum
3184 1039 3391 1096 scilicet

1810 1127 2059 1181 abbatem
2091 1140 2186 1196 per
2207 1127 2456 1181 eumdem
2486 1127 2677 1192 Deum,
2706 1137 2759 1181 et
2810 1127 3094 1183 Dominum
3143 1141 3388 1185 nostrum

1811 1218 2036 1287 supplex
2065 1218 2355 1286 deprecor,
2404 1233 2627 1287 gemens
2671 1233 3007 1283 commoneo,
3046 1228 3104 1274 ut
3149 1236 3267 1285 vos,
3295 1220 3389 1291 qui

1808 1308 1940 1362 mihi
1987 1310 2419 1378 supervixeritis,
2467 1307 2725 1377 benigne,
2774 1319 3018 1379 paterne,
3065 1311 3393 1366 charitative

1808 1408 2067 1464 tractare,
2100 1400 2160 1455 et
2189 1401 2414 1469 diligere
2456 1400 2732 1470 dignetur,
2764 1417 2862 1456 vos
2895 1411 3076 1457 autem
3109 1417 3297 1458 omnes
3326 1403 3383 1458 in

1805 1488 2024 1543 Christo
2056 1489 2147 1544 filii
2199 1491 2302 1545 mei
2356 1490 2585 1559 filiarque
2619 1499 2727 1544 tam
2760 1501 3053 1560 praesentes
3103 1508 3263 1563 quam
3292 1494 3389 1549 aha

1807 1592 2012 1647 sentes,
2042 1583 2350 1651 quicunque
2414 1582 2618 1637 nostris
2649 1580 2985 1650 temporibus
3025 1582 3092 1636 ad
3124 1582 3267 1638 hunc
3295 1599 3387 1638 sa-

1806 1687 1958 1726 crum
2014 1672 2261 1727 ordinem
2316 1672 2637 1737 venientes,
2696 1686 2794 1741 pro
2848 1680 3151 1726 vestrarum
3216 1672 3392 1728 salute

1813 1762 2145 1827 animarum,
2190 1760 2322 1816 mihi
2372 1761 2735 1832 qualicunque
2781 1761 3051 1832 peccatori
3098 1776 3195 1817 vos
3243 1761 3388 1832 ipsos

85 1836 367 1919 ’plenaria
398 1849 451 1906 in
480 1851 733 1907 omnibus
755 1852 1157 1909 administratio
1182 1870 1249 1910 ex
1294 1857 1409 1927 ipsa
1440 1857 1700 1915 fratribus
1733 1835 1776 1890 Β
1805 1852 2105 1925 tradidisﬁs
2130 1894 2146 1920 ,
2190 1862 2487 1922 nostroque
2534 1853 2761 1908 arbitrio
2805 1867 3032 1922 corpora
3069 1860 3124 1906 et
3176 1852 3390 1911 animas

101 1950 471 2010 praeparetur,
504 1943 647 1997 unde
676 1958 708 1997 a
752 1946 988 2015 posteris
1030 1947 1231 2002 nostris
1261 1946 1524 2005 fratribus
1570 1965 1696 2019 pre-

106 2032 280 2086 cario
329 2031 690 2103 deposcimus,
747 2050 816 2089 ne
853 2034 1052 2090 ibidem
1107 2038 1305 2107 sa‘pius
1353 2038 1696 2108 hospitando,

86 2112 301 2176 "aliave
327 2133 586 2179 consueta
624 2126 844 2180 servitia
873 2128 1069 2181 exinde
1099 2128 1446 2197 requirendo,
1476 2130 1699 2189 locellus

104 2210 199 2266 ille
229 2212 568 2267 devastetur.
599 2214 751 2282 Quod
780 2216 923 2271 enim
954 2232 1144 2286 parum
1169 2229 1272 2285 est,
1296 2228 1353 2273 ut
1376 2220 1535 2289 vulgo
1563 2221 1699 2276 dici-

105 2312 224 2368 tur,
260 2302 330 2359 de
388 2320 559 2374 parvo
586 2306 748 2361 dolet.
780 2306 933 2374 Quod
968 2308 1013 2362 si
1070 2307 1228 2363 fratri
1273 2324 1362 2365 res
1397 2325 1507 2365 suae
1534 2327 1698 2382 super

103 2392 214 2448 hoc
252 2393 667 2459 abundaverint,
702 2396 987 2451 charitatis
1016 2397 1191 2455 cilicia
1233 2399 1551 2470 impendere
1586 2417 1695 2458 non

101 2494 352 2539 recuset.
401 2484 562 2541 Aliud
596 2488 760 2541 etiam
800 2487 913 2558 jam
959 2489 1089 2545 olim
1139 2491 1605 2562 ordinaveramus,
1636 2503 1698 2550 ut

100 2574 324 2629 scilicet
350 2576 415 2631 de
444 2577 749 2632 obedientia
780 2578 839 2634 S.
891 2580 1164 2652 Hippolyti
1210 2581 1436 2637 refectio
1462 2584 1694 2639 fratrum

99 2667 399 2722 conventui
439 2667 492 2721 in
525 2670 782 2724 cathedra
812 2670 869 2727 S.
899 2671 1069 2738 Petri,
1102 2674 1192 2741 qui
1225 2673 1323 2728 fuit
1365 2677 1480 2730 dies
1507 2692 1695 2732 conse-

97 2760 375 2815 orationis
418 2772 638 2828 00511⁸83,
680 2765 915 2833 quandiu
947 2766 1206 2830 viverem,
1237 2769 1513 2821 annuatim
1564 2787 1695 2839 pra:-

98 2849 352 2918 beretur,
384 2856 475 2909 sed
506 2866 625 2927 post
649 2858 924 2912 decessum
970 2859 1343 2913 anniversario
1383 2868 1567 2915 nostro
1599 2864 1690 2915 de-

100 2952 419 3011 putaretur.
474 2946 865 3006 Verumtamen
919 2951 1043 3019 quia
1095 2952 1160 3006 de
1216 2952 1317 3005 hoc
1365 2950 1478 3019 jam
1534 2952 1693 3007 aliter

98 3031 497 3102 disposuimus,
524 3038 775 3093 volumus
812 3049 870 3093 ut
894 3040 946 3095 in
971 3040 1157 3094 eadem
1188 3042 1276 3095 die
1300 3044 1555 3097 cathedra
1586 3043 1692 3097 sci-

99 3122 242 3178 licet.
288 3123 346 3177 Β.
379 3124 545 3192 Petri,
600 3144 815 3199 semper
842 3130 956 3186 haec
988 3132 1390 3187 administratio
1433 3131 1692 3187 fratribus

102 3213 394 3270 offeratur.
453 3216 720 3274 Domuum
790 3230 970 3276 autem
1019 3223 1269 3278 abbatem
1317 3238 1690 3279 successorem

100 3317 376 3374 nostrum,
406 3308 623 3365 Patrem
659 3329 724 3369 ac
775 3315 1050 3371 dominum
1082 3334 1284 3383 meum,
1317 3333 1475 3386 quem
1506 3318 1693 3373 divina

100 3401 478 3456 misericordia
504 3419 569 3457 ex
588 3404 698 3459 alto
719 3421 841 3461 cum
868 3423 1030 3479 grege
1056 3409 1156 3464 sibi
1188 3410 1400 3464 credito
1427 3410 1609 3466 visitet
1629 3419 1690 3465 et

100 3501 377 3562 protegat,
401 3509 622 3564 gemens
647 3497 929 3567 deprecor,
962 3499 1347 3570 humiliterque
1375 3500 1428 3554 in
1466 3500 1594 3566 Deo,
1624 3516 1690 3556 ac

100 3587 197 3646 per
226 3580 418 3647 Deum,
447 3591 506 3638 et
525 3594 747 3654 propter
769 3587 939 3643 Deum
969 3589 1217 3654 obsecro,
1261 3600 1529 3657 quatenus
1566 3590 1692 3646 illas

104 3669 200 3724 Dei
235 3673 471 3729 famulas
526 3678 795 3733 mundana
842 3695 1035 3750 pompa
1082 3692 1295 3750 exutas,
1338 3698 1436 3751 pro
1469 3698 1689 3737 suarum

102 3763 279 3817 salute
317 3766 641 3835 animarum,
667 3771 733 3823 ad
766 3769 857 3825 Dei
887 3770 1075 3826 laudes
1103 3771 1416 3829 Marciniaci
1456 3789 1689 3845 congre-

101 3866 274 3933 gaias,
330 3855 445 3924 ipse
490 3857 693 3925 fovere,
729 3861 1001 3931 amplecti,
1038 3874 1365 3930 sustentare,
1401 3864 1692 3935 locumque

102 3946 280 4013 ipsum
320 3964 439 4002 cum
472 3953 616 4006 omni
658 3954 938 4029 citaritate
972 3956 1269 4014 informare
1299 3960 1572 4030 dignetur.
1602 3958 1692 4017 Li-

1801 1956 2015 2001 vestras
2050 1946 2433 2015 supposuistis,
2466 1944 2708 1999 absolvat
2727 1960 2823 1999 vos
2844 1952 2899 1999 et
2924 1959 3021 1999 nos
3041 1943 3387 2012 omnipotens

1802 2034 1947 2091 Deus
1979 2036 2047 2091 ab
2074 2035 2338 2102 lomnibus
2368 2035 2626 2104 peccatis,
2666 2032 2972 2104 praeteritis,
3002 2033 3389 2103 praesentibus,

1801 2136 1856 2183 et
1890 2126 2111 2183 futuris.
2136 2128 2398 2182 Absolvat
2419 2142 2538 2191 vos,
2563 2127 2803 2195 inquam,
2832 2125 3176 2195 omnipotens
3201 2124 3387 2190 Pater,

1800 2218 2145 2289 omnipotens
2165 2218 2356 2284 Filius,
2381 2217 2724 2286 omnipotens
2748 2215 2984 2285 Spiritus
3013 2224 3258 2279 sanctus,
3283 2214 3383 2269 tri-'-

1801 2324 1904 2364 nus
1927 2317 1984 2363 et
2011 2324 2151 2381 unus
2176 2309 2335 2363 Deus.
2365 2308 2536 2374 Quem
2569 2320 2668 2377 ego
2707 2306 2990 2368 confiteor,
3022 2314 3075 2360 et
3100 2303 3386 2360 confessus

1799 2415 1944 2461 sum.
1981 2399 2182 2453 trinum
2226 2398 2608 2467 personaliter,
2634 2412 2797 2452 unum
2845 2396 3188 2460 naturaliter,
3219 2404 3383 2465 atque

1797 2489 2188 2561 potentialiter.
2219 2488 2315 2543 Cui
2343 2486 2700 2557 omnipotenti
2730 2484 2865 2550 Deo,
2894 2488 2995 2555 ego
3026 2499 3150 2539 reus
3170 2492 3225 2539 et
3251 2497 3382 2553 pec-

1799 2590 1975 2646 cator,
2005 2582 2265 2635 confiteor
2290 2594 2376 2633 me
2406 2578 2569 2633 nimis
2590 2587 2645 2633 et
2675 2576 2837 2632 nimis
2870 2590 3128 2646 peccasse
3152 2574 3203 2627 iu
3236 2572 3387 2643 cogi-*-

1800 2669 2027 2733 tatione,
2058 2669 2352 2733 locutione,
2382 2678 2437 2722 et
2464 2683 2650 2736 opere.
2678 2667 2794 2721 Mea
2818 2666 2996 2736 culpa.
3026 2664 3197 2734 lpsius
3227 2663 3383 2717 mise-

1800 2760 2051 2815 ricordim
2072 2774 2170 2813 vos
2205 2758 2547 2821 commendo,
2578 2770 2814 2825 eumque
2840 2763 3152 2825 geuuteuus
3184 2753 3380 2806 invoco

1798 2859 1859 2904 ut
1890 2865 1981 2904 vos
2028 2850 2331 2914 benedicat,
2371 2862 2574 2917 vosque
2614 2846 2834 2901 dextera
2883 2860 2977 2900 sua
3025 2850 3293 2914 protegat,
3323 2850 3382 2898 et

1798 2942 2009 2997 meritis
2038 2957 2099 2994 ac
2121 2941 2372 3016 precibus
2397 2937 2729 2993 beatissima:
2756 2937 2850 2991 Dei
2870 2935 3150 3007 genitricis
3173 2933 3376 2997 Mariae,

1796 3032 2079 3086 beatorum
2121 3030 2489 3099 apostolorum
2541 3027 2883 3082 dominorum
2912 3034 3191 3080 uostorum
3230 3023 3378 3079 Petri

1796 3129 1849 3175 et
1877 3119 2050 3185 Pauli,
2085 3121 2284 3189 quibus
2306 3118 2506 3189 ligandi
2538 3127 2701 3187 atque
2729 3115 2969 3171 solvendi
2995 3113 3085 3183 jus
3105 3113 3377 3183 permisit,

1794 3213 2144 3280 omniumque
2175 3219 2491 3265 sanctorum
2512 3223 2734 3264 suorum
2766 3206 3245 3287 intercessionibus
3272 3220 3368 3261 vos

1794 3315 1851 3359 et
1888 3320 1987 3358 nos
2008 3304 2077 3358 ad
2112 3303 2277 3357 vitam
2312 3302 2572 3372 perducat
2593 3310 2873 3355 aeternam.
2908 3297 3007 3354 Ubi
3030 3298 3247 3352 tandem
3277 3310 3379 3351 nos

1794 3397 1863 3452 de
1920 3395 2102 3460 vobis,
2148 3409 2360 3464 vosque
2407 3393 2474 3447 de
2497 3393 2652 3447 nobis
2693 3390 2930 3463 gaudere
2964 3386 3019 3442 in
3048 3394 3371 3457 perpetuum
3421 3407 3425 3410 ~

1793 3500 2127 3551 mereamur,
2178 3484 2300 3553 Ipso
2338 3491 2627 3553 praestante
2661 3482 2751 3552 qui
2796 3481 2852 3536 in
2902 3478 3169 3534 Trinitate
3198 3474 3379 3546 perfe-

1791 3576 1933 3634 fecta
1964 3576 2095 3630 vivit
2122 3584 2176 3630 et
2204 3574 2466 3644 gloriatur
2493 3575 2659 3639 Deus,
2690 3587 2786 3646 per
2816 3569 3023 3626 infinita
3054 3565 3377 3624 seculorum

1791 3666 2007 3723 smcula.
2058 3665 2185 3721 llaec
2230 3675 2411 3721 autem
2463 3663 2681 3720 scedula
2734 3662 2954 3719 domino
2975 3659 3158 3714 futuro
3189 3654 3375 3711 abbati

1790 3771 1976 3812 caram
2028 3766 2296 3810 conventu
2338 3756 2618 3819 recitetur,
2654 3764 2941 3825 postquam
2984 3750 3096 3806 Beo
3134 3747 3373 3813 volente,

1791 3848 1978 3905 sedem
2011 3847 2359 3921 regimenque
2386 3862 2506 3902 cum
2534 3861 2667 3919 pace
2692 3843 3011 3915 susceperit.

121 4092 3348 4125 W

583 4226 747 4307 Quid
788 4228 1017 4297 beatus
1063 4231 1250 4307 Hugo
1292 4231 1642 4295 narraverit
1675 4230 1741 4293 in
1773 4228 2305 4310 capitulo'vigilia
2333 4227 2571 4313 Natalis
2608 4226 2886 4291 Domini.

1097 4392 1209 4462 (Ea:
1234 4389 1390 4446 Petro
1430 4390 1692 4448 Venerabil

1798 4394 1865 4451 ib.
1899 4410 1918 4451 t
1956 4392 2173 4462 Μίνωα,
2200 4410 2319 4465 cap.
2350 4395 2465 4466 l5.)
2677 4436 2707 4467 η
3002 4468 3005 4471 b
3062 4476 3067 4481 Ι
3238 4373 3302 4481 ,⁸³

3238 4472 3243 4481 .
3312 4450 3373 4490 νῖᾖο

1556 4553 1884 4573 *—

165 4695 283 4754 Mos
312 4703 397 4751 est
420 4696 662 4767 ejusdem
696 4700 1009 4786 monasterii
1036 4700 1458 4773 (Cluniacensis)
1484 4702 1683 4759 uativi-
1720 4683 1766 4741 Ῑ)
1791 4714 2011 4763 aeternae
2036 4706 2269 4763 vicinus.
2300 4706 2400 4773 Qui
2418 4704 2532 4777 jam
2572 4706 2810 4761 instante
2855 4704 2967 4773 ipsa
3002 4700 3369 4767 solemnitate,

101 4794 266 4849 tatem
333 4787 636 4848 Salvatoris
684 4791 893 4846 caeteris
938 4794 1369 4850 solemnitatibus
1417 4797 1679 4867 singulari

100 4878 297 4934 affectu
326 4881 584 4941 devotius
613 4897 795 4953 agere,
823 4892 877 4939 et
907 4895 1165 4940 cantuum
1192 4885 1462 4951 melodiis,
1493 4887 1683 4941 lectio-

99 4986 223 5025 num
261 4973 683 5041 prolixitatibus,
715 4990 1002 5031 cereorum
1053 4976 1435 5047 multiplicium
1485 4993 1680 5034 accen-

97 5059 363 5126 sinnibus,
396 5072 476 5135 et,
522 5066 666 5134 quod
718 5064 877 5137 longe
922 5068 1271 5138 praestantius
1301 5077 1407 5133 est,
1450 5071 1676 5141 speciali

99 5148 407 5217 devotione,
436 5153 714 5224 multaque
768 5155 1136 5226 lacrymarum
1176 5158 1520 5227 profusione,
1554 5176 1675 5216 cmn

98 5242 355 5313 angelicis
370 5234 653 5313 spiritibus
672 5245 929 5305 alacriter
942 5247 1314 5305 solemnizare.
1336 5250 1450 5317 Qua
1469 5260 1677 5322 tempo-

99 5333 172 5391 ris
222 5335 559 5393 revolutione
618 5338 902 5406 redeunte,
950 5338 1150 5396 fratres
1200 5356 1350 5397 more
1408 5343 1570 5399 solito
1618 5360 1677 5400 se

100 5436 300 5494 suaque
327 5426 505 5481 omnia
537 5441 887 5497 paraverunt,
913 5445 967 5484 et
989 5431 1245 5507 ecclesias
1272 5418 1520 5488 ornando
1541 5436 1676 5489 alia-

101 5528 202 5580 que
231 5518 552 5574 mouasterii
602 5519 719 5575 loca
770 5522 952 5593 aptius
997 5524 1395 5596 componendo,
1448 5528 1594 5582 intus
1621 5538 1675 5584 et

102 5614 252 5658 extra
282 5605 458 5661 festivi
492 5624 756 5679 apparere
794 5614 1136 5686 satagebant.
1171 5615 1467 5688 Supererat
1495 5621 1673 5676 adlmc

102 5696 289 5751 beatus
328 5698 417 5752 ille
449 5716 513 5754 ac
538 5703 864 5760 venerabilis
896 5716 1052 5775 pater
1094 5708 1266 5779 litigo,
1300 5710 1488 5766 ultimo
1520 5713 1673 5768 senio

104 5789 258 5847 morti
288 5791 504 5868 quidem
553 5810 847 5866 corporeae,
879 5798 971 5855 sed
1017 5810 1069 5856 et
1111 5802 1231 5859 vita:
1272 5814 1390 5879 post
1438 5795 1669 5867 monent

1786 4798 2082 4868 capitulum
2122 4799 2211 4854 ubi
2259 4797 2460 4852 fratres
2500 4804 2870 4853 convenerant
2924 4797 3218 4864 ingressus,
3250 4793 3370 4848 haec

1784 4887 1852 4940 ad
1881 4901 2071 4942 omnes
2117 4886 2344 4957 protulit
2376 4886 2538 4941 verba
2570 4903 2583 4940 :
2613 4886 2907 4952 Noveritis,
2939 4884 3155 4950 fratres,
3178 4881 3367 4939 Iesum

1783 4980 2077 5048 benignum
2108 4964 2435 5036 salvatdrem
2494 4990 2736 5037 nostrum
2786 4994 2899 5033 sua:
2941 4975 3241 5032 nativitatis
3269 4988 3370 5046 ve:

1792 5081 2027 5141 strataque
2045 5071 2384 5129 liberationis
2412 5073 2692 5129 solemniis
2722 5073 2986 5127 interesse
3008 5067 3365 5139 disposuisse,

1784 5173 2089 5232 vestraque
2131 5165 2434 5221 devotionis
2463 5166 2780 5237 obsequium
2826 5162 2997 5219 multo
3022 5150 3144 5218 cum
3170 5150 3368 5233 gaudio

1783 5254 2107 5325 prtestolari.
2140 5257 2211 5311 At
2238 5264 2429 5312 contra
2456 5257 2647 5313 sciatis
2673 5271 2902 5328 nequam
2925 5256 3143 5313 hostem
3166 5264 3369 5311 vestra
3400 5272 3405 5275 ν

1783 5346 2031 5402 felicitati
2063 5347 2391 5402 invidentem
2433 5347 2703 5413 laborare,
2732 5356 3003 5418 quatenus
3038 5347 3251 5418 aliquas
3280 5354 3365 5401 te-

1784 5440 2079 5496 nebrarum
2102 5455 2320 5496 suarum
2342 5439 2572 5496 nebulas
2600 5448 2776 5507 tanto,
2797 5440 2842 5495 si
2856 5440 3061 5511 "possit,
3087 5428 3364 5509 splendori
3458 5498 3473 5503 _

1789 5532 2187 5596 intermisceat,
2224 5539 2496 5602 tantaeque
2531 5531 2847 5587 festivitatis
2901 5530 3129 5603 gloriam
3168 5520 3371 5591 saltem,

1783 5624 2319 5695 quantulumcunque
2358 5624 2663 5681 imminuat.
2692 5624 2888 5691 Frater
2916 5624 3063 5680 enim
3088 5622 3210 5693 (ait)
3243 5608 3373 5691 quiL.

1785 5716 1934 5781 dant,
1974 5704 2036 5772 se
2082 5717 2272 5787 utique
2299 5716 2437 5773 dans
2491 5717 2874 5791 intelligi,hac
2930 5717 3053 5799 ipsa.
3079 5722 3240 5770 nocte
3283 5712 3365 5799 vi:

1783 5808 1860 5863 dit
1908 5806 2076 5881 ipsius
2134 5809 2519 5869 misericordia:
2582 5819 2833 5878 matrem,
2883 5796 3199 5880 perpetuam
3259 5796 3357 5881 Lai.
