3928 6298
586 290 700 345 955

588 400 878 475 perpetuo}
920 402 1218 475 Virginem;
1246 403 1455 479 .Filium
1504 416 1663 474 quem
1705 404 1956 474 presenti
2020 414 2180 459 ηοειε

590 497 801 567 genuit,
833 495 1149 551 dulcissimo
1182 497 1391 566 gremio
1433 496 1737 560 continere,
1779 494 1937 565 eique
1961 506 2181 553 sancto-

590 602 715 655 rum
751 588 1064 658 angelorum
1096 589 1515 653 multitudinem,
1542 604 1664 643 cum
1691 588 1957 643 immenso
1974 587 2179 653 lumine

578 664 804 732 astare.
840 678 1147 734 Latabatur
1188 692 1367 735 autem
1402 682 1541 737 idem
1589 682 1732 736 Deus
1770 696 1925 751 puer,
1970 694 2024 736 et
2073 683 2175 736 im-

590 784 781 841 menso
828 772 1027 842 gaudio
1077 772 1429 838 exsultabat,
1484 782 1648 843 atque
1702 776 1884 835 cordis
1932 775 2175 835 laetitiam

587 874 742 932 gestu
770 864 987 935 gloriosi
1010 866 1277 934 corporis,
1306 876 1363 919 et
1393 866 1632 933 ipsarum
1676 878 1870 936 plausu
1903 883 2165 921 manuum

590 953 1020 1010 demonstrabat.
1073 956 1139 1009 Et
1175 956 1477 1017 conversus
1503 957 1568 1010 ad
1619 957 1865 1021 Matrem,
1899 959 2078 1013 aiebat
2107 957 2175 1011 ad

596 1044 778 1099 illam:
819 1066 836 1097 ι
872 1046 1085 1112 Cernis,
1116 1047 1310 1114 Mater,
1342 1059 1559 1105 noctem
1590 1065 1711 1119 qua:
1745 1050 2011 1113 imminet,
2040 1064 2176 1103 mem

586 1139 893 1198 nativitatis
918 1142 1131 1211 gaudiis
1171 1141 1571 1207 illustrandam,
1611 1143 1663 1195 in
1714 1157 1819 1211 qua
1859 1151 1914 1197 et
1943 1143 2176 1212 prophe-

586 1239 770 1286 tarum
796 1234 1017 1293 oracula
1046 1242 1099 1287 et
1120 1233 1431 1303 angelorum
1461 1234 1727 1302 prmconia
1748 1234 2171 1303 renovabuptur,

583 1330 641 1385 et
677 1337 796 1377 meo
824 1324 889 1377 de
932 1332 982 1377 te
1012 1337 1202 1378 exortu
1244 1326 1423 1378 onmia
1447 1325 1604 1378 simul
1631 1326 1871 1381 cmlestiu
1890 1338 2048 1394 atque
2065 1337 2170 1379 ter-

585 1416 1154 1470 restrialtetabuntur?
1185 1417 1284 1471 Ubi
1310 1429 1389 1471 est
1425 1435 1567 1472 nunc
1589 1420 1761 1472 hostis
1792 1419 2031 1472 damnati
2052 1434 2173 1487 per-

586 1503 734 1570 fidia,
754 1506 840 1560 ubi
856 1505 972 1572 ejus
990 1516 1363 1575 potestas,qna
1380 1518 1506 1563 ante
1520 1509 1621 1563 hoc
1634 1510 1842 1579 singula
1853 1527 1908 1564 re
1919 1510 2172 1577 gaudium

584 1595 788 1657 mundo
810 1592 1227 1648 dominabatur?
1258 1616 1276 1647 ι
1306 1597 1421 1663 Quo
1446 1598 1533 1650 ille
1556 1598 1841 1667 impudens
1873 1600 2080 1661 audito,
2105 1599 2174 1653 de

581 1681 804 1739 latibulo
820 1701 918 1740 suo
934 1700 1187 1755 egressus
1214 1698 1244 1742 a
1269 1689 1425 1759 longe
1451 1706 1509 1744 se
1540 1690 1993 1759 pimsentabat,et
2019 1691 2173 1759 igno-

581 1776 812 1831 miniose
845 1777 1186 1849 deturpattts,
1216 1797 1338 1836 cum
1384 1783 1552 1836 multo
1600 1784 1819 1854 planctu
1864 1794 2027 1854 atque
2049 1782 2166 1851 eju-

579 1864 717 1935 latu,
744 1877 801 1921 ttt
832 1870 1218 1925 admitteretur
1257 1875 1466 1929 orabat.
1502 1875 1654 1941 Quod
1686 1890 1750 1929 eo
1780 1884 1903 1929 voto
1930 1876 2164 1943 dicebat,

579 1964 642 2010 ut
693 1965 857 2012 tanta:
904 1959 1168 2015 claritatis
1223 1965 1417 2033 gaudia
1467 1965 1665 2034 quibus
1716 1965 2017 2031 invidebat,
2069 1982 2168 2020 suo

580 2062 734 2103 more
762 2050 843 2103 vel
869 2051 920 2103 itt
946 2053 1131 2122 aliquo
1158 2054 1446 2111 obfnscare
1468 2058 1692 2113 valeret.
1728 2077 1748 2111 ι
1784 2058 1851 2117 Et
1881 2060 1950 2123 si,
1984 2061 2077 2121 ait,
2113 2060 2166 2112 in

577 2139 725 2193 nulla
744 2142 987 2198 ecclesiae
1006 2154 1159 2213 parte
1170 2148 1446 2209 adtttittnc.
1462 2150 1513 2203 in
1528 2149 1711 2219 aliquo
1728 2150 1919 2205 saltem
1936 2151 2169 2220 reliqua-

578 2248 701 2289 tum
738 2237 1074 2293 ofﬁcinarum
1113 2241 1232 2297 loco
1266 2244 1552 2313 suscipiar.
1575 2275 1644 2285 -—
1675 2246 1848 2314 Vade,
1875 2247 1971 2311 ait,
2001 2245 2169 2301 Filius

580 2322 839 2395 Virginis,
869 2328 1109 2396 furcifer,
1134 2342 1189 2387 et
1236 2349 1302 2388 ne
1333 2343 1383 2388 te
1414 2349 1534 2390 mea
1577 2338 1817 2405 potentia
1846 2337 2166 2407 prmjudica—

582 2421 696 2467 tum
721 2415 1056 2483 lamenteris,
1083 2431 1228 2476 tenta
1258 2425 1400 2493 quod
1432 2426 1635 2494 poteris
1675 2447 1694 2478 ι
1728 2426 1797 2481 At
1820 2427 1907 2481 ille
1934 2427 2164 2493 solutus,

578 2516 767 2563 arcum
799 2507 1017 2575 capituli
1048 2510 1223 2577 petiit,
1255 2521 1312 2567 et
1349 2514 1557 2584 ingredi
1585 2524 1811 2571 conatus
1834 2532 1940 2571 non
1965 2516 2162 2585 potuit.

579 2592 637 2693 ln
672 2604 877 2650 tantum
920 2615 1153 2668 namque
1174 2613 1225 2657 et
1264 2620 1325 2659 se
1356 2606 1635 2671 tumidum,
1670 2618 1725 2663 et
1747 2609 1965 2677 capituli
1998 2610 2167 2664 intro-

580 2688 713 2736 itum
741 2696 1029 2754 augustum
1054 2688 1279 2758 invenit,
1307 2704 1364 2747 ttt
1388 2695 1695 2753 nullatenus
1724 2699 1927 2754 intrare
1943 2699 2165 2755 valeret.

578 2772 719 2830 Vere
758 2787 965 2834 vetusta
1010 2784 1277 2851 superbia:
1302 2798 1452 2855 peste
1480 2787 1719 2861 inflatus,
1759 2806 1858 2860 per
1905 2791 2164 2846 humilem

576 2866 782 2937 aditum
808 2871 1041 2925 transire
1073 2888 1179 2927 non
1208 2886 1439 2945 poterat,
1489 2881 1616 2949 quia
1658 2896 1765 2935 non
1816 2882 1957 2937 idem
1990 2883 2169 2937 aditus

576 2961 868 3027 superbum
916 2975 1157 3020 erectum
1212 2976 1269 3022 et
1314 2968 1571 3025 humilem
1624 2973 1770 3043 capit
1824 2974 2169 3028 inclinatum.

580 3045 708 3114 inde
732 3050 800 3105 ad
834 3050 1066 3109 fratrum
1097 3058 1473 3114 dormitorium
1518 3077 1763 3131 gressum
1790 3064 2082 3131 convertit,
2113 3072 2169 3117 et

1808 286 1890 343 ε..
1910 284 2105 343 llL'GO
2142 283 2365 341 ΑΒΒΑδ
2388 286 2708 359 unane,

2205 408 2256 468 Α
2287 404 2598 475 pbantasiis
2640 403 2818 461 solitis
2842 417 3012 463 cosse
3040 419 3199 477 posse
3224 406 3517 478 inquietare
3548 410 3773 483 conlidens,

2281 493 2510 549 introire
2564 492 2816 551 tentavit.
2867 493 2974 548 Sed
3019 496 3207 549 eadem
3254 497 3598 565 grossitudine
3625 517 3698 555 sua
3728 508 3774 561 at,

2278 585 2421 641 ostio
2454 583 2703 654 repulsus
2752 584 2998 653 recessit.
3037 580 3372 640 Postremum
3404 588 3468 641 ad
3508 587 3769 649 refectoriutn

2280 675 2509 735 nocendi
2537 691 2691 746 spem
2730 675 2983 739 contulit,
3012 676 3083 733 ibi
3129 687 3347 747 prOpter
3374 677 3670 748 aliquantam
3693 700 3772 739 cor-

2278 783 2472 838 porum
2516 783 2728 829 curam,
2761 768 3021 837 majorem
3047 765 3352 839 suspicatus
3398 771 3633 825 mentium
3671 776 3773 829 incu-

2281 846 2443 917 riam.
2492 862 2565 925 lbi
2619 863 2785 915 etiam
2829 870 2907 923 tot
2936 861 3117 917 obices
3162 862 3463 917 divinorum
3508 879 3568 917 ex
3612 864 3774 923 lectione

2277 954 2587 1018 verborum,
2619 962 2695 1006 tot
2721 953 2901 1006 trabes
2928 967 2993 1005 ex
3026 952 3404 1007 devotionibus
3427 954 3705 1018 auditorum,
3725 969 3775 1012 lot

2277 1044 2533 1116 repagula
2567 1043 2885 1098 olfeuditex
2932 1045 3198 1099 charitate
3240 1045 3341 1098 sibi
3402 1047 3719 1112 servientium,
3737 1062 3775 1103 ut

2275 1137 2424 1192 nullo
2453 1137 2629 1192 modo.
2649 1135 2789 1190 ultra
2831 1137 3127 1207 procedere
3168 1136 3488 1206 praevalens,
3522 1146 3643 1192 retro
3668 1155 3774 1209 coge-

2276 1236 2427 1285 retur
2456 1227 2654 1281 redire.
2681 1225 2773 1281 Sic
2795 1212 3012 1296 quoque
3039 1226 3107 1280 ab
3128 1227 3380 1281 omnibus
3410 1230 3681 1283 monasterii
3698 1230 3774 1284 om-

2283 1320 2423 1373 cinis
2449 1318 2704 1393 reiectus,
2728 1334 2759 1372 a
2798 1333 3035 1388 conspec
3082 1334 3115 1372 n
3142 1319 3370 1387 piissimi
3410 1319 3774 1388 Redemptorisct

2275 1411 2522 1480 gloriosa:
2572 1409 2807 1479 Virginis
2866 1409 3079 1485 Matris,
3132 1425 3254 1464 cum
3315 1425 3382 1463 ea
3412 1425 3515 1479 qua
3550 1411 3773 1479 digtmsest

2275 1500 2612 1562 confusione,
2658 1500 2886 1571 pestifer
2909 1500 2996 1554 ille
3020 1499 3264 1553 recessit.
3287 1499 3445 1553 Cauti
3476 1500 3620 1569 igitur
3639 1510 3773 1564 estote,

2273 1598 2329 1644 et
2361 1591 2653 1659 immensas
2666 1589 2869 1657 gratias
2892 1587 3246 1657 omnipotenti
3274 1588 3774 1641 aetnisericordinimo

2279 1680 2549 1736 Salvatori
2579 1682 2742 1751 agite,
2775 1681 2866 1751 qui
2907 1691 2963 1734 ct
2993 1679 3388 1751 ncquissimum
3413 1679 3604 1732 hostem
3630 1694 3654 1732 a
3674 1679 3775 1732 vobis

2198 1764 2242 1824 Β
2272 1774 2501 1845 expulit,
2552 1782 2605 1827 et
2665 1754 3111 1843 ipse‘nobiscum
3158 1768 3256 1844 [αι.
3308 1769 3598 1843 vobiscum]
3637 1770 3777 1825 festum

2275 1883 2431 1922 suum
2464 1867 2839 1922 celebraturus
2862 1866 3146 1921 remansit.
3176 1864 3305 1920 Haec
3336 1880 3368 1920 a
3392 1874 3571 1919 sancto
3592 1866 3682 1918 vim
3699 1865 3773 1917 fra-

2273 1960 2450 2012 tribus
2477 1959 2643 2023 dicta,
2680 1956 2979 2012 furentium
3012 1958 3275 2021 adversus
3300 1961 3482 2012 locum
3505 1958 3651 2027 ipsum
3672 1955 3778 2008 mali.

2270 2064 2498 2118 guorum
2529 2048 2817 2119 spirituum
2849 2049 3144 2103 ostendunt
3176 2049 3499 2117 nequitiam,
3536 2062 3591 2100 ac
3626 2047 3776 2099 Domini

2270 2128 2517 2203 eumdem
2550 2142 2879 2212 protegentis
2907 2140 3273 2195 clementiam.
3299 2141 3404 2207 Qui
3430 2155 3634 2209 nequam
3653 2141 3778 2201 hostes

2277 2234 2531 2303 quamvis
2571 2232 2842 2287 universis
2867 2233 3196 2303 generaliter
3219 2234 3611 2295 insidiarentur,
3631 2232 3777 2284 ιιειτὶιιιι·

2272 2335 2454 2398 tamen
2479 2325 2764 2381 conversis
2800 2325 3033 2394 amplius
3058 2324 3239 2379 infesti
3267 2325 3561 2379 instabant.
3589 2321 3778 2376 Dolebam

2268 2417 2488 2488 quidem
2537 2427 2923 2481 veteranorum
2978 2416 3322 2489 profectibus
3375 2416 3675 2475 invidentes,
3713 2414 3775 2466 sed

2268 2511 2507 2565 tironum
2530 2509 2878 2580 superaddita
2900 2496 3273 2572 conversione,
3310 2508 3470 2579 quasi
3506 2505 3672 2562 recenti
3696 2518 3776 2557 sus-

2268 2611 2429 2674 cepto
2475 2603 2725 2668 vulnere,
2756 2604 2940 2658 acrius
2964 2603 3411 2675 indignabantur.
3436 2600 3501 2655 Et
3526 2600 3645 2652 velut
3668 2596 3771 2664 longi

2270 2681 2531 2768 temporis
2558 2697 2961 2767 desperatione,
2992 2697 3194 2767 prioris
3219 2696 3422 2765 praedae
3443 2692 3595 2764 spolia
3621 2699 3777 2759 postpo-

2272 2798 2489 2856 nentes,
2512 2797 2703 2851 contra
2730 2803 2793 2851 ea
2824 2802 2945 2857 qua:
2973 2787 3041 2842 ab
3080 2787 3258 2849 oculis
3304 2785 3646 2857 rapiebantur,
3670 2780 3779 2846 longe

2273 2878 2654 2933 vehementius
2676 2878 3132 2932 accendebantur.
3163 2876 3306 2931 Ilinc
3333 2864 3582 2930 adversus
3613 2868 3777 2923 ηθῐὶιὶοδ

2273 2970 2413 3024 bella
2441 2969 2615 3022 valida
2646 2966 3080 3028 commovebant,
3116 2967 3246 3021 hinc
3288 2971 3703 3020 tentamentoram
3723 2953 3777 3007 tli-

2273 3060 2448 3113 versis
2471 3058 2592 3117 telis
2617 3057 2836 3123 armati,
2872 3058 3001 3125 totis
3026 3058 3107 3113 eis
3126 3057 3421 3125 conatibus
3450 3050 3729 3125 insistebant.

581 3192 3748 3233 Μ

1578 3353 2313 3469 DONATION
2330 3351 2491 3465 ES
2574 3350 2849 3464 Ple

1188 3574 1789 3639 CLUNIACENSIBUS
1824 3575 2076 3632 FACTA}
2117 3575 2250 3632 SUB
2274 3577 2606 3634 REGIMINE
2643 3577 2893 3636 SANCTI
2930 3577 3268 3650 HUGONIS.

1327 3878 1366 3932 l.

558 3970 765 4042 Charta
792 3967 968 4024 I’outii
984 3970 1187 4024 comitis
1202 3971 1269 4024 de
1295 3972 1505 4028 abbatia
1534 3975 1871 4033 .lloiziacensi
1902 3976 2156 4034 Cluniaco

1192 4042 1539 4111 subjicienda.

1106 4131 1283 4201 (Circa
1310 4151 1397 4187 an.
1443 4134 1625 4205 1060.)

816 4219 982 4291 [Galh
1018 4222 1141 4274 Chr.
1177 4238 1325 4285 nov.,
1361 4224 1613 4280 lustrum.
1643 4226 1684 4291 l,
1718 4243 1770 4296 p.
1802 4228 1868 4281 57
1901 4229 1917 4301 j

639 4312 897 4378 Quamvis
923 4313 1215 4378 apostolica
1257 4317 1607 4381 pronuntient
1652 4321 1815 4373 verba
1854 4323 1995 4391 quod
2049 4338 2153 4377 non

568 4403 642 4459 sit
698 4402 802 4456 nisi
859 4418 887 4456 a
931 4404 1039 4456 Deo
1080 4412 1339 4472 potestas,
1391 4408 1573 4476 aliqua
1601 4418 1779 4465 tamen
1812 4414 1878 4467 de
1914 4415 2158 4483 reprobis

482 4520 483 4523 η
567 4508 748 4548 sermo
769 4493 985 4549 divinus
1015 4511 1111 4565 per
1144 4497 1460 4565 prophetam
1498 4501 1719 4568 indicat,
1760 4503 1946 4560 dicens
1992 4525 2003 4560 :
2044 4505 2156 4577 ipsi

564 4598 934 4657 regnaverunt,
965 4590 1054 4640 sed
1085 4604 1188 4641 non
1218 4604 1284 4641 c1:
1310 4605 1426 4652 me;
1456 4591 1713 4660 principes
1751 4596 2080 4664 exstiterunt,
2106 4608 2156 4653 et

563 4694 667 4734 non
697 4679 932 4748 cognovi.
964 4678 1170 4755 ldcirco
1198 4679 1419 4736 Pontius
1446 4682 1724 4739 Tolosanae
1762 4686 1908 4741 urbis
1945 4704 2151 4755 comes,

560 4784 630 4833 ne
659 4771 713 4824 in
754 4787 981 4825 numero
1006 4771 1153 4826 male
1194 4775 1536 4843 regnantium
1573 4792 1601 4829 a
1624 4776 1774 4846 justo
1796 4778 2003 4833 arbitro
2047 4782 2156 4837 Deo

560 4862 809 4925 districte
837 4865 991 4932 quasi
1012 4880 1115 4917 non
1142 4864 1211 4917 ab
1228 4880 1294 4919 eo
1317 4867 1532 4936 agnitus
1561 4868 1854 4937 dijudicer;
1880 4872 2157 4925 communi

560 4966 626 5031 ac
649 4954 853 5028 salubri
887 4957 1118 5011 consilio
1153 4959 1336 5012 uxoris
1361 4960 1817 5023 meteAd-almodis
1838 4964 2151 5029 comitissze,

559 5062 624 5101 ac
658 5048 964 5119 principum
1007 5050 1139 5111 mihi
1194 5050 1558 5118 subditorum,
1584 5055 1913 5110 venerabilis
1944 5056 2155 5113 scilicet

558 5135 818 5207 Bernardi
872 5140 1228 5206 Caturcensis
1267 5143 1530 5213 episcopi,
1585 5134 1795 5200 necnon
1860 5146 2150 5215 Gausberti

2190 3860 2232 3915 (ἶ
2266 3874 2687 3944 diligentiusque
2722 3875 3077 3930 custodiatur.
3113 3874 3458 3947 Quapropter
3480 3876 3587 3933 volo
3622 3884 3773 3929 utcunv.

2262 3964 2367 4019 ctis
2404 3965 2540 4019 meis
2585 3966 2995 4022 successoribus
3025 3975 3288 4035 Patescat,
3317 3968 3464 4036 quod
3494 3982 3583 4037 ego
3622 3979 3771 4033 prauo-

2262 4055 2522 4109 minatam
2580 4055 2854 4110 abbatiam
2906 4055 2967 4112 S.
3027 4056 3173 4112 Petri
3215 4057 3575 4112 Moisiacensis
3603 4052 3777 4110 oenotri

2260 4147 2617 4216 omnipotenti
2656 4147 2790 4210 Deo,
2821 4154 2877 4200 et
2904 4148 3108 4202 sanctis
3129 4148 3396 4216 apostolis
3431 4148 3578 4201 Petro
3595 4154 3639 4199 et
3658 4140 3771 4196 Paulo

2262 4238 2499 4303 dimitto,
2524 4255 2734 4293 necnon
2766 4248 2821 4294 et
2850 4240 3048 4295 seniori
3067 4241 3397 4296 charissimo
3419 4243 3599 4295 domno
3622 4230 3768 4303 llugoni

2262 4330 2445 4385 abbati
2485 4330 2794 4396 Cluniensi,
2846 4334 2960 4386 sive
3023 4334 3232 4397 cunctis
3278 4322 3655 4389 successoribus
3694 4327 3771 4380 suis

2264 4422 2316 4476 in
2368 4425 2487 4477 loco
2515 4422 2859 4485 Cluniacensi
2892 4423 3111 4490 futuris,
3140 4427 3442 4481 secundum
3488 4421 3698 4491 Regulam
3730 4417 3766 4467 δι

2250 4512 2536 4568 Benedicti
2584 4515 2943 4570 ordinandam
2995 4517 3049 4570 in
3100 4526 3423 4587 perpetuum
3466 4516 3603 4570 trado
3639 4521 3765 4566 coram

2263 4606 2517 4660 testibus.
2551 4608 2755 4677 Siquis
2784 4617 2966 4663 autem
3009 4618 3293 4678 parentum
3345 4609 3427 4664 vel
3476 4612 3767 4662 summum

2259 4711 2524 4761 meorum,
2548 4705 2641 4750 aut
2672 4698 2987 4768 quicunque
3009 4700 3287 4753 hominum
3314 4709 3439 4769 post
3464 4692 3605 4752 linem
3626 4706 3766 4748 metm.

2260 4784 2373 4839 sive
2407 4795 2526 4854 post
2570 4787 2872 4842 discessum
2910 4788 3201 4844 Gauzberti
3237 4791 3494 4861 principis
3534 4788 3668 4847 illius.
3706 4779 3765 4847 qni

2259 4880 2531 4933 secundus
2557 4895 2587 4933 a
2622 4895 2708 4932 me
2735 4879 2787 4933 in
2826 4880 3038 4934 abbatia
3073 4881 3159 4935 illa
3190 4897 3335 4937 nunc
3366 4895 3485 4937 esse
3514 4881 3701 4935 videtur,
3733 4879 3768 4921 et

2260 4969 2428 5023 abbas
2474 4982 2718 5035 vocatur,
2756 4972 2895 5026 hanc
2945 4988 3119 5027 meam
3162 4974 3463 5029 cessionem
3510 4972 3769 5032 disruntlme

2260 5075 2581 5131 quocunque
2623 5064 2784 5116 modo
2830 5064 3216 5128 adtentaverit,
3267 5067 3413 5133 quod
3453 5062 3558 5118 ﬁeri
3606 5054 3766 5112 stnninn

2261 5151 2361 5206 sub
2388 5154 2751 5209 obtestatione
2782 5152 2972 5222 judicii
3017 5154 3111 5209 Dei
3151 5156 3429 5225 prohibeo,
3462 5140 3767 5217 omnipou‘nlis

559 5227 772 5287 abbatis
800 5233 1083 5296 nominati,
1114 5232 1625 5305 Willelmiquoque,
1664 5253 1726 5291 ac
1759 5237 2012 5295 Fuleonis
2040 5241 2153 5297 fra-
2187 5233 2233 5288 Ι)
2260 5242 2353 5297 Dei
2387 5243 2589 5298 virtute
2611 5245 3050 5308 examinandum,
3083 5254 3137 5299 et
3164 5261 3314 5315 papa:
3348 5244 3597 5303 Romano,
3617 5242 3767 5291 necnon

560 5318 662 5372 tris
690 5322 805 5389 ejus
834 5324 1083 5377 consultu
1112 5327 1327 5391 decrevi
1350 5339 1408 5380 ut
1431 5329 1648 5384 abhatia
1677 5330 1736 5385 S.
1768 5330 1915 5386 Petri
1938 5332 2153 5388 Moisia-

557 5414 739 5473 censis
785 5419 1054 5482 cmnobii,
1092 5435 1255 5489 quam
1300 5435 1401 5492 ego
1445 5421 1744 5488 hactenus,
1797 5432 1855 5479 et
1899 5433 2152 5495 parentes

559 5505 685 5565 mei,
720 5519 816 5561 seu
847 5509 1275 5575 prmdecessores
1330 5513 1435 5567 mei
1484 5516 1711 5571 comites
1754 5512 2043 5589 Tolosam,
2082 5517 2150 5573 de

554 5598 808 5653 manibus
838 5613 1025 5670 regum
1056 5601 1391 5659 Francorum
1424 5608 1524 5662 visi
1552 5624 1741 5664 sumus
1770 5608 1827 5677 in
1876 5607 1977 5675 fori
2025 5608 2149 5677 jure

551 5690 757 5757 habere
788 5696 847 5745 ct’
870 5692 1176 5763 possidere,
1215 5696 1471 5769 deinceps
1495 5699 1548 5755 in
1580 5700 1923 5757 Dei-servitio
1947 5701 2149 5756 rectius

2261 5348 2314 5393 et
2347 5338 2679 5394 Francorum
2720 5341 2832 5410 regi
2868 5341 2935 5394 ad
2984 5354 3213 5409 quorum
3272 5341 3542 5393 tuitionem
3577 5327 3765 5403 praelatus

2260 5431 2409 5499 locus
2440 5430 2728 5486 Moisiacus
2778 5432 3046 5502 pertinet,
3100 5431 3523 5501 distringendum
3566 5420 3764 5513 reliva

2260 5521 2373 5593 Ego
2407 5536 2539 5575 vero
2570 5521 2709 5576 hanc
2740 5520 3153 5592 inscriptionem
3186 5518 3442 5575 cessionis
3462 5516 3513 5570 in
3536 5514 3765 5573 manum

2257 5610 2384 5666 dicti
2428 5610 2643 5665 abbatis
2685 5611 2869 5666 domni
2909 5611 3175 5679 llugonis,
3214 5610 3458 5664 adstante
3498 5601 3761 5690 omni

2259 5710 2423 5755 ventu
2456 5701 2696 5771 ejusdem
2733 5698 3071 5765 monasterii,
3101 5699 3184 5753 cui
3230 5707 3440 5779 praeest,
3468 5706 3578 5751 mea
3603 5688 3764 5742 είαυτν
