3928 6298
118 328 239 405 987

1014 341 1469 402 DIVERSOBUM
1506 335 1945 403 DONATIONES
1984 338 2117 396 PIIE
2155 342 2292 400 PRO
2318 342 2638 410 CLUMAC.

3307 345 3415 415 οδι

119 478 223 527 ne,
270 469 328 515 et
371 458 749 530 praenominati
796 459 1071 517 Bernardi
1109 458 1458 515 Caturcensis
1483 454 1719 527 episcopi
1748 453 1801 515 Δ
1827 456 2057 513 venerit.
2095 457 2172 514 Eo
2196 466 2383 514 tenore
2413 467 2472 513 ut
2498 458 2641 515 hanc
2682 456 3029 516 donationem
3067 468 3122 517 et
3166 459 3417 521 traditio-

116 553 199 628 ad
228 551 383 621 cujus
412 550 694 623 digecesim
724 550 920 613 attinet
970 549 1122 606 locus
1148 550 1250 607 iste
1294 549 1723 606 consecratione.

116 642 424 699 Durannus
443 640 612 698 abbas
641 650 695 698 et
723 641 1026 711 monachus
1048 641 1425 709 Cluniacensis
1452 642 1505 696 in
1533 641 1621 697 die
1644 656 1725 697 so-

126 732 437 788 lemnitatis
488 740 801 787 sanctorum
830 732 1134 803 principum
1174 732 1539 805 apostolorum
1580 728 1723 788 Petri

119 833 186 879 et
221 823 374 879 Pauli
423 837 616 889 manu,
659 836 787 891 ore,
824 825 989 881 corde
1037 823 1298 882 conﬁrmo
1337 835 1499 896 atque
1538 840 1725 882 corro-

121 913 289 969 boro.
698 918 702 922 ‘

202 1008 515 1064 Bernardus
547 1007 836 1079 episcopus
852 1008 1205 1065 Caturcensis
1227 1010 1484 1065 ﬁrmavit.

201 1098 516 1155 Adalmodis
544 1100 820 1155 comitissa
853 1102 1107 1155 lirmavit.

197 1190 539 1247 Gauzbertus
555 1192 695 1247 abba
728 1191 980 1246 ﬁrmavit.

200 1280 509 1337 Willelmus
543 1292 904 1353 cognomento
936 1282 1399 1339 Miscens-malum
1425 1283 1681 1339 ﬁrmavit.

194 1370 367 1428 Fulco
390 1371 562 1427 frater
584 1373 703 1442 ejus
727 1373 1093 1432 conﬁrmavit.

198 1464 395 1535 patum
441 1464 543 1519 sub
578 1464 666 1519 die
709 1480 769 1520 ιιι
803 1464 1072 1521 Kalendas
1101 1465 1272 1531 Junii,
1304 1482 1364 1521 ιιι
1394 1468 1550 1533 feria,
1591 1468 1719 1524 Phi-

110 1553 269 1625 lippo
309 1570 433 1625 rege
461 1555 820 1616 Francorum.

109 1752 417 1831 gtlemarus
449 1756 729 1831 ciceronis:
770 1756 1152 1831 Lemovicensis
1177 1770 1227 1831 et
1259 1759 1559 1831 Humbergq
1601 1763 1714 1831 ejus

190 1840 331 1885 uror
381 1828 581 1879 donant
622 1828 889 1883 abbatiam
938 1828 1124 1883 Sancti
1175 1829 1444 1886 Martialis
1495 1828 1715 1893 'Httq'oni

190 1894 375 1961 abbati
400 1895 756 1951 Cluniacensi.

719 1989 901 2059 (Anno
933 1988 1118 2059 1062.)

380 2074 603 2148 [BALUL
644 2076 895 2142 Miscell.,
926 2080 1012 2134 ed.
1048 2078 1202 2145 Luc.,
1232 2080 1273 2145 Ι,
1311 2081 1460 2154 123.]

187 2165 450 2247 Noverint
493 2154 699 2232 omnes
735 2178 940 2224 sancta:
987 2169 1178 2225 matris
1224 2171 1481 2226 Ecclesia:
1514 2172 1605 2228 ﬁlii
1650 2191 1717 2230 ac

109 2260 325 2338 ﬁdeles,
363 2270 467 2313 tam
514 2262 796 2331 praesentis
839 2278 998 2331 quam
1042 2262 1208 2317 futuri
1260 2266 1714 2336 temporis,quod

107 2368 218 2421 ego
241 2351 547 2428 Ademarus
576 2353 878 2427 vicecomes
900 2352 1304 2420 Lemovicensis
1330 2356 1475 2410 dono
1502 2355 1713 2427 ﬂugoui

107 2439 299 2494 abbati
331 2439 706 2503 Cluniacensis
738 2443 1052 2498 monasterii
1084 2444 1448 2515 omnibusque
1488 2461 1712 2504 succes-

114 2534 342 2588 soribus
377 2532 495 2612 ejus
526 2535 814 2600 abbatibus
844 2536 935 2605 qui
982 2536 1123 2591 idem
1170 2539 1559 2594 monasterium
1590 2539 1714 2594 Clu-

106 2623 373 2690 niacense
431 2624 757 2703 regulariter
812 2626 1194 2701 gubernabunt
1247 2629 1388 2683 dono
1439 2640 1495 2685 et
1557 2632 1713 2688 trado

108 2715 395 2769 abbatiam
441 2703 624 2771 Sancti
671 2716 933 2797 Martialis
981 2716 1383 2797 Lemoviceusis
1424 2737 1544 2776 cum
1584 2738 1711 2789 eon-

106 2822 281 2877 sensu
324 2816 377 2863 et
418 2809 744 2864 auctoritate
772 2793 973 2875 domui
998 2793 1157 2879 iliterivi
1193 2812 1436 2882 ejusdem
1473 2815 1713 2872 civitatis

106 2899 353 2968 episcopi
399 2900 898 2975 cauonicorumque
944 2902 1063 2972 ejus
1107 2917 1317 2957 necnon
1374 2912 1429 2958 et
1468 2903 1711 2975 conjugis

107 3003 253 3061 meae
300 2988 584 3057 Umbergre
628 2989 975 3069 ﬁliorumque
1024 3006 1268 3063 meorum
1306 3004 1360 3046 et
1390 2994 1710 3063 optimatum

108 3077 178 3131 ob
211 3078 602 3149 indulgentiam
632 3090 981 3149 peccatorum
1008 3091 1317 3155 nostrorum
1342 3094 1395 3137 et
1424 3095 1708 3155 parentum
1738 3133 1782 3157 η

107 3177 449 3235 nostrorum,
479 3180 535 3225 et
561 3173 801 3249 maxime
824 3187 1011 3228 eormn
1036 3188 1156 3242 quae
1184 3174 1249 3228 de
1276 3174 1464 3247 eadem
1494 3175 1709 3249 abbatia

107 3259 519 3329 contraximus,
570 3248 979 3319 consentientes
1028 3266 1327 3339 monachos
1372 3267 1567 3325 ibidem
1618 3271 1710 3325 de-

108 3361 304 3423 gentes
346 3370 451 3427 non
501 3357 795 3413 secundum
842 3359 1082 3429 regulam
1109 3360 1282 3414 sancti
1325 3360 1598 3418 Benedicti
1633 3364 1711 3417 vi-

108 3456 266 3509 vere,
298 3454 355 3499 et
392 3446 698 3502 animarum
750 3450 993 3518 regimen
1046 3450 1355 3507 Simoniace
1406 3456 1712 3519 ementibus

107 3534 405 3591 abbatibus
453 3539 769 3594 vendentes.
811 3540 983 3607 Quam
1017 3541 1265 3596 haeresim
1298 3559 1422 3599 cum
1456 3544 1522 3599 ab
1554 3547 1714 3619 initiq

112 3624 395 3687 nascentis
425 3622 681 3681 Ecclesia:
710 3625 904 3683 beatus
938 3628 1133 3683 Petrus
1160 3633 1525 3700 apostolorum
1562 3636 1710 3703 priu—

109 3726 246 3781 ceps
292 3713 344 3766 in
396 3714 510 3784 ipso
561 3732 659 3772 suo
712 3720 889 3788 capite
921 3721 1264 3790 exstinxerit,
1306 3739 1476 3793 nuper
1528 3738 1708 3789 tamen

112 3812 339 3875 sanctus
370 3804 481 3861 Leo
513 3823 651 3879 papa
683 3819 737 3864 et
769 3824 959 3866 omnes
991 3812 1246 3884 deinceps
1283 3813 1400 3883 ejus
1430 3831 1711 3873 successo-

110 3911 201 3952 res
252 3908 516 3968 perpetuo
571 3903 915 3960 anathemate
951 3905 1384 3973 damnaverunt;
1439 3910 1710 3979 paenitens

112 3986 281 4057 igitur
323 3993 724 4060 praeteritorum
766 4009 1091 4051 excessuum
1138 4014 1402 4063 meorum,
1443 4011 1498 4055 et
1535 4002 1707 4056 conﬁ-

113 4077 250 4132 dens
295 4079 536 4173 eju’sdem
586 4083 798 4139 abbatis
852 4100 1229 4143 successorum
1277 4090 1395 4160 ejus
1444 4092 1706 4147 industria

112 4168 363 4237 eamdem
413 4173 689 4228 abbatiam
748 4175 933 4232 Sancti
985 4178 1243 4233 Martialis
1288 4182 1355 4234 ad
1406 4181 1707 4252 regularem

112 4258 389 4313 tramitem
440 4278 601 4330 posse
658 4266 866 4330 reduci,
926 4278 981 4321 et
1029 4269 1400 4324 detestabilem
1459 4268 1706 4327 haeresim

113 4349 508 4418 Simoniacam,
527 4354 635 4410 Deo
659 4356 968 4426 adjuvante,
992 4359 1233 4415 funditus
1252 4362 1630 4430 expelli,dono
1654 4375 1708 4418 et

1828 558 1952 600 nem
2001 561 2190 605 omnes
2238 564 2584 606 ειιεεθεεοτθε
2635 550 2742 605 ιιιθί
2792 552 3117 608 conﬁrment
3168 562 3221 608 et
3272 552 3414 614 hanc

1820 647 2038 694 cartam
2066 639 2285 695 laudent
2311 651 2367 696 et
2394 642 2756 711 auctorizent,
2799 650 2856 698 et
2904 642 3020 698 haec
3057 642 3280 697 traditio
3320 662 3416 702 no-

1826 740 1961 793 stra,
1996 738 2058 784 ut
2080 730 2289 786 stabilis
2317 741 2373 787 et
2404 731 2718 787 iuconvulsa
2747 742 3085 803 permaneat,
3117 733 3413 803 apostolica

1819 819 2150 879 auctoritate
2184 820 2447 875 ﬁrmetur.
2479 821 2632 889 Quod
2667 820 2711 876 si
2751 836 2851 891 ego
2898 830 2992 875 aut
3034 812 3417 891 successorum

1824 925 2069 967 meorum
2118 910 2317 980 aliquis
2374 911 2514 973 hanc
2568 913 2915 967 traditionem
2973 913 3269 984 infringere
3320 922 3416 975 aut

1823 998 2200 1059 contradicere
2226 998 2476 1063 voluerit,
2507 1000 2645 1054 iram
2670 1001 2762 1055 Dei
2789 1002 3180 1070 omnipotentis
3208 1011 3262 1058 et
3286 1018 3418 1057 aua-

1824 1089 2003 1144 thema
2033 1099 2348 1162 perpetuum
2384 1091 2646 1155 incurrat,
2683 1101 2738 1149 et
2769 1092 3024 1161 praefatus
3050 1094 3201 1164 llugo
3246 1096 3414 1149 abbas

1819 1191 1877 1237 et
1912 1197 2257 1240 successores
2297 1182 2414 1253 ejus
2453 1183 2594 1253 apud
2630 1184 2879 1254 ejusdem
2925 1186 3162 1255 civitatis
3202 1187 3415 1256 cpiscos

1820 1287 1947 1344 pum
1975 1283 2030 1329 et
2059 1291 2248 1331 omnes
2271 1276 2616 1331 Christianos
2639 1284 2695 1331 et
2725 1278 2999 1346 prxecipue
3031 1276 3171 1349 apud
3195 1270 3414 1347 aposto-

1820 1361 1979 1417 licam
2010 1365 2195 1420 sedem
2220 1366 2417 1421 habeat
2443 1374 2767 1434 potestatem
2796 1363 3149 1419 reclamaudi.

1824 1510 1831 1513 _
1892 1449 2058 1507 Facta
2090 1462 2175 1507 est
2202 1462 2381 1507 autem
2423 1454 2537 1507 haec
2578 1452 2803 1506 traditio
2834 1453 2886 1505 in
2919 1453 3055 1507 urbe
3091 1453 3286 1508 eadem
3314 1450 3416 1507 Le-

1820 1544 2113 1599 movicensi
2160 1560 2305 1599 anno
2356 1543 2752 1599 lncarnationis
2796 1544 3088 1598 Dominicm
3136 1543 3294 1609 1062,
3328 1543 3417 1597 in-

1816 1636 2056 1711 dictione
2095 1652 2194 1702 xv,
2247 1644 2506 1707 regnante
2559 1634 2803 1711 Philippo
2869 1633 3199 1688 Francorum
3256 1648 3406 1703 rege,

1818 1743 1963 1783 anno
2002 1744 2063 1783 ιι.
2106 1726 2272 1796 Cujus
2313 1727 2616 1782 traditionis
2669 1727 3080 1787 couﬁrmatores
3126 1736 3182 1801 et
3230 1728 3413 1802 cousi-

1748 1796 1792 1851 Β
1819 1827 2072 1888 guatores
2099 1827 2155 1872 et
2177 1827 2339 1872 testes
2378 1816 2451 1870 hii
2481 1826 2604 1871 sunt
2631 1833 2644 1869 :

1888 1909 1945 1962 In
1974 1909 2166 1978 primis
2190 1908 2382 1963 [terius
2403 1909 2689 1977 episcopus
2711 1905 2980 1976 signavit.

1890 1983 2195 2055 A'demarus
2238 2000 2545 2054 vicccomes
2587 2000 2826 2070 signavit
2868 2015 2991 2054 cum
3022 2010 3256 2070 quatuor
3288 1996 3417 2068 ﬁliis

1818 2092 1950 2158 suis,
1976 2078 2200 2147 et'uxor
2231 2091 2346 2161 ejus
2379 2091 2667 2160 Umberga.

1817 2293 2066 2364 Eraclius
2107 2297 2377 2364 episcopus
2415 2306 2465 2350 et
2503 2296 3006 2364 Bernardnsicumes
3038 2298 3411 2350 monasterium

1886 2363 2037 2418 Beati
2066 2364 2261 2419 Felicis
2281 2363 2328 2419 et
2366 2366 2549 2420 Sancti
2575 2364 2763 2419 Licerii
2795 2363 3131 2425 Cluniacensi
3152 2375 3413 2420 monaste-

1890 2436 1969 2489 rio
2005 2436 2320 2489 concedunt.

2417 2526 2594 2597 (Anno
2631 2526 2815 2598 1064.)

2080 2619 2302 2691 [ΒΑιιιῑ.
2331 2617 2579 2682 Miscell.,
2607 2619 2696 2672 ed.
2726 2618 2881 2681 Luc...
2915 2618 2997 2681 III,
3027 2618 3142 2689 48.]

1885 2707 1998 2778 Ego
2024 2708 2316 2772 EBACLIUS,
2347 2708 2439 2761 Dei
2465 2709 2634 2777 gratia
2660 2708 2997 2777 Bigorrensis
3022 2710 3276 2763 Ecclesiae
3299 2712 3413 2782 epis

1815 2813 2034 2869 scopus,
2060 2809 2113 2853 et
2131 2798 2450 2852 Bsnnsaous
2464 2797 2801 2866 Bigorrensis
2813 2814 3022 2864 eomes,
3036 2801 3431 2883 desideramus.

1814 2900 1870 2945 et
1898 2904 2150 2957 rogamus
2178 2904 2368 2944 omnes
2392 2887 2599 2943 Christi
2628 2889 2819 2945 ﬁdeles
2851 2898 2961 2943 tam
2997 2892 3208 2946 futuros
3242 2908 3405 2961 quam

1814 2989 2112 3051 praesentes
2139 2988 2198 3033 ut
2222 2980 2333 3033 sint
2361 2988 2527 3034 testes
2566 2988 2624 3034 et
2658 2980 2900 3035 fautores
2934 2980 3134 3050 negotii
3167 2982 3312 3052 quod
3353 2982 3409 3051 in

1815 3070 2230 3139 praesentiarum
2260 3069 2457 3124 dicturi
2489 3084 2698 3124 sumus.

1885 3163 1965 3217 Ex
1992 3162 2308 3217 haereditate
2336 3170 2620 3231 parentum
2656 3172 2963 3217 nostrormn
2992 3164 3299 3218 devolutum
3325 3173 3411 3237 est

1815 3254 1880 3311 ad
1913 3255 2307 3324 possessionem
2341 3266 2580 3309 nostram
2614 3256 3008 3309 monasterimu
3044 3257 3096 3310 in
3131 3257 3407 3310 territorio

1814 3346 2122 3415 Bigorrensi
2172 3348 2360 3411 situm,
2404 3348 2547 3416 quod
2586 3359 2669 3401 est
2710 3358 3083 3401 constructum
3118 3349 3169 3402 iu
3204 3350 3409 3403 honore

1811 3434 1954 3489 beati
1985 3435 2181 3493 Felicis
2213 3438 2467 3507 martyris
2501 3446 2557 3492 et
2596 3438 2735 3491 beati
2767 3436 2961 3492 Licerii
2993 3438 3325 3495 confessoris
3353 3450 3409 3510 et

1773 3521 1786 3531 ’
1812 3527 2071 3601 episcopi.
2104 3527 2158 3580 lu
2193 3528 2297 3582 hoc
2326 3544 2391 3582 ex
2429 3528 2598 3581 multo
2643 3538 2883 3598 tempore
2911 3530 3265 3601 congregatio
3307 3530 3407 3599 fuit

1811 3618 2224 3689 monachorum.
2260 3617 2365 3675 Sed
2395 3635 2494 3690 pro
2523 3622 2759 3690 peccatis
2791 3621 2994 3677 nostris
3015 3637 3113 3692 per
3140 3622 3407 3678 incuriam

1812 3720 2055 3771 nostram
2086 3720 2143 3766 et
2180 3712 2408 3773 aliarum
2450 3728 2805 3781 personarum
2850 3717 2916 3770 ad
2954 3731 3185 3785 quarum
3215 3730 3409 3787 curam

1812 3811 1869 3856 et
1915 3802 2328 3872 dispositionem
2376 3806 2517 3859 idem
2561 3809 2950 3862 monasterium
2984 3806 3245 3877 pertinuit
3296 3822 3405 3873 non

1812 3893 1885 3947 ita
1910 3894 2126 3949 valebat
2148 3896 2220 3965 ibi
2246 3895 2512 3967 regularis
2532 3896 2813 3967 disciplina
2839 3908 2894 3952 et
2913 3899 3048 3952 ordo
3073 3899 3406 3954 mouasticus

1810 3998 1872 4042 ut
1898 3987 1981 4043 vel
2013 3988 2121 4044 Deo
2152 3988 2392 4059 placeret
2421 3988 2502 4045 vel
2548 3990 2705 4044 nobis
2736 3991 2802 4043 ad
2834 3990 3060 4044 salutem
3093 3993 3404 4045 animarum

1811 4090 2117 4135 nostrarum
2150 4082 2453 4151 expediret.
2485 4081 2672 4137 Visum
2701 4091 2784 4136 est
2814 4096 2945 4151 ergo
2976 4082 3133 4135 nobis
3160 4097 3404 4153 quaerere

1812 4173 2097 4227 consilium
2130 4182 2184 4227 et
2225 4173 2481 4226 auxilium
2512 4174 2694 4228 domui
2725 4174 2962 4243 llugonis
2995 4175 3273 4229 revereudi
3306 4176 3403 4229 ιιι).

1809 4262 1951 4317 batis
1978 4271 2035 4317 et
2078 4264 2314 4333 regentis
2347 4263 2479 4317 illud
2504 4263 2867 4319 reverendum
2897 4263 3184 4335 collegium
3216 4280 3404 4329 monaf

1811 4356 2035 4411 chorum
2091 4354 2353 4410 Cluniaco
2404 4364 2886 4427 congregatorum,
2939 4370 3037 4426 per
3087 4354 3244 4423 hujus
3298 4356 3401 4412 loci

113 4443 271 4495 trado
312 4444 626 4510 pnediclam
671 4448 941 4504 ahbatiam
977 4452 1233 4522 prtcdiclo
1262 4452 1473 4524 llugoni
1525 4457 1703 4511 abbati

1819 4447 2037 4502 abbates
2084 4462 2207 4501 cum
2248 4446 2507 4517 pleraque
2559 4448 2889 4503 monasteria
2938 4458 3246 4504 restaurata
3295 4450 3407 4503 sint

112 4534 473 4605 omnibusque
518 4543 925 4597 successoribus
964 4544 1081 4614 cjus
1126 4547 1414 4607 abbatibus
1446 4550 1707 4621 regulari-

115 4632 197 4680 ter
240 4628 553 4684 vrventihus
604 4631 859 4703 deinceps
908 4644 1176 4705 perpetuo,
1209 4640 1613 4709 possidendam,
1651 4649 1707 4694 et

113 4717 348 4774 abbates
376 4737 513 4790 quos
541 4723 714 4778 eidem
740 4726 858 4780 loco
892 4740 999 4782 tam
1034 4730 1149 4797 ipse
1175 4747 1336 4801 quam
1360 4747 1706 4788 successores

112 4807 230 4876 ejus
258 4809 620 4877 praeleceriut,
651 4814 715 4879 si,
746 4818 889 4884 quod
921 4820 1083 4887 absit,
1116 4836 1213 4888 pro
1246 4821 1384 4874 mala
1416 4838 1703 4877 conversa-

114 4896 265 4954 tione
315 4904 625 4957 removendi
687 4904 907 4973 fueriut,
948 4910 1061 4978 ipse
1110 4920 1163 4964 ct
1208 4926 1554 4967 successores
1588 4912 1704 4981 ejus

113 4990 477 5073 submoveant
523 5009 653 5069 eos,
710 5007 764 5050 et
814 4998 1066 5053 meliores
1122 5001 1452 5056 substituant
1498 5004 1713 5074 absque

112 5084 545 5161 contradictione
571 5086 730 5143 ullius
760 5090 1017 5155 hominis,
1046 5093 1178 5148 nihil
1222 5095 1275 5149 in
1315 5098 1504 5152 eadem
1533 5098 1701 5153 abba-

117 5172 191 5253 tia
212 5188 389 5247 neque
419 5190 518 5251 ego
552 5192 730 5248 neque
757 5194 1099 5238 successores
1138 5186 1241 5240 mei
1276 5188 1584 5253 retinendo,
1609 5203 1707 5242 exe

117 5264 291 5334 ceptis
318 5266 402 5322 his
422 5256 928 5342 consuetudinibus,
952 5288 1013 5328 cc
1043 5274 1230 5331 solidis
1272 5280 1338 5332 ad
1377 5279 1709 5333 vindemiam“

115 5354 472 5426 colligendam
505 5359 559 5414 in
589 5360 882 5439 festivitate
911 5366 1083 5420 sancti
1110 5366 1295 5422 Aredii
1334 5369 1622 5423 reddendis
1650 5377 1704 5424 et

118 5448 393 5516 sagmario
434 5451 487 5505 in
536 5450 748 5509 hostem
806 5459 1113 5530 prrestando
1161 5473 1283 5514 cum
1328 5460 1576 5516 famulo:
1610 5461 1701 5531 qui

118 5540 425 5609 sagmarius
462 5542 620 5600 hoste
663 5534 938 5605 transacta
982 5552 1312 5607 monasterio
1345 5552 1623 5615 reddatur,
1654 5562 1707 5607 et

119 5644 224 5681 uno
254 5642 472 5703 recepto
506 5636 723 5692 comitis
751 5638 1086 5697 Pictavensis
1117 5656 1214 5713 per
1234 5642 1531 5713 jussionem
1563 5644 1703 5698 vice-

120 5727 352 5794 comitfs,
376 5738 424 5783 et
449 5728 658 5797 justitia
689 5733 842 5802 panis
871 5744 927 5789 et.
961 5735 1097 5815 vini,
1118 5750 1240 5791 cum
1272 5735 1322 5791 in
1357 5736 1495 5792 hanc
1522 5734 1699 5813 villam

1812 4546 1869 4591 et
1907 4536 2207 4602 meliorata,
2260 4552 2358 4607 per
2407 4537 2752 4605 cbaritatem,
2802 4553 2940 4607 quae,
3002 4548 3062 4593 ut
3114 4540 3409 4608 Apostolus~

1815 4632 1911 4694 ait,
1939 4631 2119 4685 omnia
2143 4639 2383 4699 superat,
2413 4630 2783 4687 aﬂ‘ectavimus
2824 4645 2923 4684 nos
2964 4644 3179 4699 quoque
3226 4628 3405 4683 simile
3443 4659 3449 4699 ς

1807 4722 2130 4778 beneﬁcium
2189 4739 2380 4777 eorum
2431 4723 2739 4777 sanctitatis
2787 4723 3052 4776 obtinere.
3105 4718 3272 4787 ilujus
3323 4717 3399 4773 rei

1807 4815 1979 4883 gratia
2012 4830 2109 4883 pro
2133 4813 2308 4869 salute
2341 4813 2647 4866 animarum
2690 4820 3005 4867 nostrarum
3029 4819 3085 4866 et
3114 4804 3398 4880 parentum

1808 4914 2117 4957 nostrorum
2161 4904 2396 4957 facimus
2432 4902 2602 4973 ipsius
2644 4903 2888 4972 praedicti
2933 4900 3249 4957 monasterii
3289 4909 3401 4954 Ira.

1807 4994 2065 5048 ditionem
2109 5003 2167 5048 et
2204 4995 2444 5051 omnium
2494 5010 2678 5050 rerum
2722 4994 2789 5049 ad
2832 4995 2935 5049 hoc
2963 4994 3204 5064 quolibet
3239 4992 3399 5047 modo

1805 5086 2192 5155 pertinentium
2242 5087 2472 5142 Domino
2508 5088 2619 5142 Deo
2653 5096 2712 5143 et
2754 5085 2960 5141 sanctis
2991 5084 3108 5154 ejus
3137 5084 3405 5155 apostolis,

1805 5179 1968 5237 Petro
2014 5188 2067 5233 et
2101 5180 2267 5234 Paulo
2302 5180 2368 5233 ad
2420 5180 2596 5234 locum
2644 5179 2800 5249 cujus
2838 5194 2999 5253 supra
3050 5178 3397 5232 meminimus

1806 5274 2141 5339 Cluniacum,
2185 5287 2251 5328 eo
2296 5284 2485 5329 tenore
2531 5284 2591 5329 ut
2632 5274 3006 5329 Cluniacensis
3049 5274 3396 5344 congregatio

1804 5374 2066 5435 perpetuo
2108 5364 2230 5433 jure
2286 5364 2414 5420 illud
2461 5365 2660 5420 habeat
2712 5374 2769 5420 et
2806 5364 3105 5435 possideat,
3138 5374 3194 5421 et
3238 5364 3396 5433 hujus

1804 5456 2242 5527 congregationis
2271 5457 2458 5522 abbas,
2491 5456 2742 5512 videlicet
2768 5456 3164 5521 Cluniacensis,
3193 5471 3392 5512 secun-

1804 5548 1874 5603 do
1902 5548 2022 5604 loco
2048 5558 2169 5619 post
2194 5563 2251 5605 se
2281 5549 2582 5604 committat
2611 5550 2695 5604 cui
2731 5550 2861 5605 velit
2892 5560 2948 5606 et
2970 5550 3239 5621 quomodo
3267 5550 3394 5603 velit

1805 5654 1991 5694 curam
2040 5641 2376 5705 monasterii,
2410 5649 2466 5696 et
2497 5641 2600 5697 hoc
2629 5657 2844 5714 semper
2876 5642 2969 5699 ﬁat
3004 5645 3122 5699 sine
3150 5642 3391 5696 omnium

1807 5734 2114 5789 mortalium
2153 5731 2601 5790 contradictione.
2636 5734 2897 5792 Volumus
2927 5749 3141 5806 quoque
3170 5742 3227 5787 ut
3258 5730 3393 5785 libo-
