3928 6298
588 314 703 373 «πω

1794 315 1855 375 S.
1895 311 2087 371 HL‘GO
2121 307 2345 367 ABBAS
2381 310 2699 369 CLUNIAC.
2842 354 2851 357 Α
2924 354 2931 361 .
2968 352 2977 355 -
3672 308 3745 380 ﬁ

598 450 720 493 rum
751 438 823 494 sit
858 447 914 495 et
937 439 1243 497 absolutum
1284 440 1354 496 ab
1395 437 1543 495 omni
1589 437 1813 492 servitio
1854 446 1910 491 et
1946 432 2260 506 posterisA
2285 429 2430 485 dicta
2458 431 2673 486 abbatia
2704 432 2757 485 in
2790 431 3183 501 dominicatura
3205 448 3363 504 quam
3398 434 3471 491 ibi
3495 435 3749 504 habemus

592 531 800 585 nostris
843 539 899 585 et
941 531 1162 588 cuilibet
1198 531 1445 587 saeculari
1479 530 1563 585 vel
1600 529 1986 585 ecclesiasticae
2018 536 2176 598 pote-

593 620 743 675 stati.
781 619 849 675 Et
896 620 997 676 hoc
1045 622 1116 676 sit
1164 621 1512 677 manifestum
1546 629 1601 674 et
1634 618 1997 674 indubitatum
2032 616 2177 686 quod

592 718 780 767 nostra
815 721 900 767 est
928 713 1180 769 voluntas
1213 723 1269 769 et
1302 722 1485 769 nostra
1524 712 1715 782 petitio
1747 718 1805 764 ut
1838 709 1953 764 inec
1986 709 2176 764 eadem

590 810 778 857 nostra
810 804 1033 859 traditio
1067 821 1165 875 per
1192 805 1494 860 Romanum
1544 803 1851 873 pontiﬁcem
1890 799 2177 855 continue-

591 900 705 960 tur,
728 902 790 948 ut
818 895 1128 964 quicunque
1156 912 1274 953 eam
1310 896 1517 950 violare
1543 904 1598 950 et
1630 893 1921 962 infringere
1948 900 2177 958 tempta-

588 986 751 1053 verit,
778 988 917 1042 sciat
958 1002 1019 1043 se
1050 1004 1148 1058 per
1176 987 1704 1058 ejus'auctoritatem
1735 982 2172 1038 excommunica-

588 1082 703 1130 tum
734 1084 790 1132 et
815 1092 845 1131 a
877 1088 1065 1133 sancta
1098 1078 1188 1132 Dei
1218 1085 1527 1146 separatum
1557 1075 1816 1130 Ecclesia.

658 1166 786 1221 Haec
812 1178 993 1224 autem
1024 1170 1217 1224 charta
1263 1169 1465 1237 scripta
1499 1178 1582 1221 est
1630 1168 1680 1220 in
1723 1168 1839 1236 ipso
1870 1162 2173 1235 Bigerreusi

585 1268 769 1313 castro
802 1269 858 1315 et
898 1260 1023 1315 data
1067 1276 1121 1315 ιι
1166 1258 1287 1313 Kal.
1334 1258 1666 1321 Decembris,
1698 1272 1840 1311 anno
1882 1255 2174 1309 Dominicze

584 1345 986 1404 lucaruatiouis
1028 1350 1318 1404 millesimo
1358 1348 1694 1418 sexagesimo
1740 1356 1963 1416 quarto,
2021 1345 2170 1416 regni

585 1435 820 1508 Philippi
874 1442 1017 1512 regis
1067 1440 1401 1497 Francorum
1460 1451 1685 1510 quarto,
1738 1439 2035 1493 indictione
2081 1451 2170 1493 se-

585 1529 783 1584 cunda.

656 1618 881 1687 Signum
906 1620 1086 1675 domui
1116 1620 1312 1677 Eraelii
1333 1622 1670 1692 Bigerrensis
1697 1619 1955 1691 episcopi.

654 1710 883 1780 Signum
924 1714 1107 1768 domnl
1145 1714 1407 1770 Bernardi
1444 1710 1787 1785 Blgorrensis
1810 1711 2047 1779 comitis,
2074 1710 2166 1782 qui

580 1800 722 1857 hanc
748 1804 996 1860 chartam
1026 1804 1306 1863 dederunt.

649 1893 874 1965 Signum
909 1898 1089 1956 domui
1123 1894 1385 1967 Stephani
1418 1897 1768 1953 Oloronensis
1798 1897 2055 1967 episcopi.

649 1984 874 2057 Signum
914 1991 1095 2044 domui
1134 1990 1373 2045 Durandi
1404 1990 1655 2046 Tolosani
1687 1991 1947 2062 episcopi.

649 2076 875 2150 Signum
903 2081 1150 2151 Gregorii
1180 2082 1535 2139 Lacurreusis
1561 2084 1819 2154 episcopi.

647 2168 876 2241 Signum
903 2170 1053 2227 Petri
1080 2172 1397 2228 Aturrensis
1420 2173 1680 2243 episcopi.

648 2261 876 2331 Signum
950 2265 1133 2321 domui
1200 2265 1460 2322 Bernardi
1521 2265 1995 2322 Dormaniacensis
2066 2279 2161 2321 co-

575 2353 748 2408 mitis.
1904 2366 1907 2369 '
2079 2366 2089 2374 ‘

1317 2468 1407 2527 IV.

576 2556 813 2617 Almodis
835 2561 1102 2637 comitissa
1122 2570 1170 2617 et
1190 2560 1335 2637 [ilius
1350 2561 1628 2637 abbatiarn
1670 2563 1855 2621 Sancti
1873 2563 2081 2637 Egidii
2108 2574 2157 2621 et

962 2631 1062 2684 sibi
1082 2633 1394 2701 pertinentia
1417 2634 1724 2689 concedunt.
1952 2631 1971 2637 ⁷
2078 2674 2081 2679 ι

1176 2722 1356 2795 (Anno
1383 2724 1567 2795 1066.)

995 2814 1217 2889 [ΒΑιυΖ.
1249 2815 1475 2873 Misce“.
1503 2818 1592 2884 lll,
1619 2818 1736 2893 48.]

643 2923 810 2978 Deum
837 2923 1051 2980 Patrem
1076 2926 1497 2995 omnipotentem
1527 2930 1691 2984 totius
1716 2938 1979 2986 creaturae
2001 2945 2163 3003 creas

570 3021 747 3068 torem
800 3014 1026 3081 ejusque
1069 3014 1412 3084 Unigeuitum
1451 3015 2157 3074 Dominum-{nostramde-

571 3121 691 3161 sum
733 3106 1031 3171 Christum,
1064 3120 1161 3174 per
1197 3120 1355 3175 quem
1392 3107 1597 3172 omnia,
1631 3116 1686 3161 et
1720 3108 1983 3178 Spiritum
2030 3126 2153 3164 saa-

571 3208 721 3250 ctum
755 3196 1117 3250 vivificantem
1163 3197 1232 3251 ab
1273 3205 1503 3266 utroque
1547 3200 1954 3267 procedentem,
1985 3217 2155 3256 unum

571 3287 743 3342 Deum
792 3288 1017 3343 credere
1062 3304 1312 3358 maguum
1359 3299 1476 3353 est,
1524 3292 1737 3358 operari
1787 3293 2156 3363 autemquod

569 3380 815 3449 praecipit
835 3394 940 3434 non
969 3380 1273 3445 minimum,
1304 3381 1478 3451 ipsum
1501 3396 1632 3435 vero
1660 3396 1916 3451 spernere
1941 3387 2158 3455 pericu-

570 3468 768 3525 losum.
800 3471 1142 3541 Quapropter
1182 3487 1306 3527 eum
1362 3473 1592 3552 fideliter
1639 3475 1886 3540 credere,
1915 3476 2155 3546 perfecte

570 3562 822 3633 diligere,
875 3563 1149 3621 humiliter
1195 3564 1550 3625 obedireest
1602 3567 1854 3622 omnibus
1906 3582 2149 3625 necesse.

568 3655 848 3727 Praecipue
878 3667 1055 3715 tamen
1088 3658 1193 3715 illis
1222 3663 1479 3716 convenit
1514 3663 1653 3717 istud
1684 3679 1821 3735 quos
1852 3665 1993 3721 sacri
2025 3664 2154 3720 lavit

569 3749 712 3803 unda
757 3748 1028 3816 lltuninis,
1074 3752 1307 3807 redemit
1351 3754 1490 3809 unda
1542 3758 1851 3827 sanguinis,
1897 3760 2153 3828 perunxit

565 3838 745 3910 liquor
771 3837 1104 3898 chrismatis.
1131 3844 1211 3899 Ad
1252 3845 1355 3900 hoc
1397 3847 1540 3900 enim
1572 3848 1694 3903 facti
1727 3864 1912 3904 sumus
1949 3859 2011 3905 ut
2042 3851 2150 3905 Deo

566 3931 798 3989 fideliter
832 3936 1131 3991 servientes
1165 3939 1493 3993 seminemus
1527 3948 1739 3996 terrena
1781 3932 1841 3996 ut
1880 3952 2149 3998 metamus

565 4023 827 4101 ctelestia,
855 4026 1137 4096 Scriptura
1166 4028 1379 4083 dicente
1411 4049 1425 4085 :
1459 4031 1794 4103 Qua'cunque
1822 4035 2147 4088 seminaverit

563 4113 741 4178 homo,
770 4117 880 4171 limo
918 4126 964 4171 et
1006 4129 1177 4173 metet.
1221 4120 1464 4187 Qualiter
1509 4132 1688 4178 autem
1737 4126 1877 4179 Deus
1918 4125 2144 4180 inveniri

555 4206 735 4271 possit
777 4206 891 4275 ipse
932 4208 984 4262 in
1020 4209 1309 4280 Evangelio
1344 4212 1419 4266 ait
1452 4231 1464 4266 :
1502 4213 1633 4271 Date
1659 4215 2066 4286 eleemosynam,
2097 4226 2145 4270 et

556 4309 674 4349 ecce
719 4300 916 4351 munda
961 4311 1082 4353 sunt
1127 4304 1303 4356 omnia
1339 4305 1501 4358 vobis.
1533 4306 1740 4373 Quibus
1777 4309 1937 4377 plane
1962 4308 2145 4364 Verbis

556 4386 873 4491 ostenditur
892 4388 1016 4489 quia
1045 4390 1175 4444 nihil
1196 4406 1261 4445 eo
1283 4395 1532 4451 miserius
1551 4413 1710 4466 quem
1737 4399 1934 4468 iniquae
1957 4401 2143 4470 acqni-
2173 4435 2219 4491 Β

556 4473 793 4530 sitioues
827 4474 1157 4545 deprimunt,
1187 4482 1694 4552 quemlocupletem
1721 4486 1939 4544 fraudes
1973 4498 2028 4544 et
2056 4504 2139 4544 ra-

560 4563 706 4634 pinze
734 4563 961 4621 faciunt.
992 4567 1059 4622 Et
1081 4569 1337 4637 quoniam
1381 4570 1483 4627 illa:
1509 4573 1990 4650 nobisamhiendaa
2016 4588 2143 4633 sunt

562 4653 768 4715 divitiae
794 4672 913 4726 qua:
952 4672 1053 4713 nos
1076 4674 1273 4715 ornare
1297 4672 1522 4730 possunt
1543 4672 1597 4720 et
1626 4666 1852 4725 munire,
1882 4681 1914 4719 a
1943 4668 2143 4723 mundo

561 4746 966 4819 distermiuare,
999 4752 1213 4808 animas
1261 4764 1478 4811 nostras
1529 4758 1708 4813 ditare
1745 4767 1911 4829 atque
1951 4760 2145 4815 nobili-

562 4846 701 4903 tare,
729 4840 848 4901 ideo
880 4842 1051 4901 iuDei
1081 4844 1314 4903 nomine
1339 4862 1441 4918 ego
1469 4847 1713 4905 Almodis
1749 4860 1879 4904 nutu
1920 4851 2013 4907 Dei
2046 4867 2143 4907 co-

564 4930 791 4996 tuitissa,
817 4942 871 4988 et
900 4933 1041 5011 filius
1068 4952 1218 4993 tneus
1245 4937 1578 4997 Raimuudus
1606 4956 1789 4998 comes
1814 4942 2143 5002 Rutenensis

560 5030 617 5077 et
654 5021 1002 5083 Nemosensis
1031 5028 1567 5102 Narbonensiumque
1612 5034 2001 5102 nobilissimus,
2041 5052 2143 5107 pro

562 5114 745 5169 domui
774 5114 951 5172 Pontii
993 5118 1206 5176 comitis
1256 5124 1525 5191 remedio,
1575 5135 1629 5180 et
1678 5142 1778 5196 pro
1823 5128 2142 5184 remissione

561 5213 906 5273 peccatorum
939 5196 1246 5267 nosﬁorum
1292 5223 1454 5283 atque
1482 5225 1766 5282 parentum
1800 5217 2045 5273 vivorum
2077 5233 2141 5273 ac

562 5291 963 5365 defunctorum,
996 5312 1157 5371 atque
1185 5301 1360 5360 salute
1394 5305 1629 5363 fidelium
1665 5316 1971 5364 nostrorum
2000 5311 2143 5381 opti-

560 5393 794 5447 rnatum.
819 5388 1104 5446 vabbatiam
1144 5393 1329 5451 Sancti
1358 5397 1555 5468 Egidii
1595 5408 1651 5455 et
1686 5399 1882 5463 locum,
1922 5403 2147 5459 omniae

559 5491 669 5546 que
710 5476 811 5532 sibi
849 5481 1174 5549 pertinentia
1206 5485 1316 5553 Deo
1344 5496 1399 5542 et
1427 5490 1624 5545 domno
1652 5489 1862 5561 Hugoni
1888 5495 2140 5562 praesenti

561 5568 743 5629 abbati
784 5571 1058 5639 Cluuiensi
1096 5587 1152 5632 et
1187 5578 1304 5648 ejus
1341 5582 1748 5639 successoribus
1784 5584 2047 5641 tradimus
2086 5570 2148 5642 et

556 5660 825 5726 donamus
852 5673 1014 5749 atque
1044 5670 1441 5739 concedimus,
1484 5673 1560 5728 ita
1613 5682 1792 5733 tamen
1818 5682 1878 5730 ut
1911 5674 1965 5730 in
1994 5662 2137 5745 prai-

2281 538 2411 578 usus
2454 532 2511 578 et
2560 523 2797 578 usaticos
2840 525 3197 589 retineamus,
3235 535 3451 595 excepto
3488 530 3592 598 quia
3629 550 3749 606 nequ

2279 616 2528 670 abbatem
2556 631 2653 671 nec
2681 616 2973 671 monachos
3008 617 3232 685 posthac
3260 618 3605 689 distringemus
3631 640 3748 696 neque

2278 704 2774 769 dehonestabimus,
2798 706 2892 759 sed
2919 714 3158 774 potestas
3182 715 3237 761 et
3265 706 3514 761 districtio
3535 719 3580 763 et
3598 712 3747 768 ordina-

2276 794 2355 851 tio
2380 796 2634 851 abbatum
2661 806 2717 852 et
2742 794 3130 851 monachorum
3158 796 3338 852 Sancti
3366 798 3545 867 Egidii
3564 810 3747 860 eteoqu

2277 900 2397 955 quae
2425 887 2569 940 soliti
2598 897 2723 942 sunt
2754 897 2937 942 tenere
2978 889 3028 941 in
3065 888 3246 941 domui
3286 887 3510 959 llugonis
3537 892 3748 949 abbatiset

2275 992 2651 1033 successorum
2678 978 2794 1046 ejus
2821 988 3085 1048 potestate
3114 982 3394 1043 consistat,
3424 993 3648 1049 quatenus
3674 986 3747 1054 ipse

2273 1080 2327 1125 et
2352 1086 2695 1125 successores
2735 1070 2851 1138 ejus
2887 1071 3065 1125 locum
3092 1074 3404 1142 praedictum
3430 1082 3483 1127 et
3504 1077 3650 1130 omnia
3671 1078 3751 1132 lota

2273 1161 2597 1231 pertinentia
2642 1176 2741 1233 pro
2788 1176 2948 1231 posse
2988 1178 3087 1218 suo
3132 1172 3188 1219 et
3226 1163 3495 1219 voluntate
3532 1168 3746 1221 secundm

2273 1251 2538 1321 Regulam
2584 1252 2757 1307 sancti
2804 1251 3081 1309 Benedicti
3138 1254 3454 1325 regulariter
3489 1257 3685 1311 ordinent
3713 1270 3745 1315 ct

2275 1352 2493 1397 teneant
2538 1344 2589 1397 iu
2636 1352 2918 1399 aaternum.
2952 1344 3024 1399 Ut
3070 1360 3198 1399 vero
3244 1345 3413 1399 nostri
3451 1355 3745 1415 parentumque

2273 1443 2585 1488 nostrorum
2617 1436 2875 1490 memoria
2924 1434 3185 1491 Cluniaeo
3222 1437 3520 1505 perenniter
3544 1437 3744 1499 habeatur,

2270 1523 2375 1579 hoc
2401 1525 2454 1579 in
2486 1526 2627 1580 dono
2648 1527 2877 1581 abbatiae
2904 1527 3178 1596 prmdielte
3192 1527 3515 1581 solummodo
3534 1527 3749 1584 retinemus

2270 1624 2331 1669 ut
2358 1630 2700 1672 successores
2728 1617 2967 1686 praedicti
2992 1617 3203 1682 abbatis
3225 1632 3256 1670 ι
3286 1618 3436 1672 uobis
3457 1619 3573 1671 vela
3598 1634 3746 1673 succes-

2272 1708 2487 1763 soribus
2514 1709 2716 1764 nostris
2738 1712 2937 1765 donum
2960 1710 3231 1778 praedictae
3255 1710 3476 1765 abbatis.
3499 1710 3659 1778 absque
3677 1712 3747 1765 ullo

2198 1770 2243 1826 Β
2267 1795 2419 1850 lucro
2452 1804 2509 1851 et
2540 1797 2715 1864 pretio
2750 1770 3043 1867 accipiant.
3080 1797 3233 1864 quod
3278 1798 3325 1851 si
3365 1770 3657 1851 successoies
3682 1814 3745 1851 m-

2266 1885 2365 1940 stri
2397 1885 2802 1941 successoribus
2832 1887 3014 1941 domui
3046 1886 3259 1941 abbatis
3288 1886 3516 1956 pradicti
3554 1887 3746 1956 expedite,

2264 1987 2325 2032 ut
2353 1977 2609 2044 diximus,
2638 1978 2769 2051 dare
2808 1977 3099 2043 uoluerint,
3123 1977 3258 2032 nihil
3284 1979 3549 2049 abbatibus
3571 1978 3747 2055 obsistat.

2265 2070 2357 2125 sed
2400 2068 2577 2124 locum
2629 2077 2684 2125 et
2726 2071 2908 2124 omnia
2955 2085 3075 2139 qua:
3118 2070 3462 2140 praediximus
3498 2071 3605 2139 ipsis
3626 2070 3744 2123 inDei

2263 2162 2488 2216 servitio
2521 2162 2924 2233 possidentibus
2952 2163 3153 2218 donum
3197 2172 3437 2218 nostrum
3462 2163 3673 2233 integrum
3694 2164 3749 2216 in.

2263 2254 2627 2325 violatumque
2666 2256 2978 2324 perenniter
3026 2266 3265 2323 maneat.
3305 2254 3417 2324 Loc
3452 2264 3604 2309 autem
3625 2254 3745 2307 omni-

2261 2346 2363 2400 bus
2400 2355 2582 2400 notum
2624 2346 2694 2400 sit
2742 2346 2919 2400 locum
2964 2347 3282 2415 praedictum
3314 2356 3367 2401 et
3405 2344 3634 2399 abbatiam
3656 2358 3746 2412 prs-

2261 2436 2461 2491 dictam
2515 2435 2750 2491 alodium
2803 2451 2923 2492 esse
2980 2437 3152 2492 sancti
3207 2436 3381 2503 Petri,
3422 2450 3615 2505 qumque
3650 2436 3747 2487 dono

2261 2526 2441 2581 domui
2479 2541 2630 2597 papa:
2669 2525 2897 2583 Romani
2942 2535 3206 2592 tenemus,
3236 2540 3461 2597 qumque
3494 2525 3635 2579 denuo
3656 2535 3746 2592 prs.

2260 2617 2406 2671 dicto
2433 2618 2567 2672 abba
2578 2620 2612 2671 ti
2641 2618 2849 2689 Hugoui
2880 2627 2939 2674 e'.
2960 2616 3077 2687 ejus
3100 2619 3501 2674 successoribus
3527 2616 3641 2670 salva
3661 2615 3749 2667 lida-

2260 2707 2409 2762 litat-3
2450 2708 2707 2763 Romanae
2749 2709 3004 2764 Ecclesia:
3050 2719 3106 2764 et
3158 2709 3345 2763 domui
3392 2724 3527 2780 papa:
3561 2705 3746 2760 mdium

2259 2799 2571 2869 perenniter
2595 2799 2897 2853 habendam
2925 2807 2979 2853 et
3006 2798 3335 2870 regulariter
3358 2799 3675 2857 ordinandam,
3698 2796 3745 2846 in

2260 2897 2438 2942 tamen
2470 2898 2530 2943 ut
2550 2904 2743 2943 census
2771 2905 2801 2943 χ
2831 2890 3127 2944 solidorum
3156 2890 3378 2944 debitus
3405 2889 3622 2943 omnibus
3639 2887 3745 2939 annis

2260 2979 2515 3033 Romana:
2541 2980 2799 3035 Ecclesia:
2827 2980 3186 3051 persolvatur.

2334 3088 2494 3145 Facta
2529 3100 2613 3146 est
2651 3102 2829 3147 autem
2870 3094 2986 3147 huic
3027 3094 3246 3147 donatio
3287 3109 3429 3149 anno
3481 3091 3593 3147 l066
3619 3089 3742 3143 Domi-

2257 3182 2395 3238 nica:
2443 3181 2870 3249 luent-nationis,
2920 3191 3115 3238 octavo
3163 3199 3190 3236 κ
3237 3182 3363 3241 Kal.
3406 3181 3614 3236 Januarii
3642 3180 3742 3245 ium

2256 3272 2581 3330 Nemausum
2625 3275 2898 3329 civitatem
2947 3289 3104 3328 secus
3152 3275 3440 3330 ecclesiam
3479 3271 3742 3327 SanctiBau-

2255 3366 2391 3429 dilii,
2423 3377 2679 3438 regnante
2706 3366 2952 3437 Philippo
2984 3338 3126 3438 rege.
3139 3367 3489 3430 Francorum,
3517 3364 3744 3418 videntibus

2254 3465 2415 3525 atque
2459 3456 2801 3511 laudantibus
2848 3458 3137 3528 episcopis,
3171 3459 3387 3513 scilicet
3422 3459 3592 3513 domno
3618 3454 3743 3509 lium.

2252 3546 2412 3600 baldo
2449 3547 2754 3601 Arelatensi
2797 3548 3211 3617 archiepiscopo
3246 3558 3413 3617 atque
3448 3547 3657 3600 Roniauc
3677 3542 3741 3595 Ec—

2252 3638 2429 3692 clesiae
2486 3640 2721 3704 vicario,
2774 3649 2829 3694 et
2883 3640 3083 3694 domno
3130 3641 3388 3696 Durando
3433 3639 3676 3700 Tolosano,
3706 3643 3743 3687 et

2252 3726 2476 3798 llugone
2520 3728 2846 3796 Uzeticeusi,
2893 3741 2947 3785 et
2992 3730 3269 3801 Rostagno
3311 3728 3743 3801 Avinioueusi,licr-

2252 3829 2448 3875 tranuo
2471 3822 2852 3892 Magalouensi,
2881 3824 3169 3879 abbatibus
3190 3823 3465 3879 Bernardo
3485 3816 3740 3878 Massiliensi,

2249 3911 2517 3968 Frotardo
2570 3912 2935 3979 Tumeriensi,
3001 3914 3281 3970 Bernardo
3336 3913 3597 3975 Vabrcusi,
3634 3909 3741 3963 Petro

2249 4002 2448 4057 clerico
2476 4002 2732 4058 Romana}
2752 4004 3011 4062 Ecclesiae
3034 4005 3392 4069 subdiacono,
3416 3997 3741 4061 Nemoseusilms

2247 4094 2461 4150 clericis
2507 4094 2801 4150 Salomone
2849 4105 2906 4150 et
2952 4096 3274 4157 Bertranno,
3330 4094 3566 4148 militibus
3586 4085 3740 4142 ol’ontio

2247 4187 2461 4243 Geraldi
2492 4188 2831 4245 Gerundeusi
2872 4188 3210 4254 vicecomite,
3244 4185 3562 4241 Tridmundo
3584 4178 3739 4234 Elisiar-

2246 4280 2331 4341 ni,
2373 4277 2643 4336 Wiiielmo
2687 4288 2743 4332 et
2790 4279 3064 4336 Emenone
3115 4278 3287 4332 fratre
3334 4277 3446 4345 ejus
3483 4276 3540 4329 de
3575 4271 3738 4327 Sabnn.

2246 4372 2407 4429 Petro
2455 4371 2794 4444 Aquinieusi,
2832 4370 3108 4442 Rostaguo
3151 4372 3215 4425 de
3245 4370 3513 4424 Poskeriis
3545 4374 3588 4419 et
3625 4365 3739 4414 intre

2246 4461 2363 4529 ejus
2384 4462 2651 4525 Itaiuoue,
2680 4461 2989 4516 liuiuoardo
3017 4462 3084 4516 de
3124 4460 3388 4525 Medenis,
3418 4459 3666 4513 Bertranno
3696 4449 3738 4501 de

2244 4551 2505 4621 Capraria
2529 4561 2582 4607 et
2611 4554 2773 4607 Petro
2798 4551 2965 4606 fratre
2992 4550 3127 4624 ejus,
3156 4560 3211 4623 et
3244 4550 3466 4622 Hugoue
3493 4550 3549 4602 de
3570 4545 3737 4600 Bassan-

2245 4645 2386 4717 guis,
2414 4653 2465 4699 et
2512 4643 2735 4711 Segario
2787 4642 3113 4706 Salomonis,
3148 4658 3212 4697 ac
3246 4640 3511 4721 Willelmo
3547 4629 3736 4692 Belliroli.

2247 4738 2506 4793 Umberto
2557 4736 2883 4803 Gauzherti,
2938 4736 3156 4804 insuper
3212 4735 3424 4790 volente
3469 4740 3514 4786 et
3558 4726 3737 4782 laudante

2244 4830 2409 4885 nobili
2434 4829 2599 4885 Adala
2626 4827 3074 4884 Sustautio‘uense
3100 4828 3468 4892 comitissa,et
3488 4822 3589 4879 aliis
3607 4828 3738 4889 quim-

2242 4914 2491 4990 plurimis
2515 4918 2673 4979 bouis
2697 4918 3005 4972 hominibus
3026 4916 3136 4972 Deo
3153 4915 3402 4988 cognitis.

2316 5031 2373 5086 Si
2399 5032 2522 5102 quis
2546 5045 2675 5086 vero
2703 5029 2989 5107 cujuslibet
3015 5028 3223 5083 ordinis
3256 5041 3350 5082 seu
3384 5019 3629 5096 dignitatis

2244 5134 2329 5181 tra
2360 5128 2501 5180 hanc
2538 5106 2885 5197 donationem
2926 5127 3138 5178 venerit
3180 5124 3253 5179 ad
3291 5106 3737 5193 inrumpendutarel

2246 5216 2314 5289 ad
2364 5217 2772 5286 inquietandum
2819 5226 2910 5285 aut
2952 5214 3394 5285 contradicendo,
3434 5200 3739 5278 omnipotenti!

2245 5309 2339 5363 Dei
2369 5308 2504 5362 iram
2539 5307 2832 5377 terribilem
2866 5316 3030 5376 atque
3066 5306 3397 5361 tremendam
3439 5300 3735 5358 incurrattﬁ'

2244 5414 2350 5471 que
2375 5415 2498 5455 cum
2526 5399 2660 5469 .luda
2697 5399 3058 5468 perlidissimo
3089 5400 3350 5455 traditur.
3376 5404 3428 5451 et
3448 5407 3558 5450 cum
3583 5385 3736 5444 υτιιιι

2243 5500 2298 5565 et
2332 5490 2537 5545 Abirou
2580 5490 2634 5544 in
2684 5489 2898 5545 inferno
2949 5488 3193 5544 inferiori
3232 5488 3515 5548 crucietur,
3548 5476 3738 5551 omni“

2245 5583 2471 5652 insuper
2495 5580 2673 5652 pronis
2699 5581 2899 5650 quibus
2934 5579 3008 5637 illi
3040 5581 3352 5639 cruciantur
3376 5575 3466 5646 qui
3493 5568 3735 5661 recubet!

2243 5674 2357 5730 Deo
2382 5674 2680 5747 puniantur
2710 5681 2766 5729 et
2798 5672 2874 5732 illi
2899 5680 2955 5728 et
2982 5687 3170 5731 eorum
3199 5665 3530 5734 consentanei
3553 5657 3736 5735 quibus
