3928 6298
101 349 261 435 θύὶῖ

913 358 1362 424 DIVERSORUM
1418 363 1858 443 DONATIDNES
1907 365 2042 423 ΡΙᾹΞ
2089 365 2230 424 PRO
2275 365 2597 424 CLUNIAC.

3315 371 3423 428 968

107 482 418 540 aonatioui
461 482 718 538 resistere
747 481 1042 547 voluerint,
1066 482 1174 537 nisi
1216 480 1544 551 resipucriut
1572 489 1627 535 et
1657 481 1724 536 ad
1751 486 1801 544 Α
1829 480 1896 536 de
1919 499 1928 504 -
1953 482 2107 536 vinea
2154 483 2521 537 iudomiuicali
2543 513 2564 548 ,ι
2595 493 2657 539 ἐι
2707 487 3055 542 medietatem
3106 484 3256 542 silva:
3299 503 3422 554 quae

99 577 569 633 errietnlationem
603 576 870 630 venerint.

205 666 432 737 Signum
485 677 692 719 domum
749 663 993 719 Almodis
1035 664 1352 728 comitissat.
1396 672 1452 719 et
1501 663 1716 735 signum

1820 581 2045 624 vocatur
2060 570 2236 640 Nigra:
2254 570 2441 636 Vallis,
2460 582 2515 626 et
2543 582 2716 628 mater
2738 585 2920 630 nostra
2944 573 3197 629 similiter
3211 575 3420 632 medius

1823 670 1987 716 tatem
2010 662 2250 717 ecclesiae
2270 678 2390 733 quae
2411 675 2492 719 est
2514 664 2564 720 iu
2591 666 2712 720 villa
2736 682 2858 736 qum
2882 676 3106 721 vocatur
3132 665 3341 731 Ulmus,
3363 674 3420 720 et

100 757 317 813 domui
358 756 644 811 ltaimuudi
691 755 904 810 comitis
951 755 1044 809 lilii
1094 755 1230 824 ejus,
1261 757 1352 825 qui
1386 757 1524 810 hanc
1553 756 1716 810 char-
1820 752 2241 806 dominationem
2280 754 2500 811 alterius
2521 755 2762 812 ecclesiae
2789 758 2840 811 in
2876 757 3003 816 villa
3034 772 3154 828 quae
3187 763 3419 814 voca‘tur

107 860 247 905 tam
287 848 600 904 donationis
641 847 883 904 scribere
907 845 1173 916 jussiluus
1205 844 1260 902 et
1297 856 1463 903 testes
1498 846 1718 902 ﬁrmare
1824 844 2060 899 Cazeras
2086 861 2100 909 ;
2131 844 2213 899 lue
2241 845 2357 898 duae
2395 857 2520 902 sunt
2549 849 2600 902 in
2629 847 2920 904 Lcomauia
2947 866 2962 904 :
2991 851 3132 905 unde
3163 831 3416 922 rogamus

101 943 464 1014 rogavimus.

200 1032 265 1088 S.
297 1033 561 1102 Rostagui
593 1033 661 1087 dc
681 1029 958 1088 Poslteris.

197 1126 260 1182 8.
294 1125 571 1180 Adalberti
604 1123 852 1179 Guitardi
884 1118 1360 1178 Barchinduensis.

196 1214 260 1270 S.
288 1214 602 1286 Bereugerii
629 1215 694 1270 de
717 1213 1052 1268 Darbarano.

192 1306 260 1363 8.
293 1307 508 1362 Elisiari
542 1306 811 1362 Dalmatii.

193 1397 260 1453 8.
288 1396 512 1454 Joannis
541 1396 908 1454 Geruudensis
932 1397 1214 1468 (lapiscolii

189 1481 259 1541 S.
293 1486 550 1541 Bernardi
580 1488 847 1556 capellani
881 1487 1066 1545 Sancti
1105 1488 1329 1559 Egidii.

194 1579 258 1634 8.
291 1578 546 1633 Ruinardi
577 1579 780 1634 Amati.

190 1669 259 1727 8.
292 1670 468 1726 Pontii
503 1672 571 1726 de
604 1671 827 1727 Nozeto.

188 1762 254 1819 8.
279 1761 558 1818 Fredelaui
586 1762 900 1820 Raimundi.

1825 948 1924 1003 per
1946 935 2373 1004 omnipotentem
2404 937 2568 991 Deum
2599 954 2788 994 omnes
2818 951 3110 1010 praesentes
3140 950 3194 996 et
3220 956 3416 996 succe~

1817 1024 2028 1087 dentes,
2057 1035 2114 1078 ut
2145 1025 2247 1079 hoc.
2271 1026 2470 1080 donum
2501 1028 2827 1097 collaudem,
2856 1041 2913 1087 et
2939 1033 3205 1104 integrum
3232 1034 3411 1089 illiba-

1822 1122 1932 1168 tum
1960 1115 2291 1180 custodiant,
2325 1127 2379 1170 et
2406 1118 2634 1188 gratiam
2675 1118 2768 1174 Dei
2810 1120 3118 1191 acquiraut,
3155 1131 3203 1179 et
3234 1122 3286 1178 iu
3321 1138 3413 1176 so-

1817 1205 2014 1260 cietate
2038 1205 2472 1262 Cluniacensium
2516 1206 2769 1274 fratrum,
2801 1225 2962 1280 quam
2991 1224 3092 1280 pro
3127 1213 3226 1268 hoc
3271 1215 3409 1270 dono

1820 1298 2174 1365 suscepimus,
2211 1299 2500 1368 participes
2541 1300 2692 1354 ﬁant.
2723 1299 2778 1355 Si
2816 1301 2939 1372 quis
2966 1314 3146 1356 autem
3177 1310 3277 1359 hoc
3315 1319 3408 1361 ca-

1725 1425 1728 1428 .
1817 1385 2202 1450 luminare-vel
2245 1396 2510 1442 temerare
2553 1391 2981 1461 praesumpserit,
3011 1391 3154 1461 quod
3197 1395 3404 1463 appetit

1818 1494 1926 1532 non
1958 1478 2227 1548 perﬁciat,
2251 1480 2468 1549 insuper
2504 1479 2642 1535 iram
2673 1477 2768 1537 Dei
2802 1484 3190 1552 omnipotentis
3222 1482 3408 1539 incur-

1820 1563 1927 1637 rat,
1956 1580 2011 1625 et
2036 1585 2159 1624 cum
2192 1570 2485 1634 Dathauet
2512 1573 2718 1628 Abiron
2754 1575 3042 1642 absorptus
3071 1574 3318 1630 intereat.

1864 1661 2052 1718 .Facta
2077 1671 2160 1719 est
2203 1663 2317 1718 lucc
2362 1665 2549 1718 charta
2588 1679 2773 1720 mense
2817 1663 3151 1731 Decembris,
3180 1665 3232 1719 in
3266 1681 3406 1734 prae.

1817 1753 1988 1809 sentia
2019 1754 2203 1808 domni
2246 1752 2486 1825 llugouis
2534 1755 2746 1810 abbatis
2780 1751 3174 1819 Cluniacensis,
3206 1763 3262 1810 et
3295 1756 3404 1810 Du-

190 1853 504 1910 Beruardus
532 1855 831 1910 monachus
852 1855 1142 1912 Auxieusis
1167 1858 1383 1929 scripsit
1408 1859 1592 1930 jussus
1617 1861 1706 1917 die

1816 1845 1974 1900 ranui
2012 1844 2262 1901 Tolosaui
2294 1848 2550 1918 episcopi,
2585 1856 2639 1902 et
2677 1846 2949 1902 Willielmi
2989 1847 3224 1917 episcopi
3255 1847 3404 1902 Con-

95 1957 377 2014 annoque
397 1958 504 2012 quo
529 1957 714 2013 supra.
813 1987 817 1990 Α

190 2031 406 2088 Datum-
423 2048 519 2106 per
548 2047 740 2089 manus
767 2032 985 2090 Heurici
1016 2036 1266 2092 monachi
1290 2037 1358 2092 ad
1381 2038 1550 2094 vicem
1573 2053 1707 2096 can-
1751 2043 1756 2046 ’

95 2121 351 2178 cellarii.
813 2180 815 2182 .

877 2215 942 2273 γ.

97 2327 602 2405 LitterteAiqtcrici
631 2329 951 2405 Ausciorunt
985 2332 1188 2405 comitis
1221 2343 1270 2388 et
1299 2331 1559 2405 Bernardi
1591 2335 1707 2405 ejus

184 2401 375 2474 fratris
407 2400 646 2474 ﬁliorum
669 2423 675 2426 ·
699 2401 971 2474 Willelmi,
1005 2404 1192 2474 quibus
1240 2402 1455 2474 dtmtS.
1495 2400 1707 2474 Hugotu'

180 2470 390 2593 ἔροτιιὲ
394 2470 727 2540 Cluniacensi
746 2470 1120 2526 monasterium
1154 2472 1338 2528 Sancti
1360 2470 1703 2532 Ot'ientii'or-

223 2555 353 2593 man
397 2556 501 2593 um.

223 2555 501 2594 manuum.

719 2632 896 2706 (Anno
922 2634 1104 2704 1068.)

430 2720 599 2794 [σηιι.
629 2723 743 2777 chr.
780 2721 822 2790 Ι,
862 2739 984 2778 nov.
1027 2725 1213 2790 lnstr.,
1249 2708 1395 2798 171.]

177 2811 449 2868 Noveriut
487 2827 678 2868 omnes
730 2813 871 2882 quod
920 2829 1020 2884 ego
1065 2814 1369 2870 Aimericus
1413 2805 1727 2873 Auscensis'

97 2899 324 2964 comes,
355 2913 412 2957 et
457 2902 625 2974 frater
669 2920 821 2974 meus
859 2905 1165 2959 Bernartius
1197 2921 1294 2975 pro
1323 2907 1562 2976 peccatis
1610 2921 1730 2964 no-'

105 2995 258 3050 stris
285 2992 596 3049 etWilleltni
623 2993 793 3064 patris
818 2996 1016 3059 nostri,
1039 2995 1416 3053 tlouamusDeo
1440 3007 1495 3053 et
1514 3010 1705 3056 sancto

99 3086 284 3143 Petro
309 3084 648 3143 Cluniacensi
688 3085 740 3139 in
768 3100 930 3141 manu
954 3086 1157 3142 domini
1200 3087 1440 3160 Hugouis
1469 3090 1700 3156 abbatis,

100 3190 165 3236 et
194 3179 315 3234 suis
345 3177 749 3252 successoribus
797 3178 1155 3234 ordinandum
1207 3188 1262 3234 et
1311 3179 1703 3250 disponendum
1733 3182 1775 3239 C

102 3272 513 3326 monasteriqu
536 3267 872 3334 S.‘Oricntii,
897 3281 953 3324 et
976 3271 1234 3340 quidquid
1265 3274 1424 3334 modo
1444 3275 1702 3341 possidet,

103 3377 178 3416 ac
208 3363 266 3416 in
299 3362 535 3416 futurqu
566 3360 885 3432 possidebit,
916 3371 1021 3414 etc.
1072 3360 1179 3416 l’loc
1212 3363 1413 3416 donum
1460 3364 1588 3418 fecit
1632 3366 1705 3420 si-

101 3453 234 3509 mul
287 3453 621 3508 Raimondus
676 3451 976 3506 avunculus
1021 3466 1206 3517 meus,
1259 3464 1365 3508 etc.
1422 3455 1616 3510 Actum
1651 3457 1702 3510 iu

103 3545 359 3600 claustro
398 3543 457 3598 8.
510 3542 739 3615 Orientii
792 3544 1187 3614 inpraesentia
1239 3547 1421 3600 domui
1463 3546 1706 3618 llugouis

103 3635 332 3689 abbatis
355 3633 751 3699 Cluuiacensis,
775 3647 829 3690 et
854 3636 1106 3690 aliorutu.
1141 3635 1198 3692 S.
1232 3639 1415 3695 domui
1465 3639 1704 3708 Hngouis

105 3724 350 3796 abbatis.
405 3710 464 3780 8.
517 3725 697 3779 domui
751 3723 988 3781 Durandi
1035 3717 1287 3782 Tolosa'ni
1338 3730 1594 3801 episcopi.
1643 3732 1700 3786 8.

107 3818 302 3870 domui
359 3815 614 3872 Willelmi
665 3819 902 3889 episcopi
961 3818 1359 3874 Convcuarum.
1411 3821 1470 3876 S.
1520 3823 1702 3878 domui

108 3908 411 3962 Baimundi
440 3909 677 3978 episcopi
732 3910 1096 3965 Lactureusis.
1135 3910 1195 3964 S.
1226 3911 1409 3966 domui
1537 3915 1704 3968 abba-

109 4001 187 4053 lis
219 4001 278 4054 s.
314 4000 491 4055 Genii.
518 4000 576 4056 s.
611 4001 792 4056 doumi
827 4002 1078 4056 Willelmi
1102 4002 1331 4057 abbatis.
1369 4002 1426 4078 s.
1464 3985 1699 4072 Μέηοιῖηί,

109 4090 183 4142 fr.
247 4086 558 4144 Malleavus.
611 4091 804 4144 Actum
861 4091 1167 4145 Alexandro
1242 4109 1406 4163 papa,
1458 4094 1703 4163 Philippo

108 4181 452 4235 Fram-orum
507 4196 651 4252 rege,
698 4197 858 4250 anno,
914 4193 969 4236 ut
1013 4192 1162 4253 puto,
1205 4183 1362 4252 1068,
1415 4183 1700 4257 ἱηέῃηοιιο

109 4274 369 4328 Ausceusi
394 4277 490 4327 hoc
514 4289 651 4336 anno
678 4273 878 4328 habim.
1689 4266 1696 4271 ’

871 4407 960 4463 Vl.

1719 1991 1722 1996 .
1813 1952 2121 2004 venarum,
2165 1948 2220 1993 et
2265 1939 2568 2012 Baytnuudi
2618 1940 2828 1995 abbatis
2883 1939 3065 2002 Sancti
3115 1938 3383 2010 Lupercul

1813 2029 2086 2086 Helizoute
2107 2030 2366 2087 civitatis.
2391 2041 2445 2087 et
2481 2031 2710 2108 aliorum
2740 2030 3112 2100 plurimorum,
3145 2031 3405 2100 apostoli-

1810 2138 1930 2178 cam
1977 2124 2160 2191 sedem
2215 2125 2412 2180 domno
2482 2122 2814 2178 Alexandro
2848 2137 3060 2176 summo
3115 2123 3398 2192 pontiﬁce,

1810 2214 2062 2286 Philippo
2108 2206 2236 2286 rege
2286 2215 2639 2277 Francorum,
2674 2215 3040 2286 gubernante;
3074 2227 3140 2268 eo
3163 2215 3406 2285 desuper

1811 2315 2092 2376 regnante,
2127 2307 2281 2376 cujus
2311 2321 2534 2376 regnum
2567 2317 2622 2360 et
2655 2304 2942 2375 imperium
2982 2305 3100 2360 sine
3142 2304 3247 2361 ﬁne
3276 2319 3400 2376 per-

1810 2411 1993 2454 manet
2019 2400 2071 2452 in
2104 2400 2299 2452 saecula
2325 2398 2668 2453 smculorum.

1881 2492 1939 2547 S.
1970 2490 2247 2546 thhelmi
2285 2492 2675 2562 archiepiscopi
2703 2500 2758 2561 et
2784 2491 3012 2546 fratrum
3044 2491 3186 2564 ejus.

1884 2584 1940 2640 S.
1973 2584 2195 2639 Arualdi
2227 2583 2359 2654 Lupi
2385 2594 2439 2639 et
2465 2584 2694 2639 fratrum
2728 2583 2866 2654 ejus.

1881 2676 1943 2732 S.
1960 2661 2282 2746 Raytuuudi
2319 2677 2392 2730 tle'
2410 2676 2643 2746 Algipoi.

1881 2751 2207 2823 S..Floriani
2235 2779 2284 2822 et
2313 2768 2540 2822 fratrum
2572 2767 2708 2839 ejus.

1873 2853 1938 2918 ’8.
1964 2861 2191 2917 Arualdi
2216 2857 2282 2916 de
2304 2862 2542 2932 Argauo.

1879 2959 1937 3016 S.
1967 2960 2229 3016 Bernardi
2258 2958 2613 3016 Guermundi.

2550 3047 2660 3102 VII.

1809 3143 2294 3213 Donatioeccluitr
2325 3141 2386 3198 S.
2420 3123 2609 3197 Maria:
2635 3139 3402 3223 dcuArombodio'Cluaiaceml

2184 3226 2191 3233 ’
2428 3224 2765 3267 ηιοιιαειεηο.

2402 3307 2583 3377 (Auno
2625 3305 2806 3376 1070.)
2899 3315 2901 3320 “

1879 3401 2197 3478 [Chronique
2225 3401 2290 3455 de
2318 3387 2534 3470 [Ἐριίςε
2563 3399 2783 3465 άἈιιειι,
2831 3408 2974 3469 part.
3009 3412 3096 3462 ιιι,
3123 3413 3178 3468 p.
3203 3395 3321 3469 55.]

1825 3479 1842 3498 ”
1877 3496 2071 3550 Notum
2096 3494 2167 3550 sit
2189 3493 2442 3549 omnibus
2477 3501 2584 3548 tant
2617 3491 2972 3562 prmsentibus
2998 3507 3162 3562 quam
3199 3490 3402 3546 futuris

1807 3587 1997 3642 amicis
2041 3594 2096 3639 et
2135 3583 2451 3638 domesﬁcis
2498 3585 2722 3648 nostris,
2750 3584 2893 3653 quod
2926 3583 3025 3654 ego
3060 3581 3392 3646 Bernartius,

1807 3677 1952 3731 ﬁlius
1971 3675 2241 3732 Guiltelmi
2266 3685 2320 3730 et
2353 3673 2619 3729 Brachita:
2649 3674 2836 3729 uxoris
2866 3674 2983 3744 ejus
3014 3690 3111 3742 pro
3152 3672 3398 3730 remedio

1805 3767 2002 3822 animae
2053 3780 2186 3819 uicae
2227 3772 2281 3818 et
2321 3773 2604 3832 parentum
2654 3779 2924 3827 meorum,
2972 3777 3068 3830 per
3107 3761 3394 3816 consilium

1805 3860 1992 3915 uxoris
2024 3873 2157 3912 mete
2205 3856 2478 3912 Anselina:
2522 3865 2577 3909 et
2613 3855 2784 3924 patris
2819 3851 2936 3922 ejus
2975 3853 3215 3908 Oddonis
3244 3851 3394 3908 vices

1805 3949 2017 4006 comitis
2042 3948 2368 4012 Leomauizc,
2393 3956 2446 4001 et
2475 3944 2731 3999 Bernardi
2757 3944 2976 3998 comitis
2997 3942 3309 3997 Armauiaci
3339 3949 3398 3996 et

1805 4043 2055 4100 monachi
2100 4040 2503 4102 Cluniacensis,
2540 4044 2898 4104 cognomento
2936 4032 3392 4103 Turnaquelletii,

1804 4145 1860 4189 et
1882 4133 2108 4189 aliorum
2142 4132 2438 4185 amicormn
2472 4139 2804 4190 nostrorum,
2845 4127 3108 4180 donamus
3167 4123 3298 4189 Deo,
3331 4123 3390 4178 8.

1803 4206 1998 4280 Jama
2031 4225 2095 4278 de
2128 4222 2186 4277 s.
2220 4221 2423 4285 Monte,
2453 4230 2510 4273 et
2545 4218 2764 4273 domino
2793 4216 3002 4286 llugoni
3041 4215 3221 4270 abbati
3265 4212 3394 4268 Clu-

1805 4317 2066 4377 niacensi,
2094 4323 2149 4368 et
2172 4309 2452 4366 monachis
2493 4308 2687 4362 ibidem
2724 4307 2832 4361 DrO
2869 4308 3062 4360 devote
3105 4303 3396 4358 servienti-

1803 4407 1904 4464 bus
1933 4405 2212 4462 ecclesiam
2244 4402 2294 4458 S.
2329 4401 2510 4456 Marize
2547 4400 2612 4455 de
2641 4398 2965 4456 Arombodio
2992 4413 3115 4453 cum
3150 4397 3265 4452 suis
3295 4409 3394 4468 ap-

111 4499 365 4568 Diploma
391 4515 484 4571 pro
519 4499 733 4554 ecclesia
756 4498 935 4555 Sancti
966 4499 1239 4556 Michaelis
1263 4501 1326 4558 de
1346 4500 1696 4558 Monte-Alta.
1727 4521 1780 4582 ι)
1803 4497 2092 4570 pendiciis,
2122 4505 2229 4552 etc.
2264 4494 2329 4548 Et
2355 4492 2400 4548 si
2430 4490 2553 4562 quis
2579 4490 2706 4544 illud
2736 4489 3041 4582 infregerit,
3077 4505 3106 4542 a
3140 4488 3394 4582 Deo-ma:-

707 4593 888 4659 (Auno
936 4593 1113 4664 1009.)
1197 4617 1200 4620 ~

357 4681 676 4754 [Chronique
702 4683 926 4748 d‘Auch,
954 4700 1039 4738 ιιι·
1067 4693 1232 4755 part.,
1262 4701 1317 4758 p.
1354 4685 1468 4759 68.]

190 4775 250 4830 In
301 4777 517 4830 nomine
571 4776 662 4830 Dei
719 4777 916 4832 summi
961 4779 1378 4847 omnipotentis,
1426 4778 1604 4838 Patris
1649 4789 1704 4836 et

110 4866 242 4924 Filii
283 4876 338 4922 et
373 4865 608 4937 Spiritus
652 4869 854 4933 sancti,
899 4883 998 4940 ego
1019 4867 1370 4934 Wilhelmus,
1400 4870 1541 4924 ﬁlius
1571 4868 1703 4925 Bern

107 4960 276 5018 nardi
323 4971 376 5015 et
427 4961 866 5030 archiepiscopus
907 4961 1227 5028 Auxiorum,
1269 4969 1324 5015 et
1365 4961 1560 5016 fratres
1594 4963 1702 5019 mei

111 5051 493 5121 Raymuudus,
539 5061 593 5105 et
634 5053 802 5114 Oddo,
849 5060 906 5106 et
953 5050 1222 5119 Otgerius,
1261 5059 1316 5106 et
1345 5051 1614 5112 Giraldus.
1645 5061 1702 5109 et

109 5141 450 5197 Bertrandus
477 5159 578 5213 pro
600 5145 836 5213 peccatis
867 5145 1066 5200 nostris
1095 5154 1147 5199 et
1171 5156 1455 5215 parentum
1488 5154 1702 5202 nostro-

111 5233 251 5287 rum
269 5231 530 5288 donamus
574 5234 685 5291 Deo
722 5235 949 5291 Domino
987 5245 1042 5291 et
1073 5236 1277 5291 sanctis
1305 5237 1562 5306 apostolis
1584 5238 1703 5309 ejus

113 5322 286 5376 Petro
324 5332 379 5378 et
418 5323 585 5380 Paulo
628 5326 696 5380 ad
740 5327 914 5381 locum
947 5327 1288 5391 Cluuiaeum,
1333 5329 1420 5382 cui
1463 5329 1702 5404 domnus

116 5406 276 5476 Bugo
313 5407 482 5464 abbas
523 5425 754 5480 praeesse
796 5411 1026 5476 videtur,
1062 5413 1350 5468 ecclesiam
1393 5412 1577 5467 Sancti
1606 5411 1704 5466 Mi-

116 5498 327 5555 chaelis
354 5501 423 5556 de
450 5500 810 5570 Monte-Alta,
846 5518 969 5559 cum
1013 5503 1441 5573 appendentibus
1467 5503 1705 5574 quinque
1730 5504 1732 5506 ’

118 5589 368 5650 ecclesiis
393 5599 451 5648 et
469 5593 662 5662 vineis,
690 5595 924 5668 campis,-
947 5602 1006 5650 ct
1032 5595 1248 5660 absque
1292 5595 1378 5650 bis
1402 5610 1523 5665 quae
1551 5596 1707 5666 pater

119 5693 277 5739 me
305 5682 380 5743 ibi
404 5686 548 5742 dedit
569 5705 577 5717 ι’
591 5687 648 5741 in
671 5687 782 5742 vita
807 5701 928 5754 sua,
951 5686 1199 5742 dedimus
1242 5700 1342 5742 nos
1382 5699 1548 5741 unum
1591 5702 1709 5744 mo.

120 5774 402 5832 halitum)
425 5778 483 5835 in
508 5778 662 5842 alveo
689 5780 869 5838 Archo
889 5781 1107 5838 nomine
1125 5790 1181 5837 et
1203 5778 1390 5849 decem
1415 5779 1704 5844 denaratas

1807 4589 2036 4646 ledictus
2071 4587 2193 4652 erit,
2244 4585 2344 4640 nisi
2401 4581 2789 4647 emendaverit,
2831 4591 2884 4635 ct
2929 4581 3128 4634 bonum
3158 4577 3214 4631 S.
3243 4575 3393 4632 Petri

1805 4682 2083 4738 soluturus
2109 4680 2198 4735 sit.
2229 4677 2359 4732 Post
2383 4687 2614 4732 mortem
2652 4673 2817 4744 igitur
2849 4671 3139 4738 Sauxionis
3170 4670 3393 4741 presby-

1805 4777 1907 4832 teri
1939 4775 2203 4830 donamus
2251 4771 2409 4825 aliam
2439 4767 2722 4834 ecclesiam
2753 4765 2821 4821 de
2849 4765 2906 4820 S.
2939 4761 3168 4820 Martino
3206 4764 3272 4819 de
3299 4762 3392 4818 Ri-

1805 4882 1942 4922 can:
1969 4867 2070 4920 hoc
2096 4873 2200 4925 est,
2225 4862 2361 4918 duas
2404 4869 2609 4932 partes,
2652 4866 2708 4914 et
2755 4857 3083 4914 senioratum
3123 4865 3300 4922 terrai,
3329 4863 3392 4911 ut

1805 4959 1880 5014 iui
1921 4957 1939 5014 i
1965 4957 2048 5011 die
2078 4966 2344 5026 noctuque
2361 4955 2487 5013 Deo,
2519 4967 2550 5006 a
2579 4951 2858 5006 monachis
2879 4959 2933 5004 et
2962 4948 3082 5005 aliis
3104 4947 3392 5006 catholicis

1805 5050 2092 5107 serviatur.
2121 5049 2179 5104 Si
2202 5049 2326 5120 quis
2353 5048 2457 5104 hoc
2482 5047 2683 5105 donum
2709 5043 3121 5102 calumniaverit
3150 5041 3232 5096 vel
3260 5056 3390 5098 con-

1807 5142 2108 5209 tradixerit,
2146 5142 2249 5199 nisi
2298 5141 2633 5212 paenituerit,
2683 5153 2806 5195 cum
2850 5135 2987 5193 Iuda
3031 5135 3294 5192 lScariotb
3334 5145 3393 5211 et

1807 5235 1928 5292 aliis
1953 5235 2226 5290 damnatis
2252 5235 2601 5304 demergatur
2625 5233 2679 5288 in
2712 5229 3036 5302 profundum
3058 5226 3304 5284 inferni.»

1815 5375 1820 5379 .
1878 5327 2044 5383 Facta
2070 5337 2153 5384 est
2183 5327 2300 5384 hac
2328 5326 2536 5382 cartula
2568 5339 2754 5382 mense
2779 5322 3021 5387 Octobri,
3044 5318 3145 5376 fer.
3173 5336 3230 5387 v,
3262 5319 3389 5390 luna

1800 5436 1935 5486 xxx,
1959 5421 2158 5490 scripta
2187 5419 2397 5491 publice
2419 5419 2560 5490 apud
2584 5418 2643 5494 8.
2681 5417 2939 5484 Montem,
2970 5420 3230 5487 regnante
3256 5411 3388 5469 Phi-

1801 5510 1948 5584 lippo
1976 5527 2122 5584 rege,
2145 5520 2200 5568 et
2216 5510 2522 5578 Guillelmo,
2558 5512 2696 5567 duce
2715 5508 3044 5580 Aquitanis,
3072 5504 3389 5580 dominante

1803 5604 2138 5674 provinciam
2156 5603 2463 5668 'Vasconiae,
2490 5612 2541 5658 et
2564 5600 2860 5659 Atiscitana
2899 5600 3095 5656 civitas
3130 5612 3162 5653 a
3190 5597 3388 5651 domm

1805 5692 2093 5750 Guillelmo
2139 5693 2545 5766 archiepiscOpo
2596 5703 2725 5750 tunc
2773 5689 3233 5764 patrocinabatur.
3273 5683 3390 5750 Hoc

1809 5793 1991 5844 autem
2018 5786 2222 5845 factum
2241 5795 2327 5843 est
2351 5786 2408 5842 in
2437 5787 2723 5846 praesentia
2746 5785 2928 5843 domui
2950 5781 3212 5840 Guidonis
3229 5775 3394 5834 Picta
