3928 6298
588 304 696 373 9‘53

1752 318 1810 376 s.
1852 315 2044 376 nuce
2080 317 2300 374 ABEAS
2340 317 2654 377 CLUNAG.
3091 320 3094 324 '
3679 343 3749 398 κδ

540 448 543 449 '
591 430 794 487 vicnsis
843 431 1055 485 comitis
1109 410 1377 503 totiusque
1424 432 1761 497 Guasconian,
1819 434 1909 503 qui
1960 430 2177 502 propria
2209 438 2252 495 Α
2286 430 2469 494 ualdo,
2515 432 2605 501 qui
2656 441 2895 502 paternm
2934 434 3067 505 jure
3108 434 3406 490 baereditati
3451 454 3750 505 successerit”.

587 538 749 578 manu
795 522 992 577 bonum
1035 537 1191 577 suum
1233 524 1739 580 tribuitzsimiliter
1787 524 1841 579 in
1889 524 2177 595 prtescntia

585 612 767 666 domui
813 611 1076 667 Bernardi
1122 610 1524 685 Tumapaillerii
1574 616 1824 670 avunculi
1870 616 1998 681 mei,
2024 624 2077 671 et
2111 615 2173 669 ι).

2279 518 2494 574 Praefati
2538 536 2773 591 namque
2820 536 3006 578 comes
3044 530 3100 577 et
3138 522 3411 579 comitissa
3450 527 3645 587 «elatis
3672 539 3753 595 rita

2278 609 2616 665 dulcedinem
2652 615 2989 679 adamantes,
3029 615 3375 671 transitorias
3408 630 3750 693 contempserunt

584 702 807 758 Arualdi
854 703 1178 775 Aggiuensis
1218 706 1480 776 episcopi,
1522 707 1754 776 denique
1783 707 2083 779 ltaymunli
2111 708 2177 762 de
2277 702 2512 769 divitias,
2544 713 2599 758 et
2627 706 2680 759 in
2724 707 3056 761 monasterio
3080 707 3445 776 Cluniacensi,
3481 713 3555 767 cui
3579 730 3751 775 reveren-

584 794 744 850 Albio
765 795 1179 851 Condomiensis
1204 798 1435 853 abbatis.
1461 798 1650 853 Testes
1670 810 1723 853 et
1745 800 1994 855 visitores
2017 800 2175 871 hujus

584 885 661 941 rei
690 899 815 941 sunt
844 888 895 941 Iti
923 902 939 940 :

655 978 808 1034 Oddo
839 980 1136 1035 vicccomes
1169 981 1595 1039 Leomanicnsis.

654 1070 959 1127 Gaillarthts
987 1074 1055 1127 de
1084 1073 1302 1137 Villem,
1478 1134 1479 1137 η

653 1160 998 1217 Bernltardus
1031 1163 1094 1216 de
1120 1163 1439 1230 Gailliardo,

654 1252 805 1309 Oddo
835 1254 900 1307 de
935 1250 1274 1319 Pondenaso,

653 1344 806 1401 Oddo
856 1347 923 1403 de
967 1346 1314 1415 Pardellano,
1362 1356 1416 1403 et
1463 1346 1554 1401 alii
1607 1344 1991 1417 quamplurimi
2044 1361 2172 1417 pro-

583 1450 761 1491 ceres.

651 1525 873 1595 Signum
903 1527 1079 1583 Fortis
1104 1529 1318 1583 comitis
1342 1528 1679 1599 Angisiensis
1709 1527 2090 1601 [Ausciensis}.

653 1616 710 1673 S.
732 1618 946 1674 Geraldi
971 1621 1205 1687 comitis,
1229 1630 1283 1676 et
1303 1619 1522 1677 Arualdi
1544 1621 1803 1675 Bcrnardi
1826 1621 2007 1677 fratris
2028 1622 2166 1692 ejus‘

1068 1714 1071 1715 ⁷
1308 1714 1444 1769 VIII.

2276 794 2531 850 dissimus
2555 795 2709 865 Ilugo
2729 798 2899 853 abbas
2924 808 3049 852 tunc
3070 810 3327 867 praeerat,
3351 813 3537 857 sancta:
3561 806 3751 874 religionis

2275 885 2520 940 habitum
2551 897 2928 956 susceperunt,
2957 890 3299 945 aedificantes-
3316 893 3605 961 praedictum
3628 898 3751 954 Sancti

2273 973 2473 1031 Montis
2525 979 2913 1032 monasterium
2966 979 3019 1034 in
3069 980 3336 1036 honorem
3405 985 3560 1039 sancti
3600 986 3749 1047 Joannis

2272 1064 2547 1135 Baptistar,
2581 1083 2681 1137 pro
2712 1059 3079 1139 redemptione
3120 1086 3670 1141 peccatorumsmru
3699 1082 3748 1133 tri

2178 1162 2181 1163 '
2273 1156 2512 1209 remedio
2560 1158 2868 1211 animarum
2912 1172 3193 1229 parentum
3225 1176 3472 1227 suorum,
3502 1174 3591 1219 tam
3620 1169 3683 1237 qni
3708 1174 3748 1226 te

2272 1246 2474 1301 saeculo
2514 1249 2768 1316 praesenti
2819 1251 3187 1318 decesserant,
3234 1266 3402 1321 quam
3431 1263 3482 1307 et
3520 1271 3664 1311 eorum
3692 1261 3747 1327 qui

2270 1340 2447 1393 adhuc
2475 1340 2779 1394 successuri
2807 1351 2986 1396 erant.
3016 1340 3261 1397 Primum
3303 1344 3465 1414 igitur
3491 1351 3747 1415 pretiumim-

2272 1437 2357 1483 tus
2402 1429 2575 1495 locus,
2626 1439 2813 1500 utpote
2856 1431 3115 1488 Cluniaco
3140 1432 3386 1501 legitime
3419 1435 3749 1493 donatusetln-

2272 1521 2437 1585 ditus,
2474 1523 2620 1577 beati
2665 1523 2813 1578 Petri
2861 1526 3071 1578 novella
3120 1528 3398 1596 possessio
3441 1538 3561 1596 erat,
3590 1536 3643 1584 'et
3673 1548 3747 1595 nos,

2266 1610 2394 1666 licet
2417 1612 2643 1681 indigni,
2689 1612 2932 1681 ejusdem
2978 1616 3244 1685 principis
3289 1621 3622 1687 apostolorum
3654 1621 3747 1690 lega-

2266 1704 2413 1759 tione
2456 1704 2836 1775 fungebamur.
2885 1705 3079 1777 Rogati
3124 1722 3320 1764 sumus
3360 1709 3429 1764 ab
3471 1710 3746 1779 ejusdemlati

576 1796 879 1857 Bernardus
909 1812 956 1857 et
987 1821 1122 1859 uxor
1165 1808 1541 1860 monasterium
1573 1804 1754 1860 Sancti
1798 1804 2024 1860 Joannis
2054 1803 2165 1859 Ba—
2196 1773 2239 1828 Β
2267 1792 2450 1862 Pri"re
2472 1794 2779 1849 Adhcmam
2806 1804 2862 1850 ει
2894 1796 3121 1868 τθὶίψιίε
3139 1797 3407 1853 "mribus
3434 1809 3488 1853 υί
3511 1802 3742 1857 MM“

646 1875 821 1997 ztiua:
841 1874 911 1928 ad
938 1873 1192 1929 Sanctum
1217 1874 1447 1930 Montem
1468 1885 1705 1929 vocatum
1727 1874 2162 1930 Cluniacensibus

685 1954 798 1997 ant.

685 1954 798 1999 ant.

1174 2026 1570 2108 (Anno’IO'l...)

825 2127 1048 2201 [ΒΔιυῑ.
1093 2128 1343 2194 Μίδεια..
1375 2130 1460 2185 ed.
1488 2129 1643 2194 Luc,
1672 2128 1760 2195 III,
1786 2127 1904 2202 με]

651 2218 849 2274 Notum
881 2221 953 2275 sit
978 2222 1231 2276 omnibus
1277 2222 1587 2276 hominibus
1618 2223 1761 2291 quod
1804 2238 1904 2292 ego
1933 2222 2163 2277 Bernar-

585 2309 688 2365 dus
716 2323 900 2366 eomes
944 2319 996 2365 et
1042 2326 1180 2365 uxor
1214 2326 1329 2383 mea
1360 2310 1745 2380 Ermengardis
1771 2320 1826 2366 et
1858 2311 1950 2366 ﬁlii
1981 2313 2152 2366 nostri

578 2398 850 2475 Arualdus
871 2408 1033 2469 atque
1062 2400 1328 2455 Gcraldus
1366 2402 1628 2456 donamus
1674 2401 1902 2455 Domino
1950 2400 2058 2455 Deo
2104 2410 2163 2458 et

488 2506 500 2515 ·
581 2491 787 2545 sanctis
816 2492 935 2562 ejus
972 2491 1232 2562 apostolis
1256 2491 1416 2547 Petro
1446 2502 1499 2547 et
1525 2492 1691 2546 Paulo
1726 2493 1794 2547 ad
1826 2492 2002 2548 locum
2029 2493 2157 2559 Clu-

577 2584 794 2638 niacum
823 2626 838 2649 ,
872 2584 981 2640 cui
1033 2585 1268 2640 domnus
1298 2586 1433 2641 abba
1493 2584 1646 2656 Ilugo
1692 2584 1866 2654 magis
1902 2586 2159 2655 prodesse

552 2690 742 2745 ,qaam
773 2690 1006 2747 praeesse
1035 2678 1266 2742 videtur,
1301 2678 1571 2748 quoddam
1602 2679 1995 2734 monasterium
2018 2677 2159 2748 juris

578 2768 755 2823 nostri
802 2769 866 2821 ad
917 2778 1165 2825 sanctum
1208 2770 1474 2825 Joannem
1526 2770 1822 2840 Baptistam
1871 2771 1922 2825 in
1961 2771 2159 2827 Sancto

574 2854 755 2912 Monte
781 2871 1029 2915 vocatum
1054 2877 1175 2916 cum
1207 2862 1458 2917 omnibus
1482 2862 1555 2916 ibi
1586 2863 1988 2931 pertinentibus
2015 2879 2160 2920 nunc

573 2957 630 3002 et
652 2965 987 3022 quaecunque
1015 2952 1086 3007 ibi
1122 2952 1173 3006 in
1205 2962 1525 3024 perpetuum
1570 2955 1940 3023 pertinebunt,
1986 2966 2047 3010 ut
2078 2955 2157 3011 fa-

576 3037 728 3094 ciant
770 3049 1015 3095 rectores
1051 3039 1291 3109 ejusdem
1321 3043 1422 3097 loci
1463 3042 1725 3113 quidquid
1760 3043 1941 3100 facere
1974 3045 2159 3102 volue-

581 3130 691 3183 rint
737 3131 933 3185 amodo
974 3139 1030 3185 et
1079 3147 1253 3200 usque
1304 3132 1354 3186 in
1381 3133 1635 3188 saeculum
1681 3135 1859 3189 saeculi
1904 3136 2021 3191 sine
2050 3137 2155 3191 ulla
2184 3122 2229 3183 Ο

575 3222 1046 3277 contradictione.
1079 3221 1136 3277 Si
1179 3224 1301 3292 quis
1331 3239 1481 3291 vero,
1526 3225 1667 3293 quod
1698 3224 1860 3292 absit,
1888 3226 2028 3280 hanc
2057 3242 2154 3281 no-

576 3320 751 3365 stram
798 3312 1146 3369 donationem
1194 3316 1568 3370 contradicere
1618 3316 1701 3370 vcl
1740 3317 1949 3371 irritam
1981 3318 2158 3374 facere

574 3401 828 3468 voluerit,
852 3405 994 3473 quod
1019 3402 1313 3476 infringere
1340 3407 1493 3476 cupit
1521 3422 1625 3461 non
1664 3408 1923 3473 vindicet,
1961 3410 2057 3463 sed
2088 3410 2158 3465 sit

573 3507 741 3561 super
778 3507 902 3548 eum
955 3496 1036 3549 ira
1081 3495 1175 3551 Dei
1215 3497 1600 3567 omnipotentis
1651 3507 1709 3553 et
1752 3496 1894 3553 beati
1932 3496 2157 3553 Joannis

573 3582 827 3655 Baptista:
868 3594 923 3640 et
959 3595 1269 3645 sanctorum
1309 3589 1673 3659 apostolorum
1712 3589 1855 3646 Petri
1886 3598 1940 3645 et
1968 3589 2152 3655 Pauli;

569 3678 899 3748 veniantque
934 3694 1099 3750 super
1120 3696 1246 3735 eum
1275 3697 1466 3736 omnes
1496 3682 1914 3738 maledictioncs
1941 3683 2156 3738 Veteris

568 3778 625 3823 et
652 3769 786 3825 Novi
822 3770 1178 3839 Testamenti,
1227 3773 1331 3829 nisi
1372 3774 1663 3844 resipucrit
1702 3783 1758 3828 et
1800 3775 1867 3829 ad
1900 3773 2158 3829 emenda-

569 3861 774 3916 tionem
800 3864 1034 3919 venerit.
1068 3863 1138 3920 Ut
1164 3874 1345 3920 autem
1393 3865 1506 3921 hmc
1549 3867 1738 3919 charta
1787 3864 1943 3919 ﬁrma
1992 3874 2156 3934 atque

568 3955 778 4010 stabilis
812 3964 1158 4025 permaneat,
1193 3971 1356 4012 manu
1391 3957 1608 4026 propria
1640 3956 1875 4023 ﬁrmavi,
1903 3956 2155 4011 testibus-

568 4059 672 4116 que
703 4046 1026 4102 ﬁrmandam
1058 4047 1269 4103 tradidi.

546 4166 549 4169 »
636 4135 865 4205 Signum
921 4137 1105 4192 domui
1146 4137 1429 4205 Bernardij
1457 4137 1695 4201 comitis,
1734 4136 1826 4206 qui
1877 4136 2020 4191 hanc
2059 4136 2157 4191 do-

568 4227 846 4280 nationem
874 4228 1020 4282 fecit.

641 4316 699 4370 S.
730 4317 959 4374 ﬁliorum
984 4318 1101 4386 ejus
1129 4320 1344 4375 Arualdi
1378 4332 1543 4390 atque
1564 4319 1639 4376 Ge
1652 4319 1805 4375 raldi.

642 4408 702 4466 S.
725 4409 1116 4484 Ermengardis
1138 4414 1448 4469 comitissze.

1305 4550 1397 4607 IX.

781 4641 1000 4699 'Notitia
1038 4644 1103 4698 de
1129 4643 1447 4698 monasterio
1492 4642 1678 4698 Sancti
1709 4640 1924 4697 Montis.

1156 4715 1333 4783 (Anno
1356 4713 1541 4783 1073.)

792 4804 1039 4877 [Bth.,
1064 4803 1316 4869 Miscell.,
1343 4805 1474 4861 edit.
1499 4804 1655 4869 Luc.,
1679 4803 1764 4871 Ill,
1793 4800 1910 4882 45.]

636 4895 943 4963 Genusus,
977 4896 1067 4952 Dei
1096 4897 1266 4969 gratia
1301 4895 1569 4950 Ostiensis
1623 4896 1930 4964 cpiscopus,
1975 4893 2152 4948 cardi-

567 4988 706 5043 nalis
736 4998 790 5042 et
827 4990 1136 5059 apostolica:
1159 4990 1303 5044 sedis
1331 4988 1561 5058 legatus,
1588 4990 1841 5044 omnibus
1866 4988 2150 5043 catholicae

570 5068 824 5133 Ecclesia:
851 5079 977 5136 ﬁliis
1001 5091 1319 5151 perpetuam
1355 5075 1413 5135 in
1439 5081 1668 5135 Domino
1694 5076 1947 5134 salutem.

639 5170 773 5225 Cum
800 5188 863 5227 ex
892 5184 1163 5245 praecepto
1203 5174 1405 5231 domini
1439 5189 1590 5243 papas
1634 5172 1927 5227 Alexandri
1972 5169 2012 5225 ll
2052 5183 2150 5241 per

570 5257 893 5316 Gasconiant
938 5265 1042 5319 iter
1082 5274 1335 5335 agentes,
1370 5266 1422 5319 in
1456 5264 1746 5332 Hispanias
1779 5263 2145 5326 tenderemus,

571 5349 628 5404 in
676 5353 1005 5425 monasterio
1042 5352 1223 5409 Sancti
1269 5354 1463 5411 Montis
1506 5352 1764 5423 hospitali
1804 5367 2011 5407 sumus.
2052 5352 2148 5407 Est

569 5449 754 5497 autem
807 5440 1037 5499 Sanctus
1090 5445 1245 5500 Mons
1300 5444 1703 5501 monasterium
1743 5444 2021 5513 pertinens
2078 5445 2148 5498 ad

568 5532 933 5591 Cluniacense
980 5538 1285 5593 cmnobium
1312 5576 1327 5603 ,
1378 5538 1819 5593 construetumﬁa
1851 5532 2146 5589 venerabili

565 5621 849 5688 Bernardo
882 5630 1084 5687 comite
1107 5640 1165 5686 et
1191 5630 1439 5702 religiosa
1484 5626 1716 5699 conjuge
1755 5625 1874 5696 ejus
1918 5625 2147 5681 Ermen~

566 5720 729 5789 canta
770 5731 825 5779 et
864 5720 985 5778 lilio
1000 5719 1120 5794 ejus
1158 5716 1402 5780 Gerardo
1424 5730 1504 5795 et
1556 5719 1727 5776 alt‘cro
1751 5718 1868 5789 ejus
1894 5716 2009 5773 tilio
2036 5717 2142 5772 Are

2267 1883 2488 1938 tutelam
2530 1895 2586 1940 et
2627 1885 2997 1943 defensionem
3022 1888 3279 1945 omnibus
3304 1893 3590 1946 monasterii
3606 1908 3751 1963 pcata-

2263 1977 2507 2035 siouibus
2546 1980 2974 2050 imponeremus.
3021 1982 3270 2050 Quorum
3320 1986 3746 2057 precibus-acquie-

2263 2084 2501 2139 scentes,
2553 2075 2734 2129 omnia
2779 2076 2847 2130 ad
2895 2076 3035 2131 idem
3080 2078 3475 2132 monasterium
3512 2078 3604 2155 loca
3637 2080 3748 2148 perti-

2172 2152 2177 2155 ’
2263 2166 2468 2231 nentia,
2494 2166 2777 2234 ecclesias,
2806 2167 3031 2237 praedia,
3065 2167 3245 2232 villas,
3279 2184 3404 2223 cum
3428 2152 3638 2224 omnibus
3652 2174 3747 2237 just:

2263 2258 2544 2328 acquisilis
2589 2258 2677 2313 vel
2723 2259 3113 2328 acquirendis,
3168 2262 3496 2316 auctoritate
3536 2262 3745 2332 apostolica

2262 2348 2406 2404 beati
2462 2349 2608 2404 Petri
2678 2351 2905 2405 tuitione
2962 2350 3178 2407 munire
3228 2352 3541 2418 statuimus,
3576 2352 3747 2406 utnulla

2261 2439 2523 2511 deinceps
2581 2454 2816 2511 persona
2863 2441 2953 2495 vel
3000 2440 3379 2497 ecclesiastica
3435 2442 3512 2495 vel
3560 2440 3749 2497 sacularis

2260 2529 2423 2585 rebus
2450 2529 2716 2600 praelibati
2743 2530 2843 2585 loci
2874 2529 3187 2586 violentiam
3218 2540 3319 2585 aut
3346 2540 3581 2586 torturam
3610 2528 3747 2584 inferre

2259 2633 2555 2695 praesumat
2619 2634 2713 2678 aut
2790 2626 3004 2693 iniquas
3075 2624 3501 2680 consuetudines
3552 2624 3748 2691 imponere

2259 2716 2476 2771 audeat.
2522 2714 2789 2769 Praeterea
2833 2713 3233 2769 salvamentum
3276 2714 3420 2784 quod
3464 2712 3581 2768 infra
3614 2710 3747 2764 limites

2260 2807 2584 2861 constitutos
2630 2805 2696 2859 ad
2745 2807 3094 2861 securitatem
3148 2821 3343 2860 eorum
3375 2815 3427 2860 et
3451 2804 3745 2860 imtnuuitttcm

2258 2898 2351 2969 qui
2383 2899 2684 2955 inhabitant
2704 2897 2787 2954 vel
2814 2900 2881 2954 ad
2907 2900 2957 2953 id
2980 2899 3356 2971 confugerint,
3385 2900 3477 2954 sub
3495 2897 3637 2953 hanno
3654 2895 3745 2950 beati

2259 2987 2407 3044 Petri
2462 2988 2742 3044 ﬁrmamus
2795 2998 2852 3044 et
2904 2993 3380 3052 corroboramus,
3432 3000 3487 3044 ut
3525 2989 3745 3059 quicunque

2264 3068 2468 3135 temere
2515 3089 2571 3135 et
2617 3082 2877 3136 audacter
2932 3081 3198 3135 terminos
3236 3081 3383 3148 illos,
3408 3082 3455 3135 id
3500 3089 3568 3135 est
3603 3092 3741 3141 cruces,

2262 3172 2555 3242 infringere
2595 3180 2689 3226 aut
2733 3170 2940 3226 violare
2982 3174 3396 3244 praesumpserit
3432 3156 3517 3227 aut
3553 3171 3744 3227 invadere.

2260 3263 2403 3317 beati
2445 3262 2592 3317 Petri
2642 3261 2807 3318 banni
2856 3279 3007 3319 reum
3052 3274 3107 3320 et
3148 3266 3475 3321 auctoritate
3516 3261 3742 3333 apostolica.

2257 3356 2363 3410 nisi
2423 3354 2747 3425 resipucrit,
2806 3357 3344 3412 excommunicatum
3401 3370 3457 3412 se
3504 3360 3741 3424 cognoscat:

2260 3446 2479 3515 insuper
2500 3445 2543 3499 si
2578 3444 2709 3515 quid
2750 3444 2916 3500 banni
2965 3445 3165 3511 intulit,
3201 3446 3351 3501 infra
3382 3446 3641 3518 quindecim
3671 3441 3743 3497 dies

2258 3538 2413 3608 plene
2435 3536 2687 3593 reStituat
2709 3547 2763 3593 et
2786 3547 3097 3608 componat,
3123 3550 3233 3592 tum
3262 3540 3425 3594 etiam
3447 3535 3744 3591 satisfactione

2256 3629 2481 3697 etleges
2526 3643 2662 3698 quas
2708 3627 3096 3684 ecclesiasticae
3148 3629 3474 3701 praecipiunt
3506 3626 3741 3682 sanctiones.

2257 3719 2310 3773 id
2333 3728 2417 3773 est
2448 3727 2751 3789 nongentos
2785 3718 2989 3773 solidos
3031 3717 3336 3787 persolvat.
3370 3717 3641 3785 Quicunque
3663 3722 3743 3763 vero

2257 3811 2310 3866 in
2334 3811 2576 3881 prmdicti
2604 3812 2916 3867 monasterii
2940 3812 3261 3867 cremeterio
3285 3811 3489 3883 sepeliri
3507 3826 3556 3863 se
3572 3802 3740 3862 iecerint.

2254 3912 2309 3957 ct
2334 3903 2399 3957 de
2429 3904 2666 3973 peccatis
2716 3904 2831 3958 suis
2879 3918 3072 3971 puram
3118 3902 3510 3958 confessionem
3537 3894 3741 3951 Deoobltt-

2257 3991 2437 4057 lerint,
2488 4005 2779 4064 veramque
2826 3993 3209 4063 paenitentiam
3269 3991 3582 4062 susceperint
3605 3996 3741 4052 etrgc-

2256 4081 2385 4148 rint,
2440 4096 2535 4138 eos
2583 4082 2875 4154 apostolica
2935 4083 3264 4138 auctoritate
3299 4081 3597 4138 absolvimus
3616 4074 3741 4130 ettra-

2258 4183 2533 4230 ternarunt
2574 4175 2881 4230 orationum
2919 4184 3082 4244 atque
3104 4172 3555 4246 eleemosynarum
3592 4164 3739 4241 partiti.

2253 4281 2350 4338 pes
2386 4281 2507 4322 esse
2545 4267 2849 4341 laudamus.
2884 4267 3035 4321 l’lauc
3068 4277 3250 4321 autem
3282 4278 3503 4329 cartam,
3533 4258 3739 4317 utﬁrtniof

2258 4360 2545 4423 habeatur,
2590 4361 2779 4414 subtus
2823 4362 3039 4431 prepria
3074 4377 3235 4414 manu
3273 4371 3452 4415 nostra
3484 4360 3529 4412 in
3552 4357 3631 4410 hoc
3650 4351 3739 4404 libr0

2178 4469 2230 4529 ι)
2256 4467 2350 4507 seu
2365 4453 2417 4506 in
2433 4461 2583 4506 carta
2606 4452 2968 4521 signavimus;
2991 4453 3463 4507 conservatoribus
3476 4453 3573 4522 ejus
3590 4440 3741 4518 premit

2264 4544 2616 4614 sempiterna,
2655 4544 3121 4614 contemptoribus
3164 4553 3346 4598 autem
3371 4553 3425 4597 et
3452 4532 3737 4595 infractoribut

2254 4626 2518 4705 supplicia
2551 4634 2883 4703 sempiterna
2905 4645 2961 4689 et
2992 4635 3372 4689 damnatarum
3395 4634 3652 4706 animarum
3665 4634 3735 4703 tut-

2253 4736 2454 4783 menta.

2323 4817 2435 4887 Ego
2470 4815 2733 4872 Geraldus
2759 4814 3028 4872 Ostiensis
3048 4815 3335 4888 episcopus
3358 4822 3413 4869 et
3438 4810 3567 4867 sedis
3593 4806 3738 4874 θροειὺ

2258 4909 2378 4964 liczn
2419 4909 2628 4979 legatus
2668 4908 2830 4977 relegi
2861 4916 2915 4961 et
2944 4907 3238 4977 subscripsi
3265 4922 3409 4961 anno
3434 4892 3739 4960 lncarnatioai'

2251 5000 2547 5060 Dominiczn
2573 5002 2735 5069 1075,
2769 5000 3069 5056 indictione
3101 5016 3178 5056 at.

2251 5183 2451 5239 Unaldi
2482 5183 2684 5237 abbatis
2717 5181 3079 5236 Maisiacensis
3124 5189 3478 5235 testamentum
3501 5176 3556 5228 de
3576 5166 3738 5249 (ccill-

2356 5254 2585 5309 tionibus
2609 5271 2640 5307 a
2670 5253 2826 5308 variis
2853 5251 3196 5306 smcularibus
3224 5251 3288 5304 ab
3325 5266 3384 5303 eo
3418 5250 3667 5312 redemptu-

2842 5344 3022 5416 (Ληηο
3046 5342 3230 5414 1075.)

2533 5434 2698 5511 [ϐαιι.
2728 5436 2923 5491 Christ.
2947 5448 3072 5490 nov.
3097 5433 3255 5501 lustr.
3279 5430 3320 5493 ι.
3341 5446 3397 5499 p.
3422 5425 3530 5499 δι]
3573 5512 3579 5513 γ
3692 5505 3700 5513 .

2317 5526 2426 5583 Pax
2500 5528 2656 5598 origo
2712 5527 2981 5582 universis
3026 5524 3194 5590 Deus,
3246 5522 3449 5579 scilicet
3494 5512 3737 5581 majestate.

2245 5620 2584 5675 eruditorum
2631 5618 3022 5690 cogitationum
3064 5615 3333 5687 provisor,
3368 5621 3429 5677 et,
3462 5601 3735 5690 consiliorum

2248 5707 2607 5783 βωμηπίὺτν
2625 5684 3005 5779 bonorumque
3044 5684 3307 5777 factorum
3352 5711 3590 5775 patrator.
3630 5684 3735 5754 cui“
