3928 6298
52 394 189 451 965

910 391 1364 449 DIVERSORUM
1407 387 1844 448 DONATIONES
1884 389 2017 447 PUE
2057 391 2195 449 PRO
2228 388 2551 448 CLUNIAC.

3246 404 3357 477 966

56 516 216 562 nutu
268 514 531 576 reguntur
581 504 858 569 universa,
909 508 1241 575 gubernatur
1286 504 1549 575 quidquid
1590 510 1676 558 est
1701 503 1748 559 A
1776 502 1906 568 tem,
1930 521 2028 574 pro
2050 508 2151 562 hoc
2175 505 2290 579 [ad]
2329 507 2754 563 succurrendum
2788 509 3084 566 monachus
3114 506 3359 579 effectus,

55 600 228 669 quod
257 598 419 653 habet
448 612 567 653 esse
591 613 620 652 a
652 596 786 663 Deo,
813 597 974 652 saluti
1022 599 1266 667 providet
1294 600 1565 662 humanm,
1612 606 1671 652 ut

58 687 338 742 humanis
362 685 581 742 casibus
627 687 1027 741 condescendat
1078 688 1292 757 propria
1348 688 1483 758 lege.
1520 688 1665 755 Qua-

14 768 305 850 ;pmpter
328 778 374 833 si
402 793 621 833 suorum
652 779 794 833 facta
819 779 1055 833 ﬁdelium
1086 780 1151 834 ad
1190 782 1524 849 posteritatis
1557 796 1671 836 me-

56 829 122 848 r-
147 829 294 850 Ὗ---
652 829 664 831 -
694 829 794 833 de
1191 829 1522 849 μυνπ---
1558 829 1639 836 ----

13 829 310 939 Εἔπιθι-ἰδίω
344 871 627 926 traduntur
653 870 833 939 aliquo
864 869 1045 937 modo,
1084 874 1225 942 quod
1247 882 1426 927 actum
1462 873 1545 927 vel
1570 874 1665 928 de-

56 962 369 1018 liberatum
421 974 507 1018 est
555 963 784 1032 simplici
831 964 1019 1029 oculo,
1064 980 1170 1020 non
1224 966 1382 1020 debet
1429 966 1582 1035 argui
1632 983 1665 1021 a

59 1054 631 1109 subsannantibus-ex
655 1054 946 1124 improviso
978 1071 993 1108 :
1034 1056 1176 1126 quod
1212 1057 1355 1110 enim
1379 1057 1677 1111 communi

58 1145 299 1215 proﬁcit
325 1145 562 1213 utilitati,
598 1147 836 1201 omnium
873 1148 989 1202 sine
1015 1148 1178 1203 dubio
1208 1149 1424 1219 expedit
1453 1165 1659 1221 memoe

62 1237 161 1291 ria
194 1237 386 1292 teneri.
415 1236 549 1293 Cum
580 1237 742 1307 igitur
788 1238 1124 1293 saecularium
1174 1249 1496 1295 testamenta
1556 1241 1662 1296 vim

64 1331 313 1384 multam
327 1330 607 1385 obtineant
630 1330 695 1385 ad
715 1346 891 1385 rerum
923 1332 1391 1388 deliberandarum
1425 1334 1661 1402 indagia,

67 1423 261 1493 magis
319 1423 466 1479 credi
523 1433 735 1494 oportet
792 1425 1163 1496 religiosorum
1220 1442 1666 1496 quorumcnuque

77 1513 334 1567 ﬁdelium
368 1513 434 1568 ad
461 1515 915 1584 comparationem
942 1516 1165 1570 istorum
1191 1516 1373 1571 valere
1400 1516 1666 1586 exempla.

63 1603 282 1660 Certus
311 1604 493 1674 itaque
520 1605 761 1661 redditus
788 1607 1091 1676 lmjusmodi
1127 1607 1566 1677 allegationibus,
1599 1607 1669 1662 ob

64 1698 378 1754 multorum
411 1698 709 1769 profectum
766 1700 1024 1769 ﬁliorum,
1078 1717 1180 1773 ego
1220 1701 1458 1757 Uualdus
1501 1703 1669 1757 abbas

63 1790 259 1846 dictus
293 1791 528 1847 cmnobii
569 1789 959 1857 Moisiacensis,
1011 1807 1132 1845 cum
1177 1793 1405 1847 consilio
1439 1792 1665 1846 fratrum

1777 593 2136 663 relinquendo
2180 596 2452 651 ﬁrmavit:
2486 597 2552 651 dc
2581 597 2753 651 vineis
2794 598 2998 653 scilicet
3025 598 3268 672 Falqueti
3306 612 3362 657 et

1772 685 2023 740 Armulﬁ.
2075 685 2179 749 Pro
2228 688 2330 744 hac
2377 690 2565 743 eadem
2622 703 2782 743 causa
2838 688 3113 760 Stephano
3166 693 3233 748 de
3271 692 3362 750 illa

1773 775 1983 832 Valleta
2016 777 2270 833 similiter
2292 780 2537 835 dedimus
2566 796 2731 835 unum
2761 797 2977 850 equum.
2993 793 3046 836 et
3078 783 3190 852 ipse
3217 785 3363 839 dedit

1774 868 1914 924 infra
1945 872 2043 925 hos
2071 873 2353 937 terminos,
2386 874 2527 930 sicut
2582 887 2752 930 strata
2795 876 3007 945 publica
3063 894 3181 946 quae
3212 878 3363 932 ducit

1772 962 1838 1015 ad
1871 964 2160 1029 orientem,
2189 976 2244 1019 et
2279 968 2672 1021 deterniinatur
2721 985 2843 1022 cum
2885 970 3048 1024 terris
3096 968 3357 1025 Willelmi

1774 1048 2008 1110 Siccarii
2035 1058 2101 1111 de
2123 1059 2375 1111 omnibus
2404 1074 2523 1127 qua:
2549 1060 2660 1127 ipse
2687 1058 2768 1113 vel
2798 1061 2887 1115 alii
2912 1076 3008 1129 per
3027 1076 3148 1133 eum
3177 1054 3365 1116 tenere

1775 1144 2065 1210 videbitur,
2092 1157 2146 1201 et
2186 1148 2258 1200 ita
2294 1148 2528 1202 ﬁrmavit
2571 1150 2702 1218 ipse,
2749 1159 2803 1202 et
2826 1150 2967 1204 ﬁlius
2993 1150 3108 1219 ejus
3132 1148 3363 1203 Bernar-

1773 1238 1864 1302 do,
1890 1252 1983 1291 seu
2016 1236 2248 1309 Httguni,
2278 1248 2333 1293 et
2362 1239 2623 1294 fratribus
2651 1238 2769 1306 ejus
2805 1241 2867 1294 de
2894 1242 3168 1310 Anazagu,
3196 1246 3365 1293 nouae

1772 1330 1919 1399 ginta
1944 1328 2163 1396 solidos,
2190 1332 2281 1401 qui
2323 1346 2535 1386 omnem
2568 1346 2720 1384 suam
2749 1346 2911 1400 quam
2944 1330 3212 1384 habebant
3238 1338 3365 1399 par-v'

1774 1426 1884 1473 tem
1918 1419 2296 1475 decimationis
2330 1420 2597 1474 dederunt
2652 1420 2781 1485 Deo,
2827 1430 2882 1474 et
2922 1418 2979 1473 S.
3036 1418 3196 1474 Petro
3239 1418 3365 1486 jure

1771 1519 2033 1579 perpetuo
2084 1512 2398 1580 possidere,
2459 1521 2719 1582 quantum
2762 1512 2814 1565 in
2874 1512 3129 1580 parochia
3176 1511 3232 1565 S.
3261 1509 3362 1564 Mi-

1773 1600 2002 1665 chaelis,
2031 1610 2085 1656 et
2113 1600 2202 1655 alii
2228 1617 2325 1671 per
2355 1616 2450 1656 eos
2480 1602 2681 1657 habere
2711 1602 3057 1656 videbantur.
3104 1601 3367 1657 Similiter

1772 1690 2076 1746 Gaufredus
2126 1695 2192 1747 de
2241 1692 2425 1763 Belpoi
2479 1708 2698 1747 onmem
2740 1693 3155 1748 decimationem
3199 1700 3365 1762 quam

1773 1780 2003 1837 habebat
2041 1783 2175 1853 ipse,
2201 1784 2284 1838 vel
2318 1799 2416 1854 per
2444 1799 2569 1838 cum
2603 1785 2655 1839 in
2692 1784 2948 1854 parochia
2996 1782 3055 1839 S.
3087 1781 3367 1839 Michaelis

64 1878 375 1935 Dominum
401 1882 727 1948 timentium,
751 1883 832 1953 egi
861 1882 1035 1937 modis
1075 1883 1485 1953 quibuscunque
1518 1885 1664 1952 potui
1701 1878 1743 1937 Β
1771 1890 1869 1944 pro
1904 1875 2084 1928 anima
2108 1891 2226 1940 sua,
2259 1876 2373 1945 ipse
2395 1884 2451 1931 et
2484 1877 2575 1931 lilii
2610 1877 2727 1946 ejus
2750 1879 3022 1932 dederunt
3068 1875 3125 1931 S.
3174 1875 3358 1930 Petro.

65 1969 225 2027 datis
257 1964 573 2028 muneribus
599 1989 812 2028 omnem
845 1974 1458 2044 deciniationem,quam
1486 1975 1670 2030 hacte-

67 2077 182 2117 nus
213 2063 476 2132 primates
500 2063 581 2118 vel
613 2063 976 2133 provinciales
1023 2064 1381 2131 niilitesjuste
1409 2076 1501 2120 aut
1530 2063 1670 2133 inju-

66 2162 163 2208 ste
186 2155 469 2224 possidere
497 2156 596 2209 visi
618 2164 766 2219 sunt,
793 2156 845 2211 in
875 2166 1119 2211 nostram
1142 2155 1343 2212 ducere
1372 2156 1663 2212 ditionem:

66 2244 184 2300 hoc
206 2256 387 2300 tamen
411 2262 516 2300 non
541 2246 609 2301 ob
626 2246 865 2302 avaritiae
878 2256 1142 2316 quaestum
1169 2234 1666 2318 nmltiplicandum;

65 2334 173 2389 sed
202 2335 619 2403 restituendum,
649 2338 792 2406 quod
829 2338 936 2392 Deo
981 2337 1106 2407 jure
1144 2337 1370 2392 debetur
1419 2352 1665 2393 censum.

67 2426 219 2482 Olim
262 2430 457 2497 quippe
484 2444 550 2482 ex
580 2428 713 2500 legis
744 2440 1014 2500 praecepto
1053 2445 1157 2483 non
1187 2429 1361 2483 solum
1406 2429 1664 2494 decimas,

66 2524 172 2577 sed
193 2533 247 2575 ct
276 2516 543 2593 primitias
572 2525 814 2578 omnium
851 2540 1032 2578 rerum
1079 2524 1189 2578 Deo
1222 2522 1364 2576 ferre
1393 2523 1621 2592 populus
1649 2538 1662 2575 :

68 2611 338 2681 indignus
366 2612 564 2667 etenim
591 2610 941 2681 judicabatur
992 2612 1111 2682 ejus
1142 2612 1479 2679 conspectui,
1518 2612 1668 2681 quis-

66 2702 198 2771 quis
228 2702 330 2755 hoc
362 2703 589 2756 auderet
637 2700 1007 2772 praetergredi.
1056 2698 1210 2756 Unde
1249 2701 1365 2769 ipse
1415 2699 1668 2755 Salvator

67 2794 387 2849 Pbarismos
436 2794 617 2866 arguit
667 2794 721 2849 in
777 2794 1069 2865 Evangelia
1121 2794 1337 2865 (Matth.
1377 2810 1536 2858 χχιιι,
1571 2777 1665 2862 2'5)

67 2876 469 2955 applaudentes
497 2887 563 2941 de
598 2902 695 2942 sua
727 2886 959 2955 iustitia,
991 2886 1132 2956 quod
1161 2887 1276 2941 haec
1299 2886 1515 2956 quidem
1560 2885 1663 2939 im-

69 2978 294 3048 plentes
323 2979 568 3045 minima,
607 2978 975 3049 relinquerent
1014 2993 1134 3047 qua:
1163 2978 1297 3049 legis
1332 2988 1512 3033 essent
1541 2991 1666 3047 gra-

66 3071 257 3134 viora,
293 3071 557 3137 decimas,
580 3072 847 3141 inquiens,
879 3079 1118 3126 mentam
1148 3079 1204 3124 et
1230 3080 1448 3124 anetum
1491 3078 1546 3122 et
1588 3068 1669 3123 ci-

68 3167 310 3232 minum,
334 3176 388 3221 et
404 3156 564 3221 omne
590 3164 862 3236 olusdlloc
896 3165 1099 3219 idcirco
1122 3179 1226 3218 non
1250 3163 1482 3218 dicimus
1516 3160 1663 3232 quod

76 3258 147 3310 ad
177 3256 421 3311 Iudaica:
442 3256 575 3327 legis
600 3257 761 3310 ritum
783 3255 1209 3311 Christianitatis
1238 3254 1462 3308 velimus
1494 3262 1667 3308 trans-

70 3349 279 3403 ducere
305 3348 546 3414 cultum;
586 3350 679 3403 sed
707 3356 763 3401 ut
795 3348 1031 3401 ﬁdelium
1082 3346 1311 3416 populus
1362 3346 1428 3399 de
1473 3344 1667 3415 majori

66 3442 287 3512 justitia
316 3441 600 3507 sollicitus,
630 3441 696 3497 de
725 3440 923 3495 minori
954 3456 1062 3494 non
1097 3440 1292 3493 audeat
1332 3446 1519 3493 contra
1546 3438 1665 3507 glo-

72 3532 211 3588 riari
245 3532 517 3607 inimicus.
561 3532 696 3588 Cum
738 3548 869 3605 ergo
919 3533 996 3586 ita
1024 3531 1155 3597 sint,
1199 3539 1257 3585 et
1298 3547 1402 3584 non
1454 3538 1662 3582 tantum

72 3628 301 3691 divinis,
338 3628 434 3682 sed
480 3628 644 3682 etiam
698 3626 951 3681 humanis
1000 3625 1399 3695 promulgatum
1452 3632 1667 3679 constet

71 3720 315 3793 legibus,
341 3720 559 3775 dubium
592 3734 697 3773 non
724 3729 807 3773 est
834 3726 985 3773 reatu
1010 3718 1305 3786 constringi
1339 3717 1665 3785 prazvarica-

74 3813 267 3877 tionis,
295 3811 386 3882 qui
415 3798 487 3866 ex.
512 3811 775 3867 industria
810 3810 996 3865 tollere
1022 3821 1247 3864 conatur
1277 3823 1364 3864 res
1410 3809 1523 3864 Deo
1578 3824 1668 3863 sa-

73 3916 261 3962 cratas
290 3921 420 3959 ausu
446 3904 666 3959 nefaria:
705 3903 1043 3958 temeritatis.
1078 3901 1193 3969 Qua
1224 3902 1290 3957 de
1341 3918 1400 3957 re
1428 3917 1529 3973 ego
1553 3901 1664 3974 jam

73 3998 459 4055 denominatus
521 3997 690 4051 abbas
745 3996 1000 4062 Unaldus,
1046 3994 1116 4049 ob
1150 3994 1670 4065 hujusmodicoem-

72 4093 347 4161 ptionem,
380 4088 604 4158 largitus
632 4104 751 4142 sum
776 4086 1074 4141 Bertranno
1092 4086 1270 4140 abbati
1286 4084 1531 4141 sreculari
1567 4084 1666 4139 tri-

72 4184 226 4251 ginta
278 4178 512 4244 solidos,
563 4177 723 4233 simili
771 4180 929 4232 modo
972 4175 1245 4231 Willchno
1284 4177 1668 4246 cognominata

72 4270 300 4325 siccarii
329 4285 425 4340 pro
462 4271 565 4324 hoc
604 4269 951 4335 adipiscendo
993 4269 1127 4323 duos
1172 4283 1361 4338 equos,
1406 4278 1459 4321 et
1504 4284 1666 4322 uuam

74 4364 298 4416 unicam
329 4363 467 4427 auri,
501 4378 565 4415 ac
594 4361 793 4415 solidos
820 4361 1129 4425 sexdecim;
1157 4369 1210 4413 et
1258 4360 1487 4414 contulit
1509 4360 1667 4414 nobis

72 4454 225 4509 intra
257 4453 355 4507 hos
388 4453 665 4517 terminos,
699 4453 907 4507 scilicet
934 4454 1001 4506 ab
1032 4452 1145 4521 ipsa
1178 4451 1361 4514 Barta,
1402 4453 1543 4505 sicut
1566 4448 1665 4504 ﬁu-

1773 1965 1947 2020 Simili
1988 1967 2148 2020 modo
2192 1966 2419 2022 Pontius
2462 1967 2639 2023 Faber
2686 1969 2738 2023 in
2774 1968 3091 2022 inﬁrmitate
3131 1967 3361 2036 positus,

1770 2072 1986 2112 omnem
2016 2058 2430 2113 decimationem
2466 2076 2618 2114 suam
2665 2060 2777 2129 ipse.
2806 2070 2860 2113 et
2889 2059 3029 2114 ﬁlius
3054 2057 3171 2126 ejus
3203 2058 3365 2113 dedc-

1772 2160 1897 2205 runt
1933 2149 1990 2205 S.
2015 2150 2196 2216 Petro,
2247 2151 2599 2223 Ilaymundus
2628 2152 2894 2207 Geraldus
2929 2161 2983 2206 et
3033 2151 3200 2207 frater
3247 2149 3365 2218 ejus

1770 2259 1985 2299 omnem
2012 2244 2430 2300 decimationent
2460 2260 2611 2299 suam
2649 2261 2811 2315 quam
2854 2246 3092 2301 habebat
3118 2246 3168 2299 in
3200 2258 3367 2315 paro.

1774 2337 1896 2391 chia
1925 2337 1984 2391 S.
2011 2337 2308 2402 Michaelis,
2346 2347 2514 2392 totam
2545 2340 2612 2392 ab
2637 2339 2844 2409 integro
2869 2337 3087 2393 deditS.
3116 2336 3277 2391 Petro
3308 2347 3363 2390 et

1771 2427 1951 2491 nobis,
1982 2428 2122 2482 sicut
2151 2438 2207 2482 et
2242 2428 2596 2499 suprascripti
2634 2429 2745 2493 alii,
2792 2438 2847 2482 et
2878 2430 3124 2483 dedimus
3150 2439 3204 2483 et
3236 2428 3363 2482 inde

1772 2521 1989 2587 triginta
2021 2519 2249 2574 solidos.
2275 2518 2379 2573 Pro
2415 2519 2519 2573 hac
2574 2529 2754 2574 autem
2791 2522 2949 2589 digna
2991 2534 3179 2573 eormn
3218 2534 3362 2571 mer-

1770 2614 1904 2665 cede
1947 2612 2124 2665 socios
2171 2604 2530 2665 fraternitatis
2561 2622 2781 2671 nostrae,
2812 2620 2866 2664 et
2917 2610 3208 2681 participes
3248 2624 3367 2664 om-

1770 2704 1919 2757 nium
1952 2704 2359 2759 benefactorum
2394 2715 2703 2759 nostrorum
2758 2705 2948 2773 dignos
2992 2702 3373 2773 judicavimns,

1769 2809 1930 2850 esse:
1963 2809 2068 2848 non
2100 2794 2274 2849 solum
2304 2808 2432 2849 vero
2464 2793 2606 2861 illos,
2650 2794 2743 2847 sed
2787 2804 2841 2847 et
2873 2802 3119 2861 posteros
3172 2808 3363 2847 eortnn

1769 2899 1864 2955 per
1893 2900 2107 2939 omnem
2153 2885 2358 2956 jugiter
2393 2897 2586 2938 mvum.
2644 2883 2997 2939 Decrevimus
3049 2883 3210 2938 etiam
3259 2868 3372 2954 prof

1770 2970 2056 3031 animabus
2104 2991 2294 3031 eormn
2345 2986 2465 3045 post
2514 2976 2675 3030 ﬁnem
2723 2976 2845 3029 vine
2894 2974 3007 3029 ﬁeri
3050 2974 3360 3046 generalem

1773 3069 2116 3130 memoriam,
2143 3066 2376 3121 ofﬁcium
2410 3068 2617 3122 scilicet
2667 3067 3091 3133 decantandum,
3144 3060 3371 3121 missanr

1770 3176 1985 3231 quoque
2044 3158 2333 3214 celebritcr
2391 3161 2747 3229 peragendam
2812 3159 3061 3213 omuilms
3107 3160 3260 3213 annis
3310 3158 3363 3212 in

1774 3252 1954 3322 vigilia
1977 3251 2035 3306 S.
2064 3251 2362 3306 Michaelis.
2394 3250 2557 3306 Facta
2586 3264 2765 3307 autem
2796 3251 2954 3322 hujus
2989 3251 3253 3305 cessionis
3279 3238 3370 3304 vel

1773 3344 2081 3398 donationis
2110 3344 2323 3409 charta,
2355 3359 2499 3397 anno
2525 3343 2916 3398 lncarnationis
2931 3341 3086 3409 1075,
3103 3350 3366 3412 regnante

1773 3433 2017 3506 Philippo
2045 3450 2169 3506 rege
2204 3435 2561 3499 Francorum,
2603 3436 2656 3490 in
2700 3436 2950 3492 manibus
3002 3435 3204 3491 domini
3257 3433 3370 3488 llu-

1771 3529 1927 3597 gouis
1994 3527 2368 3582 Cluniensium
2437 3527 2688 3591 abbatis,
2760 3537 2814 3582 et
2893 3527 3096 3582 domini
3171 3524 3365 3581 Unaldi

1771 3618 2017 3680 abbatis,
2060 3616 2212 3685 cujus
2256 3614 2593 3684 providentia
2625 3626 2678 3672 et
2718 3618 3074 3686 dispositione
3114 3617 3227 3671 lucc
3255 3631 3370 3669 omo

1772 3707 1862 3760 nia
1899 3715 2018 3760 acta
2058 3715 2388 3768 noscuntur,
2433 3715 2487 3757 et
2540 3706 2769 3760 aliorum
2820 3709 3040 3761 fratrem
3100 3706 3366 3775 plurimo-

1772 3816 1891 3856 rum
1948 3800 1999 3853 in
2054 3798 2170 3867 ipso
2222 3796 2479 3850 Meisiaco
2528 3798 2638 3852 Deo
2680 3796 3081 3853 fanmlantium.
3132 3794 3367 3852 Nomina

1772 3899 1953 3947 autem
1994 3904 2210 3953 eorum,
2250 3889 2345 3958 qui
2400 3886 2540 3943 hanc
2588 3887 2938 3944 donationem
2984 3887 3366 3953 ﬁrmaverunt,

1772 3985 1888 4040 haec
1918 3992 2082 4039 sunt:

1842 4078 2184 4135 Bcrtrannus
2214 4081 2383 4136 abbas
2413 4074 2690 4136 saecularis
2725 4071 3008 4126 ﬁrmavit.‘

1842 4172 2154 4226 Bernardus
2186 4172 2362 4243 llugo,
2388 4180 2441 4225 et
2465 4170 2663 4223 fratres
2687 4165 2802 4233 ejus
2828 4163 3217 4216 ﬁrmaverunt;

1842 4261 2099 4316 Willebni
2136 4262 2365 4316 δίκραισῆ
2389 4303 2406 4326 ,
2448 4276 2583 4314 uxor
2609 4272 2663 4311 et
2691 4256 2784 4310 lilii
2816 4255 2936 4323 ejus
2988 4254 3364 4308 firmaverunt.

1844 4350 2197 4423 llayumndus
2245 4352 2311 4404 de
2359 4350 2613 4413 l’odiolu,
2668 4356 2722 4400 et
2772 4345 2864 4399 alii
2915 4343 3067 4398 multi
3112 4340 3364 4397 ﬁrmaie~

1774 4453 1918 4497 l‘Ulll.

74 4561 203 4601 men
237 4545 400 4598 Tarni
426 4545 705 4608 discurrit,
737 4554 791 4599 et
830 4546 970 4599 sicut
999 4546 1258 4614 parochia
1291 4544 1350 4599 S.
1388 4544 1668 4600 Michaelis
1702 4571 1748 4627 Β
1847 4536 1902 4590 Si
1928 4535 2049 4605 quis
2080 4545 2258 4589 autem
2288 4536 2425 4589 hanc
2456 4534 2704 4588 chartam
2732 4528 2870 4599 juris
2895 4525 3367 4627 cessio-nisini!ch

75 4637 496 4703 determinatur,
527 4647 581 4691 et
615 4637 682 4690 ab
725 4636 828 4690 alia
858 4647 1010 4707 parte
1040 4637 1227 4692 subtus
1261 4646 1510 4702 stratam,
1552 4653 1673 4708 quae

74 4731 230 4785 ducit
261 4731 325 4784 ad
356 4730 411 4783 S.
446 4729 819 4797 Laurentium,
851 4732 990 4785 sicut
1020 4731 1131 4801 ipsa
1159 4732 1417 4800 parochia
1448 4731 1507 4786 S.
1533 4731 1676 4786 Laus

74 4821 242 4876 rentii
289 4821 711 4885 determinatur;
763 4829 819 4875 et
860 4822 1113 4892 parocbia
1171 4823 1228 4874 S.
1272 4822 1549 4886 Ausberti,
1597 4822 1671 4877 ita

71 4909 317 4965 deditde
344 4911 613 4977 omnibus,
652 4926 771 4981 quae
817 4911 955 4966 infra
985 4913 1084 4967 hos
1121 4914 1378 4967 terminos
1426 4912 1539 4982 ipse
1584 4913 1669 4967 vel

74 5005 171 5059 alii
211 5019 307 5075 per
336 5020 458 5059 eum
514 5014 699 5060 tenere
738 5006 1089 5072 videbantur;
1139 5014 1195 5059 et
1250 5006 1487 5060 firmavit
1533 5006 1670 5076 ipse,

72 5102 129 5153 et
167 5113 309 5152 uxor
337 5097 471 5167 ejus,
504 5108 559 5153 et
602 5098 693 5153 ﬁlii
743 5098 858 5167 ejus
905 5096 1242 5152 Raimundus
1279 5108 1334 5153 et
1365 5097 1669 5168 Siquerius.

73 5192 283 5248 Eadem
328 5206 540 5262 quoque
589 5191 795 5246 ratione
835 5189 1140 5244 llaimuudo
1174 5188 1242 5243 de
1267 5189 1492 5245 Podiolo
1521 5191 1670 5246 dedi-

74 5300 202 5339 mus
234 5300 397 5339 unum
446 5283 668 5352 equum,
707 5290 762 5335 et
793 5280 938 5336 dedit
972 5279 1110 5334 infra
1146 5281 1244 5335 hos
1297 5281 1559 5336 terminus
1602 5282 1672 5336 ad

75 5377 197 5448 ipsa
217 5362 507 5442 'Barta,'et
537 5390 632 5444 per
663 5374 834 5444 ipsam
865 5373 1063 5443 tapiam
1098 5372 1501 5438 descendendo,
1532 5382 1587 5428 et
1618 5374 1669 5427 in

76 5468 184 5524 hac
218 5466 341 5520 villa
398 5465 659 5536 quidquid
708 5465 822 5548 ipse
874 5463 957 5518 vel
1004 5463 1095 5517 alii
1151 5478 1247 5532 per
1291 5478 1414 5516 cum
1471 5464 1670 5548 habere

76 5566 437 5629 videbantur,
494 5573 548 5616 et
599 5563 671 5617 ita
703 5546 958 5625 ﬁrmavit,
990 5569 1044 5614 et
1088 5560 1248 5614 debet
1296 5559 1475 5614 facere
1516 5546 1670 5614 fratri

78 5668 180 5710 suo
216 5654 407 5712 eodem
436 5654 597 5711 modo
647 5651 883 5708 ﬁrmare.
923 5650 1025 5718 Qui
1076 5644 1326 5705 videlicet
1357 5649 1667 5718 Stephanus

79 5743 307 5801 veniens
335 5729 403 5797 ad
429 5753 817 5810 mortem,cum
848 5742 1075 5798 consilio
1094 5743 1274 5796 fratris
1296 5744 1377 5796 sui
1401 5742 1663 5811 ejusdem,

84 5835 376 5892 Mundi
409 5836 639 5903 scilicet,
685 5853 899 5893 omnem
948 5852 1098 5891 suam
1139 5838 1512 5892 decimationis
1539 5852 1665 5906 par-

1781 4630 2072 4693 sariurum,
2104 4628 2185 4683 vel
2213 4639 2360 4683 certe
2390 4627 2623 4680 filiorum
2652 4623 2886 4683 illorum,
2913 4620 3002 4687 qui
3033 4619 3113 4671 eis
3135 4617 3367 4670 haeredi-

1781 4729 1888 4775 tate
1911 4718 2220 4774 successuri
2248 4727 2396 4781 sunt,
2424 4725 2543 4786 post
2569 4715 2772 4767 obitum
2800 4710 3021 4775 violare,
3049 4723 3141 4761 seu
3174 4707 3365 4775 deprao

1778 4830 1908 4869 vare
1936 4814 2016 4868 vel
2042 4827 2413 4881 corrumpere,
2440 4812 2555 4863 sive
2576 4808 2737 4862 etiam
2760 4804 2873 4858 loca
2896 4802 3083 4857 eadem
3108 4798 3365 4866 congredi

1778 4915 1870 4961 aut
1914 4906 2213 4975 deprtedari
2249 4902 2561 4964 tcutavcrit,
2602 4900 2702 4953 hac
2729 4906 2876 4951 sorte
2907 4892 3167 4948 multetur
3198 4909 3208 4942 :
3245 4889 3363 4943 Non

1776 4999 2021 5053 discedat
2052 5014 2082 5051 a
2113 4998 2272 5051 dcuio
2300 4996 2416 5062 ejus
2450 4994 2603 5064 plaga
2637 4987 2995 5060 lcpr;e,l'amis
3024 4992 3076 5039 et
3103 4980 3375 5055 pestilens

1777 5090 1885 5153 tite,
1912 5088 2072 5160 gladii
2106 5104 2170 5142 ac
2207 5088 2396 5142 mortis
2423 5082 2725 5139 horrendae.

2528 5198 2618 5254 XI.

1809 5298 2031 5353 Abbatia
2067 5297 2233 5351 sancti
2273 5292 2480 5360 Arnnlﬁ
2520 5287 2861 5359 Crispciensis
2909 5285 3070 5338 datur
3112 5280 3326 5353 llugom'

2287 5366 2460 5418 abbati
2490 5360 2846 5416 Cluniacensi.

1811 5495 1826 5502 -
2376 5458 2551 5529 (Anno
2577 5454 2767 5527 1076.)

1880 5555 2047 5630 [σου.
2078 5546 2207 5610 Chr.
2234 5553 2304 5619 Χ,
2331 5552 2457 5617 207,
2490 5565 2552 5605 ex
2589 5545 2821 5602 chartul.
2859 5540 3253 5615 CluniacensiJ

1841 5648 2165 5704 Venerando
2193 5644 2373 5700 abbati
2404 5642 2604 5698 "suam
2657 5648 2714 5696 et
2757 5638 2913 5694 enini.
2952 5632 3360 5706 congregationi

1771 5739 2144 5796 Cluuiacensis
2167 5736 2420 5801 ctenobii,
2436 5736 2611 5791 Sinon
2635 5745 2819 5789 romrs
2843 5740 3033 5784 vestra:
3055 5723 3367 5808 sanctitatis

1770 5833 2041 5899 servulus,
2067 5831 2295 5886 salutem
3026 5838 3029 5839 '
3342 5814 3346 5819 ’
