3928 6298
110 399 236 456 969

936 382 1411 487 fntvsnsonuu
1440 396 1874 457 DONATIONES
1911 402 2044 460 Pun
2081 404 2221 466 PRO
2255 408 2568 469 cwmc.

3294 400 3400 483 97o

114 529 256 569 nem
308 514 619 569 monasterii
652 512 710 569 S.
742 514 885 571 Petri
912 516 1363 586 Campi-Rotundi
1416 519 1469 572 in
1506 517 1714 573 Geruu-
1741 518 1789 576 Α
1818 519 1903 572 cui
1933 520 2161 579 domnus
2190 524 2347 595 Ilugo
2378 540 2561 585 noster
2590 546 2878 603 germanus
2906 552 3139 608 praeesse
3167 543 3399 610 videtur.

112 606 282 661 densi
322 606 612 672 territorio,
653 618 816 675 atque
865 610 1174 663 monasterii
1223 607 1285 665 B.
1338 609 1519 664 Mariae
1567 612 1710 680 quod

116 697 327 751 dicitur
354 696 568 761 Arulas,
605 699 657 751 in
697 696 950 752 Eleuensi
984 700 1258 754 conﬁnio:
1299 701 1565 772 simulque
1596 717 1711 756 mo-

113 790 350 844 nasterii
383 789 440 844 S.
466 789 614 844 Pauli
650 790 702 845 in
730 790 869 846 valle
914 790 1067 863 Oley,
1101 792 1154 846 in
1180 791 1509 848 Narbonensi
1538 808 1706 864 pago;

114 890 181 934 ut
222 889 437 935 teneant
465 889 519 936 et
543 882 792 937 ordinent
819 884 1077 954 praedicta
1121 887 1469 948 monasteria,
1514 900 1711 939 secun-

112 975 254 1029 dum
287 974 526 1045 regulam
556 974 616 1029 S.
643 974 915 1030 Benedicti
948 977 1001 1031 in
1028 985 1373 1047 perpetuum.
1425 974 1497 1031 Ut
1530 985 1708 1030 autem

112 1060 241 1119 haec
290 1079 411 1119 mea
461 1065 637 1119 cessio
686 1065 896 1121 stabilis
939 1075 1284 1136 permaneat,
1330 1065 1600 1120 abbatiam
1647 1066 1707 1120 8.

112 1154 308 1210 Marha
337 1156 403 1211 de
431 1158 616 1211 Arulis
645 1157 841 1212 abillis
878 1158 968 1227 qui
1012 1158 1066 1212 in
1118 1156 1298 1212 Ievum
1344 1156 1711 1226 acquisierant

112 1247 360 1311 redemi;
398 1247 607 1303 scilicet
660 1262 690 1301 a
735 1246 993 1303 Guit‘redo
1042 1246 1377 1303 Narbonensi
1439 1248 1711 1317 archiepi-

110 1353 290 1409 scopo
315 1349 531 1393 centum
560 1340 750 1394 uncias
798 1339 944 1404 auri,
991 1348 1045 1394 et
1094 1340 1162 1394 ab
1201 1338 1438 1392 Arualdo
1484 1338 1709 1394 Arualdi

105 1436 337 1482 Centum
370 1430 557 1484 uncias
586 1430 727 1494 auri,
751 1438 806 1484 et
833 1430 885 1484 in
928 1429 1037 1484 vita
1065 1442 1160 1483 sua
1205 1428 1383 1483 dimisi
1415 1429 1461 1484 ei
1492 1430 1556 1483 de
1592 1428 1710 1498 ipso

108 1520 328 1576 honore
351 1521 702 1591 capellaniam
731 1522 783 1575 in
809 1521 1039 1577 ecclesia
1067 1519 1124 1576 S.
1152 1519 1297 1574 Petri
1345 1522 1411 1575 de
1453 1521 1706 1587 Albania,

106 1620 285 1680 atque
320 1626 508 1666 omnes
550 1612 698 1666 fevos
753 1612 1005 1677 militum,
1055 1626 1192 1682 quos
1232 1612 1285 1666 iu
1327 1610 1707 1668 Bisuldunensi

104 1702 356 1756 conﬁnio
402 1701 459 1756 S.
513 1702 680 1755 Maria
744 1702 977 1757 habebat
1029 1703 1234 1771 absque
1278 1702 1399 1756 fevo
1446 1701 1705 1757 Bernardi

106 1792 419 1859 Adalberti,
451 1800 505 1848 et
528 1793 785 1847 Willelnii
819 1793 1049 1865 Segarii.
1091 1792 1355 1848 Similiter
1394 1794 1553 1847 etiam
1601 1794 1701 1849 ab-

106 1885 321 1939 batiam
359 1884 417 1938 S.
447 1884 599 1939 Pauli
649 1900 679 1937 a
725 1883 887 1940 Petro
931 1884 1249 1938 vicecomite
1298 1883 1701 1955 Feuoleusium,
1738 1867 1781 1922 Β

106 1991 282 2043 quam
332 1974 385 2028 in
443 1975 566 2029 t'evo
620 1974 948 2043 acquisierat
992 1972 1197 2028 redemi
1246 1982 1464 2027 centum
1515 1976 1705 2032 uncias

106 2065 263 2128 auri,
302 2073 356 2118 et
386 2064 511 2117 dum
541 2063 740 2118 vixerit
779 2063 958 2118 dimisi
1011 2064 1060 2117 ei
1112 2063 1179 2117 de
1227 2063 1344 2131 ipso
1391 2064 1597 2120 honore
1643 2065 1700 2120 S.

104 2155 271 2211 Pauli
295 2156 471 2210 villam
493 2173 612 2227 quae
640 2158 838 2211 dicitur
866 2157 1069 2222 Mauri;
1102 2158 1322 2224 insuper
1361 2172 1552 2213 omnes
1591 2174 1706 2212 ma-

104 2247 188 2303 las
218 2250 664 2313 consuetudines,
719 2249 1006 2315 botaticos,
1033 2250 1302 2322 albergas,
1332 2260 1496 2320 atque
1542 2250 1704 2320 tragi-

105 2359 238 2408 nas,
289 2351 347 2399 ct
408 2358 596 2398 omnes
646 2353 899 2408 torturas,
950 2360 1086 2415 quas
1136 2361 1238 2417 ego
1291 2346 1570 2407 hactenus,
1617 2345 1703 2401 vel

103 2454 306 2493 omnes
336 2448 705 2494 antecessores
734 2439 839 2494 mei
869 2441 920 2494 in
949 2441 1076 2511 ipsis
1108 2442 1403 2498 honoribus
1425 2443 1703 2512 prmdicto-

104 2548 232 2586 rum
267 2533 713 2587 mouasteriorum
745 2530 1019 2604 inquirere
1054 2534 1371 2589 videbamur
1393 2577 1406 2601 ,
1458 2536 1700 2593 funditus

103 2623 352 2677 dimitto.
386 2622 549 2676 lstam
580 2622 849 2693 siquidem
877 2624 1246 2691 donationem,
1277 2624 1539 2694 sicutjam
1564 2627 1694 2695 dixi,

103 2714 175 2767 ita
212 2714 343 2783 jure
379 2702 639 2785 perpetuo
686 2716 972 2771 tenendam
1024 2732 1145 2771 esse
1198 2718 1349 2783 volo;
1395 2728 1454 2771 ut
1489 2716 1533 2773 si
1576 2719 1698 2789 quis

98 2822 269 2871 eam,
313 2808 457 2877 quod
505 2809 675 2875 absit,
730 2809 937 2863 violare
977 2813 1298 2874 teutaverit,
1351 2812 1450 2867 sub
1493 2810 1698 2881 judicio

101 2903 341 2957 Romani
378 2902 650 2971 pontiﬁcis
684 2904 1105 2958 examinandum
1135 2919 1256 2961 esse
1292 2905 1555 2975 relinquo.
1594 2906 1698 2960 Fa-

100 3005 258 3048 ctum
287 3002 371 3047 est
413 3002 592 3047 autem
634 2991 790 3061 hujus
832 3010 966 3049 mea:
996 2996 1365 3052 concessionis
1406 3006 1697 3053 testamen-

100 3094 221 3137 tum
270 3084 322 3137 iu
368 3083 618 3138 manibus
659 3084 965 3138 charissimi
1007 3086 1113 3141 mei
1165 3088 1475 3143 consobrini
1512 3088 1695 3144 domui

99 3174 342 3230 Ilunaldi
364 3176 574 3231 abbatis
602 3175 993 3242 Moisiacensis,
1026 3193 1170 3233 anno
1200 3179 1490 3234 Dominica:
1511 3180 1695 3235 lucar-

97 3271 345 3327 nationis
375 3270 537 3337 1078,
565 3287 672 3327 aera
699 3287 883 3337 ucxvt,
909 3272 1171 3342 Gregorio
1205 3273 1289 3330 Vll
1314 3292 1450 3347 papa
1476 3279 1693 3347 pontiﬁ-

96 3376 292 3421 catum
347 3363 535 3420 Romae
579 3373 827 3432 tenente,
880 3364 1126 3435 Philippo
1185 3366 1520 3424 Francorum
1570 3384 1694 3440 rege

97 3464 391 3526 regnante.

164 3546 417 3602 Testium
446 3547 741 3613 vocabula,
787 3548 876 3618 qui
918 3549 1019 3604 hoc
1065 3548 1470 3606 alIirmaverunt
1500 3554 1689 3608 subtus

94 3644 231 3691 sunt
256 3636 457 3706 scripta

160 3726 285 3795 Ego
317 3725 648 3782 Bertraudus
674 3742 856 3785 comes
881 3727 1109 3797 aﬂirmo,
1142 3746 1205 3786 ac
1250 3733 1484 3803 pr0priis
1517 3734 1688 3789 mati-

92 3816 200 3872 bus
230 3817 303 3870 ita
333 3819 613 3889 consigno.

158 3912 209 3982 ’ξ-
238 3910 296 3965 8.
328 3911 502 3967 Pontii
528 3913 771 3984 Blcdger.

160 4004 230 4060 S.
266 4003 519 4060 Udalardi
551 4007 886 4063 vicecomitis

160 4096 230 4150 S.
258 4094 535 4153 Adalberti
567 4095 875 4153 Gausberti.

158 4188 224 4242 S.
252 4187 481 4242 Arualdi
510 4188 750 4244 Geraldi.

159 4278 219 4333 S.
259 4278 405 4333 Petri
431 4279 739 4335 Gausberti.

157 4372 217 4426 S.
256 4372 541 4429 Gausbcrti
564 4373 733 4428 Petri.

825 4464 935 4519 XV.

89 4546 568 4637 Claarta’Cr—‘aufridi
602 4553 801 4636 militis,
840 4556 1021 4637 fratris
1054 4553 1110 4611 S.
1143 4555 1402 4637 flugonis,
1436 4559 1499 4612 de
1531 4557 1678 4613 Μαι·-
1711 4576 1758 4634 ι)

351 4636 354 4638 ⁷
402 4627 604 4679 ciniaco
636 4627 688 4679 in
718 4643 850 4696 pago
880 4627 1364 4697 Augustoduuemi.

569 4716 746 4785 (Circa
784 4731 982 4771 annum
1014 4717 1195 4789 1080.)

471 4805 759 4876 [Maurus
790 4808 1039 4863 Anecdot.
1074 4809 1111 4871 Ι,
1144 4808 1298 4882 243.]

152 4900 367 4957 Divinis
416 4902 650 4956 decretis
700 4903 935 4957 humana
987 4905 1264 4960 temeritas
1307 4905 1675 4976 prtejudicium

88 4992 270 5048 facere
300 5008 403 5047 non
434 4994 613 5059 debet,
645 4994 1019 5064 praeiudicium
1061 4998 1260 5052 etenim
1298 4997 1390 5063 ﬁt,
1427 5014 1548 5054 cum
1579 5015 1679 5070 pro

84 5083 242 5141 bonis
275 5086 411 5140 mala
446 5082 765 5143 redduntur.
796 5086 945 5144 Bona
977 5088 1243 5158 siquidem
1276 5104 1471 5147 cuncta
1499 5092 1677 5147 divina

84 5177 305 5249 largitas
332 5179 485 5235 nobis
505 5180 718 5235 abunde
741 5192 1052 5252 prinsentat.
1078 5183 1207 5252 Quae
1230 5184 1274 5239 si
1297 5200 1404 5239 nou
1427 5185 1674 5257 :cqualia,

84 5282 133 5326 et
171 5266 234 5326 ut
275 5272 494 5341 dignum
536 5281 638 5338 est,
673 5280 854 5329 tamen
893 5290 924 5328 a
953 5291 1050 5329 suo
1081 5278 1345 5346 plasmate
1377 5276 1463 5331 cui
1488 5272 1677 5332 ‘omnia

85 5358 332 5426 contulit,
370 5378 468 5432 pro
513 5365 695 5418 multis
742 5382 849 5421 non
900 5365 1224 5437 dedignatur
1270 5368 1515 5438 recipere
1553 5370 1678 5423 bre—

83 5452 251 5506 viora.
300 5452 417 5519 ρυο
463 5455 729 5524 exemplo,
764 5456 808 5510 si
852 5471 958 5510 non
1002 5466 1060 5511 ut
1102 5458 1279 5521 decet,
1313 5467 1488 5513 tamen
1523 5458 1675 5528 juxta

85 5544 444 5613 rapacitatem
494 5547 595 5599 mei
646 5547 971 5614 intellectus,
1005 5564 1103 5618 ego
1144 5547 1448 5603 Gaufredus
1495 5549 1674 5619 aliqua

85 5646 145 5683 cx
166 5644 318 5701 parte
344 5635 601 5703 percitus,
621 5636 964 5691 donationem
977 5637 1123 5693 facio
1143 5639 1251 5693 Deo
1279 5640 1676 5706 apostolorum-

85 5738 185 5791 que
219 5727 447 5797 principi
490 5728 649 5782 beato
697 5731 874 5795 Petro,
905 5731 960 5785 in
1002 5732 1155 5802 cujus
1186 5732 1391 5787 honore
1426 5743 1483 5788 et
1516 5736 1673 5788 reve-~

85 5820 254 5874 rentia
274 5819 589 5876 Cluuiacum
611 5832 824 5878 constat
844 5826 1168 5882 :ediﬁcatum
1192 5840 1312 5884 esse
1336 5828 1662 5896 coenobium,

324 5932 619 6018 Pateor...
642 5934 858 5997 CLIX.

1815 612 2050 682 aliquam
2094 628 2303 686 partem
2349 636 2415 676 ex
2461 625 2622 679 rebus
2669 629 2825 696 meis,
2853 646 2971 699 qua:
3013 633 3129 689 sita:
3174 644 3300 690 sunt
3342 639 3398 694 in

1814 718 1953 773 pago
1983 704 2476 779 Augustodunensi,
2511 729 2567 769 et
2605 717 2657 770 in
2695 720 2820 774 villa
2852 738 2972 793 qua:
3003 735 3228 781 vocatur
3257 728 3400 795 Mar-

1812 794 2079 861 ciniacus,
2110 800 2397 857 ecclesiam
2441 808 2670 877 scilicet,
2704 828 2865 881 quam
2898 830 2996 883 pro
3024 818 3399 889 redemptione

1813 886 2185 952 peccaminum
2215 906 2455 948 meorum
2488 897 2553 951 ab
2577 900 2706 968 ipsis
2736 902 3102 964 fundamentis
3127 886 3399 975 aediﬁcare

1808 976 1989 1057 cupio,
2018 978 2072 1032 in
2097 991 2412 1052 perpetuum
2445 989 2619 1055 trado,
2645 1006 2852 1050 necnon
2885 1006 2991 1052 tres
3021 1016 3169 1057 meas
3198 1004 3398 1061 conde-

1814 1064 1992 1119 minas
2023 1076 2186 1137 atque
2225 1069 2448 1127 boscum
2484 1090 2683 1145 meum,
2716 1082 2982 1155 simulque
3016 1100 3251 1159 pratum,
3281 1103 3394 1150 tcr-
3446 1138 3454 1151 .

1813 1168 2038 1223 ramque
2072 1166 2237 1212 totam
2284 1162 2484 1218 cultam
2515 1175 2568 1220 et
2595 1169 2875 1241 incultam,
2912 1192 3071 1246 quam
3107 1181 3180 1237 ibi
3212 1184 3397 1241 videor

1809 1241 2012 1299 habere
2063 1245 2411 1306 dominicam.
2468 1254 2618 1311 lianc
2676 1241 3020 1321 donationem
3083 1272 3225 1327 dono
3283 1277 3394 1331 Deo

1811 1337 2231 1410 supradictoque
2266 1344 2383 1400 loco
2418 1362 2517 1416 pro
2562 1356 2803 1411 remedio
2836 1340 3032 1415 animae
3062 1379 3194 1419 meze
3219 1378 3275 1422 et
3300 1385 3391 1439 pa—

1812 1438 2022 1481 rentum
2060 1445 2323 1503 meorum,
2354 1451 2630 1498 annuente
2673 1448 2873 1504 comite
2903 1450 3182 1517 Tetbaldo,
3215 1438 3397 1517 fratri-

1809 1515 2014 1620 busque
2051 1524 2203 1591 meis,
2239 1528 2451 1586 Audrea
2492 1544 2547 1589 et
2592 1535 2877 1611 Dalmatio,
2912 1548 3229 1620 cunctisque
3260 1536 3396 1612 meis

1809 1608 2057 1670 ﬁdelibus
2091 1619 2530 1690 astipulantibus.

1808 1793 2020 1885 Littera:
2050 1798 2271 1885 Gnarim'
2295 1810 2500 1885 comitis
2527 1812 2871 1873 Rosnacensis
2896 1821 2960 1875 de
2989 1823 3225 1881 Ecclesia
3251 1828 3394 1885 Satt-

1936 1880 2033 1924 clre
2058 1872 2372 1944 Margaretw
2405 1881 2531 1935 data
2565 1872 3262 1954 monasterio

2402 1970 2581 2042 (Anno
2608 1975 2792 2049 1082.)

2046 2054 2291 2128 [BALUZ.,
2322 2061 2546 2120 Misrell.
2585 2069 2717 2123 edit.
2747 2071 2901 2140 Luc.,
2927 2075 3013 2142 Ill,
3040 2079 3156 2153 55.]

1875 2143 1932 2198 In
1973 2150 2192 2206 nomine
2226 2164 2428 2210 saneta:
2455 2167 2511 2212 et
2540 2159 2832 2220 individua:
2862 2143 3166 2229 Trinitatis.
3199 2173 3386 2233 Omni-

1803 2235 1904 2291 bus
1956 2251 2160 2296 sancta:
2204 2246 2486 2304 catholicae
2535 2252 2789 2311 Ecclesia:
2842 2260 2965 2318 ﬁliis
3029 2272 3388 2336 praesentibus

1803 2336 1966 2394 atque
2002 2328 2199 2387 futuris
2245 2337 2585 2395 notissimum
2628 2344 2751 2399 volo
2798 2348 2937 2416 ﬁeri,
2968 2328 3067 2424 ego
3115 2356 3388 2416 Guarinus

1802 2417 1979 2474 dictus
2032 2438 2217 2480 comes
2266 2426 2631 2489 Rosnacensis
2674 2439 2956 2508 territorii,
2991 2417 3132 2515 quod
3167 2461 3390 2521 propter

1800 2511 2033 2579 gratiam
2087 2514 2329 2582 ejusdem
2382 2520 2604 2580 honoris
2644 2530 2976 2603 transitorii,
3006 2511 3182 2592 _dum-
3207 2511 3386 2597 essem

1807 2603 1949 2660 ﬁlius
1988 2609 2192 2676 saeculi,
2219 2613 2453 2683 cogitavi
2486 2626 2545 2672 ut
2574 2619 2626 2673 iu
2651 2620 2961 2681 alimoniam
2999 2628 3232 2687 ﬁliorum
3267 2636 3383 2702 Dei,

1806 2694 1897 2763 qui
1928 2711 2027 2765 pro
2073 2703 2312 2768 peccatis
2357 2706 2491 2761 meis
2541 2717 2596 2762 et
2654 2712 2816 2770 totius
2861 2720 3042 2787 populi
3087 2694 3386 2782 creduntur

1800 2800 1962 2842 orare
1988 2790 2245 2858 pietatem
2281 2796 2513 2863 Domini,
2548 2799 2804 2859 donarem
2830 2817 3037 2876 partem
3071 2813 3251 2869 allodii
3276 2819 3381 2873 mei

1796 3064 1939 3130 quod
1970 3067 2379 3135 prazcogitatum
2420 3072 2646 3131 Domino
2680 3078 2892 3136 volente
2920 3085 3145 3152 perfeci,
3175 3042 3381 3146 consti:

1799 3157 1932 3212 tutis
1962 3158 2096 3214 inibi
2133 3160 2399 3219 fratribus
2432 3168 2523 3237 qui
2552 3170 2651 3225 sub
2685 3178 2958 3243 proposito
2995 3180 3231 3250 regulari
3267 3184 3378 3240 Do-

1801 3249 1950 3304 mino
1996 3252 2334 3311 deservirem
2374 3268 2428 3312 ct
2474 3271 2678 3317 sancta:
2726 3266 2944 3338 virgini.
2987 3249 3095 3327 Sed
3126 3274 3296 3334 aitare
3324 3289 3380 3335 et

1797 3349 2049 3439 quartam
2081 3355 2293 3415 partem
2335 3348 2508 3418 ipsius
2534 3354 2783 3411 ecclesia:
2814 3366 2941 3414 tunc
2972 3368 3229 3435 temporis
3255 3385 3379 3439 pos-

1795 3428 2048 3486 sidebant
2083 3433 2283 3492 fratres
2325 3437 2610 3499 Derveusis
2654 3451 2993 3518 monasterii,
3038 3428 3128 3510 ubi
3159 3428 3380 3516 hou‘ori-

1794 3520 1895 3575 ﬁce
1924 3526 2217 3594 requiescit
2245 3545 2441 3601 corpus
2472 3539 2795 3597 venerabilis
2822 3542 3121 3604 Bercharii.
3157 3551 3223 3606 Ut
3249 3570 3377 3625 ergo

1792 3617 2106 3685 pracdictam
2153 3622 2438 3679 ecclesiam
2471 3642 2538 3681 ex
2586 3629 2794 3701 integr-0
2847 3637 3108 3693 haberent
3156 3617 3375 3699 Cluilia?

1790 3718 1984 3760 censes
2024 3711 2295 3776 monachi,
2340 3717 2571 3771 consilio
2610 3720 2795 3776 habito
2836 3739 2959 3778 cum
2998 3728 3194 3783 domno
3239 3746 3375 3800 apo-

1790 3804 1985 3860 slolico
2024 3806 2392 3865 Hildebrauno
2435 3816 2673 3882 nomine,
2710 3818 2764 3871 in
2789 3830 2985 3889 papatu
3022 3832 3201 3879 autem
3230 3824 3376 3884 dicto

1788 3892 2074 3966 Gregorio,
2124 3911 2184 3954 ut
2233 3916 2476 3958 morerer
2523 3908 2724 3962 mundo
2766 3920 2821 3963 et
2868 3912 3105 3969 viverem
3145 3915 3376 3982 Deo,'iu

1790 3988 2167 4045 remissionem
2211 3995 2453 4049 omnium
2512 3997 2835 4056 delictorum
2903 4013 2958 4060 et
3023 4009 3089 4062 ad
3141 4009 3375 4069 salutem

1789 4088 2199 4138 autecessorum
2249 4098 2513 4153 meorum,
2560 4104 2683 4145 cum
2730 4094 3110 4155 benedictione
3160 4110 3377 4171 aposto-

1787 4169 1911 4235 lica,
1962 4180 2167 4229 etcum
2218 4174 2433 4232 licentia
2464 4180 2699 4252 episcopi
2726 4186 2851 4254 ξηιαί
2902 4189 3084 4245 donmi
3132 4169 3373 4271 [lagonis

1788 4259 2093 4329 Trecasini,
2146 4277 2203 4321 et
2228 4264 2369 4324 cum
2422 4271 2609 4329 favore
2648 4274 2942 4335 Theobaldi
2978 4284 3193 4340 comitis
3219 4259 3373 4355 pala-

1787 4352 1907 4418 tini,
1952 4370 2073 4409 cum
2104 4357 2261 4414 laude
2299 4363 2463 4417 etiam
2500 4367 2923 4438 propinquorum
2955 4352 3372 4443 meorum-dedi

1786 4459 1871 4498 me
1900 4461 2023 4501 cum
2052 4448 2429 4510 allodiismeis
2454 4458 2788 4528 principibus
2810 4465 3175 4534 apostolorum
3206 4468 3371 4528 Petro

1785 4544 1838 4635 et
1862 4536 2051 4635 Paulo,
2088 4546 2383 4601 venerabili
2409 4562 2626 4619 quoque
2655 4552 2968 4623 Berchario,
3000 4560 3053 4613 in
3079 4565 3369 4635 praesentia

1783 4627 1965 4684 donmi
1992 4631 2207 4689 abbatis
2229 4635 2496 4697 Brunonis
2522 4650 2576 4696 et
2602 4646 2993 4701 monachorum
3020 4627 3369 4725 ﬁdeliumque

1781 4735 2025 4778 suorum.
2055 4724 2244 4797 Itaque
2263 4728 2376 4797 jam
2404 4731 2580 4787 dictus
2607 4735 2773 4791 abbas
2801 4746 2857 4792 et
2890 4743 3137 4799 [nouachi
3162 4724 3368 4803 anuucs

1785 4825 1913 4869 runt
1935 4816 2384 4877 Cluniacensibus
2411 4822 2583 4879 altare
2605 4834 2659 4880 et
2685 4837 2933 4898 quartam
2958 4841 3168 4900 partem
3200 4851 3365 4909 supra

1784 4918 2103 4965 memoratae
2126 4911 2403 4978 ecclesiae,
2439 4918 2679 4989 acceptis
2706 4920 2808 4975 sibi
2838 4922 3030 4978 alodiis
3059 4941 3177 4996 qum
3210 4939 3368 4985 erant

1782 4996 1966 5056 libera:
1999 5004 2348 5075 conditionis,
2378 5016 2433 5063 et
2460 5010 2667 5083 absque
2697 5011 2829 5085 jugo
2860 5015 3019 5072 ullius
3053 5021 3369 5077 advocatio-

1784 5092 1888 5161 nis,
1937 5095 2057 5151 sine
2098 5096 2327 5169 alicujus
2370 5101 2659 5171 iudiciaria
2706 5116 2975 5175 potestate
3012 5108 3127 5166 sive
3162 5113 3365 5183 hanno,

1784 5186 1851 5242 ad
1881 5197 2217 5257 postremum
2250 5192 2366 5247 sine
2405 5193 2584 5264 aliqua
2630 5198 2993 5255 redhibitione
3040 5203 3219 5259 omnis
3269 5205 3367 5260 bo-

1782 5278 1962 5334 minis.
2005 5278 2132 5337 Haec
2171 5281 2337 5352 igitur
2371 5295 2496 5339 sunt
2538 5287 2714 5342 alodia
2762 5306 2882 5361 qua:
2934 5293 3129 5349 tradidi
3169 5294 3280 5352 Deo
3311 5309 3367 5353 et.

1779 5369 1985 5424 sanctis
2010 5372 2271 5440 apostolis
2294 5372 2457 5430 Petro
2487 5386 2541 5431 et
2572 5376 2760 5445 Paulo,
2790 5381 2950 5436 beato
2983 5398 3203 5457 quoque
3234 5387 3367 5443 Ber-

1778 5458 2006 5526 chario,
2064 5464 2454 5535 monachisque
2499 5468 2611 5522 suis
2659 5470 3043 5539 perpetualiter
3093 5476 3359 5532 habenda.

1781 5548 2058 5619 Roserias,
2094 5553 2376 5623 Muctium,
2406 5557 2814 5631 Juuchereium,
2862 5580 2983 5619 cum
3030 5554 3361 5637 appendiciis

1779 5645 1923 5708 suis,
1973 5647 2224 5702 videlicet
2274 5652 2447 5706 servis
2484 5661 2536 5707 et
2587 5654 2835 5723 ancillis,
2891 5659 3053 5713 terris
3101 5659 3261 5715 cultis
3307 5668 3360 5717 et

1780 5736 2019 5803 incultis,
2035 5740 2207 5807 silvis,
2224 5744 2419 5811 pratis,
2437 5748 2613 5814 aquis,
2632 5764 3003 5820 aquarumque
3022 5750 3358 5806 decursibus.

1781 5828 1850 5886 Ut
1895 5841 2076 5890 autem
2124 5835 2227 5893 hoc
2257 5853 2436 5893 meum
2471 5840 2671 5896 donum
2700 5842 2873 5898 eidem
2899 5842 3144 5898 ecclesiae
3168 5850 3224 5898 et
3252 5828 3357 5897 fra-

2890 5954 2965 6013 31
