3928 6298
629 335 728 391 971

3322 310 3384 328 “"

1764 314 1836 388 ‘s.
1875 316 2658 391 nucoiseas’cwund.
2721 360 2731 365 -
3330 314 3435 333 Ὗ
3685 346 3753 405 ra

643 448 820 502 tribus
866 437 995 499 inibi
1040 443 1148 499 Deo
1196 440 1553 498 servientibus
1591 451 1849 514 perpetuo
1898 443 2204 499 habendum
2230 448 2278 507 Α
2309 445 2559 502 omnibus
2614 445 2852 517 peccatis
2906 445 3106 503 nostris
3149 462 3215 503 ex
3261 446 3570 508 facultatibus
3602 462 3753 528 propriis

630 536 927 601 reirianeat,
957 544 1010 590 et
1040 544 1097 590 ut
1130 534 1326 590 nullius
1372 534 1780 590 calumniatoris
1812 534 2013 603 injusta
2046 536 2196 590 inva-

629 628 783 684 sionc
840 624 1075 679 rescindi
1139 623 1317 677 valeat
1365 623 1617 678 domuum
1667 623 1947 695 Hugonem
1989 622 2202 694 Lugdu-

630 732 848 773 nensem
871 716 1329 785 archiepiscopum
1367 725 1422 771 et
1444 716 1751 787 apostolicae
1790 718 1934 772 sedis
1963 717 2199 787 legatum

622 816 895 877 praecepto
917 806 1029 877 jam
1061 806 1187 859 dicti
1217 806 1398 860 domni
1428 806 1710 875 apostolici
1742 805 1985 876 Gregorii
2015 806 2198 877 rogavi

622 908 685 951 ut
726 897 868 951 facta
913 895 1475 950 excommunicatione
1533 896 1675 950 hanc
1713 897 1958 950 chartam
2005 894 2201 949 conﬁr-

624 997 801 1044 maret
830 989 930 1043 sub
977 988 1287 1043 testimonio
1332 995 1387 1041 et
1429 987 1589 1042 laude
1635 988 1877 1042 omnium
1925 987 2200 1056 episeopo.

622 1094 767 1148 rum,
814 1080 1091 1145 abbatum,
1138 1088 1192 1132 et
1219 1086 1417 1133 czetero
1432 1092 1548 1131 rum
1571 1077 1665 1131 Dei
1698 1077 1934 1132 Iidelium
1967 1076 2199 1131 concilio

623 1174 879 1231 Meldensi
916 1174 1235 1228 astantium.
1262 1172 1377 1242 Ipse
1415 1186 1543 1226 vero
1567 1170 1914 1225 libentissime
1955 1185 2197 1225 annuens

620 1266 868 1337 petitioni
900 1280 1035 1320 mea:
1077 1279 1357 1319 assensum
1399 1262 1643 1332 prmbuit,
1691 1270 1747 1315 ct
1792 1262 2062 1316 communi
2102 1261 2196 1316 de-

622 1366 773 1412 creto
806 1356 972 1411 totius
1000 1355 1175 1409 sancti
1210 1353 1433 1407 Concilii
1468 1362 1525 1407 ut
1559 1352 1821 1422 petierant
1853 1351 2197 1406 conﬁrmavit

620 1450 723 1504 sub
749 1450 1089 1505 districtione
1120 1448 1278 1516 hujus
1308 1445 1696 1500 anathematis.
1732 1444 2070 1498 Auctoritate
2098 1441 2192 1496 Dei

620 1541 1006 1612 omnipotentis
1052 1550 1107 1594 et
1155 1540 1435 1594 beatorum
1494 1537 1861 1608 apostolorum
1931 1534 2079 1589 Petri
2138 1541 2193 1588 et

617 1630 770 1685 Pauli
827 1630 1405 1695 excommunicamus,
1471 1638 1526 1682 et
1575 1644 1606 1682 a
1660 1627 1936 1682 liminibus
1991 1624 2186 1680 matris

617 1723 861 1779 ecclesiae
904 1737 1220 1792 separamus
1249 1731 1304 1776 et
1332 1736 1693 1786 removemus,
1745 1729 1947 1774 aeterna
1976 1732 2190 1789 quoque

615 1816 961 1871 damnatione
1008 1815 1341 1886 percutimus
1379 1823 1435 1868 et
1462 1813 1784 1868 damnamus
1828 1827 1921 1866 eos
1958 1812 2190 1881 quicuu-
2224 1793 2265 1852 Β

615 1922 722 1978 que
785 1907 852 1962 de
908 1907 1070 1961 rebus
1131 1906 1564 1976 supradictorum
1619 1905 1919 1958 alodiorum
1975 1901 2190 1957 comitis

610 1998 839 2055 Guarini
890 1999 1126 2068 aliquam
1178 1996 1423 2052 fraudem
1473 1996 1556 2050 vel
1580 1995 1913 2064 .injustitiam
1962 1994 2190 2048 fecerint

617 2088 864 2147 ecclesiae
904 2092 1195 2147 Derveusis
1227 2091 1561 2154 monasterii,
1592 2087 1697 2144 nisi
1727 2088 2106 2158 resipiscentes
2135 2093 2191 2140 et

613 2185 788 2242 eidem
844 2186 1087 2241 ecclesiae
1136 2183 1531 2240 satisfacientes
1585 2182 1806 2245 dignum
1860 2178 2189 2250 paenitentiae

612 2274 847 2332 fructum
866 2278 1105 2345 egerint.

685 2368 913 2439 Signum
943 2368 1185 2439 [ingenis
1214 2369 1425 2424 Diensis
1448 2366 1701 2439 episcopi

683 2457 745 2514 S.
784 2459 966 2513 Amati
995 2460 1184 2513 vicarii
1214 2474 1364 2529 papae
1394 2456 1695 2529 Gregorii;

684 2549 744 2605 8.
789 2549 1049 2605 Richardi
1080 2550 1470 2620 archiepiscopi
1497 2546 1871 2603 Bituricensis.

684 2638 742 2697 8.
786 2638 1029 2709 Hugonis
1053 2638 1331 2694 Trecasini
1358 2624 1618 2709 episeopi.

684 2730 743 2786 S.
784 2729 980 2801 Rogeri
1010 2726 1460 2785 Gatltalaunensis
1486 2730 1746 2801 episcopi.

726 2862 739 2877 .
780 2821 964 2877 Rurici
993 2821 1376 2876 Ambianensis
1411 2821 1672 2892 episcopi.

727 2954 740 2968 .
782 2912 1024 2985 Hugonis
1057 2911 1508 2983 Granuopolitani
1532 2912 1792 2983 episcopl.

730 3044 742 3059 .
785 3003 1028 3075 llugonis
1057 3002 1697 3074 Liugonensisepiscopi.

781 3097 1090 3169 Haganonis
1117 3095 1611 3165 Augustidunensis
1634 3097 1894 3168 episcopi.

727 3227 739 3239 .
781 3186 1023 3257 Ilugonls
1049 3184 1405 3241 Nivernensis
1432 3186 1691 3257 episcopi.

729 3320 741 3334 .
783 3278 1050 3349 Arnulphi
1076 3279 1488 3335 Suessionensis
1513 3280 1774 3351 episcopi.

731 3410 744 3425 .
782 3371 1032 3426 Landrici
1058 3369 1469 3425 Matisconensis
1502 3371 1760 3441 episcopi.

684 3462 880 3518 Comes
907 3463 1073 3516 etiam
1105 3460 1392 3527 chaldus,
1442 3470 1495 3516 et
1543 3477 1678 3516 uxor
1720 3461 1835 3531 ejus
1864 3463 2066 3519 Alaidis
2096 3481 2188 3521 no-

612 3555 781 3641 mine,
807 3565 863 3610 et
889 3553 1004 3610 Odo
1051 3554 1193 3610 ﬁlius
1240 3552 1355 3623 ejus
1402 3554 1855 3635 Iaudaverunt_et
1889 3574 1987 3613 sua
2035 3560 2188 3632 signa

613 3647 877 3704 fecerunt.

680 2822 739 2877 S.

662 2913 740 2969 ’S.

676 3003 740 3059 8.

679 3098 740 3153 8.

681 3188 739 3242 8.

683 3279 740 3334 8.

685 3372 740 3427 S.

620 3816 625 3821 ἢ
678 3738 745 3796 8..
785 3738 1023 3795 Tebaudi
1044 3737 1279 3795 comitis.
1312 3738 1515 3796 Alaidis
1538 3741 1720 3797 uxoris
1747 3741 1882 3813 ejus.

680 3831 742 3890 S.
785 3833 990 3890 Odonls
1021 3834 1114 3890 lilii
1144 3832 1278 3904 ejus.

1328 3948 1483 4004 XVII.

615 4040 815 4098 Charta
845 4042 1170 4112 Iundationis
1206 4043 1518 4112 monasterii
1561 4045 1743 4098 subtus
1781 4042 2191 4112 Brunechildum

688 4111 917 4168 castrum
942 4116 995 4183 in
1020 4130 1153 4183 pago
1179 4111 1482 4177 Caturcino,
1513 4112 1764 4168 Ilunaldo
1778 4112 1954 4168 abbati
1979 4111 2193 4168 Maisia—

686 4184 824 4237 censi
854 4192 899 4237 et
929 4181 1140 4253 Hugoni
1167 4183 1500 4239 Cluniacensi
1527 4184 1767 4254 subjecti.

1211 4276 1386 4344 (Auno
1418 4275 1599 4345 1082.)

900 4364 1066 4438 [GalL
1098 4367 1312 4433 Christ.,
1359 4383 1481 4421 nov.
1522 4368 1563 4434 I,
1605 4369 1763 4424 lustr.
1795 4368 1910 4442 39.]

693 4456 921 4529 Legibus
956 4456 1202 4511 instructi
1230 4457 1443 4523 divinis,
1485 4468 1646 4526 atque
1667 4460 2045 4515 ecclesiasticae
2072 4475 2193 4515 san-

620 4525 819 4609 ctiouis
849 4547 1087 4604 roborati
1120 4547 1381 4618 exemplis
1433 4525 1725 4613 credimus,
1774 4560 1827 4603 et
1874 4550 2197 4605 conﬁtemur
2228 4525 2272 4579 D

618 4642 948 4717 impietates,
980 4650 1144 4711 atque
1175 4641 1367 4696 delicta
1417 4640 1666 4695 humanis
1694 4643 2004 4698 excessibus
2051 4660 2197 4701 com-

620 4738 809 4803 missa,
842 4735 1309 4806 eleemosynarum
1348 4734 1597 4803 largitate
1620 4734 1888 4804 simulque
1934 4737 2197 4793 bonorum

610 4843 843 4899 operum
899 4826 1213 4881 assiduitate
1268 4840 1363 4896 per
1420 4825 1515 4879 Dei
1582 4826 1988 4896 dispositionem
2042 4843 2199 4899 posse

622 4921 814 4978 redimi
855 4930 1016 4992 atque
1048 4920 1335 4977 mundari:
1368 4921 1483 4990 ipsa
1525 4921 1751 4975 veritate
1788 4936 1908 4991 quae
1954 4923 2093 4977 Deus
2118 4930 2202 4977 est

625 5020 947 5079 attestante,
998 5027 1117 5085 qius:
1176 5013 1288 5067 ait:
1328 5011 1460 5068 Date
1498 5013 1899 5082 eleemosynam,
1931 5022 1978 5068 et
2025 5015 2200 5067 omnia

624 5106 823 5169 munda
859 5117 979 5162 sunt
1010 5106 1147 5162 vobis
1177 5105 1327 5178 (Luc.
1360 5106 1547 5177 mli).
1580 5106 1646 5162 Et
1674 5107 1868 5163 iterum
1888 5106 2197 5177 Scriptura:

629 5193 761 5260 Fili,
793 5197 981 5268 inquit,
1016 5198 1230 5270 benefac
1259 5214 1476 5269 semper,
1501 5208 1547 5253 et
1571 5199 1678 5254 Deo
1705 5201 1889 5270 dignas
1916 5199 2201 5254 oblationes

630 5286 811 5357 offer:
860 5305 1054 5344 memor
1100 5300 1238 5353 esto,
1267 5292 1541 5361 'quoniam
1578 5307 1717 5345 mors
1769 5308 1872 5345 non
1917 5292 2116 5355 tardat,
2153 5298 2202 5343 rt

631 5387 994 5433 testamentum
1022 5382 1308 5450 inlerorum
1337 5382 1758 5451 manifestabitur
1776 5383 1867 5436 tibi
1881 5382 2070 5453 (Eccli.
2091 5397 2199 5449 xrv,

632 5469 721 5533 11,
760 5467 870 5537 12).
894 5468 989 5525 His
1011 5473 1195 5539 etiam,
1242 5472 1579 5545 alterumque
1624 5473 1928 5529 divinorum
1964 5472 2204 5544 eloquio-

635 5576 751 5618 rum
769 5560 1222 5621 admonitionibus
1243 5566 1537 5635 provocati,
1558 5581 1657 5621 nos
1680 5564 1927 5621 videlicet
1955 5565 2206 5619 Artman-

630 5667 733 5709 nus
769 5662 825 5709 et
876 5652 1195 5711 Adcmarius
1240 5657 1583 5713 vicecomites
1637 5658 2021 5730 cognominati,
2053 5657 2202 5712 auxi-

624 5744 799 5806 liante
824 5748 1057 5807 Domino
1092 5752 1459 5822 providemus,
1512 5765 1675 5828 atque
1723 5755 2060 5826 disponimus
2106 5769 2202 5825 pro

2305 538 2516 593 noviter
2541 538 2934 595 monasterium
2963 546 3294 604 construere,
3321 540 3384 594 ad
3411 541 3625 597 honorem
3648 545 3754 614 ipsius

2304 630 2687 699 omnipotentis
2707 630 2823 696 Dei,
2845 638 2901 686 et
2926 631 3240 686 memoriam
3266 631 3643 689 beatissimorum
3663 636 3753 694 Petri

2304 730 2358 776 et
2394 722 2543 776 Pauli
2572 722 2936 792 apostolorum
2980 721 3305 793 principum,
3335 724 3513 792 quibus
3547 741 3572 778 a
3606 708 3755 782 Domino

2302 813 2495 868 collata
2524 824 2609 869 est
2644 823 2887 883 potestas
2942 814 3141 885 ligandi
3180 824 3342 885 atque
3377 815 3601 883 solventﬁ,
3637 824 3754 888 procul

2302 906 2464 960 dubio
2515 922 2613 976 pro
2665 905 2978 962 defensione
3034 915 3089 961 et
3140 906 3495 961 melioratione
3545 922 3753 965 nostrorum

2303 1004 2409 1051 tam
2436 1013 2723 1067 corporum
2747 1013 2909 1067 quam
2937 998 3260 1062 animarum,
3291 999 3533 1068 simulque
3554 1017 3629 1071 pro
3647 1018 3754 1059 reme.

2299 1089 2388 1144 dio
2413 1089 2719 1144 animarum
2755 1098 3039 1161 parentum
3089 1098 3394 1144 nostrorum
3424 1101 3561 1159 atque
3596 1095 3751 1147 omnium

2290 1180 2408 1235 tam
2460 1181 2709 1236 vivorum
2758 1197 2919 1250 quam
2968 1180 3345 1237 defunctorum
3390 1182 3605 1237 ﬁdelium.
3652 1185 3753 1255 Igitur

2298 1272 2582 1337 instinctu,
2611 1281 2668 1327 et
2703 1271 2930 1328 consilio
2967 1273 3259 1329 multorum
3304 1273 3681 1329 nobilissimorum
3708 1280 3752 1331 vi-

2298 1379 2520 1427 rorum,
2578 1378 2677 1419 nos
2731 1365 3108 1434 prtcnominati
3170 1365 3504 1420 vicecomiles
3551 1367 3750 1423 Ademams

2295 1454 2522 1519 scilicet,
2562 1463 2723 1522 atque
2748 1454 3083 1508 Artmannus
3108 1454 3465 1521 concedimus,
3488 1465 3615 1524 atque
3646 1456 3750 1511 dona-

2297 1560 2417 1599 mus
2440 1543 2563 1612 jure
2583 1551 2854 1613 perpetuae
2872 1544 3239 1599 concessionis
3266 1544 3482 1598 Domino
3501 1543 3606 1608 Deo,
3627 1556 3751 1599 sancta

2293 1635 2501 1692 scilicet
2545 1643 2600 1690 et
2641 1634 2934 1688 individua:
2960 1634 3241 1700 Trinitati,
3269 1632 3750 1703 sanctissimisqueejus

2295 1727 2551 1796 apostolis
2579 1725 2738 1781 Petro
2766 1736 2820 1781 et
2858 1724 3025 1780 Paulo
3070 1726 3124 1780 in
3171 1725 3307 1781 locis
3350 1726 3563 1794 ipsorum
3582 1726 3751 1780 Cluniaco

2292 1826 2456 1887 atque
2520 1816 2815 1881 Moisiaco,
2870 1815 3139 1884 simulque
3205 1815 3480 1869 abbatibus
3530 1816 3751 1869 venerandis

2292 1908 2490 1963 domno
2521 1907 2757 1977 I'Iugoui,
2786 1914 2841 1961 et
2864 1906 3063 1960 domno
3088 1904 3323 1969 Unaldo,
3342 1914 3393 1959 et
3412 1905 3617 1959 omnibus
3634 1920 3749 1958 coma

2290 2003 2699 2061 successoribus
2740 2000 3024 2056 abbatibus
3059 2010 3114 2055 et
3160 1999 3435 2055 monachis
3460 2000 3505 2053 in
3529 1999 3750 2067 supradictis

2291 2092 2424 2149 locis
2450 2092 2681 2147 Domino
2713 2090 2764 2144 in
2803 2102 3123 2160 perpetuum
3167 2089 3529 2151 servientibus,
3562 2087 3685 2141 locum
3710 2088 3749 2138 ad

2290 2186 2408 2241 haec
2456 2192 2808 2254 pracerectum
2867 2192 3029 2251 atque
3072 2183 3446 2238 constitutum.
3485 2179 3541 2234 Et
3570 2189 3631 2234 est
3659 2177 3749 2232 locus

2291 2279 2407 2348 ipse
2437 2278 2490 2333 in
2522 2276 2838 2332 Caturcensi
2864 2292 3023 2348 pago,
3075 2275 3129 2330 in
3176 2274 3450 2330 territorio
3479 2274 3628 2328 subtus
3641 2271 3748 2340 ipsum

2289 2368 2713 2425 Brunechildum
2742 2375 3019 2433 castrum;
3072 2366 3218 2421 inter
3243 2365 3454 2420 ﬂumina
3475 2364 3597 2420 Vera:
3614 2365 3750 2419 etin-

2291 2462 2479 2530 riouis,
2525 2462 2698 2532 ipsum
2747 2461 2924 2516 locum
2972 2473 3095 2514 cum
3135 2459 3406 2513 universis
3450 2455 3749 2526 appentfttiiset

2290 2531 2606 2624 adjaceutii's
2640 2551 2774 2617 suis,
2803 2551 3064 2620 quidquid
3100 2549 3175 2604 ibi
3207 2548 3294 2605 vel
3333 2548 3459 2603 alias
3488 2546 3543 2601 ad
3564 2548 3639 2601 hoc
3667 2559 3747 2615 Opas

2292 2642 2692 2715 designavimus
2750 2651 2807 2697 et
2846 2640 3189 2707 donavimus,
3231 2640 3316 2695 vel
3350 2642 3509 2695 adhuc
3539 2638 3663 2693 daturi
3697 2652 3748 2691 su-

2292 2750 2441 2799 tnus,
2475 2742 2530 2788 et
2576 2732 2937 2802 quodcunque
2976 2730 3147 2800 ipsius
3201 2729 3307 2785 loci
3352 2729 3640 2790 habitatores,
3675 2740 3747 2779 cum

2292 2824 2385 2879 Dei
2416 2822 2641 2899 auxilio,
2676 2821 2808 2877 inibi
2838 2821 3119 2892 acquirere
3144 2820 3441 2890 potuerint,
3464 2828 3512 2872 ut
3536 2819 3592 2872 ita
3612 2822 3749 2869 teneant

2291 2926 2346 2973 et
2393 2916 2706 2988 possideant
2741 2915 3116 2970 ctenobiorum
3170 2914 3571 2983 supradictorum
3611 2908 3749 2963 Cluilia.

2291 3009 2531 3065 censium
2583 3016 2639 3063 et
2686 3005 3122 3063 Moisiacensium
3174 3004 3514 3066 habitatores,
3540 3003 3581 3055 in
3610 2996 3747 3069 prmio

2290 3098 2445 3153 alode
2475 3098 2598 3169 jure
2645 3107 2928 3170 perpetuo.
2980 3096 3182 3149 Damus
3237 3095 3425 3160 etiam,
3467 3104 3513 3148 et
3545 3092 3621 3146 sub
3654 3085 3746 3156 legali

2214 3175 2260 3236 (ἶ
2293 3191 2583 3262 descripto,
2636 3198 2689 3244 et
2741 3189 2895 3244 ﬁrma
2942 3188 3391 3244 corroboratione
3432 3185 3556 3239 illum
3588 3190 3745 3235 mansum

2293 3291 2539 3335 nostrum
2580 3281 2781 3336 dictum
2815 3280 2881 3335 de
2911 3280 3091 3334 Monte
3135 3277 3349 3348 Argilio
3389 3278 3439 3331 in
3472 3271 3744 3329 dominicatun

2291 3376 2530 3448 prOpria,
2564 3390 2686 3430 cum
2726 3373 2977 3429 omnibus
3032 3373 3234 3428 ﬁnibus
3293 3373 3421 3435 suis,
3448 3366 3694 3438 ingres‘sibus
3715 3368 3746 3411 et

2292 3469 2600 3541 egressibus
2624 3468 2687 3521 in
2706 3466 2927 3537 proprio
2967 3464 3144 3520 alodio
3183 3461 3559 3534 possidendum.
3590 3456 3746 3510 Ilzcau-

2295 3569 2402 3615 tem
2435 3560 2615 3616 omnia
2648 3575 2769 3614 cum
2797 3557 3062 3612 universis
3099 3557 3367 3611 reditibus
3395 3553 3511 3616 suis,
3534 3556 3746 3619 quantum!

2292 3652 2449 3707 nobis
2502 3652 2932 3707 demonstratum
2987 3658 3095 3713 cst,
3151 3648 3239 3703 vel
3282 3655 3521 3717 quantum
3554 3638 3745 3694 inlatum.

2189 3800 2197 3808 ,
2296 3747 2405 3801 Deo
2444 3752 2747 3809 annuente,
2808 3741 3136 3811 acquisitum
3195 3739 3269 3793 ibi
3323 3736 3499 3799 fuerit;
3543 3730 3687 3785 scilicet
3714 3722 3745 3773 in

2290 3836 2479 3900 terris,
2512 3834 2704 3899 vineis,
2734 3831 2914 3901 aquis,
2948 3829 3120 3894 silvis,
3149 3827 3346 3898 pratis,
3376 3825 3516 3881 cultis
3532 3820 3619 3874 sive
3639 3812 3745 3868 incul-

2296 3928 2383 3994 tis,
2415 3936 2585 3981 totum
2618 3926 2684 3979 ab
2711 3924 2919 3992 integro
2949 3937 3070 3977 cum
3104 3920 3437 3991 ingressibus
3466 3923 3513 3971 et
3542 3905 3746 3981 egressibus

2295 4020 2424 4081 suis,
2459 4018 2531 4072 ita
2569 4016 2810 4071 cedimus
2845 4022 2899 4069 et
2937 4014 3204 4068 donamus
3238 4011 3411 4074 ﬁrma,
3445 4013 3492 4060 et
3531 3997 3747 4077 stabiliter

2294 4112 2445 4167 sione
2480 4108 2910 4179 supradictorum
2948 4106 3405 4160 monasteriorum
3452 4087 3744 4152 habitatoribus.

2296 4204 2497 4273 absque
2531 4200 2634 4255 ulla
2681 4200 2901 4255 omnino
2963 4197 3326 4253 retentatione
3356 4216 3368 4248 :
3398 4203 3449 4248 ut
3481 4192 3542 4245 ita
3581 4182 3745 4237 lubeant.

2208 4336 2211 4340 λ
2298 4303 2514 4351 teneant
2555 4302 2611 4348 et
2662 4291 2976 4363 possideant
3015 4289 3249 4343 ﬁdeliter
3286 4303 3380 4358 per
3428 4287 3591 4339 cuncta
3629 4281 3745 4325 δυσσε-

2194 4432 2197 4433 ν
2294 4388 2476 4442 dentia
2514 4394 2790 4454 tempora,
2836 4382 2930 4437 tali
2969 4396 3183 4451 quoque
3228 4380 3542 4436 conditione,
3578 4377 3623 4422 ut
3641 4369 3746 4454 neti“

2297 4498 2420 4547 nus,
2450 4494 2623 4549 neque
2654 4478 2793 4532 ullus
2824 4490 3060 4545 unquam
3089 4472 3254 4527 homo
3294 4482 3477 4526 nostra:
3504 4461 3571 4517 vel
3602 4457 3745 4549 alicuins

2301 4544 2687 4644 generati—onis,
2732 4544 3052 4639 potestatem
3084 4564 3322 4635 aliquam
3344 4564 3394 4619 iu
3422 4549 3675 4647 supradictis
3690 4544 3745 4595 Ιιο·

2302 4663 2519 4719 uoribus
2551 4660 2812 4730 requirat,
2867 4672 3041 4729 neque
3067 4657 3351 4728 justitiam,
3382 4662 3532 4720 neque
3560 4644 3744 4730 vicariam.

2301 4762 2394 4808 aut
2420 4752 2654 4821 aliquam
2689 4749 2998 4803 violentiam
3027 4746 3229 4801 inferre
3254 4747 3524 4815 praesumat
3549 4724 3743 4821 ipsitlsltlfl

2302 4841 2712 4905 habitatoribus,
2765 4848 3028 4909 quantum
3069 4836 3211 4892 infra
3246 4836 3384 4907 ipsos
3429 4828 3635 4886 terminos
3664 4816 3744 4868 dcit

2302 4944 2523 5006 gnatum
2548 4942 2663 4998 est;
2693 4932 2786 4988 sed
2814 4932 2983 4985 libera
3015 4939 3177 4998 atque
3203 4928 3378 5000 quieta
3420 4924 3518 4978 haec
3545 4910 3672 5006 omnia

2301 4990 2543 5094 pradicta
2581 5021 2754 5078 servis
2787 5019 2877 5075 Dei
2901 5021 2952 5074 in
2980 5028 3241 5075 aeternum
3270 5013 3597 5086 permaneant.

2304 5086 2422 5169 mus
2442 5114 2604 5169 etiam
2632 5121 2687 5167 et
2723 5111 3006 5176 donamus,
3034 5118 3094 5165 ut
3124 5108 3423 5179 quicunque
3449 5101 3509 5155 de

2303 5214 2356 5261 et
2386 5205 2451 5260 de
2489 5203 2622 5260 levis
2653 5217 2771 5272 quae
2797 5200 2863 5255 de
2890 5171 3045 5255 nobis
3087 5171 3269 5252 tenent
3310 5171 3496 5263 aliquid
3518 5186 3616 5241 dare

2304 5297 2431 5357 rint,
2457 5267 2693 5365 ejusdem
2710 5292 2810 5348 loci
2838 5292 2891 5346 iu
2915 5300 3229 5361 perpetuum
3256 5294 3457 5342 teneant
3474 5288 3522 5335 et
3538 5267 3743 5347 posside:m

2305 5386 2656 5442 habitatores.

2379 5477 2635 5533 Volumus
2675 5476 2836 5531 etiam
2894 5485 3057 5546 atque
3103 5486 3349 5543 rogamus
3383 5469 3443 5523 de
3484 5462 3553 5516 bis

2304 5569 2646 5641 privilegium
2679 5567 2792 5622 ﬁeri
2824 5583 2855 5621 a
2880 5538 3078 5623 domno
3122 5538 3257 5635 papa
3287 5563 3516 5617 Romana:
3838 5564 3839 5641 χ

2305 5674 2363 5721 ιιι
2392 5664 2547 5720 ﬁrma
2574 5674 2629 5720 et
2659 5665 2868 5720 stabilis
2912 5664 3027 5718 lucc
3072 5670 3251 5716 nostra
3291 5656 3584 5717 eleemost
3607 5635 3741 5735 9’me

2304 5766 2639 5827 permaneat,
2671 5773 2831 5827 quam
2862 5756 2904 5813 si
2936 5754 3055 5825 quis
3084 5750 3284 5807 violare
3320 5732 3666 5818 pnesumpsm"
3696 5728 3715 5761 '

3581 5444 3743 5507 omnibus
