  <div class='ocr_page' id='page_1' title='image "/cluster/home/n/w/nwhite01/storage/ocr_20150623/159/hvd.32044024236648/494.png"; bbox 0 0 3928 6298; ppageno 0'>
   <div class='ocr_carea' id='block_1_1' title="bbox 106 333 231 392">
    <p class='ocr_par' dir='ltr' id='par_1_1' title="bbox 106 333 231 392">
     <span class='ocr_line' id='line_1_1' title="bbox 106 333 231 392; baseline -0.032 0"><span class='ocrx_word' id='word_1_1' title='bbox 106 333 231 392; x_wconf 68' lang='grc'><strong>97⁸</strong></span> 
     </span>
    </p>
   </div>
   <div class='ocr_carea' id='block_1_2' title="bbox 956 324 2577 385">
    <p class='ocr_par' dir='ltr' id='par_1_2' title="bbox 956 324 2577 385">
     <span class='ocr_line' id='line_1_2' title="bbox 956 324 2577 385; baseline -0.003 1"><span class='ocrx_word' id='word_1_2' title='bbox 956 327 1405 385; x_wconf 70' lang='grc' dir='ltr'>οινειιδοιιωί</span> <span class='ocrx_word' id='word_1_3' title='bbox 1433 324 1876 384; x_wconf 74' lang='lat' dir='ltr'><strong>DONATIONES</strong></span> <span class='ocrx_word' id='word_1_4' title='bbox 1906 325 2040 382; x_wconf 75' lang='lat' dir='ltr'><strong>PUE</strong></span> <span class='ocrx_word' id='word_1_5' title='bbox 2074 325 2214 385; x_wconf 81' lang='lat' dir='ltr'><strong>PRO</strong></span> <span class='ocrx_word' id='word_1_6' title='bbox 2259 325 2577 384; x_wconf 75' lang='lat' dir='ltr'><strong>CLUNIAC.</strong></span> 
     </span>
    </p>
   </div>
   <div class='ocr_carea' id='block_1_3' title="bbox 3296 329 3401 386">
    <p class='ocr_par' dir='ltr' id='par_1_3' title="bbox 3296 329 3401 386">
     <span class='ocr_line' id='line_1_3' title="bbox 3296 329 3401 386; baseline -0.019 0"><span class='ocrx_word' id='word_1_7' title='bbox 3296 329 3401 386; x_wconf 68' lang='grc' dir='ltr'><strong>οτι</strong></span> 
     </span>
    </p>
   </div>
   <div class='ocr_carea' id='block_1_4' title="bbox 110 441 3399 528">
    <p class='ocr_par' dir='ltr' id='par_1_4' title="bbox 110 441 3399 528">
     <span class='ocr_line' id='line_1_4' title="bbox 110 441 3399 528; baseline -0.001 -24"><span class='ocrx_word' id='word_1_8' title='bbox 110 449 311 521; x_wconf 81' lang='lat' dir='ltr'><strong>aliquo</strong></span> <span class='ocrx_word' id='word_1_9' title='bbox 349 448 511 503; x_wconf 87' lang='lat' dir='ltr'><strong>modo</strong></span> <span class='ocrx_word' id='word_1_10' title='bbox 563 445 819 503; x_wconf 85' lang='lat' dir='ltr'><strong>invadere</strong></span> <span class='ocrx_word' id='word_1_11' title='bbox 880 446 1199 511; x_wconf 89' lang='lat' dir='ltr'><strong>tentaverit,</strong></span> <span class='ocrx_word' id='word_1_12' title='bbox 1235 445 1444 528; x_wconf 82' lang='lat' dir='ltr'><strong>sentiat</strong></span> <span class='ocrx_word' id='word_1_13' title='bbox 1482 458 1542 499; x_wconf 81' lang='lat' dir='ltr'><strong>se</strong></span> <span class='ocrx_word' id='word_1_14' title='bbox 1593 456 1713 498; x_wconf 86' lang='lat' dir='ltr'><strong>esse</strong></span> <span class='ocrx_word' id='word_1_15' title='bbox 1744 448 1789 500; x_wconf 79' lang='grc' dir='ltr'>Α</span> <span class='ocrx_word' id='word_1_16' title='bbox 1820 441 1986 507; x_wconf 89' lang='lat' dir='ltr'><strong>tibus,</strong></span> <span class='ocrx_word' id='word_1_17' title='bbox 2025 443 2471 512; x_wconf 82' lang='lat' dir='ltr'><strong>astipulantibus,</strong></span> <span class='ocrx_word' id='word_1_18' title='bbox 2525 444 2794 500; x_wconf 88' lang='lat' dir='ltr'><strong>constituo</strong></span> <span class='ocrx_word' id='word_1_19' title='bbox 2837 444 2905 500; x_wconf 88' lang='lat' dir='ltr'><strong>de</strong></span> <span class='ocrx_word' id='word_1_20' title='bbox 2950 443 3178 515; x_wconf 85' lang='lat' dir='ltr'><strong>praefato</strong></span> <span class='ocrx_word' id='word_1_21' title='bbox 3234 459 3399 501; x_wconf 83' lang='lat' dir='ltr'><strong>censu</strong></span> 
     </span>
    </p>
   </div>
   <div class='ocr_carea' id='block_1_5' title="bbox 104 537 1295 608">
    <p class='ocr_par' dir='ltr' id='par_1_5' title="bbox 104 537 1295 608">
     <span class='ocr_line' id='line_1_5' title="bbox 104 537 1295 608; baseline -0.004 -13"><span class='ocrx_word' id='word_1_22' title='bbox 104 540 491 595; x_wconf 80' lang='lat' dir='ltr'><strong>damnandum</strong></span> <span class='ocrx_word' id='word_1_23' title='bbox 519 547 573 593; x_wconf 93' lang='lat' dir='ltr'><strong>et</strong></span> <span class='ocrx_word' id='word_1_24' title='bbox 600 554 762 606; x_wconf 90' lang='lat' dir='ltr'><strong>nunc,</strong></span> <span class='ocrx_word' id='word_1_25' title='bbox 791 548 844 593; x_wconf 90' lang='lat' dir='ltr'><strong>et</strong></span> <span class='ocrx_word' id='word_1_26' title='bbox 873 537 926 591; x_wconf 92' lang='lat' dir='ltr'><strong>in</strong></span> <span class='ocrx_word' id='word_1_27' title='bbox 955 547 1295 608; x_wconf 86' lang='lat' dir='ltr'><strong>perpetuum.</strong></span> 
     </span>
    </p>
   </div>
   <div class='ocr_carea' id='block_1_6' title="bbox 191 634 1713 692">
    <p class='ocr_par' dir='ltr' id='par_1_6' title="bbox 191 634 1713 692">
     <span class='ocr_line' id='line_1_6' title="bbox 191 634 1713 692; baseline -0.002 0"><span class='ocrx_word' id='word_1_28' title='bbox 191 637 323 692; x_wconf 66' lang='lat' dir='ltr'><strong>Haec</strong></span> <span class='ocrx_word' id='word_1_29' title='bbox 360 645 544 691; x_wconf 90' lang='lat' dir='ltr'><strong>autem</strong></span> <span class='ocrx_word' id='word_1_30' title='bbox 580 635 722 692; x_wconf 90' lang='lat' dir='ltr'><strong>facta</strong></span> <span class='ocrx_word' id='word_1_31' title='bbox 745 644 873 692; x_wconf 91' lang='lat' dir='ltr'><strong>sunt</strong></span> <span class='ocrx_word' id='word_1_32' title='bbox 900 651 1023 691; x_wconf 92' lang='lat' dir='ltr'><strong>cum</strong></span> <span class='ocrx_word' id='word_1_33' title='bbox 1050 634 1281 690; x_wconf 90' lang='lat' dir='ltr'><strong>consilio</strong></span> <span class='ocrx_word' id='word_1_34' title='bbox 1306 642 1363 689; x_wconf 91' lang='lat' dir='ltr'><strong>et</strong></span> <span class='ocrx_word' id='word_1_35' title='bbox 1387 635 1713 690; x_wconf 76' lang='lat' dir='ltr'><strong>auctoritate</strong></span> 
     </span>
    </p>
   </div>
   <div class='ocr_carea' id='block_1_7' title="bbox 106 726 1713 797">
    <p class='ocr_par' dir='ltr' id='par_1_7' title="bbox 106 726 1713 797">
     <span class='ocr_line' id='line_1_7' title="bbox 106 726 1713 797; baseline -0.002 -12"><span class='ocrx_word' id='word_1_36' title='bbox 106 729 307 785; x_wconf 86' lang='lat' dir='ltr'><strong>domui</strong></span> <span class='ocrx_word' id='word_1_37' title='bbox 338 728 555 785; x_wconf 87' lang='lat' dir='ltr'><strong>Geraldi</strong></span> <span class='ocrx_word' id='word_1_38' title='bbox 587 729 903 784; x_wconf 66' lang='lat' dir='ltr'><strong>Caturcenaa</strong></span> <span class='ocrx_word' id='word_1_39' title='bbox 938 726 1195 783; x_wconf 79' lang='lat' dir='ltr'><strong>Ecclesiae</strong></span> <span class='ocrx_word' id='word_1_40' title='bbox 1243 727 1539 797; x_wconf 86' lang='lat' dir='ltr'><strong>pontilicis,</strong></span> <span class='ocrx_word' id='word_1_41' title='bbox 1570 741 1713 782; x_wconf 92' lang='lat' dir='ltr'><strong>anno</strong></span> 
     </span>
    </p>
   </div>
   <div class='ocr_carea' id='block_1_8' title="bbox 105 816 1714 887">
    <p class='ocr_par' dir='ltr' id='par_1_8' title="bbox 105 816 1714 887">
     <span class='ocr_line' id='line_1_8' title="bbox 105 816 1714 887; baseline -0.002 -13"><span class='ocrx_word' id='word_1_42' title='bbox 105 819 334 874; x_wconf 77' lang='lat' dir='ltr'><strong>scilicet</strong></span> <span class='ocrx_word' id='word_1_43' title='bbox 356 818 652 873; x_wconf 74' lang='lat' dir='ltr'><strong>Dominica:</strong></span> <span class='ocrx_word' id='word_1_44' title='bbox 679 817 1075 874; x_wconf 88' lang='lat' dir='ltr'><strong>Iucarnationis</strong></span> <span class='ocrx_word' id='word_1_45' title='bbox 1102 816 1259 881; x_wconf 78' lang='lat'><strong>1085,</strong></span> <span class='ocrx_word' id='word_1_46' title='bbox 1286 826 1550 887; x_wconf 78' lang='lat' dir='ltr'><strong>regnante</strong></span> <span class='ocrx_word' id='word_1_47' title='bbox 1584 816 1714 871; x_wconf 91' lang='lat' dir='ltr'><strong>Phi-</strong></span> 
     </span>
    </p>
   </div>
   <div class='ocr_carea' id='block_1_9' title="bbox 106 911 1715 983">
    <p class='ocr_par' dir='ltr' id='par_1_9' title="bbox 106 911 1715 983">
     <span class='ocr_line' id='line_1_9' title="bbox 106 911 1715 983; baseline -0.001 -17"><span class='ocrx_word' id='word_1_48' title='bbox 106 912 269 983; x_wconf 87' lang='lat' dir='ltr'><strong>lippo</strong></span> <span class='ocrx_word' id='word_1_49' title='bbox 306 928 432 981; x_wconf 84' lang='lat' dir='ltr'><strong>rege</strong></span> <span class='ocrx_word' id='word_1_50' title='bbox 458 912 810 977; x_wconf 85' lang='lat' dir='ltr'><strong>Francorum,</strong></span> <span class='ocrx_word' id='word_1_51' title='bbox 850 914 1047 966; x_wconf 93' lang='lat' dir='ltr'><strong>domno</strong></span> <span class='ocrx_word' id='word_1_52' title='bbox 1095 911 1359 982; x_wconf 84' lang='lat' dir='ltr'><strong>Gregorio</strong></span> <span class='ocrx_word' id='word_1_53' title='bbox 1384 912 1473 968; x_wconf 88' lang='lat' dir='ltr'>VII</span> <span class='ocrx_word' id='word_1_54' title='bbox 1498 912 1715 982; x_wconf 82' lang='lat' dir='ltr'><strong>pontifi-</strong></span> 
     </span>
    </p>
   </div>
   <div class='ocr_carea' id='block_1_10' title="bbox 105 1004 1714 1071">
    <p class='ocr_par' dir='ltr' id='par_1_10' title="bbox 105 1004 1714 1071">
     <span class='ocr_line' id='line_1_10' title="bbox 105 1004 1714 1071; baseline 0.001 -14"><span class='ocrx_word' id='word_1_55' title='bbox 105 1014 308 1058; x_wconf 85' lang='lat' dir='ltr'><strong>catum</strong></span> <span class='ocrx_word' id='word_1_56' title='bbox 355 1004 612 1059; x_wconf 63' lang='lat' dir='ltr'><strong>Romanae</strong></span> <span class='ocrx_word' id='word_1_57' title='bbox 664 1004 925 1059; x_wconf 81' lang='lat' dir='ltr'><strong>Ecclesiae</strong></span> <span class='ocrx_word' id='word_1_58' title='bbox 970 1014 1189 1061; x_wconf 90' lang='lat' dir='ltr'><strong>tenente</strong></span> <span class='ocrx_word' id='word_1_59' title='bbox 1244 1020 1388 1060; x_wconf 93' lang='lat' dir='ltr'><strong>anno</strong></span> <span class='ocrx_word' id='word_1_60' title='bbox 1431 1021 1486 1071; x_wconf 86' lang='lat' dir='ltr'><strong>x,</strong></span> <span class='ocrx_word' id='word_1_61' title='bbox 1530 1019 1714 1060; x_wconf 90' lang='lat' dir='ltr'><strong>mense</strong></span> 
     </span>
    </p>
   </div>
   <div class='ocr_carea' id='block_1_11' title="bbox 110 1096 1713 1170">
    <p class='ocr_par' dir='ltr' id='par_1_11' title="bbox 110 1096 1713 1170">
     <span class='ocr_line' id='line_1_11' title="bbox 110 1096 1713 1170; baseline -0.001 -18"><span class='ocrx_word' id='word_1_62' title='bbox 110 1096 491 1168; x_wconf 89' lang='lat' dir='ltr'><strong>Septembrio,</strong></span> <span class='ocrx_word' id='word_1_63' title='bbox 516 1098 652 1154; x_wconf 91' lang='lat' dir='ltr'><strong>feria</strong></span> <span class='ocrx_word' id='word_1_64' title='bbox 676 1114 755 1163; x_wconf 87' lang='grc' dir='ltr'><strong>ιιι,</strong></span> <span class='ocrx_word' id='word_1_65' title='bbox 779 1097 829 1153; x_wconf 89' lang='lat' dir='ltr'><strong>id</strong></span> <span class='ocrx_word' id='word_1_66' title='bbox 851 1108 936 1153; x_wconf 91' lang='lat' dir='ltr'><strong>est</strong></span> <span class='ocrx_word' id='word_1_67' title='bbox 956 1096 1137 1155; x_wconf 82' lang='lat' dir='ltr'><strong>Nonas</strong></span> <span class='ocrx_word' id='word_1_68' title='bbox 1161 1099 1330 1170; x_wconf 88' lang='lat' dir='ltr'><strong>ipsius</strong></span> <span class='ocrx_word' id='word_1_69' title='bbox 1347 1098 1572 1165; x_wconf 91' lang='lat' dir='ltr'><strong>mensis,</strong></span> <span class='ocrx_word' id='word_1_70' title='bbox 1587 1097 1713 1152; x_wconf 89' lang='lat' dir='ltr'><strong>luna</strong></span> 
     </span>
    </p>
   </div>
   <div class='ocr_carea' id='block_1_12' title="bbox 109 1186 1021 1251">
    <p class='ocr_par' dir='ltr' id='par_1_12' title="bbox 109 1186 1021 1251">
     <span class='ocr_line' id='line_1_12' title="bbox 109 1186 1021 1251; baseline 0.003 -12"><span class='ocrx_word' id='word_1_71' title='bbox 109 1202 239 1251; x_wconf 74' lang='lat' dir='ltr'><strong>xu,</strong></span> <span class='ocrx_word' id='word_1_72' title='bbox 270 1186 565 1243; x_wconf 87' lang='lat' dir='ltr'><strong>indictione</strong></span> <span class='ocrx_word' id='word_1_73' title='bbox 595 1202 671 1251; x_wconf 80' lang='lat' dir='ltr'><strong>vt,</strong></span> <span class='ocrx_word' id='word_1_74' title='bbox 700 1203 806 1243; x_wconf 73' lang='lat' dir='ltr'><strong>tera</strong></span> <span class='ocrx_word' id='word_1_75' title='bbox 834 1204 1021 1243; x_wconf 75' lang='lat' dir='ltr'><strong>ucxxt.</strong></span> 
     </span>
    </p>
   </div>
   <div class='ocr_carea' id='block_1_13' title="bbox 195 1276 1572 1346">
    <p class='ocr_par' dir='ltr' id='par_1_13' title="bbox 195 1276 1572 1346">
     <span class='ocr_line' id='line_1_13' title="bbox 195 1276 1572 1346; baseline 0 -14"><span class='ocrx_word' id='word_1_76' title='bbox 195 1276 465 1346; x_wconf 58' lang='lat' dir='ltr'><strong>Sigfnum</strong></span> <span class='ocrx_word' id='word_1_77' title='bbox 496 1278 759 1332; x_wconf 85' lang='lat' dir='ltr'><strong>Armanni</strong></span> <span class='ocrx_word' id='word_1_78' title='bbox 784 1286 840 1332; x_wconf 92' lang='lat' dir='ltr'><strong>et</strong></span> <span class='ocrx_word' id='word_1_79' title='bbox 875 1277 1129 1333; x_wconf 85' lang='lat' dir='ltr'><strong>Ademari</strong></span> <span class='ocrx_word' id='word_1_80' title='bbox 1168 1278 1572 1334; x_wconf 89' lang='lat' dir='ltr'><strong>vicecomitum.</strong></span> 
     </span>
    </p>
   </div>
   <div class='ocr_carea' id='block_1_14' title="bbox 194 1366 1021 1437">
    <p class='ocr_par' dir='ltr' id='par_1_14' title="bbox 194 1366 1021 1437">
     <span class='ocr_line' id='line_1_14' title="bbox 194 1366 1021 1437; baseline 0.002 -16"><span class='ocrx_word' id='word_1_81' title='bbox 194 1366 465 1437; x_wconf 58' lang='lat' dir='ltr'><strong>Sig‘l-num</strong></span> <span class='ocrx_word' id='word_1_82' title='bbox 493 1366 766 1423; x_wconf 81' lang='lat' dir='ltr'><strong>Remundi</strong></span> <span class='ocrx_word' id='word_1_83' title='bbox 798 1368 1021 1424; x_wconf 82' lang='lat' dir='ltr'><strong>Amelii.</strong></span> 
     </span>
    </p>
   </div>
   <div class='ocr_carea' id='block_1_15' title="bbox 194 1457 997 1528">
    <p class='ocr_par' dir='ltr' id='par_1_15' title="bbox 194 1457 997 1528">
     <span class='ocr_line' id='line_1_15' title="bbox 194 1457 997 1528; baseline 0.005 -16"><span class='ocrx_word' id='word_1_84' title='bbox 194 1457 469 1528; x_wconf 59' lang='lat' dir='ltr'><strong>Sig-fnum</strong></span> <span class='ocrx_word' id='word_1_85' title='bbox 501 1459 680 1515; x_wconf 87' lang='lat' dir='ltr'><strong>Pontii</strong></span> <span class='ocrx_word' id='word_1_86' title='bbox 720 1460 997 1518; x_wconf 84' lang='lat' dir='ltr'><strong>Matfredi.</strong></span> 
     </span>
    </p>
   </div>
   <div class='ocr_carea' id='block_1_16' title="bbox 194 1548 737 1620">
    <p class='ocr_par' dir='ltr' id='par_1_16' title="bbox 194 1548 737 1620">
     <span class='ocr_line' id='line_1_16' title="bbox 194 1548 737 1620; baseline -0.002 -16"><span class='ocrx_word' id='word_1_87' title='bbox 194 1548 471 1620; x_wconf 61' lang='lat' dir='ltr'><strong>Sig-fnum</strong></span> <span class='ocrx_word' id='word_1_88' title='bbox 507 1550 737 1605; x_wconf 85' lang='lat' dir='ltr'><strong>Raterii.</strong></span> 
     </span>
    </p>
   </div>
   <div class='ocr_carea' id='block_1_17' title="bbox 193 1638 1003 1708">
    <p class='ocr_par' dir='ltr' id='par_1_17' title="bbox 193 1638 1003 1708">
     <span class='ocr_line' id='line_1_17' title="bbox 193 1638 1003 1708; baseline 0.004 -16"><span class='ocrx_word' id='word_1_89' title='bbox 193 1638 469 1708; x_wconf 54' lang='lat' dir='ltr'><strong>Sig-fnum</strong></span> <span class='ocrx_word' id='word_1_90' title='bbox 502 1639 751 1694; x_wconf 81' lang='lat' dir='ltr'><strong>Matfredi</strong></span> <span class='ocrx_word' id='word_1_91' title='bbox 781 1639 1003 1695; x_wconf 84' lang='lat' dir='ltr'><strong>Amelii.</strong></span> 
     </span>
    </p>
   </div>
   <div class='ocr_carea' id='block_1_18' title="bbox 193 1729 927 1800">
    <p class='ocr_par' dir='ltr' id='par_1_18' title="bbox 193 1729 927 1800">
     <span class='ocr_line' id='line_1_18' title="bbox 193 1729 927 1800; baseline 0.003 -17"><span class='ocrx_word' id='word_1_92' title='bbox 193 1729 464 1800; x_wconf 61' lang='lat' dir='ltr'><strong>Sigfnum</strong></span> <span class='ocrx_word' id='word_1_93' title='bbox 487 1729 927 1785; x_wconf 78' lang='lat' dir='ltr'><strong>Amelii&#39;Justini.</strong></span> 
     </span>
    </p>
   </div>
   <div class='ocr_carea' id='block_1_19' title="bbox 1769 530 3401 600">
    <p class='ocr_par' dir='ltr' id='par_1_19' title="bbox 1769 530 3401 600">
     <span class='ocr_line' id='line_1_19' title="bbox 1769 530 3401 600; baseline 0.004 -14"><span class='ocrx_word' id='word_1_94' title='bbox 1769 585 1778 594; x_wconf 86' lang='grc'><em>,</em></span> <span class='ocrx_word' id='word_1_95' title='bbox 1816 530 2095 600; x_wconf 89' lang='lat' dir='ltr'><strong>duplicato</strong></span> <span class='ocrx_word' id='word_1_96' title='bbox 2123 532 2568 591; x_wconf 89' lang='lat' dir='ltr'><strong>Cluniacensibus</strong></span> <span class='ocrx_word' id='word_1_97' title='bbox 2602 534 2741 590; x_wconf 88' lang='lat' dir='ltr'><strong>meis</strong></span> <span class='ocrx_word' id='word_1_98' title='bbox 2769 533 3028 591; x_wconf 83' lang='lat' dir='ltr'><strong>fratribus</strong></span> <span class='ocrx_word' id='word_1_99' title='bbox 3064 534 3401 592; x_wconf 84' lang='lat' dir='ltr'><strong>charissimis</strong></span> 
     </span>
    </p>
   </div>
   <div class='ocr_carea' id='block_1_20' title="bbox 1817 616 3403 698">
    <p class='ocr_par' dir='ltr' id='par_1_20' title="bbox 1817 616 3403 698">
     <span class='ocr_line' id='line_1_20' title="bbox 1817 616 3403 698; baseline 0.003 -20"><span class='ocrx_word' id='word_1_100' title='bbox 1817 616 1987 693; x_wconf 85' lang='lat' dir='ltr'><strong>regiae</strong></span> <span class='ocrx_word' id='word_1_101' title='bbox 2055 626 2396 682; x_wconf 86' lang='lat' dir='ltr'><strong>auctoritatis</strong></span> <span class='ocrx_word' id='word_1_102' title='bbox 2447 637 2817 698; x_wconf 70' lang='lat' dir='ltr'><strong>praeceptum,</strong></span> <span class='ocrx_word' id='word_1_103' title='bbox 2876 642 2907 682; x_wconf 91' lang='lat' dir='ltr'><strong>a</strong></span> <span class='ocrx_word' id='word_1_104' title='bbox 2959 628 3167 698; x_wconf 91' lang='lat' dir='ltr'><strong>meipso</strong></span> <span class='ocrx_word' id='word_1_105' title='bbox 3222 628 3403 698; x_wconf 83' lang='lat' dir='ltr'><strong>quoad</strong></span> 
     </span>
    </p>
   </div>
   <div class='ocr_carea' id='block_1_21' title="bbox 1817 715 3402 790">
    <p class='ocr_par' dir='ltr' id='par_1_21' title="bbox 1817 715 3402 790">
     <span class='ocr_line' id='line_1_21' title="bbox 1817 715 3402 790; baseline 0.005 -23"><span class='ocrx_word' id='word_1_106' title='bbox 1817 715 2005 769; x_wconf 79' lang='lat' dir='ltr'><strong>vixere</strong></span> <span class='ocrx_word' id='word_1_107' title='bbox 2070 716 2380 772; x_wconf 79' lang='lat' dir='ltr'><strong>firmissime</strong></span> <span class='ocrx_word' id='word_1_108' title='bbox 2434 717 2754 784; x_wconf 89' lang='lat' dir='ltr'><strong>tenendum,</strong></span> <span class='ocrx_word' id='word_1_109' title='bbox 2802 720 3162 790; x_wconf 89' lang='lat' dir='ltr'><strong>omnibusque</strong></span> <span class='ocrx_word' id='word_1_110' title='bbox 3210 733 3402 775; x_wconf 87' lang='lat' dir='ltr'><strong>succe-</strong></span> 
     </span>
    </p>
   </div>
   <div class='ocr_carea' id='block_1_22' title="bbox 1818 807 3405 883">
    <p class='ocr_par' dir='ltr' id='par_1_22' title="bbox 1818 807 3405 883">
     <span class='ocr_line' id='line_1_22' title="bbox 1818 807 3405 883; baseline 0.003 -20"><span class='ocrx_word' id='word_1_111' title='bbox 1818 807 2075 864; x_wconf 86' lang='lat' dir='ltr'><strong>dentibus</strong></span> <span class='ocrx_word' id='word_1_112' title='bbox 2132 823 2231 879; x_wconf 87' lang='lat' dir='ltr'><strong>per</strong></span> <span class='ocrx_word' id='word_1_113' title='bbox 2284 810 2476 865; x_wconf 71' lang='lat' dir='ltr'><strong>saecula</strong></span> <span class='ocrx_word' id='word_1_114' title='bbox 2533 820 2757 866; x_wconf 86' lang='lat' dir='ltr'><strong>ventura</strong></span> <span class='ocrx_word' id='word_1_115' title='bbox 2807 812 2861 866; x_wconf 93' lang='lat' dir='ltr'><strong>in</strong></span> <span class='ocrx_word' id='word_1_116' title='bbox 2915 827 3082 883; x_wconf 84' lang='lat' dir='ltr'><strong>regno</strong></span> <span class='ocrx_word' id='word_1_117' title='bbox 3130 812 3405 883; x_wconf 67' lang='lat' dir='ltr'><strong>Hispanias</strong></span> 
     </span>
    </p>
   </div>
   <div class='ocr_carea' id='block_1_23' title="bbox 1818 898 3405 971">
    <p class='ocr_par' dir='ltr' id='par_1_23' title="bbox 1818 898 3405 971">
     <span class='ocr_line' id='line_1_23' title="bbox 1818 898 3405 971; baseline 0.003 -16"><span class='ocrx_word' id='word_1_118' title='bbox 1818 898 2040 969; x_wconf 83' lang='lat' dir='ltr'><strong>regibus</strong></span> <span class='ocrx_word' id='word_1_119' title='bbox 2108 907 2370 969; x_wconf 83' lang='lat' dir='ltr'><strong>perpetua</strong></span> <span class='ocrx_word' id='word_1_120' title='bbox 2438 901 2555 971; x_wconf 89' lang='lat' dir='ltr'><strong>lege</strong></span> <span class='ocrx_word' id='word_1_121' title='bbox 2607 903 2955 958; x_wconf 90' lang='lat' dir='ltr'><strong>servandum.</strong></span> <span class='ocrx_word' id='word_1_122' title='bbox 3010 904 3162 960; x_wconf 84' lang='lat' dir='ltr'><strong>Hanc</strong></span> <span class='ocrx_word' id='word_1_123' title='bbox 3218 913 3405 961; x_wconf 89' lang='lat' dir='ltr'><strong>autem</strong></span> 
     </span>
    </p>
   </div>
   <div class='ocr_carea' id='block_1_24' title="bbox 1818 989 3404 1065">
    <p class='ocr_par' dir='ltr' id='par_1_24' title="bbox 1818 989 3404 1065">
     <span class='ocr_line' id='line_1_24' title="bbox 1818 989 3404 1065; baseline 0.006 -23"><span class='ocrx_word' id='word_1_124' title='bbox 1818 990 2261 1046; x_wconf 86' lang='lat' dir='ltr'><strong>constitutionem</strong></span> <span class='ocrx_word' id='word_1_125' title='bbox 2305 989 2446 1046; x_wconf 80' lang='lat' dir='ltr'><strong>facio</strong></span> <span class='ocrx_word' id='word_1_126' title='bbox 2474 1006 2571 1061; x_wconf 91' lang='lat' dir='ltr'><strong>pro</strong></span> <span class='ocrx_word' id='word_1_127' title='bbox 2596 993 2788 1047; x_wconf 69' lang='lat' dir='ltr'><strong>anima:</strong></span> <span class='ocrx_word' id='word_1_128' title='bbox 2830 1010 2965 1049; x_wconf 69' lang='lat' dir='ltr'><strong>mea:</strong></span> <span class='ocrx_word' id='word_1_129' title='bbox 3005 996 3267 1061; x_wconf 91' lang='lat' dir='ltr'><strong>remedio,</strong></span> <span class='ocrx_word' id='word_1_130' title='bbox 3303 1012 3404 1065; x_wconf 92' lang='lat' dir='ltr'><strong>pro</strong></span> 
     </span>
    </p>
   </div>
   <div class='ocr_carea' id='block_1_25' title="bbox 1821 1081 3403 1153">
    <p class='ocr_par' dir='ltr' id='par_1_25' title="bbox 1821 1081 3403 1153">
     <span class='ocr_line' id='line_1_25' title="bbox 1821 1081 3403 1153; baseline 0.006 -19"><span class='ocrx_word' id='word_1_131' title='bbox 1821 1081 2110 1137; x_wconf 83' lang='lat' dir='ltr'><strong>animabus</strong></span> <span class='ocrx_word' id='word_1_132' title='bbox 2147 1081 2320 1151; x_wconf 87' lang='lat' dir='ltr'><strong>patris</strong></span> <span class='ocrx_word' id='word_1_133' title='bbox 2348 1084 2452 1135; x_wconf 91' lang='lat' dir='ltr'><strong>mei</strong></span> <span class='ocrx_word' id='word_1_134' title='bbox 2482 1092 2537 1137; x_wconf 90' lang='lat' dir='ltr'><strong>et</strong></span> <span class='ocrx_word' id='word_1_135' title='bbox 2556 1083 2747 1138; x_wconf 85' lang='lat' dir='ltr'><strong>matris</strong></span> <span class='ocrx_word' id='word_1_136' title='bbox 2777 1099 2840 1140; x_wconf 91' lang='lat' dir='ltr'><strong>ac</strong></span> <span class='ocrx_word' id='word_1_137' title='bbox 2868 1084 3098 1140; x_wconf 81' lang='lat' dir='ltr'><strong>fratrum</strong></span> <span class='ocrx_word' id='word_1_138' title='bbox 3134 1102 3403 1153; x_wconf 83' lang='lat' dir='ltr'><strong>meorum,</strong></span> 
     </span>
    </p>
   </div>
   <div class='ocr_carea' id='block_1_26' title="bbox 1821 1167 3408 1243">
    <p class='ocr_par' dir='ltr' id='par_1_26' title="bbox 1821 1167 3408 1243">
     <span class='ocr_line' id='line_1_26' title="bbox 1821 1167 3408 1243; baseline 0.006 -24"><span class='ocrx_word' id='word_1_139' title='bbox 1821 1180 1921 1236; x_wconf 93' lang='lat' dir='ltr'><strong>pro</strong></span> <span class='ocrx_word' id='word_1_140' title='bbox 1946 1181 2138 1221; x_wconf 60' lang='grc' dir='ltr'><strong>λυκοτο</strong></span> <span class='ocrx_word' id='word_1_141' title='bbox 2188 1182 2252 1229; x_wconf 90' lang='lat' dir='ltr'><strong>ac</strong></span> <span class='ocrx_word' id='word_1_142' title='bbox 2294 1167 2482 1224; x_wconf 89' lang='lat' dir='ltr'><strong>liberis</strong></span> <span class='ocrx_word' id='word_1_143' title='bbox 2526 1169 2683 1235; x_wconf 86' lang='lat' dir='ltr'><strong>meis,</strong></span> <span class='ocrx_word' id='word_1_144' title='bbox 2737 1178 2797 1222; x_wconf 91' lang='lat' dir='ltr'><strong>ut</strong></span> <span class='ocrx_word' id='word_1_145' title='bbox 2844 1181 2899 1225; x_wconf 87' lang='lat' dir='ltr'><strong>et</strong></span> <span class='ocrx_word' id='word_1_146' title='bbox 2947 1171 3089 1226; x_wconf 80' lang='lat' dir='ltr'><strong>vivis</strong></span> <span class='ocrx_word' id='word_1_147' title='bbox 3128 1173 3301 1243; x_wconf 90' lang='lat' dir='ltr'><strong>prosit</strong></span> <span class='ocrx_word' id='word_1_148' title='bbox 3334 1178 3408 1229; x_wconf 88' lang='lat' dir='ltr'><strong>ad</strong></span> 
     </span>
    </p>
   </div>
   <div class='ocr_carea' id='block_1_27' title="bbox 1818 1260 3408 1335">
    <p class='ocr_par' dir='ltr' id='par_1_27' title="bbox 1818 1260 3408 1335">
     <span class='ocr_line' id='line_1_27' title="bbox 1818 1260 3408 1335; baseline 0.006 -24"><span class='ocrx_word' id='word_1_149' title='bbox 1818 1260 2239 1328; x_wconf 86' lang='lat' dir='ltr'><strong>promerendam</strong></span> <span class='ocrx_word' id='word_1_150' title='bbox 2282 1260 2602 1317; x_wconf 67' lang='lat' dir='ltr'><strong>:eternalem</strong></span> <span class='ocrx_word' id='word_1_151' title='bbox 2651 1261 2817 1317; x_wconf 86' lang='lat' dir='ltr'><strong>vitam</strong></span> <span class='ocrx_word' id='word_1_152' title='bbox 2851 1270 2907 1317; x_wconf 91' lang='lat' dir='ltr'><strong>et</strong></span> <span class='ocrx_word' id='word_1_153' title='bbox 2937 1262 3205 1319; x_wconf 79' lang='lat' dir='ltr'><strong>defunctis</strong></span> <span class='ocrx_word' id='word_1_154' title='bbox 3243 1266 3408 1335; x_wconf 87' lang='lat' dir='ltr'><strong>profi-</strong></span> 
     </span>
    </p>
   </div>
   <div class='ocr_carea' id='block_1_28' title="bbox 1820 1348 3408 1426">
    <p class='ocr_par' dir='ltr' id='par_1_28' title="bbox 1820 1348 3408 1426">
     <span class='ocr_line' id='line_1_28' title="bbox 1820 1348 3408 1426; baseline 0.005 -23"><span class='ocrx_word' id='word_1_155' title='bbox 1820 1348 1931 1403; x_wconf 91' lang='lat' dir='ltr'><strong>ciat</strong></span> <span class='ocrx_word' id='word_1_156' title='bbox 1968 1350 2035 1403; x_wconf 90' lang='lat' dir='ltr'><strong>ad</strong></span> <span class='ocrx_word' id='word_1_157' title='bbox 2065 1350 2448 1419; x_wconf 90' lang='lat' dir='ltr'><strong>possidendam</strong></span> <span class='ocrx_word' id='word_1_158' title='bbox 2480 1352 2723 1421; x_wconf 90' lang='lat' dir='ltr'><strong>requiem</strong></span> <span class='ocrx_word' id='word_1_159' title='bbox 2751 1354 3162 1423; x_wconf 89' lang='lat' dir='ltr'><strong>sempiternam.</strong></span> <span class='ocrx_word' id='word_1_160' title='bbox 3197 1355 3255 1410; x_wconf 92' lang='lat' dir='ltr'><strong>Si</strong></span> <span class='ocrx_word' id='word_1_161' title='bbox 3286 1357 3408 1426; x_wconf 91' lang='lat' dir='ltr'><strong>quis</strong></span> 
     </span>
    </p>
   </div>
   <div class='ocr_carea' id='block_1_29' title="bbox 1820 1443 3408 1513">
    <p class='ocr_par' dir='ltr' id='par_1_29' title="bbox 1820 1443 3408 1513">
     <span class='ocr_line' id='line_1_29' title="bbox 1820 1443 3408 1513; baseline 0.005 -22"><span class='ocrx_word' id='word_1_162' title='bbox 1820 1452 1950 1492; x_wconf 89' lang='lat' dir='ltr'><strong>vero</strong></span> <span class='ocrx_word' id='word_1_163' title='bbox 1988 1453 2365 1495; x_wconf 89' lang='lat' dir='ltr'><strong>successorum</strong></span> <span class='ocrx_word' id='word_1_164' title='bbox 2410 1456 2653 1495; x_wconf 84' lang='lat' dir='ltr'><strong>meorum</strong></span> <span class='ocrx_word' id='word_1_165' title='bbox 2694 1456 2882 1510; x_wconf 85' lang='lat' dir='ltr'><strong>regum</strong></span> <span class='ocrx_word' id='word_1_166' title='bbox 2925 1443 3181 1513; x_wconf 83' lang='lat' dir='ltr'><strong>praecepti</strong></span> <span class='ocrx_word' id='word_1_167' title='bbox 3225 1445 3408 1512; x_wconf 88' lang='lat' dir='ltr'><strong>hujus,</strong></span> 
     </span>
    </p>
   </div>
   <div class='ocr_carea' id='block_1_30' title="bbox 1820 1527 3407 1596">
    <p class='ocr_par' dir='ltr' id='par_1_30' title="bbox 1820 1527 3407 1596">
     <span class='ocr_line' id='line_1_30' title="bbox 1820 1527 3407 1596; baseline 0.006 -16"><span class='ocrx_word' id='word_1_168' title='bbox 1820 1527 1963 1596; x_wconf 91' lang='lat' dir='ltr'><strong>quod</strong></span> <span class='ocrx_word' id='word_1_169' title='bbox 1991 1527 2156 1593; x_wconf 88' lang='lat' dir='ltr'><strong>absit,</strong></span> <span class='ocrx_word' id='word_1_170' title='bbox 2199 1537 2497 1584; x_wconf 87' lang='lat' dir='ltr'><strong>temerator</strong></span> <span class='ocrx_word' id='word_1_171' title='bbox 2526 1532 2771 1586; x_wconf 83' lang='lat' dir='ltr'><strong>existens</strong></span> <span class='ocrx_word' id='word_1_172' title='bbox 2803 1541 2897 1585; x_wconf 90' lang='lat' dir='ltr'><strong>aut</strong></span> <span class='ocrx_word' id='word_1_173' title='bbox 2922 1532 3154 1588; x_wconf 80' lang='lat' dir='ltr'><strong>violator</strong></span> <span class='ocrx_word' id='word_1_174' title='bbox 3179 1548 3407 1589; x_wconf 86' lang='lat' dir='ltr'><strong>censum</strong></span> 
     </span>
    </p>
   </div>
   <div class='ocr_carea' id='block_1_31' title="bbox 1817 1618 3410 1695">
    <p class='ocr_par' dir='ltr' id='par_1_31' title="bbox 1817 1618 3410 1695">
     <span class='ocr_line' id='line_1_31' title="bbox 1817 1618 3410 1695; baseline 0.005 -24"><span class='ocrx_word' id='word_1_175' title='bbox 1817 1618 2272 1675; x_wconf 87' lang='lat' dir='ltr'><strong>Cluniacensibus</strong></span> <span class='ocrx_word' id='word_1_176' title='bbox 2317 1622 2670 1676; x_wconf 85' lang='lat' dir='ltr'><strong>constitutum</strong></span> <span class='ocrx_word' id='word_1_177' title='bbox 2721 1623 2837 1679; x_wconf 82' lang='lat' dir='ltr'><strong>sive</strong></span> <span class='ocrx_word' id='word_1_178' title='bbox 2884 1639 2952 1680; x_wconf 83' lang='lat' dir='ltr'><strong>ex</strong></span> <span class='ocrx_word' id='word_1_179' title='bbox 2990 1633 3103 1679; x_wconf 92' lang='lat' dir='ltr'><strong>toto</strong></span> <span class='ocrx_word' id='word_1_180' title='bbox 3134 1625 3410 1695; x_wconf 88' lang='lat' dir='ltr'><strong>abnegare</strong></span> 
     </span>
    </p>
   </div>
   <div class='ocr_carea' id='block_1_32' title="bbox 1819 1710 3411 1785">
    <p class='ocr_par' dir='ltr' id='par_1_32' title="bbox 1819 1710 3411 1785">
     <span class='ocr_line' id='line_1_32' title="bbox 1819 1710 3411 1785; baseline 0.004 -21"><span class='ocrx_word' id='word_1_181' title='bbox 1819 1710 1939 1765; x_wconf 82' lang='lat' dir='ltr'><strong>sive</strong></span> <span class='ocrx_word' id='word_1_182' title='bbox 1992 1710 2237 1766; x_wconf 91' lang='lat' dir='ltr'><strong>minuere</strong></span> <span class='ocrx_word' id='word_1_183' title='bbox 2296 1714 2604 1778; x_wconf 90' lang='lat' dir='ltr'><strong>tentaverit,</strong></span> <span class='ocrx_word' id='word_1_184' title='bbox 2650 1714 2792 1769; x_wconf 91' lang='lat' dir='ltr'><strong>sicut</strong></span> <span class='ocrx_word' id='word_1_185' title='bbox 2823 1730 2920 1785; x_wconf 88' lang='lat' dir='ltr'><strong>ego</strong></span> <span class='ocrx_word' id='word_1_186' title='bbox 2960 1715 3065 1771; x_wconf 84' lang='lat' dir='ltr'><strong>fido</strong></span> <span class='ocrx_word' id='word_1_187' title='bbox 3094 1716 3147 1770; x_wconf 92' lang='lat' dir='ltr'><strong>in</strong></span> <span class='ocrx_word' id='word_1_188' title='bbox 3181 1716 3411 1770; x_wconf 91' lang='lat' dir='ltr'><strong>Domino</strong></span> 
     </span>
    </p>
   </div>
   <div class='ocr_carea' id='block_1_33' title="bbox 195 1802 1742 1896">
    <p class='ocr_par' dir='ltr' id='par_1_33' title="bbox 195 1820 1719 1896">
     <span class='ocr_line' id='line_1_33' title="bbox 195 1820 1719 1896; baseline 0.004 -21"><span class='ocrx_word' id='word_1_189' title='bbox 195 1820 471 1892; x_wconf 56' lang='lat' dir='ltr'><strong>Sig-fnum</strong></span> <span class='ocrx_word' id='word_1_190' title='bbox 522 1822 785 1878; x_wconf 76' lang='lat' dir='ltr'><strong>Bernartli</strong></span> <span class='ocrx_word' id='word_1_191' title='bbox 831 1822 931 1878; x_wconf 84' lang='lat' dir='ltr'><strong>lilii</strong></span> <span class='ocrx_word' id='word_1_192' title='bbox 976 1821 1096 1889; x_wconf 92' lang='lat' dir='ltr'><strong>sui,</strong></span> <span class='ocrx_word' id='word_1_193' title='bbox 1142 1832 1198 1879; x_wconf 93' lang='lat' dir='ltr'><strong>et</strong></span> <span class='ocrx_word' id='word_1_194' title='bbox 1251 1823 1493 1896; x_wconf 85' lang='lat' dir='ltr'><strong>Ilugonis</strong></span> <span class='ocrx_word' id='word_1_195' title='bbox 1533 1824 1719 1881; x_wconf 84' lang='lat' dir='ltr'><strong>fratris</strong></span> 
     </span>
    </p>
   </div>
   <div class='ocr_carea' id='block_1_34' title="bbox 1829 1802 3411 1896">
    <p class='ocr_par' dir='ltr' id='par_1_34' title="bbox 1829 1802 3411 1873">
     <span class='ocr_line' id='line_1_34' title="bbox 1829 1802 3411 1873; baseline 0.003 -17"><span class='ocrx_word' id='word_1_196' title='bbox 1829 1802 1958 1866; x_wconf 85' lang='lat' dir='ltr'><strong>Deo,</strong></span> <span class='ocrx_word' id='word_1_197' title='bbox 2001 1817 2031 1855; x_wconf 88' lang='lat' dir='ltr'><strong>a</strong></span> <span class='ocrx_word' id='word_1_198' title='bbox 2073 1818 2241 1873; x_wconf 86' lang='lat' dir='ltr'><strong>regno</strong></span> <span class='ocrx_word' id='word_1_199' title='bbox 2292 1802 2386 1858; x_wconf 89' lang='lat' dir='ltr'><strong>Dei</strong></span> <span class='ocrx_word' id='word_1_200' title='bbox 2436 1819 2495 1860; x_wconf 94' lang='lat' dir='ltr'><strong>se</strong></span> <span class='ocrx_word' id='word_1_201' title='bbox 2551 1805 2765 1859; x_wconf 92' lang='lat' dir='ltr'><strong>noverit</strong></span> <span class='ocrx_word' id='word_1_202' title='bbox 2822 1805 3058 1860; x_wconf 91' lang='lat' dir='ltr'><strong>alienum</strong></span> <span class='ocrx_word' id='word_1_203' title='bbox 3110 1816 3165 1861; x_wconf 90' lang='lat' dir='ltr'><strong>et</strong></span> <span class='ocrx_word' id='word_1_204' title='bbox 3204 1803 3411 1873; x_wconf 86' lang='lat' dir='ltr'><strong>judicio</strong></span> 
     </span>
    </p>
   </div>
   <div class='ocr_carea' id='block_1_35' title="bbox 114 1928 230 1968">
    <p class='ocr_par' dir='ltr' id='par_1_35' title="bbox 114 1928 230 1968">
     <span class='ocr_line' id='line_1_35' title="bbox 114 1928 230 1968; baseline -0.009 0"><span class='ocrx_word' id='word_1_205' title='bbox 114 1928 230 1968; x_wconf 72' lang='grc'><strong>8111.</strong></span> 
     </span>
    </p>
   </div>
   <div class='ocr_carea' id='block_1_36' title="bbox 196 2004 1644 2090">
    <p class='ocr_par' dir='ltr' id='par_1_36' title="bbox 196 2004 1644 2090">
     <span class='ocr_line' id='line_1_36' title="bbox 196 2004 1644 2090; baseline 0.003 -31"><span class='ocrx_word' id='word_1_206' title='bbox 196 2004 470 2076; x_wconf 68' lang='lat' dir='ltr'><strong>Sig-l-num</strong></span> <span class='ocrx_word' id='word_1_207' title='bbox 508 2008 743 2063; x_wconf 84' lang='lat' dir='ltr'><strong>Arualdi</strong></span> <span class='ocrx_word' id='word_1_208' title='bbox 776 2008 842 2064; x_wconf 93' lang='lat' dir='ltr'><strong>de</strong></span> <span class='ocrx_word' id='word_1_209' title='bbox 871 2007 1130 2090; x_wconf 82' lang='lat' dir='ltr'><strong>Mairaco,</strong></span> <span class='ocrx_word' id='word_1_210' title='bbox 1162 2016 1216 2063; x_wconf 90' lang='lat' dir='ltr'><strong>et</strong></span> <span class='ocrx_word' id='word_1_211' title='bbox 1245 2008 1479 2063; x_wconf 83' lang='lat' dir='ltr'><strong>ﬁliorum</strong></span> <span class='ocrx_word' id='word_1_212' title='bbox 1508 2009 1644 2081; x_wconf 81' lang='lat' dir='ltr'><strong>ejus.</strong></span> 
     </span>
    </p>
   </div>
   <div class='ocr_carea' id='block_1_37' title="bbox 201 2094 1506 2171">
    <p class='ocr_par' dir='ltr' id='par_1_37' title="bbox 201 2094 1506 2171">
     <span class='ocr_line' id='line_1_37' title="bbox 201 2094 1506 2171; baseline 0.003 -21"><span class='ocrx_word' id='word_1_213' title='bbox 201 2094 477 2165; x_wconf 63' lang='lat' dir='ltr'><strong>Sig-fnum</strong></span> <span class='ocrx_word' id='word_1_214' title='bbox 506 2096 678 2164; x_wconf 88' lang='lat' dir='ltr'><strong>Petri,</strong></span> <span class='ocrx_word' id='word_1_215' title='bbox 705 2096 987 2169; x_wconf 84' lang='lat' dir='ltr'><strong>Stephani,</strong></span> <span class='ocrx_word' id='word_1_216' title='bbox 1020 2109 1076 2155; x_wconf 92' lang='lat' dir='ltr'><strong>et</strong></span> <span class='ocrx_word' id='word_1_217' title='bbox 1112 2099 1339 2154; x_wconf 86' lang='lat' dir='ltr'><strong>fratrum</strong></span> <span class='ocrx_word' id='word_1_218' title='bbox 1369 2102 1506 2171; x_wconf 88' lang='lat' dir='ltr'><strong>ejus.</strong></span> 
     </span>
    </p>
   </div>
   <div class='ocr_carea' id='block_1_38' title="bbox 196 2183 1575 2260">
    <p class='ocr_par' dir='ltr' id='par_1_38' title="bbox 196 2183 1575 2260">
     <span class='ocr_line' id='line_1_38' title="bbox 196 2183 1575 2260; baseline 0.004 -21"><span class='ocrx_word' id='word_1_219' title='bbox 196 2183 470 2256; x_wconf 68' lang='lat' dir='ltr'><strong>Sigfnutn</strong></span> <span class='ocrx_word' id='word_1_220' title='bbox 498 2186 768 2244; x_wconf 88' lang='lat' dir='ltr'><strong>Bernardi</strong></span> <span class='ocrx_word' id='word_1_221' title='bbox 799 2188 1063 2260; x_wconf 87' lang='lat' dir='ltr'><strong>Hugonis,</strong></span> <span class='ocrx_word' id='word_1_222' title='bbox 1100 2200 1156 2246; x_wconf 90' lang='lat' dir='ltr'><strong>et</strong></span> <span class='ocrx_word' id='word_1_223' title='bbox 1182 2190 1409 2245; x_wconf 85' lang='lat' dir='ltr'><strong>fratrum</strong></span> <span class='ocrx_word' id='word_1_224' title='bbox 1440 2191 1575 2260; x_wconf 85' lang='lat' dir='ltr'><strong>ejus.</strong></span> 
     </span>
    </p>
   </div>
   <div class='ocr_carea' id='block_1_39' title="bbox 836 2280 1023 2336">
    <p class='ocr_par' dir='ltr' id='par_1_39' title="bbox 836 2280 1023 2336">
     <span class='ocr_line' id='line_1_39' title="bbox 836 2280 1023 2336; baseline -0.011 0"><span class='ocrx_word' id='word_1_225' title='bbox 836 2280 1023 2336; x_wconf 76' lang='lat' dir='ltr'>XVIII.</span> 
     </span>
    </p>
   </div>
   <div class='ocr_carea' id='block_1_40' title="bbox 120 2364 1719 2446">
    <p class='ocr_par' dir='ltr' id='par_1_40' title="bbox 120 2364 1719 2446">
     <span class='ocr_line' id='line_1_40' title="bbox 120 2364 1719 2446; baseline 0.004 -26"><span class='ocrx_word' id='word_1_226' title='bbox 120 2364 520 2422; x_wconf 74' lang='lat' dir='ltr'><strong>Testamentum</strong></span> <span class='ocrx_word' id='word_1_227' title='bbox 550 2369 733 2424; x_wconf 82' lang='lat' dir='ltr'><strong>donmi</strong></span> <span class='ocrx_word' id='word_1_228' title='bbox 755 2370 1021 2446; x_wconf 53' lang='lat' dir='ltr'><strong>_{iglefonsi</strong></span> <span class='ocrx_word' id='word_1_229' title='bbox 1063 2370 1199 2442; x_wconf 75' lang='lat' dir='ltr'><strong>regis</strong></span> <span class='ocrx_word' id='word_1_230' title='bbox 1235 2368 1617 2441; x_wconf 77' lang='lat' dir='ltr'><strong>Hispaniarum</strong></span> <span class='ocrx_word' id='word_1_231' title='bbox 1650 2373 1719 2427; x_wconf 86' lang='lat' dir='ltr'><strong>ad</strong></span> 
     </span>
    </p>
   </div>
   <div class='ocr_carea' id='block_1_41' title="bbox 744 2439 1080 2495">
    <p class='ocr_par' dir='ltr' id='par_1_41' title="bbox 744 2439 1080 2495">
     <span class='ocr_line' id='line_1_41' title="bbox 744 2439 1080 2495; baseline -0.003 0"><span class='ocrx_word' id='word_1_232' title='bbox 744 2439 1080 2495; x_wconf 69' lang='lat' dir='ltr'><strong>Cluniacum.</strong></span> 
     </span>
    </p>
   </div>
   <div class='ocr_carea' id='block_1_42' title="bbox 718 2531 1124 2603">
    <p class='ocr_par' dir='ltr' id='par_1_42' title="bbox 718 2531 1124 2603">
     <span class='ocr_line' id='line_1_42' title="bbox 718 2531 1124 2603; baseline -0.002 -17"><span class='ocrx_word' id='word_1_233' title='bbox 718 2531 899 2603; x_wconf 84' lang='lat' dir='ltr'><strong>(Anno</strong></span> <span class='ocrx_word' id='word_1_234' title='bbox 939 2531 1124 2603; x_wconf 69' lang='lat'><strong>1090.)</strong></span> 
     </span>
    </p>
   </div>
   <div class='ocr_carea' id='block_1_43' title="bbox 551 2619 1337 2696">
    <p class='ocr_par' dir='ltr' id='par_1_43' title="bbox 551 2619 1337 2696">
     <span class='ocr_line' id='line_1_43' title="bbox 551 2619 1337 2696; baseline 0.003 -22"><span class='ocrx_word' id='word_1_235' title='bbox 551 2619 773 2693; x_wconf 71' lang='grc' dir='ltr'><strong>[Βιιυῑ.</strong></span> <span class='ocrx_word' id='word_1_236' title='bbox 804 2621 1054 2690; x_wconf 74' lang='lat' dir='ltr'><strong>MiscetL,</strong></span> <span class='ocrx_word' id='word_1_237' title='bbox 1075 2622 1161 2688; x_wconf 92' lang='lat' dir='ltr'><strong>llI,</strong></span> <span class='ocrx_word' id='word_1_238' title='bbox 1191 2622 1337 2696; x_wconf 63' lang='lat'><strong>44.]1</strong></span> 
     </span>
    </p>
   </div>
   <div class='ocr_carea' id='block_1_44' title="bbox 201 2707 1726 2785">
    <p class='ocr_par' dir='ltr' id='par_1_44' title="bbox 201 2707 1726 2785">
     <span class='ocr_line' id='line_1_44' title="bbox 201 2707 1726 2785; baseline 0.002 -19"><span class='ocrx_word' id='word_1_239' title='bbox 201 2707 271 2766; x_wconf 71' lang='lat' dir='ltr'>In</span> <span class='ocrx_word' id='word_1_240' title='bbox 309 2710 530 2767; x_wconf 85' lang='lat' dir='ltr'><strong>nomine</strong></span> <span class='ocrx_word' id='word_1_241' title='bbox 552 2711 649 2767; x_wconf 89' lang='lat' dir='ltr'><strong>Dei</strong></span> <span class='ocrx_word' id='word_1_242' title='bbox 676 2713 1075 2784; x_wconf 85' lang='lat' dir='ltr'><strong>omnipotentis</strong></span> <span class='ocrx_word' id='word_1_243' title='bbox 1102 2715 1283 2771; x_wconf 87' lang='lat' dir='ltr'><strong>Patris</strong></span> <span class='ocrx_word' id='word_1_244' title='bbox 1307 2723 1360 2769; x_wconf 92' lang='lat' dir='ltr'><strong>et</strong></span> <span class='ocrx_word' id='word_1_245' title='bbox 1379 2714 1501 2770; x_wconf 87' lang='lat' dir='ltr'><strong>Filii</strong></span> <span class='ocrx_word' id='word_1_246' title='bbox 1526 2723 1580 2770; x_wconf 92' lang='lat' dir='ltr'><strong>et</strong></span> <span class='ocrx_word' id='word_1_247' title='bbox 1606 2713 1726 2785; x_wconf 88' lang='lat' dir='ltr'><strong>Spi-</strong></span> 
     </span>
    </p>
   </div>
   <div class='ocr_carea' id='block_1_45' title="bbox 117 2802 1722 2873">
    <p class='ocr_par' dir='ltr' id='par_1_45' title="bbox 117 2802 1722 2873">
     <span class='ocr_line' id='line_1_45' title="bbox 117 2802 1722 2873; baseline 0.001 -15"><span class='ocrx_word' id='word_1_248' title='bbox 117 2804 274 2858; x_wconf 88' lang='lat' dir='ltr'><strong>ritus</strong></span> <span class='ocrx_word' id='word_1_249' title='bbox 322 2802 514 2857; x_wconf 88' lang='lat' dir='ltr'><strong>sancti.</strong></span> <span class='ocrx_word' id='word_1_250' title='bbox 569 2802 904 2870; x_wconf 67' lang='lat' dir='ltr'><strong>Anerossus,</strong></span> <span class='ocrx_word' id='word_1_251' title='bbox 958 2804 1141 2859; x_wconf 87' lang='lat' dir='ltr'><strong>divina</strong></span> <span class='ocrx_word' id='word_1_252' title='bbox 1171 2803 1387 2860; x_wconf 85' lang='lat' dir='ltr'><strong>favente</strong></span> <span class='ocrx_word' id='word_1_253' title='bbox 1407 2803 1722 2873; x_wconf 88' lang='lat' dir='ltr'><strong>clementia,</strong></span> 
     </span>
    </p>
   </div>
   <div class='ocr_carea' id='block_1_46' title="bbox 116 2893 659 2965">
    <p class='ocr_par' dir='ltr' id='par_1_46' title="bbox 116 2893 659 2965">
     <span class='ocr_line' id='line_1_46' title="bbox 116 2893 659 2965; baseline 0.002 -16"><span class='ocrx_word' id='word_1_254' title='bbox 116 2893 516 2965; x_wconf 80' lang='lat' dir='ltr'><strong>Hispaniarum</strong></span> <span class='ocrx_word' id='word_1_255' title='bbox 544 2909 659 2950; x_wconf 83' lang='lat' dir='ltr'><strong>rex.</strong></span> 
     </span>
    </p>
   </div>
   <div class='ocr_carea' id='block_1_47' title="bbox 201 2987 1719 3060">
    <p class='ocr_par' dir='ltr' id='par_1_47' title="bbox 201 2987 1719 3060">
     <span class='ocr_line' id='line_1_47' title="bbox 201 2987 1719 3060; baseline -0.001 -17"><span class='ocrx_word' id='word_1_256' title='bbox 201 2987 473 3043; x_wconf 87' lang='lat' dir='ltr'><strong>Convenit</strong></span> <span class='ocrx_word' id='word_1_257' title='bbox 514 2988 785 3057; x_wconf 89' lang='lat' dir='ltr'><strong>majestati</strong></span> <span class='ocrx_word' id='word_1_258' title='bbox 833 2988 997 3060; x_wconf 77' lang='lat' dir='ltr'><strong>regiae</strong></span> <span class='ocrx_word' id='word_1_259' title='bbox 1044 2988 1502 3060; x_wconf 77' lang='lat' dir='ltr'><strong>przedccessorum</strong></span> <span class='ocrx_word' id='word_1_260' title='bbox 1529 3001 1719 3059; x_wconf 89' lang='lat' dir='ltr'><strong>regum</strong></span> 
     </span>
    </p>
   </div>
   <div class='ocr_carea' id='block_1_48' title="bbox 116 3078 1718 3150">
    <p class='ocr_par' dir='ltr' id='par_1_48' title="bbox 116 3078 1718 3150">
     <span class='ocr_line' id='line_1_48' title="bbox 116 3078 1718 3150; baseline 0.001 -18"><span class='ocrx_word' id='word_1_261' title='bbox 116 3079 362 3136; x_wconf 77' lang='lat' dir='ltr'><strong>virtutes</strong></span> <span class='ocrx_word' id='word_1_262' title='bbox 409 3089 467 3135; x_wconf 88' lang='lat' dir='ltr'><strong>et</strong></span> <span class='ocrx_word' id='word_1_263' title='bbox 500 3080 639 3135; x_wconf 86' lang='lat' dir='ltr'><strong>bene</strong></span> <span class='ocrx_word' id='word_1_264' title='bbox 691 3091 810 3135; x_wconf 87' lang='lat' dir='ltr'><strong>acta</strong></span> <span class='ocrx_word' id='word_1_265' title='bbox 860 3081 1087 3144; x_wconf 89' lang='lat' dir='ltr'><strong>imitari,</strong></span> <span class='ocrx_word' id='word_1_266' title='bbox 1145 3097 1242 3150; x_wconf 90' lang='lat' dir='ltr'><strong>per</strong></span> <span class='ocrx_word' id='word_1_267' title='bbox 1286 3081 1430 3150; x_wconf 89' lang='lat' dir='ltr'><strong>quod</strong></span> <span class='ocrx_word' id='word_1_268' title='bbox 1476 3088 1528 3134; x_wconf 88' lang='lat' dir='ltr'><strong>et</strong></span> <span class='ocrx_word' id='word_1_269' title='bbox 1577 3078 1718 3149; x_wconf 85' lang='lat' dir='ltr'><strong>apud</strong></span> 
     </span>
    </p>
   </div>
   <div class='ocr_carea' id='block_1_49' title="bbox 1827 1892 3414 1967">
    <p class='ocr_par' dir='ltr' id='par_1_49' title="bbox 1827 1892 3414 1967">
     <span class='ocr_line' id='line_1_49' title="bbox 1827 1892 3414 1967; baseline 0.003 -21"><span class='ocrx_word' id='word_1_270' title='bbox 1827 1892 2014 1947; x_wconf 90' lang='lat' dir='ltr'><strong>divino</strong></span> <span class='ocrx_word' id='word_1_271' title='bbox 2060 1893 2542 1961; x_wconf 75' lang='lat' dir='ltr'><strong>exbzeredandum,</strong></span> <span class='ocrx_word' id='word_1_272' title='bbox 2586 1895 2690 1950; x_wconf 86' lang='lat' dir='ltr'><strong>nisi</strong></span> <span class='ocrx_word' id='word_1_273' title='bbox 2738 1894 3001 1951; x_wconf 85' lang='lat' dir='ltr'><strong>velociter</strong></span> <span class='ocrx_word' id='word_1_274' title='bbox 3044 1896 3329 1967; x_wconf 90' lang='lat' dir='ltr'><strong>resipiscat</strong></span> <span class='ocrx_word' id='word_1_275' title='bbox 3354 1904 3414 1953; x_wconf 91' lang='lat' dir='ltr'><strong>et</strong></span> 
     </span>
    </p>
   </div>
   <div class='ocr_carea' id='block_1_50' title="bbox 1821 1982 3413 2058">
    <p class='ocr_par' dir='ltr' id='par_1_50' title="bbox 1821 1982 3413 2058">
     <span class='ocr_line' id='line_1_50' title="bbox 1821 1982 3413 2058; baseline 0.003 -21"><span class='ocrx_word' id='word_1_276' title='bbox 1821 1982 2123 2055; x_wconf 82' lang='lat' dir='ltr'><strong>abnegatas</strong></span> <span class='ocrx_word' id='word_1_277' title='bbox 2161 1985 2247 2040; x_wconf 86' lang='lat' dir='ltr'><strong>vel</strong></span> <span class='ocrx_word' id='word_1_278' title='bbox 2296 1984 2591 2041; x_wconf 87' lang='lat' dir='ltr'><strong>diminutas</strong></span> <span class='ocrx_word' id='word_1_279' title='bbox 2639 2002 2837 2044; x_wconf 88' lang='lat' dir='ltr'><strong>census</strong></span> <span class='ocrx_word' id='word_1_280' title='bbox 2887 1988 3157 2058; x_wconf 78' lang='lat' dir='ltr'><strong>condigna</strong></span> <span class='ocrx_word' id='word_1_281' title='bbox 3196 1986 3413 2046; x_wconf 77' lang='lat' dir='ltr'><strong>satisfa-</strong></span> 
     </span>
    </p>
   </div>
   <div class='ocr_carea' id='block_1_51' title="bbox 1824 2077 3409 2149">
    <p class='ocr_par' dir='ltr' id='par_1_51' title="bbox 1824 2077 3409 2149">
     <span class='ocr_line' id='line_1_51' title="bbox 1824 2077 3409 2149; baseline 0.006 -18"><span class='ocrx_word' id='word_1_282' title='bbox 1824 2077 2004 2132; x_wconf 92' lang='lat' dir='ltr'><strong>ctione</strong></span> <span class='ocrx_word' id='word_1_283' title='bbox 2062 2078 2314 2133; x_wconf 88' lang='lat' dir='ltr'><strong>restituat</strong></span> <span class='ocrx_word' id='word_1_284' title='bbox 2359 2079 2667 2149; x_wconf 90' lang='lat' dir='ltr'><strong>pensiones.</strong></span> <span class='ocrx_word' id='word_1_285' title='bbox 2720 2079 2792 2135; x_wconf 91' lang='lat' dir='ltr'><strong>Ut</strong></span> <span class='ocrx_word' id='word_1_286' title='bbox 2844 2089 3026 2135; x_wconf 90' lang='lat' dir='ltr'><strong>autem</strong></span> <span class='ocrx_word' id='word_1_287' title='bbox 3091 2081 3409 2141; x_wconf 84' lang='lat' dir='ltr'><strong>inviolabile</strong></span> 
     </span>
    </p>
   </div>
   <div class='ocr_carea' id='block_1_52' title="bbox 1824 2170 3411 2241">
    <p class='ocr_par' dir='ltr' id='par_1_52' title="bbox 1824 2170 3411 2241">
     <span class='ocr_line' id='line_1_52' title="bbox 1824 2170 3411 2241; baseline 0.005 -19"><span class='ocrx_word' id='word_1_288' title='bbox 1824 2177 2074 2223; x_wconf 88' lang='lat' dir='ltr'><strong>teneatur</strong></span> <span class='ocrx_word' id='word_1_289' title='bbox 2102 2170 2207 2225; x_wconf 90' lang='lat' dir='ltr'><strong>hoc</strong></span> <span class='ocrx_word' id='word_1_290' title='bbox 2251 2185 2430 2225; x_wconf 90' lang='lat' dir='ltr'><strong>meum</strong></span> <span class='ocrx_word' id='word_1_291' title='bbox 2458 2170 2798 2241; x_wconf 83' lang='lat' dir='ltr'><strong>[praeceptum</strong></span> <span class='ocrx_word' id='word_1_292' title='bbox 2829 2170 2972 2226; x_wconf 89' lang='lat' dir='ltr'><strong>hanc</strong></span> <span class='ocrx_word' id='word_1_293' title='bbox 3010 2171 3257 2228; x_wconf 87' lang='lat' dir='ltr'><strong>chartam</strong></span> <span class='ocrx_word' id='word_1_294' title='bbox 3290 2174 3411 2230; x_wconf 79' lang='lat' dir='ltr'><strong>fieri</strong></span> 
     </span>
    </p>
   </div>
   <div class='ocr_carea' id='block_1_53' title="bbox 1822 2258 3410 2332">
    <p class='ocr_par' dir='ltr' id='par_1_53' title="bbox 1822 2258 3410 2332">
     <span class='ocr_line' id='line_1_53' title="bbox 1822 2258 3410 2332; baseline 0.003 -18"><span class='ocrx_word' id='word_1_295' title='bbox 1822 2258 2419 2330; x_wconf 86' lang='lat' dir='ltr'><strong>conscriptionisjussi,</strong></span> <span class='ocrx_word' id='word_1_296' title='bbox 2443 2276 2608 2331; x_wconf 91' lang='lat' dir='ltr'><strong>quam</strong></span> <span class='ocrx_word' id='word_1_297' title='bbox 2635 2261 2782 2332; x_wconf 86' lang='lat' dir='ltr'><strong>regia</strong></span> <span class='ocrx_word' id='word_1_298' title='bbox 2809 2277 2973 2315; x_wconf 90' lang='lat' dir='ltr'><strong>manu</strong></span> <span class='ocrx_word' id='word_1_299' title='bbox 3001 2270 3055 2317; x_wconf 91' lang='lat' dir='ltr'><strong>et</strong></span> <span class='ocrx_word' id='word_1_300' title='bbox 3082 2263 3410 2318; x_wconf 85' lang='lat' dir='ltr'><strong>auctoritate</strong></span> 
     </span>
    </p>
   </div>
   <div class='ocr_carea' id='block_1_54' title="bbox 1821 2348 3407 2421">
    <p class='ocr_par' dir='ltr' id='par_1_54' title="bbox 1821 2348 3407 2421">
     <span class='ocr_line' id='line_1_54' title="bbox 1821 2348 3407 2421; baseline 0.003 -18"><span class='ocrx_word' id='word_1_301' title='bbox 1821 2348 2013 2403; x_wconf 89' lang='lat' dir='ltr'><strong>subtus</strong></span> <span class='ocrx_word' id='word_1_302' title='bbox 2070 2348 2283 2403; x_wconf 81' lang='lat' dir='ltr'><strong>firmavi</strong></span> <span class='ocrx_word' id='word_1_303' title='bbox 2339 2358 2396 2404; x_wconf 91' lang='lat' dir='ltr'><strong>et</strong></span> <span class='ocrx_word' id='word_1_304' title='bbox 2445 2350 2817 2418; x_wconf 85' lang='lat' dir='ltr'><strong>corroboravi,</strong></span> <span class='ocrx_word' id='word_1_305' title='bbox 2862 2360 3027 2421; x_wconf 91' lang='lat' dir='ltr'><strong>atque</strong></span> <span class='ocrx_word' id='word_1_306' title='bbox 3084 2352 3407 2407; x_wconf 84' lang='lat' dir='ltr'><strong>firmandam</strong></span> 
     </span>
    </p>
   </div>
   <div class='ocr_carea' id='block_1_55' title="bbox 1825 2441 3410 2514">
    <p class='ocr_par' dir='ltr' id='par_1_55' title="bbox 1825 2441 3410 2514">
     <span class='ocr_line' id='line_1_55' title="bbox 1825 2441 3410 2514; baseline 0 -18"><span class='ocrx_word' id='word_1_307' title='bbox 1825 2456 1980 2512; x_wconf 75' lang='lat' dir='ltr'><strong>aeque</strong></span> <span class='ocrx_word' id='word_1_308' title='bbox 2028 2441 2370 2513; x_wconf 89' lang='lat' dir='ltr'><strong>principibus</strong></span> <span class='ocrx_word' id='word_1_309' title='bbox 2426 2458 2489 2497; x_wconf 90' lang='lat' dir='ltr'><strong>ac</strong></span> <span class='ocrx_word' id='word_1_310' title='bbox 2536 2442 2785 2498; x_wconf 84' lang='lat' dir='ltr'><strong>fidelibus</strong></span> <span class='ocrx_word' id='word_1_311' title='bbox 2827 2443 2964 2497; x_wconf 91' lang='lat' dir='ltr'><strong>meis</strong></span> <span class='ocrx_word' id='word_1_312' title='bbox 3013 2453 3410 2514; x_wconf 88' lang='lat' dir='ltr'><strong>consequenter</strong></span> 
     </span>
    </p>
   </div>
   <div class='ocr_carea' id='block_1_56' title="bbox 1831 2532 3411 2604">
    <p class='ocr_par' dir='ltr' id='par_1_56' title="bbox 1831 2532 3411 2604">
     <span class='ocr_line' id='line_1_56' title="bbox 1831 2532 3411 2604; baseline 0.002 -18"><span class='ocrx_word' id='word_1_313' title='bbox 1831 2533 2103 2588; x_wconf 85' lang='lat' dir='ltr'><strong>mandavi.</strong></span> <span class='ocrx_word' id='word_1_314' title='bbox 2158 2533 2448 2604; x_wconf 83' lang='lat' dir='ltr'><strong>Impetravi</strong></span> <span class='ocrx_word' id='word_1_315' title='bbox 2503 2533 2675 2588; x_wconf 86' lang='lat' dir='ltr'><strong>etiam</strong></span> <span class='ocrx_word' id='word_1_316' title='bbox 2730 2550 2761 2587; x_wconf 88' lang='lat' dir='ltr'><strong>a</strong></span> <span class='ocrx_word' id='word_1_317' title='bbox 2809 2532 3155 2589; x_wconf 88' lang='lat' dir='ltr'><strong>Cluniacensi</strong></span> <span class='ocrx_word' id='word_1_318' title='bbox 3212 2534 3411 2589; x_wconf 82' lang='lat' dir='ltr'><strong>abbate</strong></span> 
     </span>
    </p>
   </div>
   <div class='ocr_carea' id='block_1_57' title="bbox 1824 2623 3415 2695">
    <p class='ocr_par' dir='ltr' id='par_1_57' title="bbox 1824 2623 3415 2695">
     <span class='ocr_line' id='line_1_57' title="bbox 1824 2623 3415 2695; baseline 0.002 -19"><span class='ocrx_word' id='word_1_319' title='bbox 1824 2632 1981 2694; x_wconf 89' lang='lat' dir='ltr'><strong>patre</strong></span> <span class='ocrx_word' id='word_1_320' title='bbox 2008 2638 2129 2680; x_wconf 91' lang='lat' dir='ltr'><strong>meo</strong></span> <span class='ocrx_word' id='word_1_321' title='bbox 2152 2624 2351 2679; x_wconf 91' lang='lat' dir='ltr'><strong>domno</strong></span> <span class='ocrx_word' id='word_1_322' title='bbox 2387 2623 2614 2694; x_wconf 88' lang='lat' dir='ltr'><strong>Hugone</strong></span> <span class='ocrx_word' id='word_1_323' title='bbox 2655 2632 2783 2678; x_wconf 92' lang='lat' dir='ltr'><strong>tunc</strong></span> <span class='ocrx_word' id='word_1_324' title='bbox 2823 2626 3083 2695; x_wconf 91' lang='lat' dir='ltr'><strong>temporis</strong></span> <span class='ocrx_word' id='word_1_325' title='bbox 3114 2640 3323 2680; x_wconf 90' lang='lat' dir='ltr'><strong>mecum</strong></span> <span class='ocrx_word' id='word_1_326' title='bbox 3357 2625 3415 2679; x_wconf 90' lang='lat' dir='ltr'><strong>in</strong></span> 
     </span>
    </p>
   </div>
   <div class='ocr_carea' id='block_1_58' title="bbox 1829 2714 3416 2786">
    <p class='ocr_par' dir='ltr' id='par_1_58' title="bbox 1829 2714 3416 2786">
     <span class='ocr_line' id='line_1_58' title="bbox 1829 2714 3416 2786; baseline 0 -17"><span class='ocrx_word' id='word_1_327' title='bbox 1829 2714 2049 2769; x_wconf 86' lang='lat' dir='ltr'><strong>civitate</strong></span> <span class='ocrx_word' id='word_1_328' title='bbox 2105 2714 2298 2785; x_wconf 88' lang='lat' dir='ltr'><strong>Burgis</strong></span> <span class='ocrx_word' id='word_1_329' title='bbox 2352 2722 2755 2780; x_wconf 87' lang='lat' dir='ltr'><strong>commanente,</strong></span> <span class='ocrx_word' id='word_1_330' title='bbox 2789 2722 2850 2767; x_wconf 93' lang='lat' dir='ltr'><strong>ut</strong></span> <span class='ocrx_word' id='word_1_331' title='bbox 2914 2715 3169 2771; x_wconf 89' lang='lat' dir='ltr'><strong>omnibus</strong></span> <span class='ocrx_word' id='word_1_332' title='bbox 3225 2730 3416 2786; x_wconf 90' lang='lat' dir='ltr'><strong>super-</strong></span> 
     </span>
    </p>
   </div>
   <div class='ocr_carea' id='block_1_59' title="bbox 1829 2805 3415 2862">
    <p class='ocr_par' dir='ltr' id='par_1_59' title="bbox 1829 2805 3415 2862">
     <span class='ocr_line' id='line_1_59' title="bbox 1829 2805 3415 2862; baseline 0.001 -3"><span class='ocrx_word' id='word_1_333' title='bbox 1829 2805 2075 2861; x_wconf 89' lang='lat' dir='ltr'><strong>venturis</strong></span> <span class='ocrx_word' id='word_1_334' title='bbox 2148 2806 2438 2861; x_wconf 90' lang='lat' dir='ltr'><strong>abbatibus</strong></span> <span class='ocrx_word' id='word_1_335' title='bbox 2489 2805 2603 2861; x_wconf 88' lang='lat' dir='ltr'><strong>suis</strong></span> <span class='ocrx_word' id='word_1_336' title='bbox 2660 2806 3070 2861; x_wconf 91' lang='lat' dir='ltr'><strong>successoribus</strong></span> <span class='ocrx_word' id='word_1_337' title='bbox 3115 2808 3415 2862; x_wconf 86' lang='lat' dir='ltr'><strong>constituat</strong></span> 
     </span>
    </p>
   </div>
   <div class='ocr_carea' id='block_1_60' title="bbox 1829 2893 3414 2967">
    <p class='ocr_par' dir='ltr' id='par_1_60' title="bbox 1829 2893 3414 2967">
     <span class='ocr_line' id='line_1_60' title="bbox 1829 2893 3414 2967; baseline 0.002 -18"><span class='ocrx_word' id='word_1_338' title='bbox 1829 2902 2165 2966; x_wconf 66' lang='lat' dir='ltr'><strong>praeceptum</strong></span> <span class='ocrx_word' id='word_1_339' title='bbox 2190 2893 2258 2949; x_wconf 91' lang='lat' dir='ltr'><strong>de</strong></span> <span class='ocrx_word' id='word_1_340' title='bbox 2284 2894 2807 2949; x_wconf 90' lang='lat' dir='ltr'><strong>commemoratione</strong></span> <span class='ocrx_word' id='word_1_341' title='bbox 2851 2895 2935 2950; x_wconf 92' lang='lat' dir='ltr'><strong>vel</strong></span> <span class='ocrx_word' id='word_1_342' title='bbox 2979 2896 3241 2967; x_wconf 84' lang='lat' dir='ltr'><strong>obsequio</strong></span> <span class='ocrx_word' id='word_1_343' title='bbox 3267 2898 3414 2966; x_wconf 86' lang='lat' dir='ltr'><strong>quod</strong></span> 
     </span>
    </p>
   </div>
   <div class='ocr_carea' id='block_1_61' title="bbox 1828 2986 3411 3059">
    <p class='ocr_par' dir='ltr' id='par_1_61' title="bbox 1828 2986 3411 3059">
     <span class='ocr_line' id='line_1_61' title="bbox 1828 2986 3411 3059; baseline 0.001 -17"><span class='ocrx_word' id='word_1_344' title='bbox 1828 3002 1926 3058; x_wconf 91' lang='lat' dir='ltr'><strong>pro</strong></span> <span class='ocrx_word' id='word_1_345' title='bbox 1968 2987 2148 3054; x_wconf 93' lang='lat' dir='ltr'><strong>nobis,</strong></span> <span class='ocrx_word' id='word_1_346' title='bbox 2190 2986 2441 3043; x_wconf 88' lang='lat' dir='ltr'><strong>videlicet</strong></span> <span class='ocrx_word' id='word_1_347' title='bbox 2468 3002 2569 3058; x_wconf 91' lang='lat' dir='ltr'><strong>pro</strong></span> <span class='ocrx_word' id='word_1_348' title='bbox 2600 2996 2756 3058; x_wconf 88' lang='lat' dir='ltr'><strong>patre</strong></span> <span class='ocrx_word' id='word_1_349' title='bbox 2790 3003 2930 3054; x_wconf 89' lang='lat' dir='ltr'><strong>meo,</strong></span> <span class='ocrx_word' id='word_1_350' title='bbox 2962 3004 3060 3059; x_wconf 90' lang='lat' dir='ltr'><strong>pro</strong></span> <span class='ocrx_word' id='word_1_351' title='bbox 3088 2999 3282 3051; x_wconf 87' lang='lat' dir='ltr'><strong>matre,</strong></span> <span class='ocrx_word' id='word_1_352' title='bbox 3310 3003 3411 3059; x_wconf 92' lang='lat' dir='ltr'><strong>pro</strong></span> 
     </span>
    </p>
   </div>
   <div class='ocr_carea' id='block_1_62' title="bbox 1828 3079 3418 3150">
    <p class='ocr_par' dir='ltr' id='par_1_62' title="bbox 1828 3079 3418 3150">
     <span class='ocr_line' id='line_1_62' title="bbox 1828 3079 3418 3150; baseline 0 -17"><span class='ocrx_word' id='word_1_353' title='bbox 1828 3079 2093 3135; x_wconf 86' lang='lat' dir='ltr'><strong>fratribus</strong></span> <span class='ocrx_word' id='word_1_354' title='bbox 2138 3079 2298 3143; x_wconf 91' lang='lat' dir='ltr'><strong>meis,</strong></span> <span class='ocrx_word' id='word_1_355' title='bbox 2343 3093 2444 3149; x_wconf 94' lang='lat' dir='ltr'><strong>pro</strong></span> <span class='ocrx_word' id='word_1_356' title='bbox 2479 3094 2586 3147; x_wconf 92' lang='lat' dir='ltr'><strong>me,</strong></span> <span class='ocrx_word' id='word_1_357' title='bbox 2633 3094 2733 3149; x_wconf 92' lang='lat' dir='ltr'><strong>pro</strong></span> <span class='ocrx_word' id='word_1_358' title='bbox 2778 3093 2945 3134; x_wconf 80' lang='lat' dir='ltr'><strong>uxore</strong></span> <span class='ocrx_word' id='word_1_359' title='bbox 2982 3093 3102 3134; x_wconf 91' lang='lat' dir='ltr'><strong>mea</strong></span> <span class='ocrx_word' id='word_1_360' title='bbox 3129 3079 3336 3150; x_wconf 78' lang='lat' dir='ltr'><strong>regina,</strong></span> <span class='ocrx_word' id='word_1_361' title='bbox 3361 3088 3418 3133; x_wconf 91' lang='lat' dir='ltr'><strong>et</strong></span> 
     </span>
    </p>
   </div>
   <div class='ocr_carea' id='block_1_63' title="bbox 117 3163 3417 3243">
    <p class='ocr_par' dir='ltr' id='par_1_63' title="bbox 117 3163 3417 3243">
     <span class='ocr_line' id='line_1_63' title="bbox 117 3163 3417 3243; baseline 0.001 -18"><span class='ocrx_word' id='word_1_362' title='bbox 117 3172 300 3226; x_wconf 87' lang='lat' dir='ltr'><strong>Deum</strong></span> <span class='ocrx_word' id='word_1_363' title='bbox 347 3179 403 3227; x_wconf 91' lang='lat' dir='ltr'><strong>et</strong></span> <span class='ocrx_word' id='word_1_364' title='bbox 457 3170 600 3242; x_wconf 89' lang='lat' dir='ltr'><strong>apud</strong></span> <span class='ocrx_word' id='word_1_365' title='bbox 658 3172 907 3227; x_wconf 82' lang='lat' dir='ltr'><strong>homines</strong></span> <span class='ocrx_word' id='word_1_366' title='bbox 954 3172 1196 3226; x_wconf 85' lang='lat' dir='ltr'><strong>inveniat</strong></span> <span class='ocrx_word' id='word_1_367' title='bbox 1247 3173 1505 3243; x_wconf 79' lang='lat' dir='ltr'><strong>gratiam,</strong></span> <span class='ocrx_word' id='word_1_368' title='bbox 1555 3180 1611 3228; x_wconf 89' lang='lat' dir='ltr'><strong>et</strong></span> <span class='ocrx_word' id='word_1_369' title='bbox 1661 3170 1715 3226; x_wconf 84' lang='lat' dir='ltr'><strong>in</strong></span> <span class='ocrx_word' id='word_1_370' title='bbox 1746 3163 1792 3222; x_wconf 86' lang='lat' dir='ltr'><strong>C</strong></span> <span class='ocrx_word' id='word_1_371' title='bbox 1826 3171 2012 3227; x_wconf 89' lang='lat' dir='ltr'><strong>liberis</strong></span> <span class='ocrx_word' id='word_1_372' title='bbox 2056 3171 2172 3242; x_wconf 92' lang='lat' dir='ltr'><strong>ipse</strong></span> <span class='ocrx_word' id='word_1_373' title='bbox 2220 3172 2454 3227; x_wconf 91' lang='lat' dir='ltr'><strong>domnus</strong></span> <span class='ocrx_word' id='word_1_374' title='bbox 2504 3169 2661 3243; x_wconf 72' lang='lat' dir='ltr'><strong>[Iugo</strong></span> <span class='ocrx_word' id='word_1_375' title='bbox 2702 3170 2870 3227; x_wconf 91' lang='lat' dir='ltr'><strong>abbas</strong></span> <span class='ocrx_word' id='word_1_376' title='bbox 2910 3170 3160 3241; x_wconf 92' lang='lat' dir='ltr'><strong>apposuit</strong></span> <span class='ocrx_word' id='word_1_377' title='bbox 3188 3182 3245 3226; x_wconf 90' lang='lat' dir='ltr'><strong>et</strong></span> <span class='ocrx_word' id='word_1_378' title='bbox 3268 3171 3417 3227; x_wconf 89' lang='lat' dir='ltr'><strong>ordi-</strong></span> 
     </span>
    </p>
   </div>
   <div class='ocr_carea' id='block_1_64' title="bbox 116 3265 1715 3331">
    <p class='ocr_par' dir='ltr' id='par_1_64' title="bbox 116 3265 1715 3331">
     <span class='ocr_line' id='line_1_64' title="bbox 116 3265 1715 3331; baseline 0.002 -14"><span class='ocrx_word' id='word_1_379' title='bbox 116 3272 379 3331; x_wconf 88' lang='lat' dir='ltr'><strong>posteros</strong></span> <span class='ocrx_word' id='word_1_380' title='bbox 424 3265 710 3320; x_wconf 88' lang='lat' dir='ltr'><strong>amabilem</strong></span> <span class='ocrx_word' id='word_1_381' title='bbox 758 3266 993 3320; x_wconf 91' lang='lat' dir='ltr'><strong>nominis</strong></span> <span class='ocrx_word' id='word_1_382' title='bbox 1019 3266 1102 3320; x_wconf 93' lang='lat' dir='ltr'><strong>sui</strong></span> <span class='ocrx_word' id='word_1_383' title='bbox 1128 3265 1461 3320; x_wconf 90' lang='lat' dir='ltr'><strong>transmittat.</strong></span> <span class='ocrx_word' id='word_1_384' title='bbox 1507 3280 1715 3320; x_wconf 91' lang='lat' dir='ltr'><strong>memo-</strong></span> 
     </span>
    </p>
   </div>
   <div class='ocr_carea' id='block_1_65' title="bbox 118 3354 1713 3427">
    <p class='ocr_par' dir='ltr' id='par_1_65' title="bbox 118 3354 1713 3427">
     <span class='ocr_line' id='line_1_65' title="bbox 118 3354 1713 3427; baseline 0.001 -18"><span class='ocrx_word' id='word_1_385' title='bbox 118 3354 292 3409; x_wconf 84' lang='lat' dir='ltr'><strong>riam.</strong></span> <span class='ocrx_word' id='word_1_386' title='bbox 339 3354 516 3410; x_wconf 89' lang='lat' dir='ltr'><strong>Subiit</strong></span> <span class='ocrx_word' id='word_1_387' title='bbox 550 3357 734 3427; x_wconf 87' lang='lat' dir='ltr'><strong>itaque</strong></span> <span class='ocrx_word' id='word_1_388' title='bbox 775 3356 907 3411; x_wconf 89' lang='lat' dir='ltr'><strong>mibi</strong></span> <span class='ocrx_word' id='word_1_389' title='bbox 950 3358 1058 3426; x_wconf 84' lang='lat' dir='ltr'><strong>regi</strong></span> <span class='ocrx_word' id='word_1_390' title='bbox 1088 3356 1363 3411; x_wconf 83' lang='lat' dir='ltr'><strong>Adefonso</strong></span> <span class='ocrx_word' id='word_1_391' title='bbox 1392 3357 1444 3411; x_wconf 93' lang='lat' dir='ltr'><strong>in</strong></span> <span class='ocrx_word' id='word_1_392' title='bbox 1476 3366 1713 3413; x_wconf 89' lang='lat' dir='ltr'><strong>mentem</strong></span> 
     </span>
    </p>
   </div>
   <div class='ocr_carea' id='block_1_66' title="bbox 118 3446 1712 3520">
    <p class='ocr_par' dir='ltr' id='par_1_66' title="bbox 118 3446 1712 3520">
     <span class='ocr_line' id='line_1_66' title="bbox 118 3446 1712 3520; baseline 0.003 -21"><span class='ocrx_word' id='word_1_393' title='bbox 118 3446 262 3515; x_wconf 90' lang='lat' dir='ltr'><strong>quid</strong></span> <span class='ocrx_word' id='word_1_394' title='bbox 302 3450 577 3519; x_wconf 79' lang='lat' dir='ltr'><strong>egregium</strong></span> <span class='ocrx_word' id='word_1_395' title='bbox 608 3450 771 3518; x_wconf 91' lang='lat' dir='ltr'><strong>_inter</strong></span> <span class='ocrx_word' id='word_1_396' title='bbox 812 3456 1007 3503; x_wconf 74' lang='lat' dir='ltr'><strong>caetera</strong></span> <span class='ocrx_word' id='word_1_397' title='bbox 1033 3459 1219 3520; x_wconf 82' lang='lat' dir='ltr'><strong>egerat</strong></span> <span class='ocrx_word' id='word_1_398' title='bbox 1247 3457 1404 3519; x_wconf 88' lang='lat' dir='ltr'><strong>pater</strong></span> <span class='ocrx_word' id='word_1_399' title='bbox 1434 3464 1587 3504; x_wconf 89' lang='lat' dir='ltr'><strong>meus</strong></span> <span class='ocrx_word' id='word_1_400' title='bbox 1619 3464 1712 3504; x_wconf 85' lang='lat' dir='ltr'><strong>rex</strong></span> 
     </span>
    </p>
   </div>
   <div class='ocr_carea' id='block_1_67' title="bbox 32 3541 1717 3611">
    <p class='ocr_par' dir='ltr' id='par_1_67' title="bbox 32 3541 1717 3611">
     <span class='ocr_line' id='line_1_67' title="bbox 32 3541 1717 3611; baseline -0.002 -13"><span class='ocrx_word' id='word_1_401' title='bbox 32 3562 44 3583; x_wconf 78' lang='grc' dir='ltr'><strong><em>ο</em></strong></span> <span class='ocrx_word' id='word_1_402' title='bbox 119 3541 499 3598; x_wconf 85' lang='lat' dir='ltr'><strong>Fredelandus</strong></span> <span class='ocrx_word' id='word_1_403' title='bbox 520 3543 607 3611; x_wconf 89' lang='lat' dir='ltr'><strong>pia</strong></span> <span class='ocrx_word' id='word_1_404' title='bbox 634 3541 1011 3597; x_wconf 85' lang='lat' dir='ltr'><strong>recordatione</strong></span> <span class='ocrx_word' id='word_1_405' title='bbox 1042 3556 1258 3611; x_wconf 90' lang='lat' dir='ltr'><strong>semper</strong></span> <span class='ocrx_word' id='word_1_406' title='bbox 1285 3557 1717 3597; x_wconf 85' lang='lat' dir='ltr'><strong>commemoran-</strong></span> 
     </span>
    </p>
   </div>
   <div class='ocr_carea' id='block_1_68' title="bbox 121 3630 1719 3703">
    <p class='ocr_par' dir='ltr' id='par_1_68' title="bbox 121 3630 1719 3703">
     <span class='ocr_line' id='line_1_68' title="bbox 121 3630 1719 3703; baseline -0.002 -14"><span class='ocrx_word' id='word_1_407' title='bbox 121 3633 257 3689; x_wconf 82' lang='lat' dir='ltr'><strong>dus.</strong></span> <span class='ocrx_word' id='word_1_408' title='bbox 300 3630 589 3701; x_wconf 86' lang='lat' dir='ltr'><strong>Comperta</strong></span> <span class='ocrx_word' id='word_1_409' title='bbox 635 3645 870 3703; x_wconf 88' lang='lat' dir='ltr'><strong>namque</strong></span> <span class='ocrx_word' id='word_1_410' title='bbox 921 3630 1158 3687; x_wconf 90' lang='lat' dir='ltr'><strong>coenobii</strong></span> <span class='ocrx_word' id='word_1_411' title='bbox 1205 3630 1579 3687; x_wconf 87' lang='lat' dir='ltr'><strong>Cluniacensis</strong></span> <span class='ocrx_word' id='word_1_412' title='bbox 1608 3642 1719 3686; x_wconf 88' lang='lat' dir='ltr'><strong>tam</strong></span> 
     </span>
    </p>
   </div>
   <div class='ocr_carea' id='block_1_69' title="bbox 118 3723 1721 3795">
    <p class='ocr_par' dir='ltr' id='par_1_69' title="bbox 118 3723 1721 3795">
     <span class='ocr_line' id='line_1_69' title="bbox 118 3723 1721 3795; baseline 0 -15"><span class='ocrx_word' id='word_1_413' title='bbox 118 3723 358 3788; x_wconf 82' lang='lat' dir='ltr'><strong>celebri,</strong></span> <span class='ocrx_word' id='word_1_414' title='bbox 391 3733 499 3777; x_wconf 91' lang='lat' dir='ltr'><strong>tam</strong></span> <span class='ocrx_word' id='word_1_415' title='bbox 545 3723 774 3793; x_wconf 90' lang='lat' dir='ltr'><strong>probata</strong></span> <span class='ocrx_word' id='word_1_416' title='bbox 816 3735 926 3777; x_wconf 90' lang='lat' dir='ltr'><strong>tam</strong></span> <span class='ocrx_word' id='word_1_417' title='bbox 972 3735 1163 3779; x_wconf 86' lang='lat' dir='ltr'><strong>sancta</strong></span> <span class='ocrx_word' id='word_1_418' title='bbox 1208 3723 1487 3795; x_wconf 88' lang='lat' dir='ltr'><strong>religione,</strong></span> <span class='ocrx_word' id='word_1_419' title='bbox 1536 3723 1721 3780; x_wconf 90' lang='lat' dir='ltr'><strong>divino</strong></span> 
     </span>
    </p>
   </div>
   <div class='ocr_carea' id='block_1_70' title="bbox 119 3815 1722 3886">
    <p class='ocr_par' dir='ltr' id='par_1_70' title="bbox 119 3815 1722 3886">
     <span class='ocr_line' id='line_1_70' title="bbox 119 3815 1722 3886; baseline -0.003 -12"><span class='ocrx_word' id='word_1_420' title='bbox 119 3831 259 3874; x_wconf 82' lang='lat' dir='ltr'><strong>mox</strong></span> <span class='ocrx_word' id='word_1_421' title='bbox 302 3815 495 3871; x_wconf 90' lang='lat' dir='ltr'><strong>timore</strong></span> <span class='ocrx_word' id='word_1_422' title='bbox 534 3824 895 3886; x_wconf 88' lang='lat' dir='ltr'><strong>compunctus</strong></span> <span class='ocrx_word' id='word_1_423' title='bbox 938 3826 993 3869; x_wconf 92' lang='lat' dir='ltr'><strong>et</strong></span> <span class='ocrx_word' id='word_1_424' title='bbox 1026 3831 1214 3870; x_wconf 88' lang='lat' dir='ltr'><strong>amore</strong></span> <span class='ocrx_word' id='word_1_425' title='bbox 1252 3817 1569 3870; x_wconf 89' lang='lat' dir='ltr'><strong>societatem</strong></span> <span class='ocrx_word' id='word_1_426' title='bbox 1615 3815 1722 3869; x_wconf 84' lang='lat' dir='ltr'><strong>fra-</strong></span> 
     </span>
    </p>
   </div>
   <div class='ocr_carea' id='block_1_71' title="bbox 123 3907 1719 3965">
    <p class='ocr_par' dir='ltr' id='par_1_71' title="bbox 123 3907 1719 3965">
     <span class='ocr_line' id='line_1_71' title="bbox 123 3907 1719 3965; baseline -0.001 -1"><span class='ocrx_word' id='word_1_427' title='bbox 123 3919 276 3965; x_wconf 82' lang='lat' dir='ltr'><strong>trum</strong></span> <span class='ocrx_word' id='word_1_428' title='bbox 337 3907 445 3962; x_wconf 91' lang='lat' dir='ltr'><strong>Deo</strong></span> <span class='ocrx_word' id='word_1_429' title='bbox 499 3919 554 3962; x_wconf 90' lang='lat' dir='ltr'><strong>et</strong></span> <span class='ocrx_word' id='word_1_430' title='bbox 622 3920 815 3963; x_wconf 88' lang='lat' dir='ltr'><strong>sancto</strong></span> <span class='ocrx_word' id='word_1_431' title='bbox 884 3907 1049 3963; x_wconf 86' lang='lat' dir='ltr'><strong>Petro</strong></span> <span class='ocrx_word' id='word_1_432' title='bbox 1104 3908 1303 3962; x_wconf 90' lang='lat' dir='ltr'><strong>ibidem</strong></span> <span class='ocrx_word' id='word_1_433' title='bbox 1372 3908 1719 3963; x_wconf 89' lang='lat' dir='ltr'><strong>militantium</strong></span> 
     </span>
    </p>
   </div>
   <div class='ocr_carea' id='block_1_72' title="bbox 120 3998 1720 4070">
    <p class='ocr_par' dir='ltr' id='par_1_72' title="bbox 120 3998 1720 4070">
     <span class='ocr_line' id='line_1_72' title="bbox 120 3998 1720 4070; baseline 0 -14"><span class='ocrx_word' id='word_1_434' title='bbox 120 4000 412 4056; x_wconf 88' lang='lat' dir='ltr'><strong>humiliter</strong></span> <span class='ocrx_word' id='word_1_435' title='bbox 468 4000 736 4069; x_wconf 84' lang='lat' dir='ltr'><strong>expetiit,</strong></span> <span class='ocrx_word' id='word_1_436' title='bbox 791 4000 1043 4055; x_wconf 88' lang='lat' dir='ltr'><strong>devotius</strong></span> <span class='ocrx_word' id='word_1_437' title='bbox 1095 4000 1343 4070; x_wconf 90' lang='lat' dir='ltr'><strong>accepit,</strong></span> <span class='ocrx_word' id='word_1_438' title='bbox 1405 3998 1720 4056; x_wconf 82' lang='lat' dir='ltr'><strong>ﬁdelissime</strong></span> 
     </span>
    </p>
   </div>
   <div class='ocr_carea' id='block_1_73' title="bbox 119 4092 1713 4165">
    <p class='ocr_par' dir='ltr' id='par_1_73' title="bbox 119 4092 1713 4165">
     <span class='ocr_line' id='line_1_73' title="bbox 119 4092 1713 4165; baseline -0.001 -17"><span class='ocrx_word' id='word_1_439' title='bbox 119 4094 311 4165; x_wconf 82' lang='lat' dir='ltr'><strong>quoad</strong></span> <span class='ocrx_word' id='word_1_440' title='bbox 346 4092 483 4148; x_wconf 79' lang='lat' dir='ltr'><strong>vixit</strong></span> <span class='ocrx_word' id='word_1_441' title='bbox 512 4093 756 4158; x_wconf 89' lang='lat' dir='ltr'><strong>retinuit,</strong></span> <span class='ocrx_word' id='word_1_442' title='bbox 793 4110 899 4149; x_wconf 85' lang='lat' dir='ltr'><strong>non</strong></span> <span class='ocrx_word' id='word_1_443' title='bbox 925 4093 1166 4148; x_wconf 89' lang='lat' dir='ltr'><strong>inaniter</strong></span> <span class='ocrx_word' id='word_1_444' title='bbox 1192 4094 1423 4148; x_wconf 85' lang='lat' dir='ltr'><strong>credens</strong></span> <span class='ocrx_word' id='word_1_445' title='bbox 1450 4108 1511 4148; x_wconf 89' lang='lat' dir='ltr'><strong>se</strong></span> <span class='ocrx_word' id='word_1_446' title='bbox 1538 4092 1713 4163; x_wconf 88' lang='lat' dir='ltr'><strong>parti-</strong></span> 
     </span>
    </p>
   </div>
   <div class='ocr_carea' id='block_1_74' title="bbox 118 4184 1719 4258">
    <p class='ocr_par' dir='ltr' id='par_1_74' title="bbox 118 4184 1719 4258">
     <span class='ocr_line' id='line_1_74' title="bbox 118 4184 1719 4258; baseline -0.003 -14"><span class='ocrx_word' id='word_1_447' title='bbox 118 4190 311 4258; x_wconf 87' lang='lat' dir='ltr'><strong>cipem</strong></span> <span class='ocrx_word' id='word_1_448' title='bbox 338 4190 451 4243; x_wconf 91' lang='lat' dir='ltr'><strong>lore</strong></span> <span class='ocrx_word' id='word_1_449' title='bbox 479 4188 531 4242; x_wconf 93' lang='lat' dir='ltr'><strong>in</strong></span> <span class='ocrx_word' id='word_1_450' title='bbox 556 4202 741 4242; x_wconf 88' lang='lat' dir='ltr'><strong>eorum</strong></span> <span class='ocrx_word' id='word_1_451' title='bbox 766 4186 1124 4257; x_wconf 81' lang='lat' dir='ltr'><strong>spiritalibus,</strong></span> <span class='ocrx_word' id='word_1_452' title='bbox 1150 4188 1193 4242; x_wconf 89' lang='lat' dir='ltr'><strong>si</strong></span> <span class='ocrx_word' id='word_1_453' title='bbox 1218 4188 1284 4241; x_wconf 91' lang='lat' dir='ltr'><strong>de</strong></span> <span class='ocrx_word' id='word_1_454' title='bbox 1310 4202 1405 4240; x_wconf 91' lang='lat' dir='ltr'><strong>sua</strong></span> <span class='ocrx_word' id='word_1_455' title='bbox 1438 4184 1719 4256; x_wconf 88' lang='lat' dir='ltr'><strong>temporali</strong></span> 
     </span>
    </p>
   </div>
   <div class='ocr_carea' id='block_1_75' title="bbox 119 4274 1717 4349">
    <p class='ocr_par' dir='ltr' id='par_1_75' title="bbox 119 4274 1717 4349">
     <span class='ocr_line' id='line_1_75' title="bbox 119 4274 1717 4349; baseline -0.004 -14"><span class='ocrx_word' id='word_1_456' title='bbox 119 4280 467 4335; x_wconf 85' lang='lat' dir='ltr'><strong>abundantia</strong></span> <span class='ocrx_word' id='word_1_457' title='bbox 514 4279 827 4349; x_wconf 77' lang='lat' dir='ltr'><strong>indigentiae</strong></span> <span class='ocrx_word' id='word_1_458' title='bbox 857 4293 1135 4334; x_wconf 89' lang='lat' dir='ltr'><strong>servorum</strong></span> <span class='ocrx_word' id='word_1_459' title='bbox 1160 4277 1255 4332; x_wconf 93' lang='lat' dir='ltr'><strong>Dei</strong></span> <span class='ocrx_word' id='word_1_460' title='bbox 1289 4278 1481 4332; x_wconf 87' lang='lat' dir='ltr'><strong>fuisset</strong></span> <span class='ocrx_word' id='word_1_461' title='bbox 1502 4274 1717 4331; x_wconf 85' lang='lat' dir='ltr'><strong>munifi-</strong></span> 
     </span>
    </p>
   </div>
   <div class='ocr_carea' id='block_1_76' title="bbox 116 4369 1717 4437">
    <p class='ocr_par' dir='ltr' id='par_1_76' title="bbox 116 4369 1717 4437">
     <span class='ocr_line' id='line_1_76' title="bbox 116 4369 1717 4437; baseline -0.003 -9"><span class='ocrx_word' id='word_1_462' title='bbox 116 4388 245 4428; x_wconf 87' lang='lat' dir='ltr'><strong>cus.</strong></span> <span class='ocrx_word' id='word_1_463' title='bbox 279 4370 436 4427; x_wconf 88' lang='lat' dir='ltr'><strong>Unde</strong></span> <span class='ocrx_word' id='word_1_464' title='bbox 462 4386 683 4426; x_wconf 89' lang='lat' dir='ltr'><strong>censum</strong></span> <span class='ocrx_word' id='word_1_465' title='bbox 711 4371 1024 4437; x_wconf 90' lang='lat' dir='ltr'><strong>annualem,</strong></span> <span class='ocrx_word' id='word_1_466' title='bbox 1055 4369 1201 4425; x_wconf 90' lang='lat' dir='ltr'><strong>mille</strong></span> <span class='ocrx_word' id='word_1_467' title='bbox 1232 4370 1483 4424; x_wconf 90' lang='lat' dir='ltr'><strong>videlicet</strong></span> <span class='ocrx_word' id='word_1_468' title='bbox 1503 4383 1717 4434; x_wconf 90' lang='lat' dir='ltr'><strong>aureos,</strong></span> 
     </span>
    </p>
   </div>
   <div class='ocr_carea' id='block_1_77' title="bbox 1826 3261 3415 3335">
    <p class='ocr_par' dir='ltr' id='par_1_77' title="bbox 1826 3261 3415 3335">
     <span class='ocr_line' id='line_1_77' title="bbox 1826 3261 3415 3335; baseline -0.002 -15"><span class='ocrx_word' id='word_1_469' title='bbox 1826 3265 1979 3320; x_wconf 90' lang='lat' dir='ltr'><strong>navit</strong></span> <span class='ocrx_word' id='word_1_470' title='bbox 2024 3272 2138 3319; x_wconf 90' lang='lat' dir='ltr'><strong>tam</strong></span> <span class='ocrx_word' id='word_1_471' title='bbox 2179 3278 2281 3335; x_wconf 91' lang='lat' dir='ltr'><strong>pro</strong></span> <span class='ocrx_word' id='word_1_472' title='bbox 2325 3262 2466 3319; x_wconf 88' lang='lat' dir='ltr'><strong>vivis</strong></span> <span class='ocrx_word' id='word_1_473' title='bbox 2511 3278 2674 3335; x_wconf 89' lang='lat' dir='ltr'><strong>quam</strong></span> <span class='ocrx_word' id='word_1_474' title='bbox 2718 3278 2818 3334; x_wconf 91' lang='lat' dir='ltr'><strong>pro</strong></span> <span class='ocrx_word' id='word_1_475' title='bbox 2869 3261 3139 3318; x_wconf 88' lang='lat' dir='ltr'><strong>defunctis</strong></span> <span class='ocrx_word' id='word_1_476' title='bbox 3194 3275 3415 3335; x_wconf 84' lang='lat' dir='ltr'><strong>semper</strong></span> 
     </span>
    </p>
   </div>
   <div class='ocr_carea' id='block_1_78' title="bbox 1821 3356 2111 3429">
    <p class='ocr_par' dir='ltr' id='par_1_78' title="bbox 1821 3356 2111 3429">
     <span class='ocr_line' id='line_1_78' title="bbox 1821 3356 2111 3429; baseline -0.007 -17"><span class='ocrx_word' id='word_1_477' title='bbox 1821 3356 2111 3429; x_wconf 88' lang='lat' dir='ltr'><strong>agendum.</strong></span> 
     </span>
    </p>
   </div>
   <div class='ocr_carea' id='block_1_79' title="bbox 1890 3446 2833 3519">
    <p class='ocr_par' dir='ltr' id='par_1_79' title="bbox 1890 3446 2833 3519">
     <span class='ocr_line' id='line_1_79' title="bbox 1890 3446 2833 3519; baseline -0.002 -15"><span class='ocrx_word' id='word_1_478' title='bbox 1890 3450 2026 3504; x_wconf 85' lang='lat' dir='ltr'><strong>Acta</strong></span> <span class='ocrx_word' id='word_1_479' title='bbox 2062 3456 2205 3513; x_wconf 91' lang='lat' dir='ltr'><strong>_sunt</strong></span> <span class='ocrx_word' id='word_1_480' title='bbox 2251 3446 2447 3519; x_wconf 91' lang='lat' dir='ltr'><strong>Burgis</strong></span> <span class='ocrx_word' id='word_1_481' title='bbox 2501 3449 2556 3506; x_wconf 90' lang='lat' dir='ltr'><strong>in</strong></span> <span class='ocrx_word' id='word_1_482' title='bbox 2591 3448 2833 3504; x_wconf 90' lang='lat' dir='ltr'><strong>civitate.</strong></span> 
     </span>
    </p>
   </div>
   <div class='ocr_carea' id='block_1_80' title="bbox 1896 3540 3416 3613">
    <p class='ocr_par' dir='ltr' id='par_1_80' title="bbox 1896 3540 3416 3613">
     <span class='ocr_line' id='line_1_80' title="bbox 1896 3540 3416 3613; baseline 0 -18"><span class='ocrx_word' id='word_1_483' title='bbox 1896 3542 2025 3595; x_wconf 87' lang='lat' dir='ltr'><strong>Data</strong></span> <span class='ocrx_word' id='word_1_484' title='bbox 2072 3542 2214 3611; x_wconf 89' lang='lat' dir='ltr'><strong>apud</strong></span> <span class='ocrx_word' id='word_1_485' title='bbox 2260 3541 2451 3613; x_wconf 90' lang='lat' dir='ltr'><strong>Burgis</strong></span> <span class='ocrx_word' id='word_1_486' title='bbox 2492 3542 2769 3597; x_wconf 91' lang='lat' dir='ltr'><strong>civitatem</strong></span> <span class='ocrx_word' id='word_1_487' title='bbox 2832 3555 2975 3597; x_wconf 94' lang='lat' dir='ltr'><strong>anno</strong></span> <span class='ocrx_word' id='word_1_488' title='bbox 3035 3540 3104 3598; x_wconf 92' lang='lat' dir='ltr'><strong>ab</strong></span> <span class='ocrx_word' id='word_1_489' title='bbox 3157 3540 3416 3597; x_wconf 88' lang='lat' dir='ltr'><strong>Incarna-</strong></span> 
     </span>
    </p>
   </div>
   <div class='ocr_carea' id='block_1_81' title="bbox 1826 3628 3411 3699">
    <p class='ocr_par' dir='ltr' id='par_1_81' title="bbox 1826 3628 3411 3699">
     <span class='ocr_line' id='line_1_81' title="bbox 1826 3628 3411 3699; baseline 0 -13"><span class='ocrx_word' id='word_1_490' title='bbox 1826 3630 1973 3686; x_wconf 91' lang='lat' dir='ltr'><strong>tione</strong></span> <span class='ocrx_word' id='word_1_491' title='bbox 2012 3630 2228 3685; x_wconf 91' lang='lat' dir='ltr'><strong>Domini</strong></span> <span class='ocrx_word' id='word_1_492' title='bbox 2267 3630 2433 3697; x_wconf 80' lang='grc'>1090,</span> <span class='ocrx_word' id='word_1_493' title='bbox 2465 3630 2911 3699; x_wconf 79' lang='lat' dir='ltr'><strong>indictionexm,</strong></span> <span class='ocrx_word' id='word_1_494' title='bbox 2935 3628 3162 3689; x_wconf 72' lang='lat' dir='ltr'><strong>Pascha:</strong></span> <span class='ocrx_word' id='word_1_495' title='bbox 3201 3632 3411 3688; x_wconf 87' lang='lat' dir='ltr'><strong>diebus.</strong></span> 
     </span>
    </p>
   </div>
   <div class='ocr_carea' id='block_1_82' title="bbox 2547 3720 2693 3777">
    <p class='ocr_par' dir='ltr' id='par_1_82' title="bbox 2547 3720 2693 3777">
     <span class='ocr_line' id='line_1_82' title="bbox 2547 3720 2693 3777; baseline -0.007 0"><span class='ocrx_word' id='word_1_496' title='bbox 2547 3720 2693 3777; x_wconf 81' lang='lat' dir='ltr'><strong>XIX.</strong></span> 
     </span>
    </p>
   </div>
   <div class='ocr_carea' id='block_1_83' title="bbox 1859 3811 3377 3885">
    <p class='ocr_par' dir='ltr' id='par_1_83' title="bbox 1859 3811 3377 3885">
     <span class='ocr_line' id='line_1_83' title="bbox 1859 3811 3377 3885; baseline -0.005 -14"><span class='ocrx_word' id='word_1_497' title='bbox 1859 3813 2074 3871; x_wconf 70' lang='lat' dir='ltr'><strong>Littera:</strong></span> <span class='ocrx_word' id='word_1_498' title='bbox 2100 3813 2327 3885; x_wconf 80' lang='lat' dir='ltr'><strong>episcopi</strong></span> <span class='ocrx_word' id='word_1_499' title='bbox 2361 3812 2768 3869; x_wconf 81' lang='lat' dir='ltr'><strong>Silvanectensis</strong></span> <span class='ocrx_word' id='word_1_500' title='bbox 2800 3813 2865 3867; x_wconf 86' lang='lat' dir='ltr'><strong>de</strong></span> <span class='ocrx_word' id='word_1_501' title='bbox 2894 3812 3104 3868; x_wconf 81' lang='lat' dir='ltr'><strong>abbatia</strong></span> <span class='ocrx_word' id='word_1_502' title='bbox 3135 3811 3377 3882; x_wconf 76' lang='lat' dir='ltr'><strong>Crispeii.</strong></span> 
     </span>
    </p>
   </div>
   <div class='ocr_carea' id='block_1_84' title="bbox 2309 3903 2940 3977">
    <p class='ocr_par' dir='ltr' id='par_1_84' title="bbox 2309 3903 2940 3977">
     <span class='ocr_line' id='line_1_84' title="bbox 2309 3903 2940 3977; baseline -0.002 -18"><span class='ocrx_word' id='word_1_503' title='bbox 2309 3904 2487 3977; x_wconf 87' lang='lat' dir='ltr'><strong>(Anno</strong></span> <span class='ocrx_word' id='word_1_504' title='bbox 2510 3905 2727 3960; x_wconf 87' lang='lat' dir='ltr'><strong>circiter</strong></span> <span class='ocrx_word' id='word_1_505' title='bbox 2752 3903 2940 3975; x_wconf 73' lang='lat'><strong>1095.)</strong></span> 
     </span>
    </p>
   </div>
   <div class='ocr_carea' id='block_1_85' title="bbox 2171 3993 3078 4071">
    <p class='ocr_par' dir='ltr' id='par_1_85' title="bbox 2171 3993 3078 4071">
     <span class='ocr_line' id='line_1_85' title="bbox 2171 3993 3078 4071; baseline -0.006 -18"><span class='ocrx_word' id='word_1_506' title='bbox 2171 3996 2343 4071; x_wconf 79' lang='lat' dir='ltr'><strong>[GalL</strong></span> <span class='ocrx_word' id='word_1_507' title='bbox 2373 3998 2500 4053; x_wconf 82' lang='lat' dir='ltr'><strong>Chr.</strong></span> <span class='ocrx_word' id='word_1_508' title='bbox 2536 3996 2607 4063; x_wconf 85' lang='lat' dir='ltr'><strong>X,</strong></span> <span class='ocrx_word' id='word_1_509' title='bbox 2635 3997 2893 4051; x_wconf 87' lang='lat' dir='ltr'><strong>Instrum.</strong></span> <span class='ocrx_word' id='word_1_510' title='bbox 2924 3993 3078 4067; x_wconf 73' lang='lat'><strong>207.]</strong></span> 
     </span>
    </p>
   </div>
   <div class='ocr_carea' id='block_1_86' title="bbox 1893 4084 3420 4161">
    <p class='ocr_par' dir='ltr' id='par_1_86' title="bbox 1893 4084 3420 4161">
     <span class='ocr_line' id='line_1_86' title="bbox 1893 4084 3420 4161; baseline -0.005 -13"><span class='ocrx_word' id='word_1_511' title='bbox 1893 4091 2183 4159; x_wconf 78' lang='lat' dir='ltr'><strong>Hoco,Dei</strong></span> <span class='ocrx_word' id='word_1_512' title='bbox 2214 4092 2391 4161; x_wconf 88' lang='lat' dir='ltr'><strong>gratia</strong></span> <span class='ocrx_word' id='word_1_513' title='bbox 2421 4088 2844 4145; x_wconf 85' lang='lat' dir='ltr'><strong>Silvanectensis</strong></span> <span class='ocrx_word' id='word_1_514' title='bbox 2869 4087 3179 4157; x_wconf 86' lang='lat' dir='ltr'><strong>episcopus,</strong></span> <span class='ocrx_word' id='word_1_515' title='bbox 3199 4084 3420 4141; x_wconf 89' lang='lat' dir='ltr'><strong>domino</strong></span> 
     </span>
    </p>
   </div>
   <div class='ocr_carea' id='block_1_87' title="bbox 1824 4175 3421 4249">
    <p class='ocr_par' dir='ltr' id='par_1_87' title="bbox 1824 4175 3421 4249">
     <span class='ocr_line' id='line_1_87' title="bbox 1824 4175 3421 4249; baseline -0.006 -11"><span class='ocrx_word' id='word_1_516' title='bbox 1824 4192 1879 4239; x_wconf 91' lang='lat' dir='ltr'><strong>et</strong></span> <span class='ocrx_word' id='word_1_517' title='bbox 1912 4182 2237 4237; x_wconf 82' lang='lat' dir='ltr'><strong>charissima</strong></span> <span class='ocrx_word' id='word_1_518' title='bbox 2264 4181 2367 4236; x_wconf 91' lang='lat' dir='ltr'><strong>sibi</strong></span> <span class='ocrx_word' id='word_1_519' title='bbox 2421 4178 2630 4249; x_wconf 88' lang='lat' dir='ltr'><strong>Hugoni</strong></span> <span class='ocrx_word' id='word_1_520' title='bbox 2680 4175 3059 4233; x_wconf 89' lang='lat' dir='ltr'><strong>Cluuiaceusis</strong></span> <span class='ocrx_word' id='word_1_521' title='bbox 3101 4176 3421 4231; x_wconf 88' lang='lat' dir='ltr'><strong>monasterii</strong></span> 
     </span>
    </p>
   </div>
   <div class='ocr_carea' id='block_1_88' title="bbox 1824 4266 3423 4339">
    <p class='ocr_par' dir='ltr' id='par_1_88' title="bbox 1824 4266 3423 4339">
     <span class='ocr_line' id='line_1_88' title="bbox 1824 4266 3423 4339; baseline -0.005 -8"><span class='ocrx_word' id='word_1_522' title='bbox 1824 4274 2035 4339; x_wconf 90' lang='lat' dir='ltr'><strong>abbati,</strong></span> <span class='ocrx_word' id='word_1_523' title='bbox 2091 4272 2319 4328; x_wconf 88' lang='lat' dir='ltr'><strong>salutem</strong></span> <span class='ocrx_word' id='word_1_524' title='bbox 2352 4279 2407 4325; x_wconf 91' lang='lat' dir='ltr'><strong>et</strong></span> <span class='ocrx_word' id='word_1_525' title='bbox 2436 4269 2740 4326; x_wconf 89' lang='lat' dir='ltr'><strong>servitium.</strong></span> <span class='ocrx_word' id='word_1_526' title='bbox 2771 4266 2967 4323; x_wconf 84' lang='lat' dir='ltr'><strong>Notum</strong></span> <span class='ocrx_word' id='word_1_527' title='bbox 3022 4268 3141 4325; x_wconf 85' lang='lat' dir='ltr'><strong>ﬁeri</strong></span> <span class='ocrx_word' id='word_1_528' title='bbox 3170 4267 3423 4324; x_wconf 86' lang='lat' dir='ltr'><strong>volumus</strong></span> 
     </span>
    </p>
   </div>
   <div class='ocr_carea' id='block_1_89' title="bbox 1825 4357 3422 4435">
    <p class='ocr_par' dir='ltr' id='par_1_89' title="bbox 1825 4357 3422 4435">
     <span class='ocr_line' id='line_1_89' title="bbox 1825 4357 3422 4435; baseline -0.006 -13"><span class='ocrx_word' id='word_1_529' title='bbox 1825 4375 2023 4422; x_wconf 73' lang='lat' dir='ltr'><strong>vestra:</strong></span> <span class='ocrx_word' id='word_1_530' title='bbox 2074 4362 2481 4435; x_wconf 83' lang='lat' dir='ltr'><strong>benignissimae</strong></span> <span class='ocrx_word' id='word_1_531' title='bbox 2510 4370 2566 4418; x_wconf 90' lang='lat' dir='ltr'><strong>et</strong></span> <span class='ocrx_word' id='word_1_532' title='bbox 2600 4360 2757 4417; x_wconf 90' lang='lat' dir='ltr'><strong>nobis</strong></span> <span class='ocrx_word' id='word_1_533' title='bbox 2805 4358 3169 4417; x_wconf 64' lang='lat' dir='ltr'><strong>dilectissime</strong></span> <span class='ocrx_word' id='word_1_534' title='bbox 3214 4357 3422 4416; x_wconf 82' lang='lat' dir='ltr'><strong>sancti-</strong></span> 
     </span>
    </p>
   </div>
   <div class='ocr_carea' id='block_1_90' title="bbox 113 4450 3425 4562">
    <p class='ocr_par' dir='ltr' id='par_1_90' title="bbox 113 4450 3425 4562">
     <span class='ocr_line' id='line_1_90' title="bbox 113 4450 3425 4562; baseline -0.002 -46"><span class='ocrx_word' id='word_1_535' title='bbox 113 4480 266 4535; x_wconf 75' lang='lat' dir='ltr'><strong>quos</strong></span> <span class='ocrx_word' id='word_1_536' title='bbox 317 4466 475 4534; x_wconf 82' lang='lat' dir='ltr'><strong>vulgo</strong></span> <span class='ocrx_word' id='word_1_537' title='bbox 512 4465 784 4520; x_wconf 87' lang='lat' dir='ltr'><strong>mancales</strong></span> <span class='ocrx_word' id='word_1_538' title='bbox 821 4463 1116 4535; x_wconf 88' lang='lat' dir='ltr'><strong>appellant,</strong></span> <span class='ocrx_word' id='word_1_539' title='bbox 1160 4462 1451 4518; x_wconf 74' lang='lat' dir='ltr'><strong>conventu]</strong></span> <span class='ocrx_word' id='word_1_540' title='bbox 1500 4460 1718 4518; x_wconf 84' lang='lat' dir='ltr'><strong>Clunia-</strong></span> <span class='ocrx_word' id='word_1_541' title='bbox 1750 4505 1796 4562; x_wconf 64' lang='grc' dir='ltr'><strong><em>Β</em></strong></span> <span class='ocrx_word' id='word_1_542' title='bbox 1826 4459 1962 4525; x_wconf 89' lang='lat' dir='ltr'><strong>tati,</strong></span> <span class='ocrx_word' id='word_1_543' title='bbox 2016 4457 2207 4513; x_wconf 92' lang='lat' dir='ltr'><strong>libenti</strong></span> <span class='ocrx_word' id='word_1_544' title='bbox 2263 4457 2445 4512; x_wconf 89' lang='lat' dir='ltr'><strong>animo</strong></span> <span class='ocrx_word' id='word_1_545' title='bbox 2496 4469 2781 4511; x_wconf 87' lang='lat' dir='ltr'><strong>assensum</strong></span> <span class='ocrx_word' id='word_1_546' title='bbox 2830 4454 3126 4525; x_wconf 75' lang='lat' dir='ltr'><strong>praebuisse</strong></span> <span class='ocrx_word' id='word_1_547' title='bbox 3173 4450 3425 4562; x_wconf 58' lang='lat' dir='ltr'><strong>petitioni</strong></span> 
     </span>
    </p>
   </div>
   <div class='ocr_carea' id='block_1_91' title="bbox 116 4557 1715 4628">
    <p class='ocr_par' dir='ltr' id='par_1_91' title="bbox 116 4557 1715 4628">
     <span class='ocr_line' id='line_1_91' title="bbox 116 4557 1715 4628; baseline -0.003 -15"><span class='ocrx_word' id='word_1_548' title='bbox 116 4559 279 4613; x_wconf 87' lang='lat' dir='ltr'><strong>censi</strong></span> <span class='ocrx_word' id='word_1_549' title='bbox 338 4560 406 4613; x_wconf 87' lang='lat' dir='ltr'><strong>ad</strong></span> <span class='ocrx_word' id='word_1_550' title='bbox 454 4558 769 4613; x_wconf 87' lang='lat' dir='ltr'><strong>vestiarium</strong></span> <span class='ocrx_word' id='word_1_551' title='bbox 819 4557 1039 4626; x_wconf 90' lang='lat' dir='ltr'><strong>proprie</strong></span> <span class='ocrx_word' id='word_1_552' title='bbox 1071 4558 1260 4623; x_wconf 88' lang='lat' dir='ltr'><strong>dedit;</strong></span> <span class='ocrx_word' id='word_1_553' title='bbox 1300 4572 1459 4628; x_wconf 90' lang='lat' dir='ltr'><strong>quem</strong></span> <span class='ocrx_word' id='word_1_554' title='bbox 1489 4570 1715 4612; x_wconf 88' lang='lat' dir='ltr'><strong>censum</strong></span> 
     </span>
    </p>
   </div>
   <div class='ocr_carea' id='block_1_92' title="bbox 116 4646 1712 4720">
    <p class='ocr_par' dir='ltr' id='par_1_92' title="bbox 116 4646 1712 4720">
     <span class='ocr_line' id='line_1_92' title="bbox 116 4646 1712 4720; baseline -0.003 -11"><span class='ocrx_word' id='word_1_555' title='bbox 116 4651 319 4709; x_wconf 87' lang='lat' dir='ltr'><strong>eodem</strong></span> <span class='ocrx_word' id='word_1_556' title='bbox 380 4653 539 4707; x_wconf 89' lang='lat' dir='ltr'><strong>modo</strong></span> <span class='ocrx_word' id='word_1_557' title='bbox 591 4665 689 4720; x_wconf 90' lang='lat' dir='ltr'><strong>per</strong></span> <span class='ocrx_word' id='word_1_558' title='bbox 743 4664 1090 4706; x_wconf 81' lang='lat' dir='ltr'><strong>successores</strong></span> <span class='ocrx_word' id='word_1_559' title='bbox 1137 4664 1263 4706; x_wconf 86' lang='lat' dir='ltr'><strong>suos</strong></span> <span class='ocrx_word' id='word_1_560' title='bbox 1316 4650 1543 4720; x_wconf 65' lang='lat' dir='ltr'><strong>praefato</strong></span> <span class='ocrx_word' id='word_1_561' title='bbox 1590 4646 1712 4704; x_wconf 90' lang='lat' dir='ltr'><strong>loco</strong></span> 
     </span>
    </p>
   </div>
   <div class='ocr_carea' id='block_1_93' title="bbox 116 4738 1719 4807">
    <p class='ocr_par' dir='ltr' id='par_1_93' title="bbox 116 4738 1719 4807">
     <span class='ocr_line' id='line_1_93' title="bbox 116 4738 1719 4807; baseline -0.004 -8"><span class='ocrx_word' id='word_1_562' title='bbox 116 4742 413 4798; x_wconf 87' lang='lat' dir='ltr'><strong>annuatim</strong></span> <span class='ocrx_word' id='word_1_563' title='bbox 438 4740 777 4797; x_wconf 89' lang='lat' dir='ltr'><strong>reddendum</strong></span> <span class='ocrx_word' id='word_1_564' title='bbox 806 4741 1045 4795; x_wconf 90' lang='lat' dir='ltr'><strong>instituit</strong></span> <span class='ocrx_word' id='word_1_565' title='bbox 1068 4748 1123 4795; x_wconf 90' lang='lat' dir='ltr'><strong>et</strong></span> <span class='ocrx_word' id='word_1_566' title='bbox 1146 4739 1403 4795; x_wconf 81' lang='lat' dir='ltr'><strong>firmavit.</strong></span> <span class='ocrx_word' id='word_1_567' title='bbox 1428 4738 1564 4807; x_wconf 85' lang='lat' dir='ltr'><strong>Quia</strong></span> <span class='ocrx_word' id='word_1_568' title='bbox 1589 4752 1719 4794; x_wconf 92' lang='lat' dir='ltr'><strong>vero</strong></span> 
     </span>
    </p>
   </div>
   <div class='ocr_carea' id='block_1_94' title="bbox 117 4832 1717 4909">
    <p class='ocr_par' dir='ltr' id='par_1_94' title="bbox 117 4832 1717 4909">
     <span class='ocr_line' id='line_1_94' title="bbox 117 4832 1717 4909; baseline -0.008 -11"><span class='ocrx_word' id='word_1_569' title='bbox 117 4837 334 4909; x_wconf 75' lang='lat' dir='ltr'><strong>placuit</strong></span> <span class='ocrx_word' id='word_1_570' title='bbox 358 4835 764 4907; x_wconf 70' lang='lat' dir='ltr'><strong>omnipotentiae</strong></span> <span class='ocrx_word' id='word_1_571' title='bbox 782 4833 1063 4891; x_wconf 86' lang='lat' dir='ltr'><strong>Creatoris</strong></span> <span class='ocrx_word' id='word_1_572' title='bbox 1081 4835 1136 4889; x_wconf 92' lang='lat' dir='ltr'><strong>in</strong></span> <span class='ocrx_word' id='word_1_573' title='bbox 1163 4848 1331 4905; x_wconf 91' lang='lat' dir='ltr'><strong>regno</strong></span> <span class='ocrx_word' id='word_1_574' title='bbox 1358 4832 1717 4903; x_wconf 86' lang='lat' dir='ltr'><strong>Hesperidum</strong></span> 
     </span>
    </p>
   </div>
   <div class='ocr_carea' id='block_1_95' title="bbox 118 4922 1723 5009">
    <p class='ocr_par' dir='ltr' id='par_1_95' title="bbox 118 4922 1723 5009">
     <span class='ocr_line' id='line_1_95' title="bbox 118 4922 1723 5009; baseline -0.006 -21"><span class='ocrx_word' id='word_1_575' title='bbox 118 4930 393 4988; x_wconf 85' lang='lat' dir='ltr'><strong>roborare</strong></span> <span class='ocrx_word' id='word_1_576' title='bbox 431 4929 631 4985; x_wconf 90' lang='lat' dir='ltr'><strong>solium</strong></span> <span class='ocrx_word' id='word_1_577' title='bbox 673 4942 877 4992; x_wconf 89' lang='lat' dir='ltr'><strong>meum,</strong></span> <span class='ocrx_word' id='word_1_578' title='bbox 908 4925 1133 4998; x_wconf 84' lang='lat' dir='ltr'><strong>ego.Dei</strong></span> <span class='ocrx_word' id='word_1_579' title='bbox 1164 4925 1339 5009; x_wconf 70' lang='lat' dir='ltr'><strong>gratia</strong></span> <span class='ocrx_word' id='word_1_580' title='bbox 1370 4939 1465 4979; x_wconf 78' lang='lat' dir='ltr'><strong>rex</strong></span> <span class='ocrx_word' id='word_1_581' title='bbox 1488 4922 1723 4980; x_wconf 82' lang='lat' dir='ltr'><strong>Adcfon-</strong></span> 
     </span>
    </p>
   </div>
   <div class='ocr_carea' id='block_1_96' title="bbox 118 5006 1723 5090">
    <p class='ocr_par' dir='ltr' id='par_1_96' title="bbox 118 5006 1723 5090">
     <span class='ocr_line' id='line_1_96' title="bbox 118 5006 1723 5090; baseline -0.006 -11"><span class='ocrx_word' id='word_1_582' title='bbox 118 5038 248 5088; x_wconf 82' lang='lat' dir='ltr'><strong>sus,</strong></span> <span class='ocrx_word' id='word_1_583' title='bbox 304 5023 446 5079; x_wconf 83' lang='lat' dir='ltr'><strong>sicut</strong></span> <span class='ocrx_word' id='word_1_584' title='bbox 498 5021 674 5077; x_wconf 72' lang='lat' dir='ltr'><strong>haeres</strong></span> <span class='ocrx_word' id='word_1_585' title='bbox 724 5029 970 5089; x_wconf 73' lang='lat' dir='ltr'><strong>paternae</strong></span> <span class='ocrx_word' id='word_1_586' title='bbox 1023 5006 1343 5090; x_wconf 64' lang='lat' dir='ltr'><strong>dignitatis,</strong></span> <span class='ocrx_word' id='word_1_587' title='bbox 1375 5016 1448 5071; x_wconf 90' lang='lat' dir='ltr'><strong>ita</strong></span> <span class='ocrx_word' id='word_1_588' title='bbox 1506 5029 1723 5086; x_wconf 87' lang='lat' dir='ltr'><strong>quoque</strong></span> 
     </span>
    </p>
   </div>
   <div class='ocr_carea' id='block_1_97' title="bbox 120 5098 1724 5187">
    <p class='ocr_par' dir='ltr' id='par_1_97' title="bbox 120 5098 1724 5187">
     <span class='ocr_line' id='line_1_97' title="bbox 120 5098 1724 5187; baseline -0.004 -15"><span class='ocrx_word' id='word_1_589' title='bbox 120 5119 292 5172; x_wconf 72' lang='lat' dir='ltr'><strong>bona:</strong></span> <span class='ocrx_word' id='word_1_590' title='bbox 324 5131 608 5173; x_wconf 86' lang='lat' dir='ltr'><strong>successor</strong></span> <span class='ocrx_word' id='word_1_591' title='bbox 641 5114 958 5179; x_wconf 90' lang='lat' dir='ltr'><strong>voluntatis,</strong></span> <span class='ocrx_word' id='word_1_592' title='bbox 1003 5098 1224 5187; x_wconf 88' lang='lat' dir='ltr'><strong>pactum</strong></span> <span class='ocrx_word' id='word_1_593' title='bbox 1268 5112 1523 5168; x_wconf 76' lang='lat' dir='ltr'><strong>fraterna:</strong></span> <span class='ocrx_word' id='word_1_594' title='bbox 1551 5112 1724 5167; x_wconf 88' lang='lat' dir='ltr'><strong>socie-</strong></span> 
     </span>
    </p>
   </div>
   <div class='ocr_carea' id='block_1_98' title="bbox 126 5203 1722 5272">
    <p class='ocr_par' dir='ltr' id='par_1_98' title="bbox 126 5203 1722 5272">
     <span class='ocr_line' id='line_1_98' title="bbox 126 5203 1722 5272; baseline -0.004 -8"><span class='ocrx_word' id='word_1_595' title='bbox 126 5208 268 5264; x_wconf 78' lang='lat' dir='ltr'><strong>tatis</strong></span> <span class='ocrx_word' id='word_1_596' title='bbox 292 5222 415 5263; x_wconf 92' lang='lat' dir='ltr'><strong>cum</strong></span> <span class='ocrx_word' id='word_1_597' title='bbox 443 5208 580 5265; x_wconf 91' lang='lat' dir='ltr'><strong>meis</strong></span> <span class='ocrx_word' id='word_1_598' title='bbox 607 5205 1218 5272; x_wconf 88' lang='lat' dir='ltr'><strong>Cluniacensibusinii,</strong></span> <span class='ocrx_word' id='word_1_599' title='bbox 1250 5205 1442 5271; x_wconf 90' lang='lat' dir='ltr'><strong>statui,</strong></span> <span class='ocrx_word' id='word_1_600' title='bbox 1486 5203 1722 5270; x_wconf 80' lang='lat' dir='ltr'><strong>firmavi,</strong></span> 
     </span>
    </p>
   </div>
   <div class='ocr_carea' id='block_1_99' title="bbox 124 5295 1726 5373">
    <p class='ocr_par' dir='ltr' id='par_1_99' title="bbox 124 5295 1726 5373">
     <span class='ocr_line' id='line_1_99' title="bbox 124 5295 1726 5373; baseline -0.004 -16"><span class='ocrx_word' id='word_1_601' title='bbox 124 5315 356 5357; x_wconf 74' lang='lat' dir='ltr'><strong>censum</strong></span> <span class='ocrx_word' id='word_1_602' title='bbox 406 5316 620 5373; x_wconf 89' lang='lat' dir='ltr'><strong>quoque</strong></span> <span class='ocrx_word' id='word_1_603' title='bbox 666 5300 940 5372; x_wconf 82' lang='lat' dir='ltr'><strong>largitatis</strong></span> <span class='ocrx_word' id='word_1_604' title='bbox 988 5308 1229 5370; x_wconf 73' lang='lat' dir='ltr'><strong>paterna:</strong></span> <span class='ocrx_word' id='word_1_605' title='bbox 1279 5295 1579 5366; x_wconf 89' lang='lat' dir='ltr'><strong>duplicavi,</strong></span> <span class='ocrx_word' id='word_1_606' title='bbox 1617 5296 1726 5351; x_wconf 92' lang='lat' dir='ltr'><strong>duo</strong></span> 
     </span>
    </p>
   </div>
   <div class='ocr_carea' id='block_1_100' title="bbox 126 5384 1723 5457">
    <p class='ocr_par' dir='ltr' id='par_1_100' title="bbox 126 5384 1723 5457">
     <span class='ocr_line' id='line_1_100' title="bbox 126 5384 1723 5457; baseline -0.006 -8"><span class='ocrx_word' id='word_1_607' title='bbox 126 5391 308 5449; x_wconf 88' lang='lat' dir='ltr'><strong>millia</strong></span> <span class='ocrx_word' id='word_1_608' title='bbox 344 5392 628 5448; x_wconf 89' lang='lat' dir='ltr'><strong>mancales</strong></span> <span class='ocrx_word' id='word_1_609' title='bbox 674 5392 728 5447; x_wconf 93' lang='lat' dir='ltr'><strong>in</strong></span> <span class='ocrx_word' id='word_1_610' title='bbox 765 5406 932 5448; x_wconf 92' lang='lat' dir='ltr'><strong>censu</strong></span> <span class='ocrx_word' id='word_1_611' title='bbox 973 5389 1191 5445; x_wconf 89' lang='lat' dir='ltr'><strong>annuali</strong></span> <span class='ocrx_word' id='word_1_612' title='bbox 1228 5387 1490 5443; x_wconf 88' lang='lat' dir='ltr'><strong>Cluniaco</strong></span> <span class='ocrx_word' id='word_1_613' title='bbox 1516 5384 1723 5457; x_wconf 88' lang='lat' dir='ltr'><strong>persol-</strong></span> 
     </span>
    </p>
   </div>
   <div class='ocr_carea' id='block_1_101' title="bbox 124 5480 1725 5550">
    <p class='ocr_par' dir='ltr' id='par_1_101' title="bbox 124 5480 1725 5550">
     <span class='ocr_line' id='line_1_101' title="bbox 124 5480 1725 5550; baseline -0.004 -10"><span class='ocrx_word' id='word_1_614' title='bbox 124 5500 298 5542; x_wconf 77' lang='lat' dir='ltr'><strong>vens.</strong></span> <span class='ocrx_word' id='word_1_615' title='bbox 344 5484 760 5541; x_wconf 88' lang='lat' dir='ltr'><strong>Communicato</strong></span> <span class='ocrx_word' id='word_1_616' title='bbox 805 5485 971 5541; x_wconf 91' lang='lat' dir='ltr'><strong>etiam</strong></span> <span class='ocrx_word' id='word_1_617' title='bbox 1019 5497 1144 5539; x_wconf 90' lang='lat' dir='ltr'><strong>cum</strong></span> <span class='ocrx_word' id='word_1_618' title='bbox 1192 5494 1362 5536; x_wconf 81' lang='lat' dir='ltr'><strong>uxore</strong></span> <span class='ocrx_word' id='word_1_619' title='bbox 1394 5495 1512 5534; x_wconf 87' lang='lat' dir='ltr'><strong>mea</strong></span> <span class='ocrx_word' id='word_1_620' title='bbox 1538 5480 1725 5550; x_wconf 85' lang='lat' dir='ltr'><strong>regina</strong></span> 
     </span>
    </p>
   </div>
   <div class='ocr_carea' id='block_1_102' title="bbox 129 5569 1731 5645">
    <p class='ocr_par' dir='ltr' id='par_1_102' title="bbox 129 5569 1731 5645">
     <span class='ocr_line' id='line_1_102' title="bbox 129 5569 1731 5645; baseline -0.007 -12"><span class='ocrx_word' id='word_1_621' title='bbox 129 5575 407 5642; x_wconf 79' lang='lat' dir='ltr'><strong>cansilio,</strong></span> <span class='ocrx_word' id='word_1_622' title='bbox 464 5586 521 5630; x_wconf 88' lang='lat' dir='ltr'><strong>et</strong></span> <span class='ocrx_word' id='word_1_623' title='bbox 573 5575 811 5645; x_wconf 91' lang='lat' dir='ltr'><strong>primum</strong></span> <span class='ocrx_word' id='word_1_624' title='bbox 874 5573 1135 5628; x_wconf 89' lang='lat' dir='ltr'><strong>Toletano</strong></span> <span class='ocrx_word' id='word_1_625' title='bbox 1194 5569 1613 5641; x_wconf 86' lang='lat' dir='ltr'><strong>archiepiscopo</strong></span> <span class='ocrx_word' id='word_1_626' title='bbox 1673 5576 1731 5622; x_wconf 90' lang='lat' dir='ltr'><strong>et</strong></span> 
     </span>
    </p>
   </div>
   <div class='ocr_carea' id='block_1_103' title="bbox 130 5657 1728 5735">
    <p class='ocr_par' dir='ltr' id='par_1_103' title="bbox 130 5657 1728 5735">
     <span class='ocr_line' id='line_1_103' title="bbox 130 5657 1728 5735; baseline -0.008 -12"><span class='ocrx_word' id='word_1_627' title='bbox 130 5667 354 5723; x_wconf 62' lang='lat' dir='ltr'><strong>caeteris</strong></span> <span class='ocrx_word' id='word_1_628' title='bbox 408 5665 676 5735; x_wconf 84' lang='lat' dir='ltr'><strong>episcopis</strong></span> <span class='ocrx_word' id='word_1_629' title='bbox 730 5665 864 5719; x_wconf 90' lang='lat' dir='ltr'><strong>meis</strong></span> <span class='ocrx_word' id='word_1_630' title='bbox 912 5671 966 5719; x_wconf 90' lang='lat' dir='ltr'><strong>et</strong></span> <span class='ocrx_word' id='word_1_631' title='bbox 1020 5662 1352 5732; x_wconf 88' lang='lat' dir='ltr'><strong>primoribus</strong></span> <span class='ocrx_word' id='word_1_632' title='bbox 1407 5658 1559 5729; x_wconf 89' lang='lat' dir='ltr'><strong>regni</strong></span> <span class='ocrx_word' id='word_1_633' title='bbox 1622 5657 1728 5711; x_wconf 91' lang='lat' dir='ltr'><strong>mei</strong></span> 
     </span>
    </p>
   </div>
   <div class='ocr_carea' id='block_1_104' title="bbox 131 5749 1739 5835">
    <p class='ocr_par' dir='ltr' id='par_1_104' title="bbox 131 5749 1739 5835">
     <span class='ocr_line' id='line_1_104' title="bbox 131 5749 1739 5835; baseline -0.007 -19"><span class='ocrx_word' id='word_1_634' title='bbox 131 5759 389 5817; x_wconf 76' lang='lat' dir='ltr'><strong>ﬁdelibus</strong></span> <span class='ocrx_word' id='word_1_635' title='bbox 417 5759 555 5818; x_wconf 77' lang='lat' dir='ltr'><strong>meis</strong></span> <span class='ocrx_word' id='word_1_636' title='bbox 581 5757 910 5827; x_wconf 88' lang='lat' dir='ltr'><strong>volentibus,</strong></span> <span class='ocrx_word' id='word_1_637' title='bbox 944 5751 1447 5833; x_wconf 84' lang='lat' dir='ltr'><strong>consentientibus,</strong></span> <span class='ocrx_word' id='word_1_638' title='bbox 1500 5749 1739 5835; x_wconf 30' lang='lat' dir='ltr'><strong>laudant</strong></span> 
     </span>
    </p>
   </div>
   <div class='ocr_carea' id='block_1_105' title="bbox 1829 4544 3423 4621">
    <p class='ocr_par' dir='ltr' id='par_1_105' title="bbox 1829 4544 3423 4621">
     <span class='ocr_line' id='line_1_105' title="bbox 1829 4544 3423 4621; baseline -0.005 -14"><span class='ocrx_word' id='word_1_639' title='bbox 1829 4551 2016 4607; x_wconf 90' lang='lat' dir='ltr'><strong>domni</strong></span> <span class='ocrx_word' id='word_1_640' title='bbox 2062 4549 2307 4621; x_wconf 86' lang='lat' dir='ltr'><strong>Hugonis</strong></span> <span class='ocrx_word' id='word_1_641' title='bbox 2355 4548 2571 4605; x_wconf 88' lang='lat' dir='ltr'><strong>comitis</strong></span> <span class='ocrx_word' id='word_1_642' title='bbox 2601 4549 2667 4603; x_wconf 86' lang='lat' dir='ltr'><strong>de</strong></span> <span class='ocrx_word' id='word_1_643' title='bbox 2711 4546 2957 4616; x_wconf 88' lang='lat' dir='ltr'><strong>Crispeio</strong></span> <span class='ocrx_word' id='word_1_644' title='bbox 2987 4560 3150 4616; x_wconf 87' lang='lat' dir='ltr'><strong>super</strong></span> <span class='ocrx_word' id='word_1_645' title='bbox 3204 4544 3423 4599; x_wconf 89' lang='lat' dir='ltr'><strong>abbatia</strong></span> 
     </span>
    </p>
   </div>
   <div class='ocr_carea' id='block_1_106' title="bbox 1830 4636 3427 4709">
    <p class='ocr_par' dir='ltr' id='par_1_106' title="bbox 1830 4636 3427 4709">
     <span class='ocr_line' id='line_1_106' title="bbox 1830 4636 3427 4709; baseline -0.008 -10"><span class='ocrx_word' id='word_1_646' title='bbox 1830 4642 2021 4699; x_wconf 86' lang='lat' dir='ltr'><strong>Sancti</strong></span> <span class='ocrx_word' id='word_1_647' title='bbox 2048 4640 2283 4709; x_wconf 75' lang='lat' dir='ltr'><strong>Arnulll,</strong></span> <span class='ocrx_word' id='word_1_648' title='bbox 2329 4640 2545 4695; x_wconf 85' lang='lat' dir='ltr'><strong>favente</strong></span> <span class='ocrx_word' id='word_1_649' title='bbox 2574 4645 2844 4695; x_wconf 87' lang='lat' dir='ltr'><strong>conventu</strong></span> <span class='ocrx_word' id='word_1_650' title='bbox 2886 4636 3272 4691; x_wconf 91' lang='lat' dir='ltr'><strong>canonicorum</strong></span> <span class='ocrx_word' id='word_1_651' title='bbox 3298 4648 3427 4688; x_wconf 82' lang='lat' dir='ltr'><strong>san-</strong></span> 
     </span>
    </p>
   </div>
   <div class='ocr_carea' id='block_1_107' title="bbox 1828 4726 3428 4795">
    <p class='ocr_par' dir='ltr' id='par_1_107' title="bbox 1828 4726 3428 4795">
     <span class='ocr_line' id='line_1_107' title="bbox 1828 4726 3428 4795; baseline -0.009 -1"><span class='ocrx_word' id='word_1_652' title='bbox 1828 4744 1933 4794; x_wconf 70' lang='lat' dir='ltr'><strong>ctae</strong></span> <span class='ocrx_word' id='word_1_653' title='bbox 1984 4735 2132 4792; x_wconf 87' lang='lat' dir='ltr'><strong>sedis</strong></span> <span class='ocrx_word' id='word_1_654' title='bbox 2185 4729 2631 4789; x_wconf 90' lang='lat' dir='ltr'><strong>Silvanectensis.</strong></span> <span class='ocrx_word' id='word_1_655' title='bbox 2698 4726 3059 4785; x_wconf 87' lang='lat' dir='ltr'><strong>Concedimus</strong></span> <span class='ocrx_word' id='word_1_656' title='bbox 3121 4726 3306 4795; x_wconf 86' lang='lat' dir='ltr'><strong>itaque</strong></span> <span class='ocrx_word' id='word_1_657' title='bbox 3364 4736 3428 4780; x_wconf 82' lang='lat' dir='ltr'><strong>ut</strong></span> 
     </span>
    </p>
   </div>
   <div class='ocr_carea' id='block_1_108' title="bbox 1830 4817 3424 4888">
    <p class='ocr_par' dir='ltr' id='par_1_108' title="bbox 1830 4817 3424 4888">
     <span class='ocr_line' id='line_1_108' title="bbox 1830 4817 3424 4888; baseline -0.007 -5"><span class='ocrx_word' id='word_1_658' title='bbox 1830 4826 2222 4882; x_wconf 88' lang='lat' dir='ltr'><strong>monasterium</strong></span> <span class='ocrx_word' id='word_1_659' title='bbox 2240 4822 2425 4880; x_wconf 88' lang='lat' dir='ltr'><strong>Sancti</strong></span> <span class='ocrx_word' id='word_1_660' title='bbox 2451 4819 2660 4877; x_wconf 83' lang='lat' dir='ltr'><strong>Arnulli</strong></span> <span class='ocrx_word' id='word_1_661' title='bbox 2704 4820 2773 4876; x_wconf 92' lang='lat' dir='ltr'><strong>de</strong></span> <span class='ocrx_word' id='word_1_662' title='bbox 2818 4818 3062 4888; x_wconf 90' lang='lat' dir='ltr'><strong>Crispeio</strong></span> <span class='ocrx_word' id='word_1_663' title='bbox 3097 4817 3198 4872; x_wconf 88' lang='lat' dir='ltr'><strong>sub</strong></span> <span class='ocrx_word' id='word_1_664' title='bbox 3226 4826 3424 4874; x_wconf 72' lang='lat' dir='ltr'><strong>vestras</strong></span> 
     </span>
    </p>
   </div>
   <div class='ocr_carea' id='block_1_109' title="bbox 1830 4907 3427 4979">
    <p class='ocr_par' dir='ltr' id='par_1_109' title="bbox 1830 4907 3427 4979">
     <span class='ocr_line' id='line_1_109' title="bbox 1830 4907 3427 4979; baseline -0.006 -7"><span class='ocrx_word' id='word_1_665' title='bbox 1830 4915 2190 4973; x_wconf 63' lang='lat' dir='ltr'><strong>sanctissima</strong></span> <span class='ocrx_word' id='word_1_666' title='bbox 2227 4910 2612 4970; x_wconf 89' lang='lat' dir='ltr'><strong>dominationis</strong></span> <span class='ocrx_word' id='word_1_667' title='bbox 2655 4919 2960 4978; x_wconf 65' lang='lat' dir='ltr'><strong>vestraeque</strong></span> <span class='ocrx_word' id='word_1_668' title='bbox 2999 4907 3427 4979; x_wconf 64' lang='lat' dir='ltr'><strong>religiosissima</strong></span> 
     </span>
    </p>
   </div>
   <div class='ocr_carea' id='block_1_110' title="bbox 1832 4995 3423 5072">
    <p class='ocr_par' dir='ltr' id='par_1_110' title="bbox 1832 4995 3423 5072">
     <span class='ocr_line' id='line_1_110' title="bbox 1832 4995 3423 5072; baseline -0.007 -9"><span class='ocrx_word' id='word_1_669' title='bbox 1832 5006 2138 5063; x_wconf 84' lang='lat' dir='ltr'><strong>sanctitatis</strong></span> <span class='ocrx_word' id='word_1_670' title='bbox 2163 5005 2414 5061; x_wconf 87' lang='lat' dir='ltr'><strong>omnibus</strong></span> <span class='ocrx_word' id='word_1_671' title='bbox 2437 5001 2616 5059; x_wconf 87' lang='lat' dir='ltr'><strong>modis</strong></span> <span class='ocrx_word' id='word_1_672' title='bbox 2643 5000 2908 5057; x_wconf 85' lang='lat' dir='ltr'><strong>subdatur</strong></span> <span class='ocrx_word' id='word_1_673' title='bbox 2928 4998 3179 5072; x_wconf 90' lang='lat' dir='ltr'><strong>imperio.</strong></span> <span class='ocrx_word' id='word_1_674' title='bbox 3204 4995 3271 5053; x_wconf 86' lang='lat' dir='ltr'><strong>Et</strong></span> <span class='ocrx_word' id='word_1_675' title='bbox 3294 4997 3423 5070; x_wconf 86' lang='lat' dir='ltr'><strong>quia</strong></span> 
     </span>
    </p>
   </div>
   <div class='ocr_carea' id='block_1_111' title="bbox 1832 5091 3424 5174">
    <p class='ocr_par' dir='ltr' id='par_1_111' title="bbox 1832 5091 3424 5174">
     <span class='ocr_line' id='line_1_111' title="bbox 1832 5091 3424 5174; baseline -0.006 -15"><span class='ocrx_word' id='word_1_676' title='bbox 1832 5110 2157 5174; x_wconf 80' lang='lat' dir='ltr'><strong>exoptamus</strong></span> <span class='ocrx_word' id='word_1_677' title='bbox 2212 5098 2369 5156; x_wconf 92' lang='lat' dir='ltr'><strong>nobis</strong></span> <span class='ocrx_word' id='word_1_678' title='bbox 2419 5094 2737 5153; x_wconf 71' lang='lat' dir='ltr'><strong>amnitatem</strong></span> <span class='ocrx_word' id='word_1_679' title='bbox 2790 5101 2988 5150; x_wconf 69' lang='lat' dir='ltr'><strong>vestra:</strong></span> <span class='ocrx_word' id='word_1_680' title='bbox 3036 5091 3323 5158; x_wconf 87' lang='lat' dir='ltr'><strong>bonitatis,</strong></span> <span class='ocrx_word' id='word_1_681' title='bbox 3366 5092 3424 5151; x_wconf 87' lang='lat' dir='ltr'><strong>in</strong></span> 
     </span>
    </p>
   </div>
   <div class='ocr_carea' id='block_1_112' title="bbox 1834 5184 3519 5259">
    <p class='ocr_par' dir='ltr' id='par_1_112' title="bbox 1834 5184 3519 5259">
     <span class='ocr_line' id='line_1_112' title="bbox 1834 5184 3519 5259; baseline -0.007 -7"><span class='ocrx_word' id='word_1_682' title='bbox 1834 5195 2040 5252; x_wconf 91' lang='lat' dir='ltr'><strong>ditione</strong></span> <span class='ocrx_word' id='word_1_683' title='bbox 2066 5201 2246 5250; x_wconf 91' lang='lat' dir='ltr'><strong>vestra</strong></span> <span class='ocrx_word' id='word_1_684' title='bbox 2276 5192 2439 5248; x_wconf 92' lang='lat' dir='ltr'><strong>situm</strong></span> <span class='ocrx_word' id='word_1_685' title='bbox 2472 5190 2547 5245; x_wconf 89' lang='lat' dir='ltr'><strong>sit</strong></span> <span class='ocrx_word' id='word_1_686' title='bbox 2578 5186 2810 5259; x_wconf 91' lang='lat' dir='ltr'><strong>ponendi</strong></span> <span class='ocrx_word' id='word_1_687' title='bbox 2841 5194 2897 5241; x_wconf 90' lang='lat' dir='ltr'><strong>et</strong></span> <span class='ocrx_word' id='word_1_688' title='bbox 2922 5185 3206 5241; x_wconf 87' lang='lat' dir='ltr'><strong>auferendi</strong></span> <span class='ocrx_word' id='word_1_689' title='bbox 3236 5184 3423 5257; x_wconf 82' lang='lat' dir='ltr'><strong>cujus-</strong></span> <span class='ocrx_word' id='word_1_690' title='bbox 3510 5200 3519 5224; x_wconf 65' lang='grc' dir='ltr'><em>ί</em></span> 
     </span>
    </p>
   </div>
   <div class='ocr_carea' id='block_1_113' title="bbox 1838 5275 3424 5357">
    <p class='ocr_par' dir='ltr' id='par_1_113' title="bbox 1838 5275 3424 5357">
     <span class='ocr_line' id='line_1_113' title="bbox 1838 5275 3424 5357; baseline -0.009 -14"><span class='ocrx_word' id='word_1_691' title='bbox 1838 5302 2051 5357; x_wconf 90' lang='lat' dir='ltr'><strong>cunque</strong></span> <span class='ocrx_word' id='word_1_692' title='bbox 2095 5298 2341 5356; x_wconf 62' lang='lat' dir='ltr'><strong>personae</strong></span> <span class='ocrx_word' id='word_1_693' title='bbox 2369 5279 2682 5345; x_wconf 90' lang='lat' dir='ltr'><strong>volueritis,</strong></span> <span class='ocrx_word' id='word_1_694' title='bbox 2706 5286 2758 5333; x_wconf 89' lang='lat' dir='ltr'><strong>et</strong></span> <span class='ocrx_word' id='word_1_695' title='bbox 2788 5277 2892 5333; x_wconf 89' lang='lat' dir='ltr'><strong>hoc</strong></span> <span class='ocrx_word' id='word_1_696' title='bbox 2918 5275 3155 5346; x_wconf 91' lang='lat' dir='ltr'><strong>quandiu</strong></span> <span class='ocrx_word' id='word_1_697' title='bbox 3178 5275 3288 5329; x_wconf 86' lang='lat' dir='ltr'><strong>vita</strong></span> <span class='ocrx_word' id='word_1_698' title='bbox 3322 5275 3424 5330; x_wconf 84' lang='lat' dir='ltr'><strong>ista</strong></span> 
     </span>
    </p>
   </div>
   <div class='ocr_carea' id='block_1_114' title="bbox 1837 5365 3427 5445">
    <p class='ocr_par' dir='ltr' id='par_1_114' title="bbox 1837 5365 3427 5445">
     <span class='ocr_line' id='line_1_114' title="bbox 1837 5365 3427 5445; baseline -0.01 -9"><span class='ocrx_word' id='word_1_699' title='bbox 1837 5378 2115 5436; x_wconf 87' lang='lat' dir='ltr'><strong>fruemini.</strong></span> <span class='ocrx_word' id='word_1_700' title='bbox 2138 5374 2498 5445; x_wconf 72' lang='lat' dir='ltr'><strong>concedimus</strong></span> <span class='ocrx_word' id='word_1_701' title='bbox 2519 5379 2780 5445; x_wconf 69' lang='lat' dir='ltr'><strong>praeterea</strong></span> <span class='ocrx_word' id='word_1_702' title='bbox 2809 5367 2983 5442; x_wconf 91' lang='lat' dir='ltr'><strong>gratia</strong></span> <span class='ocrx_word' id='word_1_703' title='bbox 3008 5365 3195 5434; x_wconf 85' lang='lat' dir='ltr'><strong>vestri,</strong></span> <span class='ocrx_word' id='word_1_704' title='bbox 3225 5374 3284 5420; x_wconf 92' lang='lat' dir='ltr'><strong>ut</strong></span> <span class='ocrx_word' id='word_1_705' title='bbox 3304 5375 3427 5437; x_wconf 88' lang='lat' dir='ltr'><strong>post</strong></span> 
     </span>
    </p>
   </div>
   <div class='ocr_carea' id='block_1_115' title="bbox 1841 5454 3427 5526">
    <p class='ocr_par' dir='ltr' id='par_1_115' title="bbox 1841 5454 3427 5526">
     <span class='ocr_line' id='line_1_115' title="bbox 1841 5454 3427 5526; baseline -0.011 0"><span class='ocrx_word' id='word_1_706' title='bbox 1841 5472 2124 5526; x_wconf 88' lang='lat' dir='ltr'><strong>decessum</strong></span> <span class='ocrx_word' id='word_1_707' title='bbox 2153 5476 2396 5524; x_wconf 92' lang='lat' dir='ltr'><strong>vestrum</strong></span> <span class='ocrx_word' id='word_1_708' title='bbox 2437 5476 2723 5521; x_wconf 91' lang='lat' dir='ltr'><strong>successor</strong></span> <span class='ocrx_word' id='word_1_709' title='bbox 2747 5470 2929 5517; x_wconf 89' lang='lat' dir='ltr'><strong>vester</strong></span> <span class='ocrx_word' id='word_1_710' title='bbox 2954 5458 3145 5523; x_wconf 90' lang='lat' dir='ltr'><strong>abbas,</strong></span> <span class='ocrx_word' id='word_1_711' title='bbox 3173 5454 3427 5510; x_wconf 90' lang='lat' dir='ltr'><strong>videlicet</strong></span> 
     </span>
    </p>
   </div>
   <div class='ocr_carea' id='block_1_116' title="bbox 1837 5546 3427 5627">
    <p class='ocr_par' dir='ltr' id='par_1_116' title="bbox 1837 5546 3427 5627">
     <span class='ocr_line' id='line_1_116' title="bbox 1837 5546 3427 5627; baseline -0.011 -8"><span class='ocrx_word' id='word_1_712' title='bbox 1837 5560 2235 5627; x_wconf 89' lang='lat' dir='ltr'><strong>Cluniacensis,</strong></span> <span class='ocrx_word' id='word_1_713' title='bbox 2297 5559 2495 5613; x_wconf 87' lang='lat' dir='ltr'><strong>habeat</strong></span> <span class='ocrx_word' id='word_1_714' title='bbox 2542 5561 2869 5627; x_wconf 90' lang='lat' dir='ltr'><strong>potestatem</strong></span> <span class='ocrx_word' id='word_1_715' title='bbox 2913 5549 3148 5626; x_wconf 90' lang='lat' dir='ltr'><strong>ponendi</strong></span> <span class='ocrx_word' id='word_1_716' title='bbox 3175 5546 3427 5602; x_wconf 83' lang='lat' dir='ltr'><strong>abbatem</strong></span> 
     </span>
    </p>
   </div>
   <div class='ocr_carea' id='block_1_117' title="bbox 1841 5633 3426 5733">
    <p class='ocr_par' dir='ltr' id='par_1_117' title="bbox 1841 5633 3426 5733">
     <span class='ocr_line' id='line_1_117' title="bbox 1841 5633 3426 5733; baseline -0.015 -23"><span class='ocrx_word' id='word_1_717' title='bbox 1841 5655 1895 5710; x_wconf 94' lang='lat' dir='ltr'><strong>in</strong></span> <span class='ocrx_word' id='word_1_718' title='bbox 1932 5651 2244 5724; x_wconf 89' lang='lat' dir='ltr'><strong>supradicta</strong></span> <span class='ocrx_word' id='word_1_719' title='bbox 2284 5648 2548 5716; x_wconf 53' lang='lat' dir='ltr'><strong>ecclesia,</strong></span> <span class='ocrx_word' id='word_1_720' title='bbox 2603 5644 2900 5702; x_wconf 89' lang='lat' dir='ltr'><strong>secundum</strong></span> <span class='ocrx_word' id='word_1_721' title='bbox 2948 5641 3270 5697; x_wconf 89' lang='lat' dir='ltr'><strong>electionem</strong></span> <span class='ocrx_word' id='word_1_722' title='bbox 3300 5633 3426 5733; x_wconf 83' lang='lat' dir='ltr'><strong>Clu-</strong></span> 
     </span>
    </p>
   </div>
   <div class='ocr_carea' id='block_1_118' title="bbox 1841 5731 3431 5812">
    <p class='ocr_par' dir='ltr' id='par_1_118' title="bbox 1841 5731 3431 5812">
     <span class='ocr_line' id='line_1_118' title="bbox 1841 5731 3431 5812; baseline -0.016 -7"><span class='ocrx_word' id='word_1_723' title='bbox 1841 5744 2113 5805; x_wconf 84' lang='lat' dir='ltr'><strong>niacensis</strong></span> <span class='ocrx_word' id='word_1_724' title='bbox 2170 5738 2389 5812; x_wconf 79' lang='lat' dir='ltr'><strong>capituli</strong></span> <span class='ocrx_word' id='word_1_725' title='bbox 2444 5755 2459 5797; x_wconf 85' lang='lat'><strong>:</strong></span> <span class='ocrx_word' id='word_1_726' title='bbox 2509 5739 2584 5795; x_wconf 83' lang='lat' dir='ltr'><strong>ita</strong></span> <span class='ocrx_word' id='word_1_727' title='bbox 2642 5745 2826 5795; x_wconf 85' lang='lat' dir='ltr'><strong>tamen</strong></span> <span class='ocrx_word' id='word_1_728' title='bbox 2887 5742 2949 5790; x_wconf 91' lang='lat' dir='ltr'><strong>ut</strong></span> <span class='ocrx_word' id='word_1_729' title='bbox 3007 5731 3431 5789; x_wconf 77' lang='lat' dir='ltr'><strong>Silvanectensis</strong></span> 
     </span>
    </p>
   </div>
  </div>
