3928 6298
573 343 690 400 975‘

1761 345 1822 403 s.
1862 345 2055 403 nuce
2089 342 2315 402 ABBAS
2351 345 2664 408 CLUNIAC.
3025 312 3039 318 ”
3675 355 3749 414 θη

577 457 824 514 Ecclesia
880 465 936 514 et
987 455 1228 528 ejusdem
1266 455 1572 528 episcopus,
1623 470 1686 514 ea
1725 472 1846 528 quae
1874 457 2170 513 secundum
2201 459 2249 518 Α
2278 459 2412 528 pisci
2442 460 2584 515 dono
2621 457 2738 527 ejus
2781 459 2874 530 qui
2922 459 3206 515 investltns
3248 465 3332 515 est
3371 462 3569 530 poterit,
3608 469 3754 524 tenebit

577 553 749 608 Deum
777 559 832 606 et
859 549 1240 604 auctoritatem
1287 546 1388 603 SS.
1422 547 1640 604 Patrum
1667 548 1917 605 obtinere
1946 549 2163 614 debent,

579 659 687 698 non
716 642 998 708 amittant;
1032 655 1218 696 verum
1248 654 1309 695 ea
1341 641 1638 696 secundum
1677 643 1818 712 quod
1866 643 2162 698 canonicus

578 733 713 788 ordo
742 731 1116 802 postulaverit,
1143 731 1444 786 obtineant.
1501 729 1578 786 Ne
1617 731 1746 800 quid
1789 739 1969 786 autem
2003 745 2166 802 grave

579 824 832 878 videatur
876 830 1070 877 vestrae
1099 822 1504 892 benignissimae
1536 821 1846 890 paternitati
1889 822 1940 875 in
1974 821 2164 891 hujus-

579 913 727 970 modi
758 912 1163 977 constitutione,
1192 913 1514 968 mandamus
1541 913 1668 982 quia
1695 912 1820 967 dum
1847 912 2165 981 praesentia-

579 1003 708 1062 liter
737 1005 954 1061 insimul
977 1004 1139 1060 locuti
1162 1004 1446 1072 fuerimus,
1470 1007 1580 1061 Deo
1604 1004 1838 1069 volente,
1867 1002 2163 1058 secundum

582 1095 929 1151 discretionis
982 1104 1179 1150 vestrae
1232 1094 1515 1148 consilium
1569 1092 1712 1162 quod
1770 1092 2164 1146 emendandum

581 1186 745 1244 fuerit
767 1186 1206 1252 emendabimus;
1235 1200 1332 1242 vos
1360 1194 1540 1240 autem
1573 1184 1627 1238 iu
1653 1184 1903 1254 praesenti
1925 1176 2168 1238 ecclesiae

582 1276 868 1332 consulite.

1311 1411 1430 1467 XX.

586 1525 723 1580 Acta
745 1525 1038 1580 concordiae
1071 1525 1214 1582 inilw
1243 1525 1296 1577 in
1321 1523 1544 1576 concilio
1591 1521 2004 1576 Claromontano
2036 1523 2171 1574 inter

661 1593 936 1664 "agonem
971 1594 1206 1664 abbatem
1240 1593 1631 1648 Cluniacensem
1661 1603 1707 1646 et
1733 1591 1983 1646 Pontium
2013 1591 2177 1644 abba-

648 1663 767 1718 tem
784 1663 952 1718 Casw-
962 1663 1078 1718 Dei.

1183 1753 1362 1821 (Anno
1386 1751 1566 1821 1096.)

980 1843 1230 1916 [Βλιυῑη
1260 1843 1507 1908 Miscell.,
1537 1841 1622 1908 Ill,
1655 1840 1771 1913 56.]

671 1931 931 1991 Noverint
978 1949 1168 1989 omnes
1213 1933 1466 1988 Ecclesia:
1498 1933 1588 1987 Dei
1621 1932 1828 1996 ﬁdeles,
1877 1940 1988 1986 tam
2032 1945 2170 1999 prae-

584 2033 772 2082 sentes
820 2040 981 2094 quam
1031 2024 1258 2094 posteri,
1308 2023 1542 2093 qualiter
1592 2023 1824 2077 domnus
1880 2021 2034 2092 Hugo
2072 2020 2172 2074 ab-

587 2116 689 2173 bas
731 2115 1101 2172 Cluniacensis
1149 2124 1204 2170 et
1253 2115 1484 2170 domnus
1528 2114 1752 2168 Pontius
1796 2114 1968 2169 abbas
1996 2111 2172 2177 Casce-

587 2204 708 2271 Dei,
758 2205 1059 2276 fratresque
1105 2220 1293 2261 eorum
1342 2205 1395 2259 in
1443 2203 1876 2259 Claromouteusi
1930 2202 2172 2258 concilio

590 2308 692 2364 per
720 2309 940 2350 manum
963 2295 1166 2349 domini
1197 2309 1348 2364 papa:
1377 2292 1580 2348 Urbani
1610 2292 1831 2348 secundi
1865 2301 1919 2346 et
1946 2306 2171 2347 venera-

589 2382 777 2438 bilium
843 2383 1378 2454 archiepisc0porutn
1429 2381 1613 2437 domui
1661 2381 1907 2452 l‘lugouis
1951 2381 2172 2452 Lugdu-

591 2471 779 2525 nensis
804 2479 860 2525 et
889 2470 1073 2525 domui
1103 2471 1384 2526 Aldeberti
1427 2470 1787 2526 Bituricensis
1836 2472 2172 2542 aliorumque

591 2561 886 2616 multorum
916 2561 1290 2633 religiosorum
1320 2562 1582 2628 virorum,
1616 2562 1788 2632 sapita
1814 2563 1960 2617 omni
1990 2562 2174 2616 simul-

591 2659 705 2706 tate
724 2667 843 2723 qua:
883 2652 1024 2708 inter
1048 2667 1141 2708 eos
1162 2667 1226 2708 ex
1252 2652 1576 2722 quibusdam
1599 2653 1978 2709 occasionibus
1999 2667 2172 2708 emer-

591 2750 764 2808 serat,
793 2742 847 2796 in
878 2757 1068 2812 pacem
1107 2751 1163 2797 et
1186 2743 1532 2798 concordiam
1559 2741 1842 2798 redierint.
1879 2741 2172 2796 Sciendum

590 2846 676 2892 est
726 2838 908 2907 itaque
952 2837 1079 2907 quia
1121 2836 1356 2892 domnus
1404 2835 1570 2892 abbas
1622 2835 1850 2890 Pontius
1880 2843 1933 2890 et
1974 2833 2172 2889 fratres

590 2929 867 2986 Cassa-Dei
915 2935 1301 2984 concesserunt
1351 2929 1548 2982 domno
1614 2925 1826 2997 llugoui
1884 2925 2064 2980 abbati
2119 2932 2173 2979 et

591 3020 856 3077 fratribus
916 3019 1358 3076 Cluniacensibus
1412 3019 1707 3074 Boortense
1779 3018 2170 3073 monasterium

597 3121 654 3168 et
675 3111 962 3168 ecclesiam
1005 3112 1072 3166 de
1111 3111 1395 3176 Aniberto,
1426 3110 1713 3166 ecclesiam
1740 3124 1953 3178 quoque
1984 3108 2167 3164 Sancti

594 3199 856 3271 Stephani
898 3201 966 3256 de
997 3199 1254 3265 Castello,
1296 3207 1351 3254 et
1387 3199 1670 3254 ecclesiam
1711 3198 1959 3267 Digueio,
2006 3207 2167 3270 atque

597 3290 883 3345 ecclesiam
907 3292 974 3344 de
993 3288 1274 3354 Cosantia,
1303 3289 1701 3358 ecclesiamque
1739 3288 1804 3342 de
1830 3285 2088 3360 Vougeio,
2115 3295 2170 3343 et

593 3379 878 3434 ecclesiam
941 3380 1007 3434 de
1045 3378 1320 3444 Prisceio,
1365 3387 1527 3450 atque
1586 3377 1873 3433 ecclesiam
1924 3378 1990 3433 de
2045 3376 2170 3433 Snio

595 3472 795 3536 reiaco,
813 3486 934 3525 cum
957 3471 1208 3526 omnibus
1223 3485 1407 3524 earum
1431 3469 1786 3540 appendiciis,
1809 3479 1917 3524 tam
1935 3470 1987 3524 in
2011 3471 2171 3525 terris

593 3569 652 3615 et
684 3559 1122 3628 possessionibus
1161 3575 1324 3630 quam
1361 3560 1414 3613 in
1443 3559 1667 3614 decimis
1695 3560 2016 3630 caeterisque
2051 3561 2171 3616 red-

595 3650 813 3712 ditibus,
846 3658 901 3704 et
932 3658 1141 3719 partem
1175 3648 1397 3704 decima:
1426 3648 1493 3704 de
1518 3649 1744 3705 ecclesia
1772 3647 2006 3715 Cosiaci,
2045 3666 2172 3720 par-

595 3750 704 3796 tem
736 3755 950 3812 quoque
981 3741 1206 3796 decimae
1241 3756 1400 3810 quam
1450 3740 1723 3796 habebant
1751 3742 1804 3795 in
1833 3741 2073 3797 Ecclesia
2105 3743 2172 3797 de

595 3831 822 3899 Judaeis,
853 3841 911 3887 ut
952 3833 1186 3887 habeant
1215 3831 1470 3901 deinceps
1509 3831 1624 3887 base
1652 3832 1834 3888 omnia
1881 3831 1934 3886 in
1977 3847 2169 3902 perpe.

595 3931 766 3978 tuum.
820 3924 862 3978 E
896 3937 1159 3978 converso
1203 3923 1433 3978 domnus
1474 3922 1643 3977 abbas
1688 3921 2061 3977 Cluuiacensis
2115 3932 2172 3978 ct

597 4011 798 4068 fratres
843 4011 960 4080 ejus
987 4021 1375 4068 concesserunt
1411 4013 1609 4068 domno
1653 4013 1834 4068 abbati
1889 4011 2171 4069 Casae—Dei

599 4111 655 4157 et
679 4101 936 4157 fratribus
977 4101 1093 4170 ejus
1141 4103 1503 4158 obedientiam
1547 4103 1614 4158 de
1660 4101 1984 4158 Castellione
2017 4102 2170 4171 juxta

601 4200 840 4245 castrum
863 4193 1179 4246 Corziacurn
1220 4201 1275 4247 et
1304 4193 1588 4249 ecclesiam
1630 4194 1698 4250 de
1743 4192 1881 4250 Casa
1924 4193 2169 4251 Mediana

598 4295 723 4336 cum
757 4285 1007 4338 munibus
1031 4284 1099 4337 ad
1125 4299 1218 4340 eas
1252 4287 1650 4356 pertinentibus
1677 4299 1736 4342 ut
1770 4287 2082 4356 possideant
2108 4302 2173 4343 ea

599 4371 780 4424 omnia
811 4371 864 4425 in
899 4380 1236 4440 perpetuum,
1268 4375 1340 4427 ita
1381 4383 1557 4430 tamen
1587 4385 1646 4430 ut
1674 4377 1724 4430 in
1755 4377 1894 4431 Casa
1924 4377 2169 4434 Mediana

599 4461 905 4518 habitantes
952 4464 1198 4517 monachi
1248 4473 1446 4534 przeter
1491 4465 1624 4522 duos
1661 4478 1755 4522 aut
1782 4477 1889 4524 tres
1922 4485 2030 4525 non
2066 4472 2164 4526 ha-
2193 4501 2246 4562 Β

595 4553 851 4621 beantur,
900 4554 1210 4611 habitantes
1237 4567 1418 4610 autem
1445 4557 1499 4611 in
1529 4558 1750 4614 castello
1773 4561 1917 4630 quod
1944 4573 2170 4620 vocatur

594 4646 966 4704 Castellutiutn
1022 4646 1258 4704 habeant
1309 4647 1620 4706 facultatem
1666 4653 1961 4722 sepeliendi
2000 4655 2084 4710 vel
2115 4657 2168 4711 in

594 4739 916 4797 cmmeterio
963 4737 1182 4808 capellae
1218 4738 1386 4811 ipsius
1421 4740 1624 4796 castelli
1659 4743 1741 4798 vel
1769 4743 1821 4798 in
1847 4745 2075 4801 ecclesia
2103 4746 2170 4804 de

595 4831 818 4894 Auzae,
859 4845 980 4898 qua:
1023 4837 1110 4884 est
1163 4829 1505 4899 parochialis.
1547 4833 1754 4889 Caetera
1808 4851 1939 4892 vero
1989 4840 2169 4895 omnia

597 4934 717 4991 quae
747 4935 813 4976 eo
840 4921 926 4976 die
951 4921 1002 4975 in
1048 4935 1155 4991 quo
1200 4920 1314 4977 haec
1361 4925 1650 4980 concordia
1702 4927 1843 4982 facta
1881 4938 1964 4985 est
1992 4931 2170 5002 aliqua

597 5012 914 5068 investitura
960 5022 1067 5068 tam
1114 5013 1308 5071 fratres
1345 5015 1729 5075 Cluniacenses
1768 5035 1929 5090 quam
1975 5023 2170 5082 fratres

578 5101 875 5156 .Casw-Dei
927 5104 1184 5158 tenebant
1226 5104 1482 5160 finierunt
1507 5109 1608 5163 sibi
1642 5111 1694 5164 in
1725 5121 1981 5181 perpetua
2017 5129 2168 5183 pace,

602 5208 704 5246 nec
729 5197 829 5250 sibi
878 5197 1131 5277 deinceps
1168 5213 1232 5254 ea
1278 5201 1344 5254 ad
1394 5200 1626 5258 invicem
1675 5195 2166 5264 calumniabuutur.

601 5279 980 5342 Convenerunt
1002 5290 1165 5343 etiam
1190 5289 1331 5346 iuter
1359 5307 1418 5348 se
1441 5301 1498 5348 ut
1523 5307 1854 5367 quaecunque
1884 5299 1949 5355 de
1971 5311 2172 5356 caetero

603 5383 762 5430 terra:
791 5377 874 5432 vel
903 5382 1274 5448 possessiones
1308 5382 1409 5440 sibi
1439 5385 1699 5445 darentur
1726 5391 1794 5446 ab
1824 5390 1931 5447 illis
1957 5393 2046 5462 qui
2077 5408 2172 5450 eas

601 5465 781 5536 aliqua
809 5467 1123 5527 investitura
1153 5481 1414 5540 tenerent,
1446 5477 1640 5535 fratres
1665 5481 1738 5535 illi
1767 5482 1855 5552 qui
1890 5483 2012 5539 inde
2033 5499 2169 5554 qua-

599 5557 866 5630 lecunque
921 5560 1118 5616 donum
1171 5569 1529 5636 susceperint,
1569 5586 1663 5627 ens
1692 5573 1791 5628 sibi
1823 5575 1939 5628 sine
1968 5575 2171 5630 calum-

598 5650 685 5705 nia
713 5660 768 5706 et
792 5651 1089 5724 quptione
1120 5653 1348 5709 aliorum
1375 5653 1629 5716 habeant.
1663 5662 1718 5716 lu
1744 5661 2002 5718 Ecclesiis
2041 5679 2171 5722 vero

599 5735 968 5808 acquirendis,
1013 5737 1320 5808 quicunque
1347 5757 1540 5798 eorum
1564 5747 1796 5815 primum
1822 5759 2031 5818 partem
2056 5751 2170 5807 adi-

2223 563 2385 608 'eatn
2423 552 2476 606 in
2521 565 2676 621 pace,
2725 564 2829 604 nec
2874 550 3102 620 quilibet
3149 549 3370 604 alterius
3412 556 3757 624 congregationis

2265 641 2376 695 vim
2409 649 2502 695 aut
2531 639 2859 694 calumniam
2888 640 3089 696 iulerre
3109 641 3330 710 poterit,
3379 657 3472 696 nec
3518 646 3756 712 acquirendi

2264 731 2348 786 vel
2377 731 2679 787 zedilicandi
2706 731 3000 786 ecclesiam
3040 732 3091 786 in
3125 733 3238 802 ipsa
3265 735 3534 803 parrochia
3559 735 3757 792 licentiam

2264 823 2351 878 vel
2396 821 2716 878 facultatem
2763 823 3003 878 habebit.
3030 823 3358 878 Clericorutn
3385 835 3550 880 autem
3576 828 3641 882 vel
3662 831 3759 884 mili-

2269 923 2383 970 tum
2429 915 2681 986 quisquis
2725 915 2778 970 iu
2829 915 3100 970 extremis
3132 915 3357 985 positus,
3403 917 3664 986 cuicunque
3683 920 3759 975 loco

2266 1021 2456 1062 eorum
2509 1023 2630 1063 sese
2677 1008 2745 1062 ad
2798 1007 3176 1077 sepeliendum
3223 1007 3576 1074 destinaverit,
3608 1010 3661 1064 ibi
3683 1013 3759 1066 sine

2265 1097 2540 1155 calumnia
2587 1097 2906 1169 sepelietur,
2965 1106 3022 1151 et
3068 1113 3405 1166 quaecunque
3443 1098 3626 1154 dederit
3661 1100 3759 1156 locut

2269 1193 2384 1263 ipse
2408 1194 2461 1248 in
2492 1207 2626 1262 pace
2653 1191 2936 1256 retinebit,
2967 1191 3181 1246 etiamsi
3207 1205 3268 1245 se
3289 1191 3376 1244 vel
3404 1207 3493 1245 sua
3517 1193 3640 1262 prius
3658 1196 3759 1250 alteri

2268 1287 2410 1357 parti
2461 1285 2754 1346 devoverit,
2802 1293 3030 1352 excepto
3072 1283 3214 1352 quod
3263 1284 3309 1338 si
3353 1284 3522 1353 aliqua
3566 1284 3659 1340 aliis
3680 1302 3758 1341 cun

2273 1378 2600 1435 investitura
2644 1376 2879 1447 primunt
2922 1375 3089 1440 dedit,
3137 1391 3242 1430 non
3291 1375 3470 1431 licebit
3489 1390 3545 1429 ea
3570 1377 3650 1431 nisi
3672 1379 3756 1447 ipsis

2271 1470 2362 1538 qui
2387 1470 2513 1523 inde
2539 1467 2776 1522 iuvestiti
2813 1467 3026 1521 fuerant
3055 1466 3275 1521 habere.
3306 1465 3617 1535 Cupientium
3639 1470 3757 1522 venirt

2273 1560 2345 1615 ad
2391 1559 2758 1614 mouasticum
2803 1557 3050 1612 ordinem
3102 1567 3158 1611 et
3204 1555 3468 1623 habiturn,
3508 1556 3616 1610 nulli
3649 1561 3757 1612 susci-

2275 1650 2457 1721 piendi
2495 1650 2696 1716 aditus,
2737 1662 3065 1719 quocunque
3098 1647 3180 1702 ire
3211 1647 3364 1711 velit,
3393 1648 3458 1702 ab
3481 1647 3624 1702 altero
3641 1651 3758 1716 prohi-

2277 1741 2520 1807 bebitur,
2563 1739 2780 1794 etiamsi
2823 1752 2882 1792 se
2909 1737 2958 1793 ei
2989 1737 3226 1809 primum
3264 1737 3549 1793 devoverit.
3575 1736 3758 1807 Etsiqin

2204 1817 2247 1872 Β
2278 1841 2403 1888 tunc
2432 1831 2662 1901 largitus
2686 1829 2870 1898 fuerit,
2922 1831 3074 1886 locus
3117 1831 3234 1899 ipse
3273 1845 3432 1900 quem
3463 1831 3701 1900 ingreditur
3725 1831 3759 1882 in

2274 1940 2410 1994 pace
2465 1925 2786 1994 possidebit,
2837 1924 3082 1994 exceptis
3120 1925 3206 1978 his
3242 1939 3365 1993 quae
3392 1937 3505 1976 cum
3528 1923 3759 1976 iuvestilun

2273 2017 2393 2072 aliis
2427 2017 2659 2087 primum
2694 2016 2940 2070 contulit.
2971 2014 3219 2084 Suscepti
3245 2014 3314 2068 ad
3340 2014 3564 2068 habitum
3585 2014 3753 2067 transire

2272 2107 2340 2162 ab
2368 2121 2476 2160 uuo
2505 2105 2572 2160 ad
2612 2105 2842 2161 alterum
2874 2106 3271 2161 monasterium
3300 2119 3406 2161 non
3436 2113 3665 2176 poterunt,
3692 2105 3757 2156 nisi

2273 2193 2413 2251 forte
2437 2210 2561 2249 cum
2593 2194 2813 2250 licentia
2837 2196 3057 2250 abbatis
3081 2196 3188 2249 sui.

2342 2286 2537 2340 Actum
2565 2285 2780 2355 publice
2811 2286 2955 2357 apud
2983 2285 3472 2341 Clarum-montem
3494 2293 3541 2340 et
3566 2285 3756 2338 laudatum

2272 2387 2439 2448 atque
2489 2378 2873 2434 confirmatum
2925 2379 3257 2433 auctoritate
3311 2377 3488 2433 domui
3540 2393 3654 2448 papa
3693 2378 3756 2432 [τι

2272 2469 2398 2524 bani
2426 2469 2490 2536 ΙΙ,
2518 2478 2578 2525 ut
2604 2469 2683 2526 sic
2710 2471 2778 2526 ab
2809 2471 3056 2540 utrisque
3080 2469 3402 2524 iucouvulse
3423 2478 3644 2530 teneatur,
3663 2483 3757 2519 anno

2274 2561 2344 2615 ab
2372 2561 2758 2618 lncarnatioue
2805 2561 3021 2619 Domini
3063 2561 3223 2617 1095.
3260 2560 3381 2616 Kal.
3412 2559 3759 2621 Dccembris,in~

2273 2653 2512 2710 dictione
2539 2669 2616 2711 tv.

2990 2766 3135 2822 XXI.

2276 2861 2564 2916 Raimundi
2601 2862 2916 2916 vicccomitis
2943 2861 3302 2917 Cadurcensis
3333 2863 3480 2916 vitam
3512 2855 3758 2912 monasticam

2344 2933 2398 2986 in
2430 2932 2768 2986 Moisiacensi
2791 2933 3021 2986 cwnnbio
3046 2932 3431 2999 amplectenda,
3457 2944 3498 2985 et
3526 2932 3628 2983 dttat
3652 2926 3759 2980 mtto

2342 3002 2449 3056 sias
2471 3003 2788 3073 Ausquitilio
2819 3002 2995 3055 abbati
3033 3003 3410 3056 contionantis.

2877 3092 3057 3162 (Anno
3092 3090 3278 3162 1101.)

2641 3181 2803 3256 ισαιι.
2839 3181 2988 3250 Chr.,
3020 3198 3144 3238 nov.
3179 3182 3347 3238 lustr.
3379 3181 3490 3253 40.]

2343 3278 2478 3333 Cum
2514 3277 2866 3332 manifestum
2897 3278 2968 3332 sit
2996 3277 3208 3332 beatius
3246 3291 3377 3331 esse
3405 3277 3524 3330 dare
3545 3286 3669 3344 quam
3703 3282 3757 3319 tc-

2273 3369 2454 3438 cipere
2481 3368 2622 3438 (Act.
2650 3384 2742 3435 xx,
2771 3367 2882 3439 '55),
2923 3375 2979 3421 et
3008 3375 3227 3421 moueat
3252 3376 3650 3435 unumquemque
3667 3360 3756 3416 Scu-

2272 3477 2431 3535 ptura
2460 3483 2474 3518 :
2510 3463 2761 3517 Miserere
2782 3463 2972 3516 anima:
2995 3474 3100 3516 tum
3130 3461 3351 3531 placens
3379 3460 3482 3516 Deo
3515 3455 3755 3532 (fatim.

2273 3553 2387 3622 24),
2416 3567 2514 3624 ego
2543 3551 2594 3606 iu
2625 3551 2715 3606 Dei
2752 3551 2972 3605 nomine
2993 3551 3318 3607 Βλιιιωηουε
3345 3545 3755 3607 vicecomesdictus.

2274 3643 2363 3712 qui
2386 3641 2543 3696 toties
2561 3641 2630 3696 ab
2658 3641 2782 3696 aliis
2800 3639 2940 3694 male
2969 3654 3295 3710 acceperam
3329 3643 3530 3696 tandem
3556 3631 3756 3706 aliquando

2273 3734 2412 3788 bene
2437 3734 2568 3788 dare
2599 3733 2846 3802 dispono,
2880 3741 3044 3804 atque
3069 3733 3292 3789 misera:
3321 3735 3508 3789 animae
3533 3746 3636 3786 mea:
3656 3724 3757 3792 inspi-

2275 3825 2484 3880 ratione
2507 3825 2686 3879 divina
2713 3827 2961 3881 misereri
2989 3826 3152 3896 eligo.
3182 3825 3324 3882 Nam
3359 3827 3514 3881 vitam
3542 3835 3674 3877 meam
3689 3829 3755 3884 φιλ

2277 3924 2385 3971 tam
2414 3915 2596 3986 inique
2623 3917 2890 3984 vivebam,
2933 3927 2990 3973 ut
3016 3919 3350 3974 Christianis
3389 3917 3607 3974 omnibus
3636 3911 3756 3966 audi!

2277 4016 2485 4064 tantum
2526 4008 2794 4064 nefarium
2837 4010 2932 4076 sit,
2987 4010 3303 4081 relinquens
3357 4011 3549 4073 munia,
3580 4003 3755 4074 religione

2275 4101 2575 4156 ruonastica
2603 4101 2956 4156 commutavi.
3004 4100 3280 4157 Ecclesias
3310 4117 3438 4157 vero
3459 4114 3565 4170 qua
3585 4097 3756 4151 dicuntur

2276 4191 2343 4247 de
2375 4190 2630 4258 Calzada,
2655 4207 2790 4262 quas
2812 4201 3066 4262 parentes
3111 4203 3166 4248 et
3193 4201 3556 4248 antecessores
3590 4185 3665 4241 mei
3696 4193 3755 4251 pr!

2277 4282 2643 4339 Simoniacam
2686 4284 2935 4339 hmresim
2975 4299 3142 4355 prave
3185 4285 3552 4345 distraxerant,
3587 4289 3631 4335 ut
3657 4274 3754 4330 obb-

2275 4373 2451 4429 tioues
2475 4387 2682 4438 earum,
2712 4389 2820 4428 non
2848 4388 2945 4443 per
2967 4389 3162 4429 manus
3192 4389 3506 4444 pauperum,
3543 4369 3634 4432 sed.
3661 4360 3752 4433 (ΙυθίΙ

2277 4473 2432 4535 turpe
2458 4473 2597 4533 erat,
2625 4481 2723 4535 per
2754 4480 2946 4520 manus
2974 4467 3425 4535 concubinarum,
3468 4461 3752 4521 distribueren-

2277 4565 2383 4623 tur,
2433 4556 2487 4611 in
2541 4556 2894 4627 dispositione
2940 4557 3050 4612 Deo
3099 4559 3452 4613 servientium
3509 4550 3751 4612 Ordinatio":

2274 4647 2453 4703 divina
2481 4649 2736 4704 constitui
2774 4658 2938 4718 atque
2987 4651 3289 4719 composui.
3331 4651 3437 4705 llas
3477 4649 3616 4717 igitur
3642 4637 3751 4696 eccle-

2274 4741 2384 4796 sias
2409 4755 2529 4810 quae
2575 4742 2629 4796 in
2677 4741 2994 4798 Caturceusi
3039 4757 3178 4814 pago
3227 4752 3540 4799 constructa:
3566 4738 3748 4792 videntur.

2274 4833 2448 4902 major
2477 4835 2529 4888 in
2559 4836 2764 4889 honore
2797 4846 2853 4891 et
2883 4837 3102 4892 nomine
3133 4837 3190 4890 Β.
3220 4836 3404 4892 Mariae
3439 4847 3623 4904 semper
3647 4825 3750 4894 γίνεθ’

2276 4925 2402 4980 nis:
2445 4928 2624 4980 tniuor
2650 4942 2781 4982 vero
2813 4928 2864 4982 iu
2905 4927 3111 4983 honore
3148 4929 3321 4983 sancti
3364 4925 3585 4983 Audoeui
3614 4918 3751 4976 confer

2276 5017 2446 5083 soris;
2483 5033 2605 5072 cum
2639 5019 2751 5074 suis
2779 5019 3108 5076 cmineteriis
3159 5031 3213 5074 et
3254 5019 3606 5078 oblationibus,
3629 5011 3748 5068 terris

2277 5109 2470 5175 tineis,
2511 5112 2689 5180 aquis,
2740 5113 3084 5177 molendinis,
3147 5129 3241 5170 seu
3286 5115 3429 5170 omni
3477 5103 3749 5167 ecclesiastico

2273 5202 2504 5269 honore,
2531 5213 2587 5259 et
2614 5206 2865 5262 oruuibus
2893 5208 3093 5277 ubique
3132 5209 3198 5263 ad
3233 5209 3376 5279 ipsas
3427 5197 3746 5278 pertinentibus

2273 5309 2374 5367 ego
2422 5298 2765 5366 supradictus
2837 5299 3206 5366 llaimundus,
3261 5299 3519 5368 simulque
3569 5291 3642 5347 filii
3683 5282 3746 5338 md

2274 5387 2502 5444 Pontius
2532 5398 2587 5445 et
2609 5390 2824 5456 Petrus,
2849 5393 3114 5447 donamus
3140 5401 3194 5447 et
3222 5390 3555 5461 relinquimus
3594 5375 3747 5436 Domit!0

2271 5479 2384 5536 Deo
2411 5481 2806 5548 universorum,
2834 5491 2889 5537 et
2908 5481 3240 5538 beatissimis
3268 5479 3512 5552 apostolis
3535 5475 3628 5544 ejus
3642 5468 3747 5523 Petro

2272 5580 2327 5626 et
2357 5572 2548 5638 Paulo,
2582 5573 2634 5628 iu
2677 5572 2816 5628 locis
2866 5574 3268 5629 venerabilibus
3308 5574 3548 5628 Cluniaeo
3586 5556 3747 5620 elNOiS'

2272 5665 2439 5732 siaco,
2465 5667 2751 5722 abbatibus
2777 5681 2994 5736 quoque
3012 5668 3364 5736 praesentibus
3395 5667 3573 5720 domno
3605 5643 3745 5744 ηιιεοιξί

2272 5765 2328 5812 et
2357 5758 2557 5813 domno
2581 5758 2890 5831 Asquitilio,
2920 5759 3239 5830 cunctisque
3267 5772 3462 5834 eorum
3511 5751 3746 5809 successor?
