3928 6298
167 368 241 423 77
986 358 1443 451 DIVEBSORUM
1484 355 1924 416 DONATIONES
1966 361 2102 418 PLE
2140 362 2277 422 PRO
2311 361 2625 421 CLUNIAC.

3306 363 3410 417 978

119 491 260 553 bus,
292 494 400 541 tam
441 482 731 544 abbatibus
771 495 934 551 quam
980 481 1267 537 monachis
1316 480 1370 534 in
1402 479 1536 548 ipsis
1583 477 1720 532 locis
1749 479 1796 538 A
1825 481 2039 550 gaudus
2063 480 2264 536 domno
2289 477 2500 550 Hugoni
2522 473 2963 532 Cluniacensium
2990 473 3298 530 venerando
3318 475 3414 528 ab-

120 578 247 634 Deo
271 573 659 638 servientibus,
684 580 744 626 ut
776 570 1031 636 habeam,
1057 579 1277 625 teneant
1322 577 1378 634 et
1407 568 1721 639 possideant

118 668 184 724 in
220 673 536 738 perpetuum
568 662 785 717 alodum
834 661 980 718 omni
1013 669 1274 731 tempore,
1320 660 1561 730 quandiu
1612 673 1720 714 ca:-

117 760 244 816 lum
281 756 528 812 imminet
554 766 733 810 terrae.
766 752 913 822 Haec,
968 753 1213 824 inquam,
1246 753 1618 808 admonitione
1665 761 1720 806 et

115 852 400 910 industria
457 847 653 904 summi
717 855 774 903 et
821 845 1046 901 illustris
1090 845 1192 900 viri
1257 845 1442 900 domni
1501 845 1718 902 Geraldi

117 944 334 1010 nostri,
365 943 418 998 id
447 950 532 998 est
560 940 912 997 Caturcensis
944 938 1220 1009 pontiﬁcis
1246 953 1262 991 :
1298 937 1556 993 instantia
1587 950 1720 993 vero

117 1045 296 1106 atque
321 1033 595 1089 diuturnis
620 1032 688 1088 ad
719 1031 888 1086 Deum
918 1031 1254 1086 orationibus
1283 1028 1578 1085 venerandi
1624 1031 1720 1085 ab-

116 1130 277 1185 batis
319 1125 619 1196 Asquitilii,
651 1133 970 1195 cunctzeque
1013 1123 1452 1194 congregationis
1481 1121 1720 1176 Moissia-

116 1222 328 1286 censis,
354 1219 732 1274 exhortatione
759 1232 996 1288 quoque,
1027 1224 1081 1272 et
1105 1229 1162 1270 ut
1192 1217 1265 1270 ita
1297 1216 1490 1278 dicam,
1517 1215 1715 1284 partim

116 1315 386 1370 violentia
439 1314 672 1369 ﬁliorum
705 1326 925 1368 suorum
970 1308 1115 1363 Petri
1160 1317 1213 1364 et
1248 1307 1446 1370 Pontii,
1490 1305 1718 1361 consilio

115 1407 296 1462 etiam
324 1413 379 1462 et
405 1403 683 1460 voluntate
707 1402 1006 1455 amicorum
1031 1413 1297 1461 meorum,
1329 1412 1392 1452 ac
1425 1395 1714 1450 multorum

118 1499 396 1555 nobilium
444 1498 710 1561 virorum,
759 1492 854 1548 tali
904 1497 1161 1558 tantaque
1198 1488 1482 1543 devotione
1510 1488 1714 1558 peregi.

117 1591 181 1645 Si
218 1591 345 1660 quis
371 1590 551 1658 itaque
567 1589 708 1641 hanc
731 1593 977 1640 nostram
1009 1580 1356 1638 donationem
1393 1580 1714 1650 irrumpere,

114 1681 356 1748 violare,
384 1687 476 1733 aut
507 1680 562 1733 in
589 1677 770 1748 aliquo
797 1675 1042 1730 minuere
1069 1672 1360 1729 tentaverit
1380 1713 1396 1738 ,
1443 1672 1497 1728 in
1527 1674 1716 1743 primis

114 1781 268 1836 iram
295 1781 387 1835 Dei
414 1779 646 1835 viventis
669 1779 931 1846 incurrat,
959 1792 1023 1833 ac
1045 1791 1166 1832 cum
1190 1771 1401 1829 Dathan
1425 1777 1478 1821 et
1513 1766 1714 1823 Abiron

114 1872 478 1926 damnatione
507 1879 765 1940 perpetua
795 1869 1159 1924 damnandum
1205 1881 1264 1921 se
1306 1861 1506 1919 sentiat
1533 1860 1585 1913 in
1633 1856 1716 1911 in-

113 1967 364 2021 fernum.
415 1963 512 2019 Cui
561 1972 740 2017 autem
803 1960 996 2015 melior
1037 1957 1350 2030 apparuerit
1410 1953 1573 2018 ﬁlius,
1622 1959 1718 2005 aut

112 2059 464 2129 prOpinquus
520 2071 692 2119 meus,
743 2053 984 2125 potentia
1031 2067 1128 2107 sua
1179 2059 1349 2104 totum
1399 2049 1467 2102 ab
1505 2046 1717 2116 integro

115 2152 383 2207 restituat
412 2159 600 2204 sancto
631 2148 791 2203 Petro
818 2148 870 2202 in
904 2145 1216 2216 supradicto
1239 2143 1358 2197 loco
1391 2138 1713 2210 ,Moissiaco,

114 2255 174 2298 ut
215 2242 514 2314 participes
537 2239 695 2309 hujus
719 2255 853 2294 mea:
899 2239 1254 2312 cleemosyna:
1280 2235 1352 2290 sit
1381 2241 1437 2287 et
1482 2231 1715 2287 haeredi-
1775 2284 1781 2291 ,

114 2336 260 2391 tat-is
314 2351 447 2390 mea:
499 2335 674 2389 ltzeres
721 2332 907 2402 legalis
948 2337 1293 2401 permaneat;
1369 2325 1606 2392 scilicet,
1660 2331 1718 2378 ut

114 2430 272 2502 quod
315 2430 380 2484 de
411 2443 569 2482 manu
598 2425 800 2492 laicali,
852 2424 941 2480 ubi
992 2424 1255 2478 hactenus
1282 2429 1420 2484 erat,
1454 2420 1506 2472 in
1541 2416 1718 2472 omni-

114 2521 364 2590 potentis
395 2520 487 2574 Dei
520 2527 574 2572 et
604 2531 886 2572 servorum
937 2514 1053 2583 ejus
1106 2511 1374 2582 stipendia
1414 2517 1717 2565 commuta-

116 2629 252 2668 tnus
280 2623 443 2682 atque
493 2611 917 2674 transducimus,
965 2607 1172 2676 absque
1215 2602 1626 2676 perturbatione
1663 2609 1720 2656 et

117 2704 505 2774 inquietudine
554 2710 730 2756 ratum
781 2701 882 2768 sit,
933 2708 987 2754 et
1031 2697 1406 2754 incouvulsum
1454 2694 1718 2750 consistat

114 2814 206 2855 om
220 2798 277 2852 ni
312 2807 570 2866 tempore.

190 2889 365 2945 Facta
419 2890 594 2944 cessio
650 2887 1032 2956 descriptionis
1087 2885 1249 2960 hujus
1307 2881 1632 2938 auctoritate
1664 2889 1719 2934 et

116 2983 357 3039 consilio
390 2981 571 3036 domni
619 2978 833 3035 Geraldi
873 2989 1074 3034 sanctae
1109 2978 1422 3033 Caturcenae
1464 2973 1720 3029 Ecclesia:

115 3073 390 3145 episcopi,
431 3088 495 3127 ac
526 3071 850 3128 clericorum
883 3069 1020 3141 ejus,
1050 3085 1192 3125 anno
1215 3068 1506 3124 Dominicae
1531 3066 1717 3121 lucar-

116 3167 366 3223 nationis
403 3165 569 3246 llOl,
619 3165 912 3220 indictione
951 3180 1118 3226 nona,
1158 3162 1482 3234 prassidente
1510 3161 1564 3217 in
1605 3160 1716 3214 llo-

118 3279 286 3318 mana
350 3261 588 3318 Ecclesia
639 3261 906 3317 Paschale
965 3262 1204 3316 secundo
1252 3275 1412 3334 papa,
1463 3266 1723 3327 regnante

118 3353 379 3424 Philippo
416 3352 749 3407 Francorum
781 3367 928 3422 rege,
964 3351 1016 3406 in
1065 3351 1351 3422 przesentia
1382 3358 1436 3403 et
1463 3347 1723 3404 corrobo-

118 3447 346 3500 ratione
372 3445 666 3499 multorum
700 3444 938 3498 testium.

191 3539 313 3609 Ego
336 3538 451 3607 ipse
475 3536 814 3591 Raimundus
835 3535 1180 3606 supradictus
1203 3533 1526 3596 vicccomes,
1549 3546 1604 3587 et
1627 3532 1720 3588 ﬁlii

119 3630 226 3685 mei
259 3628 484 3683 Pontius
510 3636 566 3682 et
610 3626 804 3682 Petrus
833 3625 1208 3690 vieecomites,
1243 3625 1317 3680 ita
1356 3625 1637 3679 ﬁrmamus
1668 3633 1721 3679 et

116 3722 548 3777 corroboramus
578 3721 867 3775 tenendum
891 3719 958 3774 ’in
991 3727 1336 3788 perpetuum.

187 3816 313 3887 Ego
348 3814 650 3870 Ademarus
675 3813 848 3867 Ratno
873 3812 1070 3877 dictus,
1097 3812 1187 3882 qui
1214 3811 1358 3882 ipsas
1379 3826 1476 3882 per
1502 3824 1719 3866 succes-

116 3911 338 3964 sionem
366 3916 651 3977 parentum
685 3921 927 3961 meorum
970 3903 1109 3960 male
1153 3905 1405 3960 tenebam
1437 3914 1492 3959 et
1520 3905 1719 3973 injuste

115 4000 496 4073 possidebam,
525 3999 601 4055 ita
630 3999 798 4055 libere
823 4007 878 4053 et
903 3997 1151 4053 absolute
1175 3998 1316 4052 dono
1363 4004 1528 4066 atque
1562 3997 1720 4051 dere-

115 4097 340 4165 linquo,
369 4093 527 4148 simul
555 4108 677 4148 cum
707 4093 818 4149 ﬁlio
844 4108 964 4148 meo
985 4093 1038 4148 iu
1069 4091 1318 4148 manibus
1347 4099 1401 4146 et
1433 4089 1718 4161 praesentia

115 4184 428 4258 supradicti
468 4184 680 4239 abbatis
715 4184 900 4240 domui
946 4183 1250 4253 Asquitilii,
1293 4191 1457 4251 atque
1488 4181 1716 4236 aliorqu

116 4278 424 4334 multorum
462 4277 710 4344 testium,
749 4287 860 4332 tam
909 4277 1296 4334 monacborum
1343 4290 1503 4345 quam
1549 4275 1715 4328 laico-

115 4386 268 4426 rum.

188 4465 426 4534 Signum
450 4463 693 4518 Aimonis
718 4462 867 4517 Elim.

191 4558 426 4628 Signum
451 4554 723 4612 Gaull‘redi
755 4555 943 4611 militis
981 4555 1048 4610 de
1087 4554 1360 4610 Calszeda.

191 4651 428 4720 Signum
454 4649 598 4706 Petri
629 4650 847 4707 Amelii.

193 4741 428 4811 Signum
455 4741 688 4798 Sicardi.

193 4833 427 4903 Signum
459 4832 697 4905 l-lugonis
727 4833 937 4888 vicarii.

771 4925 934 4980 XXII.

119 5014 428 5086 Concilium
458 5016 788 5072 Massiliense
831 5017 1108 5083 conﬁrmat
1138 5015 1389 5084 placitum
1427 5015 1569 5086 quod
1600 5015 1722 5084 fecit

197 5085 531 5158 {Yet-gaudiis
556 5090 826 5158 episcopus
850 5087 1140 5141 Ai’duensis
1167 5103 1286 5158 cum
1315 5088 1506 5142 dontno
1537 5087 1724 5142 abbate

202 5154 257 5209 11
265 5154 431 5227 agone
457 5170 503 5212 et
530 5154 798 5213 monachis
839 5157 1291 5212 Cluuiucensibus.

727 5251 906 5321 (Anno
946 5250 1127 5320 1105.)

222 5343 500 5417 [Murem
538 5343 691 5398 Thes.
715 5343 936 5408 Anecd.,
961 5342 1050 5407 ιν,
1083 5341 1184 5398 125
1206 5384 1220 5407 ,
1252 5359 1316 5398 ex
1345 5354 1622 5400 cnartarto

729 5435 1120 5510 Cluniacensi.]

197 5529 261 5586 In
291 5529 511 5587 nomine
535 5539 736 5586 sancte
763 5540 818 5588 et
849 5530 1137 5586 individua:
1170 5530 1483 5597 Trinitatis,
1517 5528 1718 5598 Patris,

127 5634 186 5679 et
213 5622 378 5690 Filii,
424 5634 478 5678 et
524 5623 764 5694 Spiritus
807 5625 1017 5691 sancti,
1047 5640 1224 5680 amen.
1272 5624 1474 5680 Omnes
1517 5634 1720 5680 sanctae

134 5718 510 5773 universitatis
539 5718 792 5774 Ecclesia:
819 5719 957 5774 ﬁlios
984 5719 1229 5775 volumus
1255 5720 1397 5775 scire
1434 5735 1593 5791 quam
1625 5737 1720 5792 pa-

135 5825 254 5866 (ειη
285 5828 514 5884 quamve
541 5813 909 5880 concordiam,
949 5813 1242 5871 [Eduensis
1267 5816 1555 5887 episcopus
1583 5815 1718 5871 Nor-

1821 573 1932 628 bati
1966 571 2197 642 ﬁliisque
2237 573 2354 644 ejus
2398 568 2848 627 Cluniacensibus
2895 567 3155 624 fratribus
3197 569 3414 623 tandem

1821 673 1944 734 post
1975 665 2239 720 diutinam
2286 662 2721 720 controversiam
2763 660 2985 726 fecerit,
3032 675 3137 729 qua
3167 659 3414 714 litterave

1821 761 2028 814 factam
2051 758 2515 814 corroboraverit.
2539 754 2902 824 Querimoniae
2925 753 3069 809 inter
3094 751 3417 808 Cluniacen-

1820 867 1906 907 ses
1934 850 2135 905 fratres
2167 859 2219 905 et
2265 849 2580 919 praedictum
2631 847 2960 902 Eduensem
3002 845 3314 916 episcopum
3344 840 3413 896 N.

1820 958 1920 1012 pro
1944 941 2112 996 illatis
2134 939 2202 996 ab
2224 940 2414 995 eodem
2441 939 2696 1008 episcopo
2717 937 2930 1008 injuriis
2951 945 3153 992 exortae
3173 933 3412 1000 fuerunt,

1819 1042 1879 1090 et
1906 1033 2050 1088 inter
2081 1047 2157 1086 ca:
2176 1040 2292 1086 tera
2324 1027 2645 1098 injuriarum
2677 1028 2871 1083 damna
2899 1027 3042 1082 idem
3093 1025 3412 1096 episcopus,

1818 1140 2036 1180 necnon
2060 1132 2115 1178 et
2137 1121 2481 1176 Matiseensis
2502 1119 2703 1191 prtesul
2729 1119 2957 1174 domnus
2977 1118 3248 1174 Berardus
3270 1129 3416 1185 qua:-

1819 1213 1942 1268 dam
1975 1227 2116 1268 nova
2153 1211 2410 1266 fecerunt
2444 1204 2750 1280 privilegia,
2782 1223 2902 1277 quae
2929 1206 3254 1262 videbantur
3281 1220 3414 1260 con-

1821 1306 1991 1360 traria
2043 1304 2292 1375 quaedam
2324 1311 2511 1358 contra
2557 1299 2935 1358 Cluniacensis
2972 1297 3227 1352 Ecclesiae
3251 1296 3415 1367 privi-

1820 1399 1956 1469 legia
1987 1398 2289 1453 continere.
2321 1395 2393 1454 Ut
2418 1404 2599 1450 autem
2640 1395 2870 1449 domnus
2899 1389 3175 1445 Paschalis
3207 1388 3248 1442 ll
3279 1403 3414 1457 papa

1818 1493 1924 1548 hoc
1953 1491 2222 1561 comperit
2255 1504 2440 1545 amore
2466 1489 2652 1544 domni
2695 1487 2874 1542 Patris
2920 1484 3161 1556 Hugonis
3200 1492 3256 1538 et
3285 1481 3414 1537 Clu-

1818 1583 2157 1639 niacensium
2182 1580 2416 1636 fratrum
2445 1581 2720 1636 charitate
2766 1579 3005 1644 excitus,
3038 1577 3258 1648 scriptis
3303 1575 3415 1630 suis

1819 1675 1914 1729 illa
1941 1675 2220 1731 contraria
2249 1691 2370 1745 qua:
2403 1680 2703 1730 memorata
2751 1671 2870 1742 jam
2908 1671 3177 1726 dictorum
3205 1668 3415 1737 episco—a

1818 1784 2010 1839 porum
2044 1767 2328 1840 privilegia
2379 1767 2732 1822 codtinebant
2774 1765 3037 1818 damnare
3077 1760 3323 1824 curavit;
3355 1766 3414 1812 et

1821 1859 1886 1914 ad
1918 1860 2033 1913 haec
2057 1858 2398 1923 damnanda,
2449 1865 2615 1926 atque
2652 1853 2814 1910 simul
2851 1853 3107 1907 Romanae
3154 1848 3412 1905 Ecclesiae

1819 1951 2038 2022 negotia
2087 1952 2394 2020 peragenda
2440 1958 2496 2004 et
2562 1944 2945 2018 pertractanda
3011 1941 3406 1997 Pra-‘nestinum

1817 2044 2130 2114 episcopum
2177 2045 2435 2100 domuum
2481 2040 2769 2104 Milonem,
2819 2036 2986 2091 totius
3033 2033 3221 2090 Gallia:
3258 2032 3409 2100 lega-

1819 2136 1967 2190 tione
2013 2133 2293 2203 injuncta,
2345 2133 2412 2186 ad
2455 2130 2659 2186 Gallias
2710 2129 2929 2182 mittere
2982 2123 3210 2179 studuit.
3261 2120 3408 2174 Idem

1817 2243 1947 2284 vero
1993 2228 2201 2298 legatus
2254 2224 2574 2280 Cluuiacum
2623 2220 2877 2282 veniens,
2930 2226 3083 2273 certo
3127 2214 3212 2270 die
3266 2213 3410 2268 inter

1815 2320 2102 2390 praefatum
2129 2319 2443 2389 episcopum
2477 2315 2786 2385 fratresque
2815 2311 3202 2368 Cluniacenses
3241 2305 3411 2377 placi-

1819 2420 1932 2466 tum
1959 2411 2364 2466 denominatum
2394 2409 2613 2475 statuit,
2649 2407 2701 2460 in
2729 2420 2836 2476 quo
2873 2404 3070 2474 placito
3094 2442 3109 2465 ,
3149 2398 3412 2470 quidquid

1818 2502 2252 2573 supradictorum
2306 2500 2585 2572 privilegia
2647 2498 3027 2568 episcoporum
3077 2491 3413 2548 contrarium

1819 2594 2106 2650 adversum
2137 2592 2510 2650 Cluniacensis
2536 2590 2792 2646 Ecclesiae
2815 2587 3094 2660 privilegia
3118 2584 3410 2649 sonabant,

1823 2693 2101 2758 praecepto
2149 2682 2360 2739 Domini
2395 2696 2547 2751 papae
2594 2681 2647 2735 in
2699 2677 2988 2749 praesentia
3032 2676 3414 2745 episcoporum

1818 2793 1955 2849 quos
2005 2773 2546 2839 subintitulabimus,
2591 2780 2647 2826 et
2695 2778 3015 2825 cunctorum
3062 2767 3151 2836 qui
3183 2766 3415 2820 aderant

1818 2866 2052 2922 exclusit
2083 2881 2148 2921 ac
2174 2863 2488 2928 damnavit,
2526 2863 2878 2931 ecclesias-que
2901 2855 3272 2915 Cluniacensis
3295 2853 3406 2925 pri-

1818 2957 2014 3027 vilegia
2052 2955 2292 3010 ﬁrmavit
2318 2965 2375 3010 et
2411 2953 2806 3009 corroboravit.
2831 2951 2888 3006 ln
2911 2952 3027 3006 hoc
3051 2962 3270 3019 quoque
3300 2943 3417 3014 pla-

1820 3050 1928 3104 cito
1972 3055 2425 3118 prmmemoratus
2454 3044 2747 3100 IEduensis
2774 3042 3062 3110 episcopus
3095 3037 3160 3092 Ν.
3195 3037 3414 3092 decreto

1744 3168 1790 3232 ρ
1821 3153 1878 3200 et
1925 3142 2123 3198 litteris
2177 3141 2383 3196 domini
2431 3155 2584 3210 papae
2612 3134 2894 3192 Paschalis
2937 3133 2978 3188 ll
3016 3131 3411 3194 commonitus,

1821 3236 2140 3306 justitiaque
2185 3249 2348 3305 qttam
2395 3233 2448 3286 in
2484 3229 2732 3286 ecclesiis
2774 3223 3171 3283 subnominatis
3215 3221 3414 3277 fratres

1825 3328 2214 3384 Cluniacenses
2242 3325 2518 3380 habebant
2567 3322 2823 3393 exigente
2847 3359 2862 3386 ,
2890 3319 3090 3373 domno
3121 3313 3270 3370 Patri
3299 3312 3414 3367 Hu-

1825 3421 1952 3494 goui
1988 3420 2356 3490 fratribusque
2379 3413 2826 3472 Cluniacensibus
2857 3410 3107 3472 donavit,
3145 3405 3416 3463 concessit
3484 3475 3489 3487 Ι

1823 3530 1888 3569 ac
1917 3513 2156 3568 laudavit
2182 3510 2469 3566 ecclesiam
2517 3508 2585 3564 de
2626 3505 2919 3571 Carrellis,
2951 3511 3007 3560 et
3038 3500 3299 3558 ecclesias
3349 3498 3416 3552 de

1824 3615 2006 3661 castro
2037 3605 2102 3659 de
2130 3603 2327 3658 Lorma
2350 3643 2364 3668 ,
2395 3600 2604 3657 scilicet
2634 3598 2922 3655 ecclesiam
2974 3595 3034 3650 S.
3087 3591 3279 3648 Albani
3300 3631 3316 3656 ,
3359 3595 3416 3643 et

1821 3697 2080 3768 capellam
2111 3695 2347 3766 ejusdem
2380 3693 2577 3760 castri,
2614 3692 3013 3760 ecclesiamque
3047 3688 3113 3742 de
3162 3683 3410 3746 Molinis,

1820 3798 1876 3845 et
1903 3787 2191 3845 ecclesiam
2228 3787 2294 3842 dc
2317 3783 2584 3839 Trevello.
2625 3781 2926 3836 Ecclesiam
2957 3784 3136 3831 autem
3173 3773 3240 3828 de
3265 3771 3416 3826 Mou-

1820 3880 1972 3937 cellis
2026 3878 2188 3933 simili
2243 3877 2403 3931 modo
2456 3873 2706 3939 donavit,
2760 3869 3011 3926 similiter
3045 3864 3293 3923 concedit
3358 3871 3416 3918 et

1821 3973 2081 4028 laudavit.
2117 3971 2392 4026 Statutum
2425 3976 2506 4024 est
2534 3975 2713 4021 tamen
2740 3974 2800 4020 ut
2829 3978 2928 4033 pro
2959 3962 3062 4016 hac
3099 3960 3213 4028 ipsa
3239 3954 3416 4011 eccle—

1821 4064 1900 4117 sla
1931 4063 2162 4118 duorum
2213 4060 2507 4116 solidorum
2555 4071 2751 4112 census
2797 4051 3074 4110 annuatim
3125 4047 3407 4102 reddatur.

1823 4155 1897 4209 De
1925 4154 2026 4208 hac
2052 4154 2246 4206 iterum
2295 4150 2482 4205 eadem
2507 4147 2742 4202 ecclesia
2767 4146 2884 4199 haec
2912 4137 3290 4198 convenientia
3318 4135 3414 4190 ha-

1821 4249 1998 4313 betur,
2046 4256 2105 4300 ut
2151 4244 2195 4300 si
2246 4259 2276 4298 a
2328 4239 2843 4297 Corbiniacensibus
2883 4233 3167 4290 monachis
3216 4231 3413 4284 fratres

1821 4338 2206 4395 Cluniacenses
2268 4331 2597 4403 interpellati
2645 4331 2713 4385 de
2789 4327 3113 4384 rectitudine
3171 4322 3410 4388 fuerint,

1823 4431 1914 4486 ubi
1945 4428 2329 4485 Cluniacenses
2365 4424 2774 4481 testiﬁcatorem
2823 4437 2979 4478 suum
3027 4417 3268 4488 poterint
3312 4416 3410 4470 ha-

1751 4523 1981 4592 Dbcre,
2043 4537 2149 4576 non
2203 4517 2454 4576 diﬂ‘erant
2510 4516 2563 4572 in
2614 4515 2764 4572 curia
2837 4512 3120 4568 memorati
3176 4508 3412 4578 episcopi

1822 4615 2117 4671 A‘Jduensis
2142 4613 2206 4667 N.
2234 4613 2503 4681 justitiam
2548 4608 2771 4678 exsequi
2822 4603 3182 4661 rectitudinis.
3213 4600 3414 4655 Omnes

1822 4707 1987 4764 etiam
2038 4705 2300 4762 ecclesias
2334 4717 2470 4772 quas
2501 4700 2587 4755 vel
2630 4694 3045 4769 prmdecessoris
3095 4691 3179 4747 sui
3227 4690 3412 4743 domui

1822 4798 2100 4869 Aganonis
2131 4806 2371 4864 tempore
2399 4800 2717 4856 tenuerant,
2748 4789 2831 4844 vel
2875 4788 2940 4842 de
2967 4786 3163 4856 quibus
3210 4783 3412 4837 donum

1823 4892 1908 4945 vel
1941 4890 2340 4952 iuvestiluram,
2374 4895 2467 4941 aut
2493 4899 2774 4939 assensum
2815 4880 3119 4936 habuerant
3150 4874 3412 4931 laudavit.

1822 4983 2159 5051 ’Praaceptum
2191 4989 2274 5036 est
2303 4993 2519 5050 quoque
2550 4974 2754 5030 domini
2789 4987 2938 5043 papae
2971 4967 3247 5024 Paschalis
3277 4979 3415 5036 prae-

1824 5086 1981 5146 cepto
2006 5082 2060 5129 et
2085 5071 2368 5144 praeﬁxum
2417 5083 2480 5123 ac
2522 5080 2621 5137 per
2659 5061 2944 5136 prml‘atum
2975 5061 3229 5115 Romanae
3266 5055 3413 5110 sedis

1824 5165 2057 5236 legatum
2125 5158 2473 5216 Praenestinae
2526 5157 2837 5227 episcopum
2890 5152 3108 5206 domum
3159 5146 3410 5201 Milonem

1825 5235 2264 5319 corroboratum,
2314 5259 2372 5305 ut
2420 5248 2636 5304 sicutiu
2685 5239 2893 5316 prmfati
2936 5255 3087 5314 papae
3130 5235 3412 5320 Paschalis

1823 5350 2074 5406 videlicet
2102 5347 2142 5403 ll
2188 5345 2468 5418 privilegio
2496 5340 2756 5399 Ciuniaco
2782 5337 3054 5408 impertito
3074 5334 3409 5393 continetur,

1829 5449 1940 5495 tam
1985 5440 2230 5496 ecclesia:
2274 5451 2437 5507 quam
2471 5431 2772 5506 presbyteri
2822 5429 3174 5484 ecclesiarum
3223 5434 3278 5481 et
3322 5438 3412 5478 res

1825 5531 2264 5589 Cluniacensium
2295 5529 2559 5582 universa:
2591 5526 2707 5580 sine
2738 5521 3109 5592 inquietudine
3144 5518 3326 5574 libera:
3356 5522 3409 5566 et

1826 5625 2103 5682 inviolatae
2135 5629 2510 5693 permaneant.
2539 5618 2665 5673 llaec
2693 5630 2824 5672 vero
2852 5615 2915 5670 de
2937 5608 3290 5668 Vizeliacensi
3316 5606 3410 5661 ab-

1826 5720 1976 5777 batia
2019 5724 2218 5772 statu'a
2266 5722 2391 5769 sunt
2429 5721 2484 5768 et
2509 5710 2747 5784 prmﬁxa.
2779 5707 3050 5763 Statutum
3078 5711 3160 5759 est
3187 5711 3239 5757 et
3265 5716 3406 5770 prm-

1831 5825 2049 5886 ceptum
2071 5818 2129 5866 ut
2157 5809 2445 5867 Eduensis
2469 5808 2752 5880 episcopus
2775 5822 2803 5859 a
2830 5798 3182 5859 V'izeliaccnsi
3214 5791 3405 5852 ablialc
