3928 6298
613 369 716 425 979

1753 364 1810 419 S.
1861 351 2054 421 Ηυῦο
2091 361 2316 418 ABBAS
2353 355 2668 418 CLUNIAC.

575 501 578 504 ·
615 481 1007 551 professionem
1039 477 1122 533 vel
1151 477 1512 534 obedientiam
1540 491 1645 532 non
1673 471 1872 544 exigat,
1897 489 1996 530 nec
2019 473 2190 528 abbas
2215 478 2262 535 Α
2291 476 2396 530 mei
2421 475 2658 531 Cononis
2685 473 2906 530 comitis
2939 481 2996 527 et
3029 471 3354 542 reliquorum
3382 487 3618 545 parentant
3639 497 3738 542 ωε..

615 575 662 626 ei
690 571 796 626 ullo
827 571 984 626 modo
1017 571 1198 625 faciat.
1229 569 1450 626 Fratres
1492 585 1624 624 vero
1671 567 2068 624 Vizeliacenses
2096 581 2184 620 sa-

579 677 584 682 ·
613 677 737 717 eros
765 661 982 717 ordines
1017 660 1088 715 ab
1115 663 1231 732 ipso
1272 662 1588 731 suscipient,
1623 663 1668 717 si
1698 671 1876 717 tamen
1899 661 2184 729 episcopus

611 753 868 806 canonice
893 753 1174 807 ordinatus
1219 750 1399 808 luerit.
1427 753 1580 818 Quod
1611 753 1657 807 si
1687 767 1782 807 eos
1816 751 2068 807 ordinare
2095 765 2186 814 rc-

609 841 894 902 nuerit,’a
923 842 1163 910 quolibet
1200 841 1307 895 alio
1349 841 1602 910 episcopo
1631 841 1892 896 canonice
1936 839 2184 893 ordinato

609 930 1024 985 ordinabuntur.
1058 929 1398 1000 Presbyteris
1425 943 1640 998 quoque
1681 930 1771 997 qui
1819 928 1991 983 eidem
2021 928 2186 981 abba-

611 1022 698 1076 tiae
723 1023 1070 1089 deserviunt,
1101 1023 1338 1079 chrisma
1367 1021 1628 1091 largietur
1656 1021 1858 1090 absque
1889 1020 2068 1089 aliqua
2100 1035 2187 1074 re-

613 1113 955 1166 tractatione.

679 1204 837 1257 Anno
866 1205 934 1258 ab
960 1203 1340 1258 lncarnatione
1362 1201 1571 1256 Domini
1595 1201 1734 1255 1105
1759 1209 1876 1256 acta
1913 1181 2228 1280 sunthaec“;

577 1319 582 1322 .
609 1293 750 1362 apud
785 1293 1076 1348 Massiliam
1125 1307 1222 1362 per
1251 1309 1467 1346 manum
1500 1293 1684 1347 domni
1734 1289 1947 1348 Milonis
1975 1275 2248 1350 ΡΗὲιιθ-’ίδ-

611 1385 738 1438 stini
769 1383 1002 1454 episcopi
1035 1391 1090 1438 et
1137 1383 1193 1438 S.
1239 1383 1304 1437 Β.
1351 1385 1412 1436 Ε.
1443 1384 1590 1438 sedis
1621 1384 1776 1454 legati
1819 1384 1872 1436 in
1905 1378 2254 1466 priese‘ntim?‘

617 1475 1014 1544 episcoporum,
1031 1473 1234 1530 scilicet
1255 1473 1589 1528 Matiscensis
1603 1475 1662 1527 Β.
1679 1475 1769 1543 qui
1793 1487 1917 1528 cum
1931 1461 2238 1544 ttﬁr’éiepi-ti'

579 1587 584 1590 ·
617 1573 840 1632 scepatu
876 1579 972 1619 suo
1001 1565 1374 1634 Lugdunensis
1419 1566 1808 1634 archiepiscopi
1855 1565 2206 1624 domni‘lliui‘

613 1655 816 1728 [gonis]
863 1656 1005 1710 vices
1049 1657 1276 1725 agebat,
1325 1665 1379 1711 et
1433 1657 1592 1726 hujus
1633 1656 1838 1726 praefati
1889 1655 2187 1712 IEduensis

613 1747 848 1817 episcopi
887 1746 952 1802 N.
982 1747 1036 1802 in
1079 1749 1360 1816 praesentia
1407 1763 1622 1818 quoque
1676 1749 2069 1818 archiepiscopi
2122 1749 2188 1803 de

2283 579 2402 620 rum
2419 604 2434 630 ,
2461 573 2568 620 etc.
2649 581 2654 584 ·

2351 658 2544 712 Actum
2593 657 2808 728 publice
2837 657 2979 727 apud
3017 656 3330 712 Berziacum
3393 656 3550 714 villam
3589 661 3738 737 (ἴση)

2283 749 2337 805 in
2411 766 2570 805 manu
2644 751 2824 806 domui
2897 751 3136 821 Hugonis
3191 751 3538 808 Cluniacensis
3577 757 3736 824 abbatis,

2285 857 2428 896 anno
2473 842 2764 897 Dominica:
2807 843 3198 897 Incarnationis
3241 843 3372 896 1107
3411 845 3650 902 indictione
3679 865 3736 914 xv,

2283 949 2426 988 anno
2454 935 2636 988 domni
2661 934 2946 989 ‘Paschalis
2991 949 3098 1004 pap
3188 935 3402 988 secundi
3447 951 3562 999 vui,
3599 953 3736 994 annon

2291 1025 2511 1080 Iienrici
2539 1029 2681 1096 regis
2705 1030 2916 1096 quarti,
2945 1042 3088 1080 anno
3121 1041 3246 1079 vero
3287 1027 3602 1084 ordinationis
3621 1031 3736 1086 domui

2286 1117 2525 1186 Hugonis
2551 1117 2760 1174 abbatis
2781 1117 3152 1173 Cluniacensis
3179 1133 3268 1170 LIX
3295 1115 3454 1187 (ιιὸὶ.

2975 1227 3146 1285 XXIV

2357 1342 2555 1398 Charta
2581 1344 2878 1398 donationis
2905 1361 3000 1410 pro
3028 1344 3341 1395 monasterio
3390 1343 3695 1397 Chmiocenn'a

2591 1413 2855 1466 Willehno
2883 1425 2932 1466 et
2965 1431 2998 1465 u
3039 1429 3127 1466 ore
3157 1429 3250 1465 tua
3289 1411 3544 1482 Adeleyda.

2255 1569 2258 1572 .
2287 1521 2543 1594 (Bacon,
2564 1521 2795 1574 Histoire
2819 1519 3163 1590 d'Auvergne,
3196 1528 3326 1574 tom.
3355 1519 3422 1584 ll,
3445 1535 3598 1588 preuv.
3617 1521 3737 1590 0.30.:

2357 1636 2490 1690 Cum
2541 1635 2738 1690 divina:
2803 1635 2960 1689 nobis
3016 1633 3309 1704 Scriptura:
3363 1649 3454 1703 per
3500 1634 3737 1688 Salomonem

2291 1738 2522 1784 testetur
2571 1729 2898 1794 auctoritas,
2949 1728 3146 1782 divitia:
3191 1728 3288 1780 viri
3338 1727 3581 1794 redemptio
3620 1729 3739 1780 auiae

611 1838 812 1894 Evroic
837 1839 1020 1894 domui
1047 1838 1272 1894 Gerartli
1292 1881 1307 1908 ,
1331 1849 1384 1894 et
1417 1841 1653 1910 episcOpi
1684 1841 1751 1895 dc
1778 1839 1976 1894 Titfort
2006 1840 2184 1894 domui

2250 1813 2262 1866 ι
2289 1820 2435 1890 ejus,
2466 1829 2600 1884 etc.,
2631 1819 2731 1872 bas
2756 1818 2950 1872 divinae
2975 1816 3358 1872 admonitionis
3389 1818 3632 1872 sententias
3662 1833 3740 1872 coa-

610 1928 858 1984 llerberti
878 1970 892 1993 ,
925 1942 980 1984 et
1007 1931 1242 2000 cpisc0pi
1271 1931 1573 1986 Cestrensis
1617 1933 1799 1986 domni
1828 1930 2048 1986 Roberti
2072 1971 2087 1995 ,
2124 1945 2188 1986 ac

615 2022 853 2092 episcopi
879 2022 1120 2078 Belensis
1149 2024 1328 2078 domui
1355 2023 1569 2086 Poncii,
1597 2025 1699 2078 hoc
1729 2025 1985 2093 placitum
2016 2031 2068 2079 et
2090 2025 2190 2081 has

615 2115 1002 2170 conventiones
1022 2115 1286 2168 donorum
1313 2114 1565 2184 praefatus
1594 2115 1882 2170 Educusis
1903 2116 2186 2185 episcopus

610 2202 850 2266 N.sicut
897 2204 950 2262 in
997 2205 1281 2280 prasentia
1327 2205 1758 2280 supmdictorum
1809 2207 2182 2280 episcoporum

609 2315 704 2368 per
729 2316 944 2354 mamun
986 2301 1162 2356 domni
1203 2302 1279 2356 Μ.
1315 2303 1604 2358 cardiualis
1635 2303 1907 2372 saepedicti
1938 2303 2188 2358 firmave-

610 2399 693 2452 rat
714 2431 729 2454 ,
759 2391 836 2446 sic
859 2390 1098 2447 Cluniaci
1152 2393 1202 2446 in
1255 2394 1527 2448 communi
1565 2394 1804 2464 capitulo
1835 2393 2061 2447 fratrum
2091 2393 2184 2448 ﬁr—

615 2481 780 2534 mavit
801 2521 816 2544 ,
849 2481 1086 2536 laudavit
1113 2490 1168 2536 et
1197 2484 1596 2552 corroboravit,
1643 2494 1908 2552 praesente
1929 2483 2184 2540 iVizelia-

609 2575 758 2629 censi
789 2576 982 2632 abbate
1019 2579 1220 2633 domno
1263 2578 1524 2644 Artaldo,
1560 2577 1866 2648 domnoque
1913 2575 2185 2632 Gaul‘redo

608 2667 788 2736 priore
813 2667 1066 2734 claustri,
1096 2677 1149 2724 et
1172 2670 1368 2726 domno
1393 2669 1668 2725 Bernardo
1699 2669 2019 2735 camerario,
2045 2684 2186 2739 pra:-

622 2767 774 2812 sente
804 2757 964 2812 etiam
987 2769 1292 2830 _eonvcntu.

1303 2870 1486 2928 XXIII.

607 2977 806 3036 Charta
833 2982 1086 3038 Willelmi
1109 2983 1544 3053 Burgundionum
1576 2994 1622 3038 et
1666 2985 2058 3040 Matiscensium
2098 3003 2184 3038 co-

678 3053 996 3124 mitiatqna
1041 3057 1346 3108 donationes
1387 3065 1766 3108 antecessorum
1809 3072 2022 3108 suorum
2057 3055 2186 3109 Clu-

682 3122 834 3174 niaco
857 3122 1026 3189 {actas
1052 3124 1346 3189 conﬁrmat,
1373 3126 1606 3192 aliasque
1631 3124 1694 3176 de
1719 3139 1814 3176 suo
1842 3126 2018 3190 addit,
2042 3141 2181 3179 com-

675 3207 970 3246 memorans
995 3195 1343 3262 progenitores
1373 3204 1417 3247 et
1445 3203 1790 3248 antecessores
1824 3210 1966 3248 suos.

1197 3283 1372 3354 (Anno
1412 3284 1596 3355 1107.)

893 3372 1139 3447 ΜΑΒΙιι.
1171 3375 1364 3429 Annal.
1403 3374 1625 3442 Bened.,
1649 3377 1718 3443 V,
1751 3378 1900 3451 511.]

677 3463 876 3520 Notum
910 3465 982 3521 sit
1009 3467 1226 3522 cunctis
1253 3469 1564 3526 amantibus
1593 3471 1874 3527 veritatem
1895 3480 1950 3526 et
1971 3487 2178 3542 pacem,

607 3558 750 3627 quod
797 3573 897 3628 ego
919 3559 1257 3628 Willelmus,
1287 3562 1724 3634 Burgundionum
1759 3581 1944 3620 comes
1969 3575 2026 3620 et
2069 3565 2182 3619 Ma-

607 3649 932 3706 thicensium
962 3692 978 3716 ,
1009 3651 1168 3708 laudo
1196 3663 1250 3709 et
1275 3655 1540 3712 conﬁrmo
1561 3657 1628 3710 ad
1653 3656 1968 3712 Cluniacum
1993 3673 2181 3713 omnes

605 3743 926 3798 donationes
969 3760 1106 3814 quas
1153 3755 1527 3803 antecessores
1575 3749 1680 3804 mei
1741 3750 2178 3820 Burgundiorum

605 3834 833 3890 comites
858 3843 912 3890 et
941 3838 1170 3892 comites
1197 3837 1608 3895 Mathicensium
1637 3840 1756 3896 loco
1783 3841 1855 3894 iili
1879 3841 2176 3896 venerabili

605 3939 776 3996 usque
813 3927 972 3982 hodie
999 3929 1386 3984 contulerunt:
1423 3931 1677 4001 videlicet
1705 3931 2002 3986 Rainaldus
2027 3939 2180 4001 pater

603 4033 791 4086 meus,
825 4019 966 4076 filius
1009 4021 1300 4088 Willelmi;
1333 4032 1388 4077 et
1418 3997 1531 4090 ipse
1557 4022 1887 4087 Willelmus,
1934 3997 2078 4078 ﬁ‘lius
2103 4023 2181 4076 al-

605 4109 776 4163 terius
831 4111 1105 4178 Rainaldi;
1152 4121 1206 4169 et
1245 4113 1358 4183 ipse
1393 4112 1716 4176 Rainaldus,
1773 4113 1916 4168 ﬁlius
1956 4114 2180 4169 alterius

603 4196 890 4266 Willelmi;
921 4211 974 4256 et
1005 4218 1124 4274 quae
1173 4203 1280 4258 iliic
1321 4204 1469 4259 dedit
1495 4201 1800 4275 Stephanus
1829 4219 2042 4268 comes,
2084 4221 2180 4276 pa-

607 4301 761 4346 truus
783 4307 952 4346 meus.
969 4292 1374 4349 Possessioncm
1398 4311 1612 4367 quoque
1635 4298 1686 4351 in
1711 4313 1849 4368 pago
1872 4297 2179 4364 Leodiensi,

606 4394 772 4445 quam
796 4381 1106 4450 Ayvvalliam
1135 4393 1360 4449 vocant,
1387 4401 1549 4454 quam
1582 4397 1758 4444 mater
1786 4404 1903 4444 mea
1932 4389 2138 4459 Regina
2161 4429 2176 4455 ,

2291 1911 2624 1980 siderantes,
2658 1925 2761 1980 ego
2796 1909 3100 1966 Willelmus
3147 1918 3200 1964 et
3254 1925 3388 1962 uxor
3434 1923 3533 1961 mea
3559 1907 3738 1978 Adeieyda

2288 2002 2358 2056 ob
2383 2002 2675 2056 remedium
2705 2001 3004 2055 animarum
3035 2010 3342 2054 nostrarum
3363 2009 3426 2054 ‘et
3450 2009 3739 2054 antecesserunt

2289 2102 2596 2148 nostrorum
2641 2092 2708 2146 de
2752 2091 3102 2160 amphtudine
3161 2091 3472 2160 praediorum
3519 2108 3611 2160 qua:
3652 2090 3742 2144 dedit

2287 2183 2445 2238 nobis
2489 2181 2636 2238 Deus
2676 2179 2851 2235 beatis
2883 2179 3142 2250 apostolis
3168 2181 3288 2249 ejus
3319 2179 3466 2234 Petro
3489 2189 3534 2233 et
3567 2179 3682 2233 Paulo
3699 2179 3739 2231 ul

2289 2272 2676 2332 monasterium
2720 2269 3102 2338 Cluuiaccusa,
3149 2269 3238 2327 cui
3303 2269 3585 2331 venerabilis
3632 2269 3740 2324 abbas

2289 2369 2442 2440 Ηυεο
2486 2383 2725 2439 praeesse
2779 2366 3016 2430 videtur,
3047 2366 3254 2422 donare
3278 2365 3464 2436 aliquid
3485 2365 3694 2420 statuimus
3709 2365 3739 2416 in

2287 2476 2424 2532 pago
2469 2459 2798 2530 Limagnizc,
2869 2466 3068 2512 terram
3116 2457 3328 2514 scilicet
3373 2457 3638 2512 Caurossam
3667 2471 3738 2508 cu

2285 2535 2618 2608 continentia
2672 2566 2768 2606 sua
2825 2559 2884 2606 et
2939 2549 3137 2605 ﬁnibus
3195 2549 3346 2616 suis,
3413 2564 3469 2604 ea
3520 2549 3672 2602 ratione
3709 2555 3743 2598 ut

2278 2642 2369 2714 jus
2397 2642 2625 2700 andiale
2670 2651 2728 2698 et
2763 2641 3025 2714 quidquid
3069 2641 3414 2712 proprietatis
3439 2649 3518 2693 aut
3542 2639 3744 2692 dominica-

2287 2746 2420 2790 turaa
2462 2734 2516 2788 in
2551 2748 2616 2788 ea
2653 2732 2904 2802 possideo
2935 2732 3190 2801 pra-dicto
3242 2730 3360 2784 Ioco
3383 2738 3434 2783 et
3453 2727 3670 2782 monachis
3700 2726 3742 2778 ibi

2289 2831 2395 2886 Deo
2433 2827 2825 2882 famulantibus
2869 2823 3111 2894 delegem
3158 2832 3218 2878 et
3265 2822 3593 2878 transfundam
3623 2834 3744 2890 perpe-

2233 2967 2238 2972 .
2288 2919 2504 2976 tualiter
2550 2915 2927 2972 obtinendum.
2979 2915 3046 2969 Et
3079 2924 3140 2968 ut
3183 2914 3304 2969 h:ec
3349 2913 3604 2968 traditionis
3623 2911 3742 2964 charta

2287 3009 2442 3072 ﬁrma
2479 3015 2533 3062 et
2581 3006 2907 3063 inviolabilis
2951 3015 3273 3076 permaneat
3315 3017 3486 3060 nostra
3522 3003 3744 3056 auctoritate

2263 3091 2684 3186 .irpii‘oravimus,
2712 3111 2768 3160 et
2795 3101 3032 3156 ﬁdelium
3061 3109 3372 3155 nostrorum
3396 3111 3580 3152 assensu
3609 3089 3742 3146 laudari

2285 3177 2646 3270 ethi'astipulari
2685 3197 2930 3254 fecimus.

2355 3291 2406 3348 S.
2450 3289 2706 3346 Willelmi
2739 3291 2990 3358 ﬁliiejus.

2353 3383 2410 3438 S.
2440 3381 2698 3452 Stephani
2731 3381 2914 3436 fratris
2943 3383 3080 3452 ejus.

2991 3495 3156 3552 XXV.

2287 3661 2290 3664 .
2354 3607 2550 3664 Charta
2599 3607 2898 3680 donationis
2935 3607 3192 3680 Wiltehni
3217 3607 3308 3680 {de
3360 3606 3558 3660 Titiano
3589 3599 3702 3654 (idm

2729 3678 3059 3734 Cluniacensi
3084 3678 3418 3732 monasterio.

2651 3791 2910 3864 [Histoire
2938 3791 3270 3861 d‘Aueergne
3288 3831 3305 3856 ,
3343 3787 3487 3860 ibid.)

2353 3907 2489 3960 Dum
2515 3914 2724 3962 constet
2773 3906 3142 3960 certissimum
3179 3904 3301 3958 fore
3341 3901 3528 3958 cunctis
3563 3905 3670 3952 recte
3691 3907 3744 3945 sa-

2281 3999 2552 4068 pientibus
2580 3997 2720 4066 quod
2740 3997 2992 4051 videlicet
3023 3997 3200 4050 omnis
3223 3995 3490 4065 prteseutis
3512 3987 3648 4044 seculi
3669 3984 3740 4054 ειη·

2283 4090 2360 4143 ria
2392 4089 2536 4151 sive,
2579 4095 2636 4141 ut
2664 4087 2848 4141 verius
2882 4087 3114 4150 dicatur,
3175 4101 3316 4140 vana
3343 4097 3396 4140 et
3417 4080 3658 4151 deceptoria
3684 4075 3744 4128 fal-

2283 4179 2434 4235 lacia:
2465 4189 2575 4234 tota
2605 4180 2828 4245 transit,
2851 4187 2959 4234 etc.
3000 4177 3124 4232 Htec
3153 4178 3324 4246 igitur
3350 4195 3442 4247 ego
3463 4166 3744 4228 Willehuusiie

2283 4268 2728 4341 Thierno_mente
2754 4285 2981 4326 versans
3007 4269 3282 4338 simulque
3311 4267 3646 4324 multitudinem
3665 4271 3743 4327 pet.

2279 4375 2525 4420 calorum
2571 4366 2623 4420 in
2675 4367 2872 4436 quibus
2901 4383 3046 4422 nunc
3079 4382 3253 4437 usque
3299 4382 3412 4422 sum
3451 4354 3744 4418 dirersalusla—

609 4485 732 4532 quze
761 4470 855 4524 fuit
887 4485 1022 4526 uxor
1051 4472 1292 4528 Raiualdi
1319 4453 1748 4545 (malliicensium
1789 4453 2180 4538 comitis‘dedit

2250 4473 2533 4548 ,erymoso
2583 4462 2746 4514 corde
2783 4460 3172 4525 considerans,
3219 4471 3392 4516 ratum
3433 4459 3542 4514 duxi
3579 4465 3622 4508 ut
3648 4453 3742 4522 jum

605 4560 676 4614 ad
705 4559 1122 4628 Marciniacum,
1173 4563 1261 4620 ubi
1296 4576 1351 4622 et
1397 4569 1510 4638 ipsa
1556 4571 1738 4626 multis
1761 4571 1870 4639 jam
1919 4575 2076 4630 annis
2120 4576 2173 4629 in

603 4651 998 4707 sanetimouiali
1025 4653 1210 4709 habitu
1237 4657 1409 4711 servit
1431 4657 1541 4714 Deo
1565 4660 1663 4714 sub
1687 4660 1971 4730 disciplina
1997 4663 2178 4718 domui

603 4757 668 4798 ac
693 4745 1018 4802 venerabilis
1049 4746 1288 4818 Hugonis
1331 4751 1562 4806 abbatis.
1595 4751 1727 4807 Nam
1767 4755 1838 4808 de
1884 4769 2002 4810 mea
2029 4765 2183 4825 parte

605 4832 746 4888 dono
775 4833 843 4889 ad
873 4835 1152 4904 prmfatum
1187 4837 1361 4920 locum
1384 4841 1696 4898 Cluniacum
1749 4845 2010 4915 quidquid
2055 4845 2179 4914 jure

603 4923 948 4981 hereditario
993 4941 1023 4980 a
1071 4926 1366 4996 majoribus
1411 4932 1546 4986 meis
1594 4933 1726 4988 mihi
1773 4935 1994 4990 obvenit
2041 4937 2181 5005 apud

601 5013 808 5068 Bellum
841 5025 1115 5082 montem,
1151 5018 1244 5088 qui
1275 5019 1420 5076 locus
1455 5031 1534 5076 est
1587 5021 1646 5078 in
1689 5024 2004 5095 episcopatu
2041 5025 2183 5084 Lau-

605 5107 858 5173 sanensi,
889 5117 945 5162 et
970 5107 1201 5163 insulam
1238 5112 1571 5180 proximam,
1601 5129 1762 5182 quam
1810 5116 1998 5171 dicunt
2025 5117 2179 5172 Insu-

605 5194 720 5250 lam
749 5199 1040 5265 comitum,
1067 5211 1328 5270 quantum
1367 5203 1433 5256 ad
1479 5218 1564 5258 me
1589 5219 1676 5260 res
1707 5206 1821 5274 ipsa
1863 5209 2098 5278 pertinet
2126 5209 2178 5264 in

604 5285 948 5354 hominibus,
997 5292 1052 5347 in
1097 5293 1284 5358 terris,
1339 5294 1390 5348 in
1439 5295 1641 5359 vincis,
1673 5296 1726 5350 in
1775 5297 2051 5368 piscariis,
2099 5299 2180 5353 vel

605 5379 819 5436 caeteris
833 5383 1150 5440 redditibus.
1171 5385 1264 5442 Sic
1283 5386 1464 5452 laudo,
1481 5388 1561 5442 sic
1577 5387 1744 5442 otl‘ero
1769 5405 1852 5445 res
1873 5392 2179 5450 nominatas

603 5485 706 5542 pro
734 5469 1101 5542 redemptione
1148 5476 1344 5534 animae
1390 5493 1553 5543 more,
1593 5485 1649 5532 et
1692 5479 1774 5532 avi
1808 5493 1872 5534 ac
1901 5481 2182 5536 nutritoris

675 5670 824 5743 (HS)
841 5669 898 5726 In
919 5673 1018 5730 hac
1033 5675 1288 5730 comitum
1307 5677 1702 5734 Matiscensium
1723 5677 1863 5733 serie
1888 5678 2113 5734 observa
2123 5695 2179 5736 re

607 5743 732 5801 licet
775 5757 978 5800 morem
1029 5745 1170 5816 apud
1217 5755 1426 5803 veteres
1474 5763 1579 5804 non
1627 5763 1753 5803 raro
1801 5749 2093 5815 usitatum,
2121 5759 2180 5805 ut

2284 4554 2521 4610 Danielis
2569 4555 2853 4608 consilium
2885 4565 3108 4622 peccata
3157 4569 3280 4608 mea
3325 4547 3630 4620 eleemosyuis
3657 4539 3742 4594 mli-

2283 4662 2516 4710 merem.
2543 4654 2598 4700 et
2628 4645 2752 4715 quia
2779 4661 2809 4700 a
2837 4645 3111 4699 viriditate
3139 4647 3298 4700 bona:
3317 4641 3546 4702 actionis,
3569 4639 3644 4692 heu
3659 4629 3742 4700 proh

2283 4738 2463 4793 dolor!
2497 4753 2634 4807 pene
2669 4737 2786 4791 arui
2822 4747 2956 4791 aestu
2979 4736 3322 4791 surculari-ium
3352 4735 3652 4800 voluptatum,
3672 4721 3743 4774 illo!

2285 4829 2474 4883 saltem
2532 4837 2893 4883 sustentarem
2921 4843 3150 4896 quorum
3195 4829 3284 4897 pia
3313 4827 3418 4881 vita
3441 4824 3630 4878 {metum
3645 4809 3744 4866 θείη

2281 4922 2548 4976 bonarum
2571 4922 2775 4992 jugiter
2799 4920 3058 4974 virtutum
3077 4962 3094 4988 ,
3125 4935 3196 4974 eo
3221 4919 3359 4988 quod
3389 4933 3418 4970 a
3449 4913 3622 4970 Christo
3653 4903 3744 4956 velut

2283 5013 2489 5083 lignum
2537 5011 2879 5066 fructiferum
2909 5012 3017 5065 sint
3047 5010 3302 5078 plantam:
3327 5009 3469 5078 juxta
3499 5003 3744 5090 ucntasalt-

2282 5116 2491 5160 ctarum
2527 5103 2955 5172 Scripturarum.
2987 5105 3120 5158 Dum
3165 5104 3308 5158 enim
3337 5115 3417 5155 me
3437 5095 3622 5153 sentiam
3643 5087 3744 5178 [asti-

2281 5199 2382 5254 bus
2413 5198 2756 5270 iniquitatum
2789 5213 3036 5253 mearum.
3054 5197 3382 5262 immersam,
3408 5187 3584 5246 cunctis
3603 5179 3743 5252 pietatis

2281 5291 2638 5362 exspoliatum
2679 5304 2800 5346 esse
2857 5289 3086 5360 plumis,
3133 5289 3342 5346 illorum
3399 5283 3479 5352 qui
3519 5277 3742 5362 cunctam?

2283 5361 2468 5439 mundi
2495 5381 2847 5450 cupiditatum
2879 5381 3030 5435 visco
3052 5381 3198 5434 exuti
3235 5385 3497 5433 assumunt
3531 5375 3682 5440 pennas
3707 5361 3743 5454 tll

2283 5475 2478 5546 aquila:
2503 5483 2558 5530 et
2587 5474 2654 5533 ad
2697 5487 2928 5544 superna
2958 5472 3326 5528 indelicienter
3367 5464 3591 5521 evolant,
3613 5455 3742 5508 ιιιωιιιε

2281 5695 2449 5750 nepos
2475 5678 2559 5732 avi
2591 5691 2786 5750 nomen
2837 5674 3100 5750 referret,
3144 5682 3204 5728 ut
3247 5673 3294 5728 in
3336 5684 3398 5725 eo
3441 5677 3552 5720 avus
3587 5647 3744 5725 quod?“

2283 5746 2442 5808 modo
2476 5749 2801 5805 reviviscere
2828 5746 3118 5801 videretur.
