3928 6298
124 384 243 448 ῠδί

915 374 1362 438 DIVERSORUM
1401 367 1845 431 DONATIONES
1888 366 2021 423 ΡΙΑΞ
2058 365 2195 423 PRO
2232 358 2553 422 CLUNIAC.

3300 361 3409 420 983

128 498 706 571 contemplationeme
726 496 942 552 contldo
961 495 1027 549 ad
1052 506 1214 563 regna
1231 488 1369 546 coelo
1380 501 1497 543 rum
1516 483 1722 541 sustolli
1755 484 1800 541 Α
1824 480 2069 536 ecclesia
2096 478 2477 550 suprascripta:
2500 476 2707 533 retineo
2754 475 2808 530 in
2836 472 3075 530 dominio
3102 471 3227 529 dum
3260 474 3406 535 vivo,

128 594 352 669 pennis.
404 588 577 659 llujus
597 604 727 660 ergo
772 588 847 643 rei
896 586 1071 659 gratia
1119 586 1258 641 dono
1288 582 1399 637 Deo
1427 588 1483 635 et
1519 575 1724 634 sanctis

126 684 403 759 apostolis
434 682 598 737 Petro
645 686 701 736 et
727 676 897 733 Paulo
941 676 1192 747 patrique
1237 681 1296 728 et
1342 669 1560 725 domino
1608 679 1727 720 meo

130 758 353 851 ιιιιεοηι
376 774 592 839 abbati,
625 781 682 829 et.
705 769 920 827 caeteris
958 767 1268 826 senioribus
1307 761 1572 851 fratribus
1602 758 1729 815 cm-

50 916 87 934 .,
131 848 493 928 niacensibus
526 865 773 936 quaedam
819 876 888 917 ex
935 860 1069 915 meis
1106 856 1305 921 rebus,
1346 861 1406 908 ut
1443 849 1544 922 ipsi
1575 848 1729 905 dein-

130 977 273 1032 ceps
296 975 360 1016 ea
382 958 503 1027 jure
530 962 790 1027 perpetuo
814 951 1133 1023 possideant
1181 956 1236 1002 et
1281 952 1441 1016 prout
1462 937 1730 997 voluerint

132 1052 453 1123 disponant.
503 1048 642 1103 Sunt
688 1059 815 1099 vero
863 1043 976 1098 haec
1009 1058 1021 1095 :
1051 1040 1106 1095 In
1135 1038 1326 1110 primis
1373 1033 1634 1106 quidquid
1674 1032 1729 1086 in

133 1145 376 1200 ecclesia
402 1142 485 1195 vel
512 1140 633 1193 villa
680 1140 747 1192 de
777 1135 986 1190 Carmis
1014 1133 1068 1188 in
1098 1131 1402 1187 dominium
1451 1126 1730 1196 possideo,

137 1234 394 1290 redditus
438 1229 718 1293 videlicet,
754 1224 841 1280 vel
891 1221 1311 1279 consuetudines
1348 1232 1538 1272 omnes
1572 1227 1626 1270 et
1653 1214 1733 1269 vi-

135 1324 331 1381 cariae
354 1334 540 1376 omnes
564 1316 634 1372 ibi
665 1316 1018 1386 pertinentes,
1047 1312 1356 1382 quicunque
1388 1307 1509 1362 illas
1538 1306 1734 1360 habeat

139 1423 209 1469 ut
237 1414 382 1469 sicut
409 1425 508 1481 ego
534 1411 645 1464 huc
679 1421 850 1477 usque
879 1420 1025 1459 nunc
1058 1402 1231 1467 tenui,
1262 1403 1336 1455 ita
1367 1401 1621 1469 deinceps
1641 1413 1734 1453 eas

139 1506 393 1559 seniores
418 1500 803 1558 Cluniacenses
825 1503 1064 1552 teneant.
1090 1495 1242 1549 Dono
1267 1493 1430 1547 etiam
1455 1491 1638 1546 villam
1669 1490 1736 1544 de

142 1590 549 1671 Siurac,ﬂsicut
583 1604 701 1644 eam
738 1587 1015 1651 tenebam,
1049 1593 1104 1639 et
1127 1583 1544 1639 consuetudines
1571 1590 1625 1636 et
1657 1580 1737 1635 vi-

141 1684 332 1739 carias
360 1669 555 1737 ibidem
577 1679 915 1750 pertinentes
941 1675 1211 1732 similiter.
1243 1673 1418 1731 Simili
1450 1673 1610 1729 modo
1635 1669 1738 1725 vil-

141 1775 263 1830 lam
295 1773 363 1828 de
388 1771 711 1840 Espentegui
766 1784 890 1831 cum
920 1766 1400 1839 consuetudinibus
1429 1772 1482 1819 et
1511 1762 1734 1817 vicariis

140 1865 422 1921 omnibus.
462 1863 819 1925 Medietatem.
850 1874 1065 1931 quoque
1091 1860 1158 1915 de
1193 1858 1380 1913 clauso
1423 1856 1488 1911 de
1522 1854 1734 1911 Vensac

145 1969 283 2011 cum
308 1952 505 2011 vicaria
526 1967 646 2008 sua.
672 1950 804 2011 ltem
836 1947 1095 2021 quidquid
1128 1946 1394 2001 habebam
1418 1942 1561 2014 apud
1599 1956 1727 1995 san-

142 2055 303 2101 ctum
336 2044 655 2100 Porcianum
685 2042 751 2098 de
784 2041 963 2096 Borno
996 2054 1119 2095 cum
1163 2036 1385 2093 vicariis
1409 2043 1463 2089 et
1491 2047 1729 2088 consue-

147 2136 437 2192 tudinibus
462 2144 521 2190 et
560 2142 821 2203 quantum
853 2148 961 2188 una
994 2132 1146 2187 leuca
1198 2136 1341 2183 tenet
1391 2128 1456 2183 de
1499 2124 1633 2180 silva
1674 2124 1740 2178 de

144 2225 339 2283 Borno
366 2227 417 2281 in
445 2225 561 2280 loco
590 2226 680 2280 ubi
711 2224 810 2295 ipsi
843 2222 1093 2277 monachi
1122 2219 1407 2291 elegerint.
1439 2217 1574 2272 ltem
1606 2229 1740 2284 qua-

146 2320 411 2389 draginta
467 2318 676 2373 modios
721 2316 983 2375 debitales
1030 2315 1098 2370 de
1144 2298 1269 2368 vino
1324 2310 1471 2366 omni
1518 2323 1660 2363 anno
1686 2307 1740 2361 in

149 2408 484 2466 Thiernensi
532 2421 702 2477 pago,
750 2414 805 2461 et
853 2405 1039 2460 decem
1074 2400 1345 2466 cervisiie,
1377 2407 1430 2454 et
1460 2412 1625 2452 unum
1654 2410 1743 2450 se-

146 2498 479 2556 mimodium
523 2498 588 2553 de
618 2495 805 2559 melle,
838 2505 894 2550 et
921 2491 1311 2563 quinquaginta
1359 2490 1594 2544 rusticos
1619 2502 1741 2541 cum

149 2586 638 2647 consuetudinibus
700 2601 838 2656 quas
881 2584 1177 2648 debebant,
1240 2588 1294 2636 et
1351 2578 1741 2650 quinquaginta

150 2695 355 2751 porcos
375 2719 389 2744 ,
424 2678 752 2747 totidemque
776 2675 1068 2730 multones.

236 2770 425 2826 Petrus
453 2771 518 2825 de
541 2771 744 2824 Artona
764 2808 779 2833 ,
807 2766 1031 2822 Eldinus
1056 2764 1122 2820 de
1150 2762 1483 2833 Montalegra
1502 2801 1516 2826 ,
1548 2758 1743 2815 Petrus

151 2866 233 2921 de
256 2864 480 2920 Terzac.
504 2860 596 2921 lsti
623 2869 752 2920 sunt
777 2868 941 2916 testes
966 2858 1057 2929 qui
1086 2859 1188 2915 hoc
1210 2856 1456 2913 viderunt
1476 2861 1531 2909 et
1562 2850 1745 2905 audie-

154 2966 314 3013 runt.

862 3064 1051 3122 XXVI.

155 3182 362 3239 Charta
392 3178 684 3237 donationis
714 3178 942 3233 ecclesia
972 3177 1154 3232 Sancti
1181 3174 1460 3231 Saturnini
1490 3170 1741 3226 Tolosani
1770 3155 1816 3218 C

238 3252 569 3377 ξιιιῖηὲασεηεὶ
613 3250 928 3305 monasterio
968 3249 1111 3318 [acta
1153 3247 1216 3300 ab
1264 3243 1454 3300 homo
1503 3243 1740 3312 episcopo

288 3340 317 3377 o
342 3338 527 3377 osano.

288 3338 502 3377 otosano
513 3361 527 3376 α

157 3437 407 3513 [Caram
439 3432 717 3491 lemnius
745 3433 809 3487 de
839 3431 1000 3485 l‘liist.
1026 3430 1099 3484 du
1133 3427 1471 3499 Languedoc,
1497 3440 1556 3496 p.
1595 3421 1746 3495 875.]

238 3568 298 3623 In
333 3566 549 3622 nomine
590 3565 682 3620 Dei
722 3562 901 3619 Patris
944 3558 1364 3629 omnipotentis,
1409 3565 1464 3611 et
1512 3555 1666 3621 Filii,
1695 3563 1750 3609 et

160 3662 406 3732 Spiritus
436 3660 639 3727 sancti,
680 3658 729 3711 in
760 3672 867 3726 quo
890 3653 1151 3725 quidquid
1196 3652 1425 3706 facimus
1468 3649 1522 3704 in
1553 3650 1749 3712 verbo,

158 3751 256 3809 vel
284 3752 337 3807 in
365 3765 525 3821 opere
556 3749 731 3804 facere
754 3748 1027 3819 jubemur,
1053 3752 1108 3801 et
1152 3743 1244 3814 qui
1279 3742 1445 3799 tatius
1482 3743 1610 3798 boni
1643 3740 1751 3796 ini-

164 3843 308 3896 tium
345 3850 427 3895 est
462 3848 516 3893 et
547 3839 687 3893 finis.

241 3951 325 4006 Ad
358 3950 598 4004 notitiam
650 3947 996 4018 praesentium
1042 3954 1095 4001 et
1146 3944 1449 3999 futurorum
1494 3941 1750 3997 scribitur

162 4046 291 4100 haec
313 4042 713 4103 convenientia,
743 4055 903 4110 quam
934 4054 1035 4110 ego
1058 4039 1278 4094 lsarnus
1320 4036 1412 4091 Dei
1441 4036 1614 4107 gratia
1647 4035 1751 4091 To-

165 4136 303 4191 losa:
328 4134 610 4204 episcopus
636 4141 817 4188 statuo
844 4141 898 4186 et
929 4131 1107 4195 lirmo,
1130 4145 1253 4185 cum
1287 4127 1533 4183 Hunaldo
1559 4128 1753 4184 abbate

163 4225 532 4297 Moyssacensi
578 4226 646 4280 de
692 4224 809 4278 loco
855 4220 1037 4277 Sancti
1094 4221 1414 4286 Saturnini,
1445 4236 1604 4288 quem
1653 4235 1753 4291 ego

162 4317 333 4373 laudo
360 4326 415 4372 et
445 4316 726 4372 committo
784 4313 1000 4369 domino
1054 4311 1268 4383 llugoni
1302 4312 1484 4366 abbati
1534 4311 1753 4366 Clunia-

162 4407 350 4473 censi,
381 4415 437 4463 et
484 4405 725 4461 llunaldo
767 4404 1139 4475 suprascripto
1186 4402 1367 4457 abbati
1397 4443 1410 4467 ,
1458 4412 1510 4456 ul
1547 4404 1616 4457 ibi
1648 4403 1752 4457 Do-

1826 568 1953 630 Post
1978 574 2184 630 obitum
2216 588 2394 629 meum
2424 572 2682 628 convenit
2707 572 2848 627 inter
2876 585 3009 634 nos,
3047 579 3106 624 ut
3145 569 3409 626 medietas

1828 666 2008 735 operis
2042 664 2209 736 ipsius
2235 663 2477 720 ecclesiae
2500 671 2782 720 remaneat
2828 663 2882 717 in
2915 669 3182 732 potestate
3218 660 3409 718 Sancti

1832 755 2126 822 Stephani,
2159 764 2213 809 et
2239 755 2623 811 canonicorum
2674 755 2912 824 ejusdem
2946 754 3109 809 sedis.
3144 753 3409 809 Consum-

1829 854 1974 903 mata
2005 860 2132 902 vero
2168 845 2368 902 fabrica
2397 845 2666 915 prmdictae
2718 843 2960 900 ecclesiae
3008 843 3270 899 medietas
3302 858 3414 897 om-

1830 937 1980 991 nium
2009 935 2342 991 oblationum
2370 933 2611 1003 praefatae
2656 933 2933 998 ecclesiae,
2968 932 3178 987 illarum
3208 930 3415 987 scilicet

1834 1043 2012 1084 rerum
2040 1042 2160 1098 qua:
2190 1034 2582 1081 consueverunt
2610 1025 2775 1080 dividi
2808 1025 2947 1079 inter
2986 1024 3327 1094 episcopum.
3356 1033 3414 1077 et

1831 1134 1997 1189 opera
2024 1160 2039 1186 ,
2086 1128 2139 1174 et
2169 1117 2641 1188 congregationem
2690 1115 2930 1184 ejusdem
2963 1115 3099 1179 loci,
3133 1115 3202 1169 sit
3230 1112 3418 1168 Sancti

1834 1209 2095 1279 Stephani
2140 1216 2196 1264 et
2234 1209 2471 1279 episcopi
2516 1223 2579 1262 ac
2633 1207 3019 1261 canonicorum
3067 1205 3207 1260 illius
3249 1205 3416 1260 sedis.

1832 1299 2060 1356 Retineo
2073 1301 2234 1354 etiam
2262 1308 2493 1369 pastum,
2511 1313 2671 1370 quem
2699 1298 2944 1365 recipere
2964 1296 3109 1351 soleo
3137 1297 3191 1350 in
3219 1297 3418 1351 festum

1835 1389 2023 1446 Sancti
2058 1389 2336 1445 Saturnini
2384 1390 2529 1445 sicut
2575 1389 2925 1444 constitutum
2956 1395 3072 1449 est,
3112 1395 3165 1441 et
3197 1386 3414 1441 tertiam

1834 1472 2046 1551 partem
2068 1480 2310 1535 omnium
2343 1494 2524 1534 rerum
2563 1493 2682 1549 quae
2726 1493 2826 1548 pro
2868 1477 3143 1547 sepultura
3178 1483 3419 1529 mortuo-

1837 1586 1958 1626 rum
1988 1569 2263 1640 pmdicta:
2310 1568 2554 1624 ecclesiae
2600 1566 2953 1622 conferentur
2996 1565 3081 1620 vel
3126 1566 3423 1628 dabuntur,

1839 1660 1979 1716 ultra
2025 1661 2265 1730 quinque
2304 1659 2498 1714 solido.
2548 1658 2775 1714 Retineo
2817 1656 3066 1713 similiter
3104 1655 3236 1710 mihi
3288 1654 3415 1710 dum

1838 1748 2030 1805 vixero
2055 1761 2271 1803 omnem
2302 1747 2563 1803 honorem
2599 1745 2966 1817 praipositurie
2986 1784 2999 1809 ,
3040 1743 3276 1798 decaniae
3298 1783 3312 1809 ,
3342 1756 3423 1795 sa—

1769 1817 1809 1875 B
1838 1839 2135 1896 cristanize.
2169 1837 2300 1893 Post
2316 1838 2542 1894 .obitum
2567 1851 2745 1891 meum
2775 1834 3036 1905 quidquid
3061 1850 3126 1889 cx
3152 1831 3423 1904 prmdictis

1840 1932 2136 1989 honoribus
2167 1929 2343 1987 solent
2380 1938 2564 1985 tenere
2608 1928 2730 1983 laici
2776 1942 2871 1998 per
2920 1940 3136 1980 manum
3182 1923 3422 1994 episc0pi

1838 2032 2120 2081 remaneat
2155 2021 2359 2077 Sancto
2400 2019 2715 2076 Saturnino.
2750 2017 2976 2076 Retineo
3013 2026 3066 2071 et
3095 2031 3281 2071 omnes
3308 2024 3423 2070 sta-

1841 2115 2019 2171 tiones
2040 2112 2398 2168 festivitatum
2422 2112 2564 2167 sicut
2582 2110 2649 2165 ab
2664 2110 2964 2181 antiquitus
2983 2117 3108 2164 sunt
3122 2108 3426 2163 constituta

1841 2207 1958 2262 fieri
1992 2207 2135 2276 apud
2180 2205 2389 2261 sedem.
2431 2204 2660 2259 Retineo
2707 2204 2872 2258 etiam
2922 2203 3025 2258 hoc
3072 2202 3328 2256 laudante
3370 2207 3426 2254 et

1841 2296 2199 2352 conveniente
2228 2293 2499 2349 Hulnaldo
2525 2293 2781 2364 praedicto
2810 2292 3002 2348 abbate
3045 2301 3098 2346 et
3127 2302 3422 2359 congrega-

1844 2386 1989 2440 tione
2019 2385 2192 2456 ipsius
2226 2382 2359 2449 loci,
2407 2392 2467 2437 ut
2494 2383 2801 2453 quicunque
2843 2395 2909 2435 ex
2938 2380 3157 2437 civitate
3199 2378 3427 2433 voluerit

1844 2474 2062 2546 sepeliri
2093 2475 2145 2529 in
2176 2474 2492 2529 cmmeterio
2535 2482 2734 2529 nostrae
2780 2472 2951 2537 sedis,
3003 2471 3120 2526 sine
3153 2470 3299 2525 omni
3331 2484 3422 2524 ca-

1844 2566 2049 2620 lumnia
2072 2575 2127 2620 et
2148 2563 2574 2620 contradictione
2602 2563 2897 2629 recipiatur
2923 2578 2986 2617 ac
3009 2562 3299 2633 sepeliatur
3328 2560 3422 2617 ibi.

1844 2654 2035 2712 Omnia
2060 2655 2175 2709 haec
2196 2668 2358 2722 supra
2386 2654 2587 2723 scripta
2634 2668 2733 2724 ego
2759 2653 2976 2708 lsarnus
3000 2653 3281 2723 episcopus
3304 2650 3420 2720 jam

1844 2760 2008 2817 supra
2042 2745 2382 2809 nominatus,
2427 2743 2636 2799 retineo
2679 2743 2747 2798 ad
2777 2758 2914 2813 opus
2940 2742 3124 2799 Sancti
3158 2741 3425 2811 Stephani

1846 2848 2046 2895 nostrae
2085 2837 2263 2902 sedis,
2309 2844 2364 2892 et
2410 2836 2476 2891 ad
2509 2850 2688 2891 meum
2724 2849 2898 2905 opus,
2946 2845 2999 2890 et
3046 2835 3431 2889 canonicorum

1845 2930 2088 3001 ejusdem
2118 2942 2254 2998 opus
2274 2967 2289 2993 ,
2338 2934 2393 2982 et
2438 2927 2824 2982 canonicorum
2857 2925 3097 2995 ejusdem
3130 2924 3274 2979 sedis
3302 2939 3431 2993 pro-

1846 3032 1965 3093 pter
1996 3018 2241 3074 laicalem
2269 3017 2449 3072 fevum
2482 3017 2731 3087 superius
2764 3016 2895 3082 dixi,
2931 3024 2992 3070 ut
3014 3015 3087 3070 sit
3116 3013 3303 3069 Sancti
3330 3012 3431 3068 Sa-

1848 3110 2081 3177 turnini,
2108 3117 2164 3164 et
2197 3123 2264 3163 ex
2294 3106 2545 3162 omnibus
2590 3106 2709 3161 istis
2759 3120 2879 3177 quae
2905 3104 3034 3160 mihi
3070 3112 3126 3159 et
3152 3103 3265 3159 sedi
3297 3117 3431 3158 mea:

1850 3214 2013 3276 atque
2038 3200 2319 3259 canonicis
2349 3199 2559 3255 retineo
2578 3240 2592 3265 ,
2622 3199 2876 3254 convenit
2904 3198 3044 3253 inter
3083 3211 3182 3253 nos
3209 3196 3269 3252 ut
3298 3194 3432 3250 nihil

1851 3312 2084 3369 unquam
2114 3294 2403 3365 impediam
2449 3308 2625 3363 neque
2666 3292 2801 3349 alias
2832 3290 3228 3355 transfundam,
3259 3304 3435 3359 neque

1850 3390 2013 3444 ullam
2038 3386 2404 3443 difﬁcultatem
2431 3394 2621 3439 contra
2640 3384 2826 3439 sedem
2856 3392 3123 3451 meam,et
3146 3381 3435 3437 canonicos

1850 3482 2018 3552 ipsius
2047 3481 2189 3536 sedis
2217 3493 2233 3534 :
2262 3477 2493 3534 similem
2540 3477 2951 3533 conventionem
2984 3474 3123 3531 facio
3150 3474 3216 3530 de
3243 3474 3421 3529 omni-

1850 3576 1952 3631 bus
1989 3573 2095 3628 illis
2120 3587 2239 3643 quze
2264 3579 2545 3627 remanent
2582 3569 2721 3641 juris
2749 3568 2932 3625 Sancti
2964 3566 3268 3623 Saturnini.
3295 3565 3431 3620 Pro-

1850 3673 1973 3736 pter
2004 3665 2105 3719 hoc
2129 3662 2385 3732 placitum
2411 3702 2425 3727 ,
2453 3671 2508 3716 et
2532 3672 2755 3732 propter
2777 3660 3220 3716 constitutionem
3248 3673 3438 3729 supra-

1852 3754 1981 3811 dicti
2009 3753 2218 3809 ordinis
2247 3753 2390 3822 quod
2434 3752 2722 3822 episcopus
2756 3750 3181 3821 prmnominalus
3217 3749 3438 3804 lsarnus

1852 3853 2122 3904 consentit
2152 3861 2215 3900 ac
2246 3843 2509 3915 permittit
2539 3844 2748 3899 institui
2795 3842 3151 3898 monasticam
3196 3838 3435 3909 regulam

1854 3942 1909 3996 in
1937 3941 2055 3995 loco
2090 3937 2276 3994 Sancti
2322 3936 2635 4001 Saturnini,
2665 3950 2764 4006 ego
2789 3934 3105 3990 Guillelmus
3136 3933 3437 3988 Tolosanus

1854 4045 2038 4088 comes
2063 4031 2205 4086 dono
2239 4037 2295 4084 et
2332 4029 2492 4084 laudo
2520 4037 2574 4084 et
2598 4029 2755 4082 firmo
2784 4027 2885 4098 ipsi
2931 4026 3185 4097 episcopo
3214 4024 3434 4088 lsarno,

1852 4133 1913 4178 ut
1944 4130 2165 4194 propter
2192 4118 2810 4177 excommunicationem
2858 4116 3171 4186 apostolici,
3208 4114 3293 4171 vel
3319 4112 3436 4182 ejus

1853 4213 2009 4285 legati
2038 4227 2312 4283 nunquam
2362 4219 2551 4266 contra
2595 4208 2788 4279 pellam
2836 4208 2912 4263 illi
2952 4209 3213 4263 honorem
3263 4220 3438 4276 neque

1854 4306 2129 4371 auferam,
2154 4319 2329 4374 neque
2363 4301 2526 4356 ullam
2555 4302 2664 4356 vim
2707 4300 2933 4355 inferam
2956 4340 2971 4365 ,
3003 4309 3057 4355 ct
3081 4309 3305 4369 propter
3333 4298 3437 4354 hoc

1856 4398 1997 4454 idem
2025 4397 2283 4467 placitum
2308 4395 2452 4449 dono
2477 4402 2533 4448 et
2563 4392 2721 4448 firmo
2751 4392 2850 4459 illi,
2881 4401 2940 4446 ut
2967 4391 3035 4447 ab
3060 4391 3327 4447 hodierno
3351 4390 3437 4446 die

163 4499 323 4556 mino
348 4499 447 4553 sub
474 4498 769 4553 monastica
805 4495 986 4565 regula
1012 4495 1156 4548 omni
1191 4504 1432 4564 tempore
1461 4494 1748 4549 serviatur.
1786 4505 1833 4564 ι)
1858 4489 1925 4543 de
1954 4488 2099 4545 nullo
2139 4488 2338 4544 clerico
2389 4486 2648 4556 accipiam
2691 4485 2959 4556 justitiam
3005 4484 3095 4554 qui
3148 4483 3355 4538 habitet
3382 4484 3435 4538 iu

162 4592 291 4647 Hoc
316 4590 562 4645 videlicet
588 4598 744 4659 pacto
772 4588 913 4658 quod
940 4588 1248 4642 habendum
1289 4601 1504 4655 semper
1542 4588 1751 4642 retineo

161 4692 420 4752 quartam
454 4690 661 4750 partem
697 4681 935 4734 omnium
979 4678 1312 4733 oblationum
1354 4678 1610 4734 Ecclesia:
1654 4695 1750 4733 su-

161 4770 398 4844 pradicti
438 4769 729 4841 martyris,
754 4778 808 4821 et
839 4768 1422 4838 proprium°custodem
1454 4769 1670 4834 altaris,
1698 4778 1753 4823 et

163 4861 375 4914 victum
411 4858 577 4928 ipsius
602 4857 841 4912 custodis
870 4856 936 4911 de
980 4855 1217 4911 clauStro
1245 4856 1625 4925 accipiendum
1650 4896 1664 4921 ,
1696 4865 1752 4912 et

162 4954 390 5027 domum
426 4949 492 5003 ad
520 4964 657 5019 opus
681 4947 922 5003 custodis
953 4962 1120 5016 prope
1164 4948 1361 5002 ostium
1410 4947 1653 5001 ecclesiae
1683 4949 1749 5002 ad

163 5042 427 5115 placitum
475 5055 676 5095 meum.
725 5038 952 5094 Retineo
994 5052 1211 5107 quoque
1265 5037 1469 5092 clavem
1513 5037 1748 5109 sepulcri

164 5130 429 5199 martyris
451 5138 505 5183 et
529 5128 732 5184 clavem
766 5136 894 5182 ante
924 5127 1095 5181 altare
1129 5127 1314 5181 Sancti
1342 5126 1561 5182 Ascicli.
1591 5127 1657 5181 Et
1685 5127 1751 5182 de

164 5218 424 5275 omnibus
449 5218 643 5287 quietin
670 5215 922 5285 praedicta
954 5215 1191 5271 Ecclesia
1223 5217 1576 5287 acquircntur
1601 5232 1629 5272 a
1656 5232 1749 5286 po-

165 5309 334 5381 pulo,
365 5312 570 5365 retineo
598 5310 813 5365 tertiam
844 5318 1052 5378 partem
1083 5309 1149 5363 ad
1174 5324 1340 5379 opera
1387 5307 1658 5372 ecclesias,
1695 5318 1753 5363 et

169 5403 388 5457 tertiam
428 5412 637 5472 partem
668 5402 925 5472 episcopi,
954 5412 1009 5457 et
1032 5417 1197 5456 unum
1225 5401 1469 5456 cubitum
1510 5401 1748 5456 candela:

165 5493 550 5564 episcopalem,
578 5493 741 5548 alium
766 5492 1074 5562 praepositi,
1099 5492 1262 5547 alium
1286 5492 1472 5547 decani
1501 5503 1558 5548 et
1583 5493 1746 5547 alium

168 5585 443 5647 sacristai,
487 5592 541 5639 et
592 5584 754 5638 ahum
792 5584 859 5638 ad
898 5598 1060 5654 opera
1107 5583 1344 5652 ejusdem
1381 5582 1659 5649 ecclesiis,
1695 5592 1749 5637 et

171 5673 461 5728 luminaria
511 5675 578 5729 ad
628 5673 909 5743 prandium
958 5672 1087 5727 mihi
1133 5671 1474 5736 necessaria,
1516 5686 1634 5740 quae
1681 5688 1753 5726 ex

170 5764 562 5819 consuetudine
609 5764 807 5818 habere
836 5764 1017 5827 soleo,
1064 5770 1115 5816 et
1160 5769 1266 5816 tota
1302 5775 1467 5831 opera
1523 5758 1741 5815 fabricae

1854 4579 2112 4635 suburbio
2138 4578 2221 4634 vel
2249 4580 2302 4633 in
2330 4578 2553 4634 civitate
2574 4588 2860 4649 postquam
2895 4589 3152 4630 coronam
3185 4573 3436 4629 habuerit

1853 4672 1908 4726 in
1939 4670 2144 4741 capite,
2176 4684 2349 4741 neque
2380 4670 2642 4739 accipiam
2684 4666 2951 4738 justitiam
2982 4666 3048 4721 de
3079 4664 3309 4733 Bajulis,
3341 4679 3435 4718 ne-

1854 4776 1958 4831 que
1987 4762 2054 4818 de
2087 4761 2445 4816 servientibus
2473 4761 2585 4815 suis
2610 4759 2701 4829 qui
2732 4759 2841 4812 sint
2876 4757 2928 4811 in
2968 4757 3214 4821 civitate,
3247 4756 3334 4812 vel
3379 4756 3433 4810 in

1851 4852 2045 4922 burgo.
2079 4852 2205 4907 Hinc
2236 4852 2417 4907 omnia
2446 4852 2586 4906 sicut
2615 4852 2666 4904 in
2696 4850 2795 4904 hac
2820 4849 3006 4903 charta
3041 4848 3241 4917 scripta
3274 4857 3431 4918 sunt,

1854 4941 1926 4995 ita
1953 4942 2096 4996 dono
2134 4956 2234 5012 ego
2264 4940 2608 5012 supradictus
2647 4954 2863 5003 comes,
2897 4947 2952 4992 et
3005 4937 3163 4993 laudo
3193 4946 3247 4993 et
3276 4938 3434 4992 firmo

1854 5031 1963 5087 Deo
1993 5040 2047 5087 ct
2074 5041 2262 5086 sancto
2290 5031 2566 5101 Stephano
2589 5030 2860 5101 priedictae
2887 5029 3059 5093 sedis,
3096 5037 3149 5083 et
3177 5029 3433 5099 episeopo

1850 5122 2038 5178 lsarno
2081 5123 2494 5192 praenominato,
2522 5128 2686 5190 atque
2716 5120 2992 5174 canonicis
3021 5118 3261 5188 ejusdem
3289 5117 3435 5176 sedis

1852 5215 2210 5285 praesentibus
2244 5224 2299 5269 et
2348 5213 2575 5279 futuris,
2607 5220 2663 5267 et
2710 5223 2768 5266 ut
2814 5227 3089 5282 nunquam
3133 5211 3435 5279 irrumpere

1851 5304 2052 5375 possim
2074 5343 2089 5369 ,
2122 5303 2215 5358 sed
2245 5317 2463 5372 semper
2491 5302 2643 5356 lirma
2674 5300 2969 5355 stabilitate
3001 5309 3214 5355 teneam
3257 5310 3317 5357 et
3365 5303 3431 5357 ll-

1850 5398 2042 5453 deliter
2071 5399 2385 5463 observem,
2433 5397 2485 5451 in
2517 5398 2733 5451 nomine
2779 5404 2979 5452 sanctae
3006 5398 3125 5452 fidei
3155 5399 3432 5456 oscuiatus

1851 5502 1969 5542 sum
2005 5486 2319 5557 praedictum
2378 5485 2687 5555 episcopum
2720 5486 2994 5554 lsarnum,
3046 5494 3101 5541 et
3139 5490 3434 5546 canonicos

1850 5577 1966 5648 ejus
1993 5578 2157 5633 sedis.
2189 5577 2457 5632 Prieterea
2504 5578 2914 5645 constituimus,
2958 5587 3011 5632 et
3040 5590 3299 5649 perpetua
3331 5581 3430 5636 ob-

1852 5671 2153 5727 servatione
2174 5669 2487 5742 definimus,
2516 5678 2575 5724 ut
2600 5669 2653 5725 in
2683 5670 3074 5741 praenominato
3098 5672 3218 5726 loco
3244 5671 3426 5726 Sancti

1854 5763 2130 5819 Saturnini
2176 5777 2459 5834 nunquam
2502 5763 2815 5821 instituatur
2846 5764 3040 5826 abbas,
3073 5762 3172 5818 sed
3218 5777 3433 5836 semper
