3928 6298
568 350 676 410 987

1753 343 2062 400 VALRAMI
2091 341 2305 402 ense.
2335 343 2698 403 numnunc.
3655 354 3728 416 ια

571 443 653 524 Tu
699 467 900 540 igitur,
941 449 1330 539 gloriosissime
1373 463 1663 535 princeps,
1711 461 1999 517 attendens
2033 475 2164 531 quo-
2189 463 2238 525 Α
2268 461 2453 530 vitque
2503 477 2662 540 enim.
2720 468 2990 540 quatenus
3031 460 3115 516 his
3158 459 3388 540 diligenti
3426 463 3730 530 examination.

573 563 736 619 modo
770 582 788 614 ι
827 561 965 616 Dens
1007 560 1160 629 pacis
1201 566 1320 624 est,
1345 566 1400 612 et
1425 570 1532 612 non
1563 554 1916 612 dissensionis
1944 551 1998 624 (Ι
2038 552 2160 607 Cor.

574 652 688 721 χεν)
720 670 738 702 ι
775 649 919 720 quod
943 663 1010 703 ex
1045 657 1098 703 te
1133 658 1236 713 est,
1265 661 1456 717 pacem
1497 661 1617 701 cum
1645 645 1896 700 omnibus
1936 643 2160 697 habeas.

572 739 716 794 Deus
737 739 976 793 charitas
1001 745 1106 799 est,
1137 735 1392 790 diabolus
1411 734 1620 788 odium.
1652 732 1785 789 Tota
1829 732 1914 786 lex
1955 739 2010 785 et
2038 747 2162 802 pro-

572 833 745 904 phetze
773 833 824 886 in
857 831 1145 885 dilectione
1175 829 1411 899 pendent
1440 827 1665 898 (Matth.
1696 825 1820 896 xu).
1856 843 1875 876 ι
1912 824 2013 891 Qui
2061 839 2158 878 an-

573 939 680 982 tem
705 927 819 981 odit
850 924 1072 980 fratrem
1098 936 1278 988 suum,
1307 921 1579 978 homicida
1609 929 1692 975 est
1719 919 1769 988 (I
1802 917 1964 971 Jo'an.
1993 917 2104 987 ιιι),
2135 934 2152 966 ι

573 1035 676 1074 nec
701 1020 859 1075 habet
887 1031 1092 1089 partem
1123 1020 1174 1073 in
1207 1016 1408 1073 Christi
1441 1029 1609 1084 regno
1640 1023 1693 1067 et
1725 1011 1836 1066 Dei.

651 1132 671 1164 ι
716 1111 829 1166 Hoc
861 1113 974 1182 ipsa
1024 1112 1258 1174 Veritas,
1298 1111 1399 1163 hoc
1439 1105 1736 1176 discipulus
1783 1103 1869 1156 ille
1899 1101 2158 1156 Veritatis

569 1214 925 1275 protestatur,
949 1203 1039 1272 qui
1071 1203 1136 1257 de
1167 1211 1387 1272 pectore
1413 1198 1698 1254 Dominico
1718 1194 1999 1263 Evangelii
2033 1208 2158 1264 pro-

573 1299 792 1352 fundius
833 1308 1048 1368 potatus
1078 1297 1383 1355 veritatem,
1417 1289 1652 1344 lluininis
1678 1288 1881 1357 impetu
1917 1285 2159 1340 Iretilicat

576 1391 939 1446 abundantius
963 1390 1236 1445 civitatem
1268 1384 1382 1440 Dei.
1422 1383 1529 1437 Sed
1561 1382 1672 1446 ille,
1713 1395 1810 1435 vas
1851 1378 2154 1444 electionis,

577 1485 668 1554 qni
698 1499 867 1554 usque
898 1484 964 1536 ad
992 1481 1210 1536 tertium
1242 1478 1438 1532 coelum
1463 1484 1670 1544 raptus,
1702 1487 1809 1526 non
1855 1471 2156 1526 secundum

573 1575 873 1638 hominem,
905 1573 997 1629 sed
1023 1588 1119 1642 per
1158 1568 1549 1626 revelationem
1585 1564 1712 1620 Jesu
1741 1563 1946 1618 Christi
1979 1563 2157 1616 Evan-

573 1664 772 1736 gelium
801 1679 956 1718 suum
987 1661 1193 1716 didicit.
1229 1679 1248 1712 ι
1282 1658 1496 1721 Omnis,
1528 1655 1723 1726 inquit,
1763 1655 1942 1708 anima
2001 1660 2155 1721 pote-

572 1756 802 1812 statibus
837 1753 1245 1810 snblimioribus
1282 1751 1494 1806 subdita
1523 1749 1596 1804 sit
1621 1765 1636 1812 ;
1657 1761 1760 1800 non
1789 1746 1932 1799 enim
1954 1752 2037 1798 est
2060 1758 2157 1812 po-

573 1857 742 1903 testas
772 1847 874 1901 nisi
905 1863 933 1900 a
977 1851 1103 1901 Deo.
1153 1844 1254 1911 Qui
1295 1853 1476 1897 autem
1509 1840 1710 1895 resistit
1745 1836 2020 1908 potestati,
2060 1835 2154 1889 Dei
2191 1823 2231 1877 Β

571 1941 898 1996 ordinationi
935 1938 1140 1992 resistit
1163 1935 1343 2001 (Rom.
1371 1934 1516 2002 xm).
1554 1953 1572 1985 ι
1610 1929 1949 1986 Sicutamici
1984 1928 2157 1982 nostri

570 2033 716 2087 inter
748 2029 1094 2084 mulierculas
1130 2035 1185 2080 et
1229 2025 1457 2094 simplex
1507 2022 1701 2094 vulgus
1739 2021 2033 2082 somniant,
2074 2033 2157 2072 re-

570 2127 672 2196 gim
712 2123 966 2195 potestati
997 2120 1152 2175 subdi
1185 2135 1290 2173 non
1321 2127 1576 2186 oportere
1597 2157 1612 2181 ,
1653 2114 1848 2170 falsum
1877 2129 1999 2170 esse
2028 2127 2157 2183 ergo

570 2215 716 2286 quod
747 2229 962 2269 omnem
993 2211 1230 2265 animam
1264 2208 1520 2279 potestati
1552 2207 1708 2261 subdi
1752 2213 2020 2275 oporteat.
2054 2203 2160 2258 Sed

547 2306 813 2377 ’nunquid
843 2305 1060 2361 Veritas
1089 2302 1358 2358 mendacii
1394 2299 1667 2369 argnenda
1693 2299 1814 2352 est?
1838 2297 1919 2349 An
1947 2295 2161 2366 experi-

572 2408 814 2454 mentum
846 2395 1143 2466 qumrimns
1181 2393 1299 2462 ejus
1333 2391 1424 2460 qui
1467 2390 1520 2444 in
1547 2387 1807 2458 Apostolo
1839 2386 2160 2456 loquebatur

569 2489 857 2547 Christus?
900 2507 918 2540 ι
948 2489 1029 2542 An
1060 2486 1379 2541 mmulamur
1414 2481 1747 2538 Dominum?
1775 2479 2030 2549 Nunquid
2052 2478 2161 2533 for-

573 2581 740 2636 tiores
767 2579 858 2634 illo
883 2577 1115 2632 sumus?
1162 2573 1214 2646 (Ι
1263 2573 1387 2628 Cor.
1418 2575 1500 2643 ιι.)
1542 2592 1560 2625 ι
1600 2571 1909 2627 Fortiorem
1943 2584 2002 2624 se
2026 2583 2159 2624 con-

537 2671 711 2733 -fidit,
752 2669 844 2739 qui
876 2667 970 2722 Dei
1015 2664 1344 2721 ordiuationi
1380 2662 1606 2729 resistit,
1645 2662 1903 2730 quoniam
1943 2674 2048 2714 non
2077 2666 2162 2714 est

570 2770 813 2834 potestas
844 2759 945 2814 nisi
979 2774 1009 2812 a
1042 2759 1169 2812 Deo.
1213 2754 1320 2810 Sed
1346 2755 1476 2824 quid
1500 2753 1572 2808 ait
1604 2750 1906 2822 propheta?
1941 2768 1960 2802 ι
2013 2748 2160 2804 Con-

569 2854 866 2910 fundantur
887 2865 1100 2917 omnes,
1125 2848 1216 2919 qui
1246 2855 1494 2917 pugnant
1517 2845 1807 2900 adversum
1842 2851 1916 2905 te,
1936 2841 2161 2895 Domine

574 2947 712 3018 (Isa.
754 2947 889 3014 xu).
939 2965 958 2996 ι
996 2944 1060 2998 Ει
1098 2959 1112 2996 :
1148 2961 1166 2993 ι
1205 2941 1466 2996 Pet-ibunt
1509 2938 1611 2993 viri
1644 2937 1734 3008 qui
1772 2939 2030 2992 resistunt
2065 2933 2160 2988 tibi

573 3040 829 3112 (ibidem).
867 3057 886 3090 ι
925 3034 1254 3104 Rudolpbus,
1283 3030 1678 3086 llildebrandus
1702 3071 1718 3095 ,
1746 3027 2081 3098 Eggebertus
2107 3033 2163 3080 et

573 3129 843 3187 innumeri
874 3127 1150 3196 principes
1186 3124 1280 3178 Dei
1307 3122 1635 3177 ordinationi
1661 3123 1713 3174 in
1737 3120 1969 3174 Henrico
1991 3120 2161 3188 impe-

575 3232 758 3279 ratore
786 3220 1124 3282 restiterunt,
1153 3224 1206 3268 et
1234 3230 1362 3270 ecce
1387 3214 1541 3284 quasi
1591 3227 1698 3266 non
1723 3210 1947 3277 fuerint,
1978 3210 2154 3280 perie-

576 3322 724 3378 runt,
758 3313 883 3383 quia
920 3309 1162 3381 profecto
1192 3321 1414 3362 necesse
1453 3317 1538 3360 est
1567 3304 1769 3359 malum
1810 3302 1978 3356 fuisse
2007 3300 2156 3373 prin-

573 3403 796 3476 cipium,
829 3416 1058 3472 quorum
1087 3398 1211 3454 linis
1238 3397 1506 3468 pessimus
1535 3393 1856 3451 subsecutus
1875 3400 1980 3447 est.

654 3515 673 3548 ι
719 3495 874 3550 Nunc
897 3509 1028 3562 ergo
1060 3491 1344 3563 quoniam,
1366 3488 1458 3559 qui
1489 3503 1556 3542 ex
1595 3485 1824 3541 adversa
1854 3493 1981 3539 sunt
2006 3491 2159 3554 parte

579 3589 694 3647 suis
724 3589 1008 3644 adversum
1038 3600 1138 3640 uos
1161 3583 1375 3640 eminus
1401 3579 1768 3650 digladiantur
1789 3575 2161 3632 ratiocinatio-

577 3683 758 3748 nibus,
792 3688 978 3736 vestro
1019 3676 1248 3747 judicio,
1290 3673 1382 3729 ubi
1410 3672 1530 3740 jus,
1568 3671 1654 3726 vel
1682 3671 1846 3726 etiam
1892 3671 1944 3724 in
1980 3677 2158 3724 vestro

572 3775 778 3846 judicio
800 3771 1168 3835 conferamus,
1200 3765 1475 3821 domicilio
1500 3772 1707 3818 tantum
1738 3777 1842 3816 non
1874 3775 1973 3816 suo
1997 3776 2159 3814 usua-

579 3868 684 3931 tio,
710 3865 804 3922 sed
825 3863 1024 3920 Christi
1069 3870 1121 3916 et
1155 3859 1502 3929 antiquorum
1562 3854 1786 3910 Patrum
1836 3862 2053 3908 utamur
2084 3862 2159 3911 tes

577 3958 855 4017 alimonio.
888 3956 965 4010 Ac
1001 3969 1069 4009 ne
1099 3952 1239 4008 forte
1271 3957 1573 4014 recusetur,
1597 3947 1681 4002 lex
1715 3946 1873 4016 hujus
1900 3954 2018 4000 esto
2041 3960 2162 4000 cer-

582 4053 829 4115 taminis,
860 4049 946 4103 vel
981 4063 1066 4102 me
1097 4047 1150 4100 in
1200 4041 1517 4113 populorum
1550 4039 1784 4093 transire
1808 4037 2156 4099 sententiam,

581 4141 665 4197 vel
692 4158 758 4195 ex
788 4148 975 4194 nostro
1004 4135 1284 4209 triumpho,
1323 4147 1420 4186 vos
1444 4129 1673 4185 Domino
1705 4136 1890 4183 nostro
1921 4130 2158 4195 impera-

581 4231 687 4287 tori
726 4229 860 4284 lucri
910 4227 1193 4282 faciamus.
1232 4223 1559 4279 Attendatur
1603 4228 1657 4275 et
1685 4217 1857 4273 illud:
1895 4217 2007 4299 «’Si
2039 4217 2162 4286 quis

581 4321 740 4376 aliter
781 4316 1115 4387 evangelizat
1164 4321 1360 4384 praeter
1407 4311 1548 4382 quod
1591 4308 2020 4380 evangelizatum
2073 4313 2157 4360 est

579 4406 1060 4472 vobis,anathema
1086 4403 1156 4457 sit
1187 4401 1331 4471 (Gal.
1357 4399 1420 4470 ι).
1463 4420 1481 4452 ι
1513 4399 1624 4454 Hoc
1656 4397 1940 4452 anathema
1964 4410 2070 4449 non
2095 4396 2161 4448 de

2269 532 2584 603 perspectis,
2608 531 2765 597 juxta
2811 533 3074 603 rationem
3117 531 3578 603 veritatiscongrna
3603 540 3731 594 obvia-

2267 601 2353 657 ret
2402 601 2774 671 responsione,
2806 612 2872 674 et
2921 602 3155 673 linguam
3207 601 3730 674 blasphemantisUiou.

2268 676 2711 755 ut),os.rquoque
2743 673 2929 755 iniqua
2969 671 3731 755 .p'rofercntis.contrahjustitim

2265 744 2591 817 auctoritate
2635 745 2807 797 sancti
2839 743 3094 817 Spiritus,
3121 753 3174 797 et
3204 742 3732 817 testimonio‘scriptura-

2265 830 2383 868 rum
2430 814 2759 876 obstrueret,
2793 831 2860 869 ne
2901 814 3132 882 amplius
3168 821 3354 867 contra
3399 813 3638 870 Ecclesiaio
3672 822 3732 874 Dei

2264 885 2488 939 latratus
2521 883 2789 952 proferret
2848 885 3093 947 insanos,
3131 893 3184 937 et
3237 885 3452 939 ’ureret.
3488 884 3732 944 Venerabilis

2261 968 2440 1009 autem
2481 955 2766 1024 episcopus
2794 957 3092 1008 secundum
3130 953 3434 1023 petitionem
3458 958 3629 1008 comitis
3653 973 3733 1015 sus-

2259 1026 2432 1096 ceptis
2455 1025 2673 1087 litteris,
2705 1040 2770 1079 ac
2797 1025 3036 1092 diligenti
3079 1024 3463 1096 examinatione
3500 1031 3732 1094 perspectis,

2262 1093 2453 1150 vorato
2498 1097 2711 1150 notario
2754 1095 3036 1163 epistolam
3063 1093 3315 1156 dictavit,
3365 1095 3414 1147 in
3457 1110 3546 1162 qtta
3573 1093 3732 1164 primum

2264 1165 2573 1220 Valramnm
2621 1166 2933 1234 episcopum
2973 1167 3314 1224 luereticum,
3345 1164 3651 1220 Simouiacmn
3682 1183 3734 1221 re-

2261 1236 2495 1305 darguit,
2529 1252 2707 1306 regem
2737 1236 2901 1290 etiam
2956 1235 3244 1288 llenricurn
3301 1235 3579 1306 luereticum
3601 1246 3642 1288 et
3674 1251 3733 1290 cx-

2260 1308 2740 1369 communieatum,
2790 1306 3019 1376 ideoque
3049 1321 3147 1360 nec
3177 1319 3354 1376 regem
3386 1305 3734 1358 dicendumme-

2259 1379 2540 1446 probavit,
2569 1378 2915 1445 episcopatus
2936 1375 3048 1445 pro
3082 1375 3311 1445 pecunia
3333 1390 3466 1446 ,pro
3490 1375 3651 1446 gladio.
3671 1391 3733 1444 pro

2261 1445 2556 1509 adulterio,
2589 1462 2689 1517 pro
2748 1447 3084 1517 Sodomitiea
3130 1445 3458 1517 inununditia
3508 1447 3732 1500 vendentem

2258 1515 2605 1572 declaravitf
2628 1517 2732 1572 Sed
2784 1517 2953 1586 ipsius
2986 1516 3098 1583 jam
3122 1515 3364 1586 epistola:
3389 1524 3550 1586 textus
3572 1530 3734 1586 expona-

2262 1599 2367 1669 tur,
2404 1597 2460 1642 ut
2511 1589 2653 1642 illius
2678 1584 3001 1643 venerabilis
3032 1585 3132 1640 viri
3181 1586 3361 1639 fervor
3387 1584 3434 1639 in
3466 1594 3619 1640 tenore
3634 1585 3736 1654 justi-

2262 1669 2348 1714 tlte
2379 1669 2726 1728 agnoscatur.
3110 1701 3118 1707 .

2657 1748 2979 1806 LUDOVICI
3033 1745 3429 1803 RESPONSlO.

2331 1859 2350 1893 ι
2397 1841 2588 1898 Comes
2635 1841 2965 1908 Lunovncus,
2996 1839 3216 1896 domino
3257 1839 3520 1903 VALRMIO,
3557 1838 3734 1908 quidquid

2261 1933 2358 1988 tali
2391 1933 2658 1988 vocabulo
2691 1933 2912 2003 dignum
2943 1940 3050 1986 est.

2333 2042 2372 2076 ι
2405 2024 2560 2080 Sicut
2583 2024 2757 2080 bonus
2800 2024 2964 2079 homo
2990 2024 3056 2076 de
3096 2023 3244 2078 bono
3268 2019 3508 2076 thesauro
3529 2020 3736 2076 conlissai

2257 2115 2466 2188 profert
2497 2117 2700 2172 bonum
2722 2155 2738 2180 ,
2781 2117 2854 2170 ita
2902 2114 3078 2168 malus
3113 2113 3278 2168 homo
3307 2111 3372 2167 de
3412 2111 3536 2166 malo
3563 2110 3738 2165 thesauro

2259 2209 2466 2280 profert
2495 2208 2719 2264 malum.
2747 2205 2901 2262 Unde
2923 2207 3018 2260 tibi
3045 2215 3190 2260 tanta
3221 2203 3514 2272 arrogantia
3545 2210 3591 2256 ut
3611 2218 3671 2256 me
3694 2203 3736 2256 ad

2261 2301 2685 2372 indignationem
2737 2308 2846 2354 tam
2892 2296 3168 2366 iniuriosis
3220 2284 3428 2366 injuriis
3470 2292 3736 2364 provocat-esi

2259 2390 2472 2446 Etenim
2499 2389 2750 2446 dominos
2773 2397 2829 2444 et
2856 2398 3038 2459 patres
3062 2402 3236 2451 meos,
3259 2386 3349 2458 qui
3386 2401 3465 2441 me
3486 2387 3530 2441 in
3555 2386 3619 2438 via
3635 2384 3738 2450 justi-

2261 2481 2348 2534 tize
2400 2478 2741 2546 confortant,
2805 2478 2952 2533 viros
3010 2477 3338 2548 sanguinum
3373 2474 3553 2530 similes
3594 2474 3739 2528 Satan:

2259 2571 2481 2642 oblique
2504 2570 2766 2642 appellas,
2803 2578 2858 2626 et
2889 2571 3094 2624 monita
3141 2567 3357 2632 salutis,
3383 2581 3493 2637 quae
3515 2572 3737 2635 suggerunt,

2261 2663 2404 2719 inter
2424 2661 2774 2718 mulierculas
2813 2670 2871 2716 et
2917 2660 3144 2729 simplex
3172 2660 3368 2730 vulgus
3389 2659 3616 2713 somniare
3636 2656 3737 2709 dicis.

2259 2754 2511 2824 Nunquid
2543 2756 2684 2809 Deus
2719 2753 2924 2824 indiget
2967 2761 3058 2806 tuo
3079 2750 3308 2820 iudicio,
3331 2759 3385 2805 ut
3411 2766 3497 2820 pro
3522 2749 3593 2802 illo
3613 2746 3738 2815 loqua-

2263 2847 2339 2902 ris
2360 2846 2545 2901 dolos?
2573 2845 2767 2900 Docuit
2813 2845 3075 2913 iniquitas
3093 2858 3156 2898 os
3185 2852 3364 2911 tuum,
3402 2851 3451 2896 ct
3473 2839 3653 2895 imitaris
3676 2837 3739 2888 lin-

2263 2953 2423 3010 guam
2472 2937 2994 3008 blasphemantium,
3051 2935 3124 2989 ita
3175 2944 3246 2989 ut
3301 2944 3446 2990 recte
3482 2932 3538 2987 de
3579 2940 3618 2985 te
3647 2929 3740 2982 dicat

2261 3029 2531 3098 Propheta
2565 3047 2578 3083 :
2618 3046 2638 3078 ι
2684 3026 2866 3082 Noluit
2906 3025 3240 3096 intelligere,
3268 3034 3326 3078 ut
3353 3025 3479 3080 bene
3502 3027 3656 3092 ageret,
3675 3017 3740 3070 ini-

2265 3119 2530 3191 quitatem
2559 3117 2854 3173 meditatus
2877 3126 2964 3172 est
2993 3117 3045 3171 in
3073 3115 3247 3172 cubili
3277 3129 3376 3170 suo
3397 3111 3547 3181 (Psat.
3568 3107 3734 3175 xm)»

2265 3210 2524 3280 Quamvis
2561 3223 2693 3280 ergo
2720 3218 2986 3279 quantum
3006 3220 3326 3277 pet-versus,
3350 3212 3539 3258 tantum
3565 3208 3738 3270 perversa

2265 3303 2479 3359 locutus
2505 3302 2603 3368 sis,
2635 3316 2733 3356 nos
2778 3291 2957 3356 tamen
2987 3299 3069 3356 ori
3099 3306 3298 3353 nostro
3323 3292 3587 3350 custodiam
3608 3296 3739 3360 poem

2267 3394 2634 3460 decrevimus,
2662 3401 2717 3449 et
2743 3393 2996 3447 siluimus
3023 3408 3044 3442 ι
3092 3405 3222 3446 cum
3250 3388 3546 3445 consisteret
3569 3384 3739 3451 peccator

2265 3485 2552 3540 adversum
2610 3499 2710 3538 nos
2764 3480 2941 3554 (Psal.
2993 3479 3257 3549 xxxviii).
3295 3497 3315 3532 ι
3367 3477 3465 3532 Sed
3503 3472 3740 3528 excitatum

2265 3586 2446 3633 sermo
2484 3576 2718 3643 divinus,
2750 3576 2935 3632 dicens
2986 3593 3000 3628 :
3053 3593 3071 3625 ι
3107 3571 3398 3642 Responde
3433 3567 3573 3624 stulto
3612 3573 3739 3616 secun-

2265 3671 2390 3726 dum
2421 3668 2703 3724 stultitiam
2728 3681 2904 3730 suam,
2928 3680 2996 3720 ne
3024 3665 3129 3720 sibi
3154 3663 3375 3734 sapiens
3396 3647 3739 3720 videatur(Pmo

2265 3759 2441 3829 xxvi).
2480 3777 2498 3810 ι
2528 3756 2782 3826 Nunquid
2833 3755 2978 3810 enim
3029 3754 3258 3809 fatuitas
3289 3747 3583 3823 personabit,
3614 3750 3655 3795 et
3686 3752 3740 3790 sa-

2264 3851 2466 3922 pientia
2510 3848 2888 3904 obmutescet?
2927 3846 3178 3916 Nunquid
3212 3847 3456 3916 loquetur
3476 3833 3740 3896 mendacium,

2265 3952 2321 3998 et
2342 3943 2546 3996 veritas
2565 3939 2781 3996 silebit?
2805 3938 3057 4010 Nunquid
3091 3937 3334 3992 tenebrae
3354 3934 3568 4004 operient
3588 3937 3740 3985 terram.

2265 4042 2321 4088 et
2350 4033 2607 4089 Dominus
2642 4047 2748 4087 non
2765 4031 3006 4088 orietur?
3027 4029 3138 4084 lmo
3165 4049 3184 4081 ι
3223 4029 3317 4082 lux
3344 4027 3392 4080 in
3418 4021 3612 4081 tenebris
3632 4016 3740 4075 ιυαιν

2265 4124 2578 4180 cttenebra:
2619 4139 2737 4178 eam
2793 4139 2900 4177 non
2951 4121 3472 4192 comprehenderunt
3500 4105 3735 4182 (Iacet)!

2268 4215 2383 4283 Qua
2424 4213 2859 4270 consideratione
2894 4231 2914 4266 ι
2956 4211 3235 4269 concaluit
3262 4227 3357 4266 cor
3405 4192 3738 4265 nostrum,etitl

2268 4306 2622 4362 meditatione
2669 4313 2854 4360 nostra
2887 4304 3094 4359 exarsit
3137 4302 3282 4374 ignis
3314 4298 3478 4372 (Psal.
3512 4284 3737 4354 xxxviii)»

2268 4396 2567 4467 Loquimur
2615 4395 2779 4466 igitur
2811 4403 2868 4449 et
2919 4394 3245 4456 clamamus,
3279 4410 3298 4443 ι
3334 4389 3592 4459 vulpesque
3609 4387 3738 4467 Ραῐγυ·

579 4500 823 4574 profanae
873 4493 1128 4550 vanitatis
1181 4491 1420 4552 usuario,
1467 4490 1561 4544 sed
1605 4488 1671 4542 de
1721 4487 1881 4541 tertio
1931 4485 2164 4540 intonuit
2193 4529 2240 4589 ο
2271 4464 2386 4554 las,
2434 4502 2554 4556 qua:
2603 4464 2790 4541 vineas
2819 4483 3034 4539 Domini
3083 4481 3448 4538 demoliuntnr
3480 4474 3620 4545 (Cant.
3645 4464 3735 4530 11).»

941 4588 944 4589 ,
1312 4583 1322 4589 .
1361 4582 1372 4589 .
1760 4578 1795 4589 λ
1840 4578 1887 4589 ..
3231 4579 3268 4589 -.
3342 4580 3469 4589 η.--
3497 4556 3735 4589 ..-ληιιηιῖιω

579 4593 741 4652 cielo.
758 4592 833 4647 De
861 4588 982 4644 istis
1002 4595 1206 4650 autem,
1234 4583 1325 4653 qui
1360 4582 1670 4652 ignorantes
1704 4597 1722 4630 ι
1759 4578 2160 4649 Deijustitiam,

579 4697 636 4743 et
663 4693 970 4756 quaerentes
999 4695 1154 4737 suam
1199 4685 1472 4738 statuere,
1511 4673 1740 4742 justitiae
1780 4672 1871 4726 Dei
1904 4687 2010 4725 non
2040 4679 2165 4726 sunt

583 4773 808 4843 subjecti
850 4771 1027 4842 (Rom.
1060 4768 1140 4839 x),
1173 4787 1192 4820 ι
1221 4764 1544 4821 fiducialiter
1572 4763 1803 4816 dixerim
1835 4779 1847 4815 :
1884 4779 1900 4812 ι
1938 4759 2162 4814 Maledi-

582 4878 707 4926 ceut
734 4865 834 4930 illi,
861 4874 916 4919 et
953 4873 1005 4916 tu
1037 4845 1347 4919 benedices,
1373 4857 1462 4928 qui
1494 4857 1778 4927 insurgunt
1809 4856 1861 4908 in
1918 4869 2005 4908 me
2042 4867 2165 4907 con-

584 4961 899 5016 fundantur.
954 4954 1154 5009 Servus
1209 4960 1389 5005 autem
1449 4959 1574 5003 tuus
1639 4947 1909 5001 Izetabitur
1981 4943 2159 5017 (Psal.

585 5053 766 5123 cvut),
808 5069 826 5102 ι
865 5047 1155 5120 quoniam,
1181 5053 1238 5099 ut
1276 5043 1354 5097 ait
1391 5041 1651 5096 Dominus
1686 5039 1855 5096 (sine
1903 5053 1990 5092 me
2032 5035 2163 5091 nihil

586 5142 810 5215 potestis
845 5140 1026 5195 facere
1060 5135 1242 5206 (Joan.
1283 5133 1407 5205 xv),
1465 5153 1484 5185 ι
1535 5147 1636 5188 nec
1681 5133 1908 5186 damnas
1953 5129 2158 5198 justum

587 5251 708 5291 cum
730 5233 1060 5303 iudicabitur
1087 5230 1183 5285 illi.
1205 5247 1222 5280 ι
1244 5227 1322 5282 Tu
1346 5228 1466 5298 quis
1485 5243 1564 5292 es,
1582 5225 1672 5296 qui
1691 5225 1903 5296 judicas
1920 5224 2157 5278 ahenum

585 5323 836 5384 servum?
866 5323 974 5378 Suo
1012 5321 1228 5379 domino
1250 5327 1376 5383 stat,
1417 5318 1672 5372 autcadit
1701 5315 1873 5385 (Rom.
1919 5312 2051 5383 xlv).
2091 5333 2110 5368 ι

654 5440 944 5508 ﬂuensque
991 5437 1184 5508 litterae
1244 5433 1514 5508 V_al_rami,
1548 5447 1707 5508 quem
1757 5430 1923 5508 nostri
1976 5429 2158 5483 surculi

585 5511 789 5588 politici
820 5502 1055 5564 statuant
1077 5507 1193 5588 sibi.
1213 5506 1294 5559 sui
1329 5505 1566 5588 ipsorum
1589 5502 1857 5588 dogmatis
1881 5510 2159 5588 auctiorem

585 5569 643 5641 ct
670 5582 1029 5638 defensorem.
1055 5607 1124 5617 —
1154 5577 1261 5630 Has
1283 5569 1418 5630 sane
1443 5575 1650 5628 litteras
1667 5569 1871 5642 (pergit
1905 5569 2162 5624 Dcdochi-

586 5657 710 5725 nus)
743 5645 1563 5725 przrdictus_eomes_LutloviCtts
1607 5643 1930 5725 suscipiens,
1957 5651 2161 5725 ‘voIca'to

586 5711 653 5781 ad
693 5711 756 5782 'sé
788 5718 1076 5780 venerabili
1106 5717 1379 5788 Stephano
1423 5715 1614 5788 (quiet
1646 5711 1976 5788 llerrandus)
2012 5711 2159 5765 llab-

521 5839 528 5844 .
588 5794 920 5852 verstadensi
974 5784 1229 5862 episcopo
1276 5801 1368 5842 eas
1404 5785 1619 5841 tradidit
1658 5784 1944 5854 legendas,
2003 5797 2159 5852 roga-

2268 4589 2531 4653 quantum
2560 4593 2869 4648 possumus,
2903 4590 3188 4641 arcemus,
3230 4579 3472 4628 timentes
3497 4556 3737 4636 prophetiam

2270 4652 2416 4730 illam
2443 4671 2862 4742 eXprobrantem
2894 4687 2910 4726 :
2950 4688 2968 4721 ι
3007 4667 3123 4724 Non
3155 4662 3469 4722 ascendistis
3492 4675 3547 4715 ex
3567 4652 3736 4742 adverse.

2266 4781 2368 4821 nec
2401 4764 2730 4834 opposuistis
2762 4777 2974 4817 murum
3006 4775 3106 4831 pro
3136 4759 3299 4814 domo
3324 4752 3497 4819 Israel,
3522 4757 3570 4802 ut
3592 4738 3738 4798 starem

2269 4859 2323 4912 in
2350 4855 2538 4927 przelio
2561 4856 2613 4910 in
2635 4853 2722 4909 die
2745 4852 2960 4908 Domini
2979 4851 3197 4921 (Ezech.
3226 4847 3366 4912 xm).
3403 4865 3422 4898 ι
3453 4839 3737 4927 Annianum!

2268 4961 2323 5006 tu
2353 4949 2446 5020 qui
2475 4963 2632 5003 aures
2665 4947 2834 5002 habes
2864 4955 2918 5001 et
2956 4959 3061 4998 non
3089 4943 3270 5008 audis,
3301 4939 3390 5011 qui
3431 4931 3589 4991 oculos
3611 4921 3738 4979 [μικτε.

2265 5051 2320 5099 et
2349 5058 2455 5097 non
2487 5041 2638 5096 vides
2660 5038 2830 5111 (Psal.
2855 5037 3036 5104 cxrn),
3069 5036 3160 5106 qui
3193 5035 3374 5088 lumen
3406 5027 3531 5099 quod
3558 5023 3598 5076 in
3618 5020 3739 5111 tersi.

2269 5136 2522 5192 tenebras
2555 5133 2731 5188 fecisti
2768 5149 2782 5185 :
2814 5131 3058 5193 audiant,
3100 5129 3342 5197 inquam,
3373 5131 3543 5176 omnes
3580 5106 3738 5197 caritati.

2266 5227 2357 5298 qui
2388 5239 2548 5280 aures
2575 5221 2823 5278 audiendi
2855 5190 3077 5283 habent,
3109 5190 3271 5288 quam
3303 5190 3406 5268 alte
3441 5216 3627 5298 autnoq
3646 5190 3740 5249 ἱιιιει·

2267 5289 2420 5389 ligas,
2454 5326 2546 5371 aut
2579 5313 2880 5384 intelligere
2901 5309 3228 5374 dissimules,
3257 5319 3426 5374 neque
3470 5293 3580 5369 quid
3616 5289 3738 5354 ιοιιυλ·

2267 5409 2362 5474 ris,
2391 5422 2565 5478 neque
2584 5406 2656 5461 de
2677 5404 2872 5474 quibus
2904 5402 3140 5457 affirmes
3173 5400 3223 5470 (1
3256 5397 3389 5452 Tim.
3419 5393 3474 5458 ι).

2342 5521 2362 5554 ι
2393 5501 2472 5556 Ad
2505 5498 2897 5570 subjectioucm
2928 5493 3130 5550 domini
3155 5489 3386 5552 Henrici,
3416 5479 3739 5570 quem

2269 5603 2440 5649 torem
2468 5561 2680 5657 dicunt,
2710 5603 2808 5644 nos
2836 5585 3060 5649 invitas,
3083 5593 3138 5640 et
3156 5583 3230 5642 (in
3255 5586 3500 5651 quantum
3525 5561 3739 5657 intellig-1"re

2267 5684 2450 5756 dat-ur)
2482 5692 2541 5738 ut
2561 5649 2678 5754 per.
2698 5680 2878 5737 omnia
2920 5675 3121 5732 subditi
3154 5649 3342 5735 simus,
3363 5665 3503 5739 quasi
3525 5649 3739 5756 θβδῗθϋῗ

2269 5745 2588 5848 argumento
2632 5770 3018 5830 necessitatem
3051 5765 3300 5840 imponis,
3328 5763 3498 5818 dicens
3525 5773 3534 5808 :
3561 5770 3576 5802 ι
3611 5745 3738 5802 οιιιωι
