3928 6298
189 354 300 445 asa

1129 381 1347 438 EPIST.
1373 381 1463 437 AD
1494 376 1817 435 LUDOVIC.
1849 377 2183 436 THURING.
2213 375 2608 433 LANDGRAY.

3351 378 3455 434 950

189 503 379 558 anima
418 468 779 572 potestatibus
826 496 1232 554 sublimioribus
1282 494 1495 550 subdita
1539 493 1637 558 sit;
1669 506 1775 545 non
1807 492 1855 549 Α
1886 492 2052 547 dere?
2084 492 2166 545 An
2206 491 2339 546 ordo
2372 490 2586 543 videtur
2613 488 2732 572 tibi,
2776 488 2828 542 in
2851 503 3049 560 corpus
3080 504 3236 545 suum
3263 505 3458 561 pecca-

190 604 283 651 est
317 594 463 650 enim
518 602 782 663 potestas,
821 590 922 646 nisi
973 605 1003 643 a
1037 588 1166 643 Deo.
1198 588 1299 655 Qui
1343 601 1474 657 ergo
1520 583 1770 656 potestati

190 684 424 747 resistit,
454 684 548 738 Dei
576 681 904 737 ordinatioui
936 679 1138 735 resistit
1168 678 1339 749 (Rom.
1371 678 1511 747 xm).
1551 696 1570 728 ι
1603 674 1773 742 Quam

180 775 437 847 Apostoli
479 774 804 830 sententiam
867 782 919 828 te
962 771 1102 826 male
1139 770 1459 841 intelligere,
1491 765 1642 838 pejus
1693 767 1777 819 in-

188 866 507 935 terpretari,
537 865 789 919 dicimus.
834 863 891 919 Si
936 864 1078 919 enim
1108 862 1286 917 omnis
1313 870 1552 931 potestas
1600 874 1629 912 a
1666 857 1778 911 Deo

184 963 299 1016 est,
332 965 390 1007 ut
418 963 471 1007 tu
504 952 756 1020 intelligis
785 991 801 1017 ,
873 950 1000 1020 quid
1052 958 1135 1005 est
1165 951 1307 1019 quod
1340 950 1404 1002 de
1453 944 1778 1017 quibusdam

188 1046 333 1100 dicit
362 1043 621 1098 Dominus
656 1058 752 1112 per
782 1042 1101 1112 prophetam
1138 1058 1151 1092 :
1196 1059 1214 1091 ι
1254 1040 1357 1110 Ipsi
1395 1046 1777 1109 regnaverunt,

187 1144 249 1189 et
280 1150 384 1203 non
416 1148 481 1187 ex
505 1149 620 1197 me;
647 1133 920 1202 principes
942 1133 1289 1194 exstiterunt,
1320 1140 1374 1185 et
1401 1145 1505 1183 non
1552 1127 1780 1199 cognovi

194 1231 338 1295 eos?
373 1248 392 1280 ι
425 1226 570 1299 (Ose.
598 1227 741 1295 vin.)
764 1225 820 1283 Si
847 1226 1025 1281 omnis
1051 1233 1290 1295 potestas
1311 1240 1340 1277 a
1374 1225 1483 1278 Deo
1512 1232 1595 1278 est
1617 1226 1699 1294 (ut
1729 1232 1781 1277 tu

185 1321 499 1390 intelligis),
532 1320 659 1388 quid
701 1328 784 1372 est
814 1319 955 1387 quod
999 1318 1074 1371 ait
1100 1318 1359 1371 Dominus
1393 1333 1406 1369 :
1442 1334 1459 1366 ι
1510 1316 1566 1371 Si
1595 1316 1784 1371 oculus

186 1412 800 1477 ttiusiseantalizaverit
819 1420 890 1475 te,
913 1426 1043 1465 erue
1065 1426 1187 1465 eum
1219 1420 1269 1465 et
1296 1410 1496 1479 projice
1521 1411 1619 1463 abs
1645 1408 1727 1462 te?
1760 1427 1778 1459 ι

185 1500 392 1571 (Marc.
427 1503 526 1573 ix.)
586 1502 723 1569 Quid
776 1502 919 1557 enim
970 1512 1051 1557 est
1091 1511 1363 1572 potestas,
1408 1502 1511 1556 nisi
1550 1500 1786 1555 oculus?

164 1594 696 1665 rCcrteAugttstinus
724 1595 775 1647 in
798 1594 1137 1664 expositione
1164 1595 1473 1665 apostolicae
1506 1593 1787 1648 sententia:

180 1686 379 1755 (Rom.
404 1686 777 1757 xm),¢0muis
804 1689 981 1741 anima
1007 1689 1362 1757 potestatibus
1385 1686 1787 1741 sublimioribus

182 1780 408 1833 subdita
441 1779 538 1833 sit:
575 1798 594 1830 ι
624 1778 776 1846 Quod
815 1780 857 1834 si
884 1790 1139 1850 potestas,
1168 1778 1786 1849 inquit,aliquidjubeat

182 1869 349 1939 quod
370 1879 560 1923 contra
615 1870 782 1924 Deum
814 1871 906 1935 sit,
956 1870 1047 1926 hic
1095 1881 1384 1927 contemne
1423 1881 1779 1941 potestatem;
1816 1853 1860 1912 Β

184 1961 439 2022 timendo
469 1960 597 2033 [non
622 1962 885 2035 timendo]
914 1973 1233 2032 potestatem
1261 1965 1555 2034 :alioquin,
1592 1983 1610 2015 ι
1648 1980 1786 2018 ιιιιιι-

178 2054 325 2122 quid
374 2054 633 2121 iniquitas
676 2054 815 2123 apud
846 2054 1134 2110 Dominum
1165 2056 1189 2108 ?
1217 2055 1397 2127 (Rom.
1444 2058 1547 2127 ix.)
1596 2076 1614 2107 ι
1648 2070 1784 2108 ιιιιιι-

180 2143 328 2213 quid
376 2142 628 2199 Christus
679 2146 887 2215 peccati
946 2146 1197 2200 minister
1247 2145 1595 2199 est?Absit!
1645 2144 1783 2210 Quid

181 2252 327 2307 ergo
356 2238 643 2293 dicemus?
677 2238 930 2308 Nunquid
959 2240 1026 2294 ab
1047 2238 1304 2309 Apostolo
1329 2239 1538 2292 diversa
1563 2246 1786 2291 senten-

185 2336 584 2403 tiaprophetite
602 2334 918 2405 evulgatur?
938 2334 1272 2404 Augustinus
1300 2351 1312 2387 :
1339 2332 1578 2386 Minime.
1597 2331 1784 2385 Diver-

70 2460 79 2465 -
116 2425 479 2487 λ-ηιεςιεάἱιιίιιε
511 2426 660 2480 inflat
690 2427 915 2497 spiritus
950 2442 1109 2482 unus.

66 2518 517 2591 “drivia-Itaque
567 2520 852 2575 audiamus
895 2519 1210 2591 Apostolum
1260 2519 1704 2581 concordantem,
1733 2526 1788 2571 et

92 2612 435 2681 "enipeum
473 2622 852 2682 exponentem,
877 2623 932 2667 et
960 2613 1237 2667 inimicum
1266 2611 1604 2679 ultoremque
1626 2624 1783 2665 suum

56 2736 57 2743 η
80 2728 85 2741 ν
110 2728 113 2731 -
152 2704 567 2761 -ίιιεειῑιιειιιειιι
615 2721 628 2756 :

684 2720 703 2753 ι
758 2702 875 2757 Νοη
903 2712 1005 2767 est,
1068 2703 1260 2773 inquit,
1314 2711 1576 2773 potestas,
1620 2702 1724 2757 nisi
1756 2719 1784 2755 a

184 2796 384 2853 Deo.»
424 2796 560 2863 Quid
587 2798 866 2866 sequitur?
907 2818 926 2848 ι
963 2797 1064 2865 Qui
1089 2813 1240 2867 ergo,
1287 2796 1489 2866 inquis,
1528 2797 1786 2865 potestati

186 2891 404 2944 resistit
445 2888 627 2958 (Rom.
674 2890 817 2961 xm),
859 2910 877 2942 ι
920 2899 977 2945 ει
1011 2891 1238 2960 reliqua.
1285 2889 1484 2945 Absit!
1524 2888 1640 2944 Non
1685 2889 1788 2943 hoc

186 2982 471 3049 sequitur,
505 2983 599 3035 sed
636 2984 765 3051 quid
804 2982 1089 3052 sequitur?
1146 3002 1163 3034 ι
1199 2982 1330 3049 Qua:
1369 2991 1549 3036 autem
1577 2990 1721 3043 sunt,
1755 2998 1784 3034 a

189 3076 311 3130 Deo
353 3077 600 3131 ordinata
650 3086 777 3132 sunt
825 3078 1022 3149 (ibid).
1060 3096 1079 3129 ι
1116 3076 1320 3148 Nempe
1378 3078 1482 3133 hoc
1529 3077 1785 3147 estquod

188 3162 513 3237 quairimus.
557 3168 602 3224 0
649 3168 833 3241 lingua
860 3169 1079 3224 dolosa!
1113 3185 1146 3224 ο
1195 3185 1289 3224 cor
1318 3170 1639 3224 machinans
1666 3184 1783 3222 ma-

188 3259 332 3324 lum,
356 3260 587 3330 Spiritus
618 3261 822 3316 vadens
866 3271 922 3317 et
968 3277 1074 3315 non
1110 3261 1346 3327 rediens,
1394 3277 1493 3316 cur
1525 3262 1786 3316 mentitus
1816 3229 1860 3290 Ο

189 3367 256 3406 es
295 3350 522 3421 Spiritui
557 3353 783 3407 sancto?
808 3353 1017 3423 Arguat
1061 3360 1111 3407 te
1139 3353 1475 3408 conscientia
1504 3362 1615 3407 tua.
1646 3351 1788 3407 Ecce

193 3444 337 3514 fugit
369 3444 566 3513 impius
593 3444 810 3500 nemine
839 3454 1218 3516 persequente.
1253 3444 1364 3499 Cur
1402 3452 1462 3497 ut
1485 3443 1785 3512 deciperes,

192 3534 542 3603 Supprimere
581 3537 867 3590 veritatem
914 3536 1173 3591 voluisti?
1195 3535 1308 3591 Cur
1343 3535 1659 3600 medullam,
1692 3551 1791 3590 cur

193 3626 442 3681 animam
472 3626 631 3696 [mitts
656 3628 941 3683 sententia:
992 3627 1203 3682 furatus
1235 3627 1365 3682 est?
1395 3626 1553 3692 Nam,
1586 3627 1631 3681 si
1675 3627 1790 3682 hmo

191 3720 370 3773 verba
393 3720 457 3773 de
489 3720 666 3774 medio
690 3721 970 3775 scntentlae
998 3720 1308 3790 apostolicae
1342 3718 1622 3782 tollantur,
1661 3733 1792 3774 con-

195 3812 371 3866 traria
411 3810 510 3866 sibi
561 3813 947 3869 inconveniens
975 3822 1030 3868 et
1057 3813 1325 3867 exanimis
1349 3812 1574 3883 jacehit.
1599 3812 1792 3882 Imple-

195 3916 290 3957 tttr
337 3919 518 3959 sermo
554 3905 809 3960 divinus:
847 3925 865 3955 ο
919 3906 1023 3972 Qui
1069 3916 1228 3975 parat
1271 3905 1525 3974 proximo
1577 3921 1676 3959 suo
1710 3905 1791 3959 fa-

193 4011 381 4060 veam,
414 3998 613 4052 incidet
652 3999 705 4052 in
735 4013 854 4052 eam
882 3996 1065 4069 (Prov.
1098 3997 1272 4069 xxvi).
1308 4017 1327 4049 ›
1361 3998 1520 4052 Certe
1550 4014 1649 4053 nec
1677 3998 1792 4053 cul-

190 4104 328 4159 pain
358 4090 480 4144 forti
517 4106 615 4145 nec
638 4104 853 4160 pmuam
890 4091 1121 4146 evadere
1152 4092 1373 4161 poteris.
1402 4087 1547 4157 Quid
1581 4090 1788 4156 infelix,

191 4180 334 4251 quid
363 4179 530 4248 judici
574 4192 836 4249 venturo,
885 4198 1005 4238 cum
1062 4198 1091 4236 a
1143 4181 1317 4236 servis
1363 4181 1791 4251 negotiatoribus

190 4275 383 4329 locum
415 4274 487 4347 [[.
523 4275 758 4349 lucrum]
816 4278 1084 4348 requiret,
1144 4293 1506 4348 responsurus
1554 4293 1648 4343 es,
1698 4278 1790 4346 qui

192 4366 503 4421 Dominica:
536 4369 776 4437 pecuniae
821 4368 1184 4439 fraudator_in
1231 4372 1467 4426 medium
1518 4373 1790 4441 produxe-

194 4461 328 4516 riSt?
353 4459 532 4527 Quare
560 4478 665 4517 non
699 4462 964 4531 judicium
1014 4473 1067 4519 et
1104 4464 1355 4534 laqueum
1386 4468 1679 4536 proditoris
1724 4469 1790 4521 ti-

1879 585 1981 639 re?
2030 583 2281 639 videlicet
2328 582 2484 651 (proh
2519 570 2712 651 pauor,
2765 582 2901 651 proh
2956 582 3177 653 nefas!)
3232 597 3455 637 uxorem

1877 675 2155 746 propriam
2195 674 2391 730 sceleri
2432 673 2684 728 omnibus
2728 673 2940 728 saeculis
2986 673 3171 729 mundi
3216 674 3458 753 inaudito

1883 773 2113 842 lupanar
2161 768 2384 825 facere?
2420 769 2504 823 An
2556 768 2692 824 ordo
2739 767 2833 822 tibi
2866 768 3096 833 videtur,
3125 784 3245 825 cum
3280 767 3461 825 Domi-

1880 880 1981 919 nus
2008 865 2153 920 dicat
2182 881 2197 917 :
2228 882 2245 914 ι
2279 861 2558 917 Defendite
2598 863 2811 917 viduam
2837 861 2972 931 (Iso.
2999 861 3071 930 ι),
3103 882 3122 913 ›
3158 862 3347 917 viduas
3368 864 3458 933 ju-

1882 956 2007 1010 dicii
2041 955 2361 1024 teqnitatem
2391 954 2728 1023 postulantes
2751 953 2981 1008 nefanda
3004 955 3463 1009 contaminalioue

1886 1046 2267 1118 prostituere?
2313 1045 2439 1100 llmc
2482 1046 2572 1114 qui
2622 1046 2902 1107 ordinata,
2941 1046 3030 1113 qui
3071 1060 3200 1099 sana
3242 1046 3461 1108 dixerit,

1887 1141 2029 1195 hunc
2083 1138 2257 1193 insani
2317 1137 2515 1205 capitis
2560 1150 2710 1200 esse,
2753 1137 2971 1191 insanus
3016 1134 3167 1203 jurat
3221 1136 3461 1191 Orestes.

1889 1228 2072 1297 Usque
2096 1229 2161 1282 ad
2196 1229 2309 1282 haec
2342 1226 2652 1281 miserrima
2685 1235 2928 1295 tempora
2974 1236 3161 1280 natura
3194 1237 3465 1282 secretum

1887 1319 2111 1382 amavit,
2150 1316 2242 1371 sed
2275 1317 2503 1371 traditus
2537 1316 2587 1369 in
2613 1316 2902 1385 reprnhum
2923 1330 3140 1371 sensum
3170 1332 3261 1370 rex
3291 1328 3469 1371 vester

1889 1421 2099 1466 natura:
2138 1408 2484 1463 involucrum
2531 1408 2757 1473 detexit,
2802 1410 2892 1477 qui
2949 1422 3165 1462 omnem
3205 1409 3465 1477 pudorem

1888 1506 2040 1575 ponit
2072 1506 2123 1558 iu
2153 1502 2459 1574 propatulo.
2502 1502 2571 1557 Ut
2594 1510 2773 1555 autem
2814 1501 2926 1564 illa,
2952 1516 3072 1571 quae
3098 1501 3214 1555 sine
3243 1515 3469 1554 numero

1890 1605 2036 1664 sunt,
2081 1606 2379 1657 taceamus,
2409 1593 2678 1657 videlicet,
2706 1593 3177 1649 eoneremationes
3208 1591 3470 1647 ecclesia-

1894 1704 2032 1753 rum,
2061 1689 2514 1759 dcprzedationes,
2542 1685 2853 1749 homicidia,
2881 1685 3149 1751 incendia,
3173 1684 3471 1738 truncatio-

1894 1798 2011 1847 nes,
2041 1790 2095 1837 et
2128 1782 2212 1836 his
2254 1781 2474 1845 similia,
2502 1793 2623 1849 quae
2671 1780 2758 1834 ille
2788 1787 2982 1848 potest,
3033 1793 3130 1831 nos
3152 1791 3471 1831 enumerare

1891 1889 1995 1929 non
2028 1887 2315 1944 possumus
2339 1891 2351 1927 :
2380 1887 2469 1937 ea,
2497 1887 2618 1942 quae
2640 1872 2875 1926 maxime
2904 1869 3201 1924 Ecclesiam
3232 1868 3322 1921 Dei
3346 1883 3472 1937 gra-

1892 1974 2042 2031 vant,
2085 1965 2389 2035 loquamur.
2424 1965 2562 2018 Audi
2593 1978 2722 2034 ergo
2766 1976 2918 2025 vera,
2949 1975 3055 2014 non
3101 1958 3305 2023 fucata,
3347 1956 3471 2010 audi

1893 2059 2074 2123 fortia,
2106 2074 2212 2112 non
2246 2059 2442 2112 faceta.
2489 2056 2679 2112 Omnis
2709 2056 2798 2123 qui
2829 2055 3119 2124 dignitates
3164 2052 3475 2121 spirituales

1890 2149 2113 2214 vendit,
2147 2149 2436 2204 haareticus
2486 2157 2590 2203 est.
2643 2146 2901 2201 Dominus
2947 2153 3131 2199 autem
3178 2141 3471 2204 Henricus,

1891 2256 2053 2311 quem
2085 2255 2265 2309 regem
2290 2239 2500 2304 dicunt,
2523 2239 2865 2307 episcopatus
2894 2244 2949 2290 et
2977 2234 3226 2289 ahbatias
3258 2235 3472 2298 vendit;

1888 2333 2091 2388 etenim
2122 2332 2632 2396 Constantiensem,
2678 2329 3204 2397 Babenhergensem,
3254 2326 3478 2395 Mogun-

1893 2431 2182 2497 tinensem,
2222 2438 2277 2485 et
2325 2429 2507 2498 plures
2538 2427 2673 2479 alias
2694 2440 2793 2481 oro
2834 2424 3087 2493 pecunia,
3111 2422 3478 2490 Ratisponcn-

1889 2538 2030 2586 sem,
2059 2524 2471 2592 Augusteusem,
2520 2517 3004 2584 Strazhurgeusem
3035 2529 3135 2583 pro
3163 2513 3365 2583 gladio,
3391 2512 3479 2565 ah-

1890 2613 2092 2667 hatiam
2139 2611 2463 2666 Fuldensem
2495 2623 2593 2678 pro
2641 2606 2941 2667 adulterio,
2985 2603 3473 2659 munasteriensem

1891 2707 2265 2776 episcopatum
2291 2702 2457 2772 (quod
2489 2700 2671 2753 dicere
2710 2706 2767 2752 et
2792 2698 2981 2750 audire
3032 2694 3185 2751 nefas
3214 2696 3331 2763 est)
3378 2708 3478 2763 pro

1891 2798 2224 2854 Sodomitica
2250 2793 2589 2850 immnnditia
2613 2789 2870 2846 vendidit.
2897 2789 3027 2855 Qum
3058 2789 3103 2843 si
3135 2787 3479 2856 impudenter

1892 2903 2089 2960 negare
2122 2886 2375 2949 volueris,
2435 2893 2569 2938 teste
2620 2893 2786 2946 terra,
2833 2894 3024 2935 omnes
3047 2878 3209 2934 etiam
3249 2893 3278 2931 a
3315 2876 3477 2930 furno

1894 2983 2181 3037 redeuntes
2229 2977 2382 3034 scioli
2416 2975 2762 3031 concludent.
2805 2973 2946 3043 Ergo
2984 2971 3237 3025 dominus
3283 2968 3479 3023 Henri-

1896 3089 1994 3129 cus
2048 3070 2338 3127 haereticus
2385 3077 2489 3125 est.
2531 3066 2638 3122 Pro
2684 3066 2880 3135 quibus
2928 3063 3175 3120 nefandis
3222 3062 3381 3117 malis
3408 3062 3477 3115 ab

1896 3165 2194 3237 apostolica
2232 3164 2360 3219 sede
2403 3160 2926 3222 excommunicatus,
2961 3171 3060 3212 nec
3097 3170 3347 3226 regnum,
3378 3168 3480 3209 nec

1892 3268 2216 3329 potestatem
2264 3256 2500 3326 aliquam
2530 3268 2697 3325 super
2730 3267 2849 3319 nos,
2901 3251 3027 3321 quia
3078 3248 3345 3305 Catholici
3391 3263 3479 3304 su-

1890 3367 2031 3416 mus,
2054 3349 2254 3420 poterit
2282 3346 2547 3402 obtinere.

1975 3461 1994 3494 ι
2031 3442 2192 3506 Sane,
2230 3440 2356 3510 quia
2386 3439 2614 3493 fratrum
2656 3452 2757 3491 nos
2803 3435 2943 3491 odiis
2991 3436 3208 3506 fatigas,
3242 3431 3482 3500 intelligo

1893 3536 2023 3591 nulli
2053 3550 2152 3589 nos
2198 3534 2379 3587 odium
2415 3531 2481 3585 de
2539 3527 2901 3594 inaffectione,
2936 3528 3029 3583 sed
3061 3528 3129 3582 de
3169 3527 3371 3596 pietate
3401 3524 3481 3576 in-

1900 3630 2139 3685 tendere.
2189 3628 2346 3682 Absit
2391 3635 2450 3679 ut
2484 3624 2774 3679 dicamus:
2811 3622 3080 3678 Henricus
3106 3622 3246 3676 inter
3286 3619 3483 3673 fratres

1898 3721 2355 3779 autChristianos
2396 3728 2698 3788 reputetur,
2736 3716 2828 3787 qui
2881 3715 3045 3770 toties
3091 3712 3479 3781 corripientem

1896 3816 2193 3872 Ecclesiam
2221 3829 2327 3867 non
2351 3811 2597 3873 audiens,
2625 3810 2766 3864 sicut
2788 3807 3041 3862 ethnicus
3079 3814 3133 3859 et
3159 3802 3483 3873 publicanus

1897 3908 2147 3962 habetur.
2206 3902 2608 3973 Cujusodium
2660 3914 2760 3969 pro
2791 3911 2992 3968 magno
3047 3895 3318 3951 sacrificio
3376 3895 3486 3948 Deo

1893 4000 2200 4064 offerimus,
2250 3998 2468 4053 dicente
2534 4008 2656 4047 cum
2702 3990 3039 4046 Psalmista:
3094 4007 3112 4039 ι
3152 3986 3339 4041 Nonne
3388 3985 3480 4055 qui

1895 4076 2129 4149 oderunt
2157 4101 2227 4158 te,
2258 4090 2505 4155 Domine,
2538 4086 2787 4148 oderam,
2820 4092 2875 4138 et
2895 4097 3061 4154 super
3088 4080 3338 4142 inimicos
3363 4088 3484 4132 tuos

1895 4185 2281 4241 tabescebam?
2327 4183 2567 4254 perfecto
2596 4179 2720 4235 odio
2749 4178 2965 4233 oderam
3000 4177 3137 4241 illos,
3171 4186 3227 4231 et
3279 4172 3485 4230 inimici

1898 4282 2024 4336 facti
2059 4290 2183 4336 sunt
2215 4278 2347 4333 mihi
2375 4274 2549 4347 (Psal.
2577 4271 2868 4342 cxxxvm).
2900 4291 2919 4322 ι
2953 4271 3119 4341 Cujus
3155 4270 3262 4325 odii
3297 4269 3476 4342 digni-

1896 4382 2061 4429 tatem
2090 4370 2303 4426 Veritas
2334 4365 2743 4429 commendans,
2775 4362 2889 4416 ait:
2932 4379 2951 4412 ι
2989 4360 3044 4416 Si
3074 4362 3196 4431 quis
3219 4376 3323 4415 nou
3357 4361 3485 4414 ode-

1895 4466 1965 4521 rit
2016 4474 2250 4536 patrem,
2281 4472 2333 4516 et
2370 4470 2622 4525 matrem,
2649 4467 2704 4512 et
2733 4456 2931 4510 fratres
2956 4463 3012 4510 et
3041 4470 3278 4519 sorores,
3309 4453 3488 4506 adlmc

196 4554 413 4618 muisti,
448 4571 515 4609 ne
545 4556 776 4610 similem
813 4565 1019 4610 reatum
1044 4557 1237 4612 similis
1266 4559 1499 4613 vindicta
1535 4576 1790 4630 scquerc-
1830 4586 1870 4640 ο
1900 4567 2079 4611 autem
2106 4566 2159 4611 et
2190 4556 2425 4609 animam
2458 4569 2635 4620 suam,
2673 4567 2779 4606 non
2828 4557 3007 4619 potest
3037 4563 3188 4601 meus
3218 4560 3337 4600 esse
3368 4545 3480 4598 dis-

197 4645 338 4698 tur?
370 4644 676 4701 Prtevideus
708 4663 804 4717 per
827 4648 1090 4717 Spiritum
1124 4659 1371 4705 sanetum
1397 4651 1687 4721 Apostolus
1720 4660 1790 4715 te,

198 4736 396 4804 tuique
456 4737 663 4791 similes
712 4738 999 4793 haereticos
1058 4740 1110 4793 in
1171 4740 1408 4794 Ecclesia
1461 4755 1793 4806 emersuros,

201 4827 301 4897 qui
364 4827 563 4881 bonum
610 4828 850 4894 malum,
916 4838 970 4883 et
1021 4830 1221 4884 malum
1265 4830 1466 4885 bonum
1510 4834 1791 4897 dicereut,

202 4921 302 4987 qui
354 4921 606 4976 tenebras
648 4920 853 4987 lucem,
916 4930 970 4976 et
1010 4922 1182 4977 lucem
1229 4924 1482 4977 tenebras
1528 4934 1797 4994 ponerent

200 5008 347 5075 (Isa.
380 5012 433 5079 v)
458 5051 472 5074 ,
504 5013 593 5079 qui
638 5011 703 5065 de
731 5011 1015 5066 sententiis
1065 5012 1310 5067 veritatis
1337 5014 1681 5068 occasionem
1712 5015 1792 5067 in-

201 5103 440 5156 ducendi
473 5104 680 5157 erroris
715 5113 1000 5173 captarent
1025 5120 1147 5159 cum
1180 5106 1533 5176 praemisisset
1566 5124 1579 5160 :
1627 5127 1646 5158 ι
1678 5106 1793 5163 Non

198 5200 291 5247 est
321 5203 593 5263 potestas,
626 5195 727 5250 nisi
776 5211 805 5249 a
837 5197 966 5260 Deo,
1023 5216 1042 5250 ι
1075 5206 1133 5250 ιιι
1162 5199 1533 5268 conjecturam
1578 5201 1792 5270 reprobi

200 5286 514 5342 intellectus
540 5299 845 5358 amputaret
872 5306 884 5341 :
915 5310 933 5341 c
979 5289 1109 5358 Qua:
1136 5301 1317 5345 autem
1347 5299 1493 5356 sunt,
1536 5291 1730 5360 inquit,
1764 5309 1792 5346 a

200 5378 320 5435 Deo
349 5380 598 5435 ordinata
632 5390 778 5434 sunt.
819 5401 836 5433 ι
872 5381 947 5435 Da
996 5383 1159 5453 igitur
1203 5390 1529 5452 potestatem
1571 5383 1795 5435 ordina-

204 5481 319 5527 tam
340 5515 355 5539 ,
386 5482 441 5526 et
472 5490 577 5528 non
610 5476 945 5543 resistemus,
986 5477 1095 5529 imo
1127 5476 1376 5531 dabimus
1404 5475 1549 5529 illico
1578 5490 1792 5530 manus.

286 5584 305 5617 ι
354 5564 521 5618 Miror
545 5575 748 5634 autem,
799 5568 843 5622 si
886 5568 937 5622 in
970 5582 1020 5623 te
1049 5567 1131 5622 vel
1174 5577 1322 5639 gutta
1373 5568 1651 5639 sanguinis
1686 5578 1793 5635 est,

202 5657 353 5727 quod
387 5671 490 5711 nou
523 5659 800 5713 erubescis
837 5659 1115 5715 dominum
1162 5659 1450 5715 llenrieum
1504 5675 1684 5732 regem
1715 5662 1795 5717 di-

203 5763 355 5815 cere,
405 5748 489 5803 vel
518 5749 764 5806 ordinem
801 5752 1025 5808 habere.
1058 5753 1138 5808 An
1179 5752 1314 5809 ordo
1338 5754 1436 5809 tibi
1469 5755 1685 5810 videtur
1706 5754 1795 5823 jus

205 5841 341 5897 dare
364 5841 576 5909 sceleri,
613 5842 695 5901 fas
723 5844 982 5915 nefasque
1015 5846 1197 5905 divina
1225 5857 1276 5907 et
1300 5850 1536 5907 humana
1564 5848 1790 5907 confun-

1902 4652 2113 4723 cipulus
2140 4650 2290 4720 (Luc.
2320 4648 2452 4720 xw).
2490 4668 2507 4701 ι
2546 4649 2669 4702 Non
2700 4661 2828 4716 ergo
2857 4646 2922 4699 de
2961 4644 3084 4697 odio
3122 4641 3269 4710 juste
3304 4653 3487 4708 repre-

1912 4747 2176 4807 hendunt,
2209 4742 2297 4813 qui
2327 4742 2562 4795 animam
2590 4748 2850 4803 nostram,
2883 4754 3005 4794 cum
3057 4752 3085 4789 a
3132 4734 3215 4788 via
3263 4732 3355 4786 Dei
3392 4746 3487 4784 es-

1910 4838 2233 4904 orbitamus,
2268 4835 2359 4907 qui
2384 4843 2588 4905 patrem
2620 4841 2673 4886 et
2700 4840 2951 4895 matrem,
2986 4834 3039 4881 et
3069 4838 3282 4881 omnem
3319 4820 3483 4876 affec-

1915 4938 2050 4993 tum,
2076 4929 2166 5000 qui
2196 4929 2351 4983 nobis
2382 4928 2433 4982 in
2465 4927 2548 4981 via
2578 4924 2671 4980 Dei
2704 4922 3095 4986 obstat,odisse
3121 4916 3481 4988 praecipimur.

1900 5017 2031 5071 inde
2063 5028 2145 5071 est
2166 5019 2309 5088 quod
2346 5018 2491 5072 omni
2525 5016 2726 5083 studio,
2747 5015 2893 5070 omni
2924 5022 3119 5067 conatu
3153 5010 3482 5070 laboramus,

1914 5116 1970 5161 ut
2000 5109 2185 5163 hostes
2211 5107 2465 5161 Ecclesiae
2492 5121 2588 5160 nos
2619 5120 2834 5174 quoque
2858 5114 2915 5156 ut
2941 5099 3283 5156 adversarios
3297 5111 3486 5153 cavea-

1906 5219 2050 5265 mus,
2081 5211 2133 5256 et
2167 5217 2272 5256 nou
2298 5200 2422 5269 quia
2456 5198 2649 5261 nostri,
2678 5195 2772 5251 sed
2799 5195 2923 5264 quia
2964 5193 3055 5248 Dei
3082 5190 3286 5245 inimici
3334 5199 3484 5275 sunt,

1905 5300 2033 5353 odio
2069 5296 2386 5351 habeamus.
2417 5294 2588 5348 Porro
2615 5293 2756 5362 quod
2780 5292 2847 5345 de
2877 5304 3010 5360 pace
3066 5305 3188 5343 cum
3231 5290 3484 5346 omnibus

1907 5390 2223 5445 hominibus
2272 5386 2519 5443 habenda
2580 5385 2894 5455 persuades,
2948 5384 3260 5440 meminisse
3288 5382 3477 5467 debes,

1903 5482 2030 5550 quia
2077 5478 2338 5550 praemisit
2372 5476 2707 5549 Apostolus:
2756 5495 2774 5528 ι
2813 5475 2869 5531 Si
2909 5476 3026 5532 fieri
3077 5483 3253 5545 potest
3300 5473 3481 5541 (Rom.

1901 5574 2024 5641 xu).
2058 5589 2079 5622 ι

1976 5684 1993 5715 ι
2052 5663 2192 5719 Fieri
2239 5670 2422 5718 autem
2471 5676 2577 5716 non
2620 5668 2798 5731 potest
2845 5672 2905 5714 ut
2948 5674 3072 5715 cum
3120 5659 3187 5713 iis
3232 5655 3322 5725 qui
3369 5655 3481 5709 Deo

1897 5757 2159 5813 contrarii
2211 5764 2340 5811 sunt
2385 5768 2575 5824 pacem
2626 5751 2946 5807 habeamus.
2982 5751 3114 5818 Quis
3160 5758 3341 5802 autem
3382 5764 3477 5802 ne-

1898 5848 2031 5903 sciat
2065 5847 2351 5905 Dominum
2382 5844 2740 5913 Salvatorem,
2770 5858 2874 5899 non
2905 5841 3077 5899 solum
3102 5852 3286 5910 pacem
3330 5853 3479 5895 com-
