4036 6306
535 329 630 385 99!

1645 303 1648 306 ’
1737 327 2044 386 virumn
2073 327 2287 384 EPISC.
2315 327 2676 385 numnunc.

3701 329 3804 386 ΜΞ

541 443 818 504 mandare,
849 458 970 496 cum
997 442 1124 497 dicit
1155 459 1169 496 :
1226 441 1460 498 «Pacem
1499 457 1672 498 meam
1712 441 1779 498 do
1810 441 1986 508 vobis,
2017 458 2108 512 pa-
2139 449 2184 508 Α
2219 451 2304 498 tur
2347 453 2570 512 prouter
2613 442 2881 510 justitiam
2923 435 3140 510 (Mutua.
3192 435 3266 508 ν).
3297 456 3329 489 «ι
3365 436 3483 494 Jttm
3519 447 3576 495 et
3629 441 3804 496 Nero;

529 549 652 589 cem
709 535 952 603 relinquo
974 535 1125 589 vobis
1153 533 1334 602 (J'oun.
1377 536 1507 602 xw),
1555 554 1572 586 ι
1605 535 1698 590 sed
1751 536 1914 590 etiam
1937 537 2108 604 ipsum

529 641 720 694 pacem
751 627 1006 688 existere,
1043 627 1180 681 sicut
1201 627 1278 680 ait
1299 626 1612 695 Apostolus,
1645 629 1756 696 ipse
1775 637 1860 682 est
1887 643 1988 698 pax
2019 645 2114 683 no-

529 725 574 768 st
588 732 668 778 ra,
693 715 782 785 qui
815 715 944 772 fecit
969 729 1197 784 utraque
1227 717 1430 770 unum?
1457 717 1672 787 (Ep/tes.
1707 719 1792 788 tt.)
1823 719 1960 786 Quid
1983 733 2112 788 ergo

529 809 606 862 ait
649 824 750 876 pax
801 819 990 862 nostra
1045 811 1435 864 commendans
1467 811 1696 879 pacem?
1743 827 1762 862 ι
1801 810 1998 876 Nolite,
2031 811 2112 864 in-

529 902 673 970 quit,
710 903 994 969 arbitrari,
1017 904 1142 972 quia
1175 903 1296 956 veni
1323 905 1540 958 mittere
1570 921 1756 976 pacem
1783 905 1836 958 in
1869 913 2110 970 terram;

529 1011 636 1050 non
669 996 788 1049 veni
839 1010 1028 1064 pacem
1053 997 1289 1061 mittere,
1321 997 1416 1051 sed
1447 997 1680 1066 gladium
1717 997 1934 1068 (illati/1.
1967 997 2046 1058 tt).
2087 1016 2105 1049 ι

528 1087 664 1154 Quid
690 1098 772 1142 est
810 1088 1150 1154 ltoe?Quare
1173 1105 1276 1158 pax
1303 1089 1579 1158 gladium?
1625 1107 1794 1161 quare
1845 1106 1946 1161 pax
1999 1091 2116 1146 bel-

528 1181 638 1234 lum
695 1180 918 1236 indicit?
963 1180 1226 1235 Nimirum
1277 1192 1334 1236 ιιι
1385 1183 1697 1238 destruatur
1745 1199 1848 1253 pax
1888 1185 2108 1240 diaboli.

527 1275 703 1330 liabet
731 1277 954 1331 enimet
994 1278 1240 1332 diabolus
1285 1293 1473 1346 pacem
1509 1293 1684 1342 suam,
1739 1279 1822 1334 de-
1859 1295 1961 1350 qua
2001 1279 2109 1332 Dn-

525 1365 706 1420 minus
743 1367 910 1420 dicit:
949 1384 967 1417 ι
1001 1368 1136 1422 Cum
1170 1365 1326 1421 fortis
1363 1376 1604 1421 armatus
1641 1370 1880 1424 custodit
1910 1370 2108 1424 atrium

527 1470 712 1517 situm,
745 1454 794 1508 in
827 1471 958 1523 pace
1008 1462 1134 1508 sunt
1184 1471 1272 1517 ea,
1313 1469 1434 1524 qua:
1473 1457 1706 1521 possidet
1735 1455 1888 1527 (Luc.
1918 1459 2043 1520 λιι).
2085 1477 2104 1509 ι

447 1611 450 1614 ,
524 1543 568 1598 t)
593 1560 754 1613 quam
781 1554 1028 1614 potenter
1051 1559 1150 1613 per
1170 1561 1265 1600 vos
1295 1547 1556 1602 satellites
1575 1563 1702 1602 suos
1727 1549 1922 1602 atrium
1953 1563 2108 1602 suum

523 1638 626 1692 hoc
675 1647 914 1706 tempore
952 1637 1202 1692 diabolus
1245 1641 1512 1704 custodit,
1543 1641 1631 1709 qui
1665 1649 1822 1694 scuto
1855 1640 2110 1694 falsitatis

521 1735 576 1780 et
613 1727 766 1796 galea
819 1727 1060 1796 perfidia:
1103 1730 1368 1796 protecti,
1417 1729 1562 1784 nulla
1607 1731 1854 1786 veritatis
1893 1729 2103 1798 jacula,

2215 550 2363 599 neut,
2387 535 2516 603 quia
2541 533 2800 604 apostolis
2831 532 2989 586 Petro
3019 543 3074 586 et
3097 527 3286 590 Paulo,
3309 527 3414 592 iam
3444 539 3492 584 el
3524 530 3800 588 Iterat—tem

2213 628 2338 696 quia
2379 626 2581 682 Jacobo
2627 625 2898 696 apostolo,
2921 623 3032 692 jam
3066 634 3118 678 et
3155 625 3386 680 Pii-itum
3414 623 3538 692 quia
3569 621 3804 682 Domino

2211 718 2340 774 .Icsu
2392 717 2609 773 Christo
2669 717 3092 788 Stqtervixcriut,
3147 717 3335 772 beatos
3383 714 3650 772 aestimas.
3686 715 3800 781 Qua

2213 810 2466 880 Opinione
2517 810 2644 879 quid
2698 808 2944 864 insanius
2989 815 3078 860 aut
3119 807 3390 864 infelicius
3423 812 3530 866 dici
3587 809 3803 882 potest?

2215 903 2554 974 Quapmpter
2583 912 2639 956 et
2681 902 2752 956 ab
2797 901 2898 955 hac
2936 900 3267 970 blasphemia
3307 901 3542 972 linguam
3585 901 3802 972 magni-

2215 995 2430 1066 loquam
2463 1010 2769 1066 compesce,
2817 994 2921 1050 nisi
2955 993 3092 1048 forte
3141 992 3195 1046 in
3241 1010 3470 1050 numero
3501 996 3716 1050 illorum
3748 1008 3802 1050 te

2213 1089 2496 1144 constituis
2537 1089 2626 1158 qtti
2667 1089 2719 1142 in
2763 1086 2890 1152 fine,
2931 1088 3204 1159 justorum
3245 1091 3492 1144 videntes
3541 1089 3800 1158 gloriam,

2215 1194 2392 1234 seram
2443 1189 2500 1234 et
2535 1179 2926 1234 infructuosam
2965 1189 3188 1248 agentes
3235 1181 3652 1251 ptenitentiam,
3693 1195 3802 1248 pra:

2213 1271 2462 1344 angustia
2491 1271 2712 1340 spiritus
2747 1279 3021 1339 gementes
3051 1271 3234 1327 dicent
3264 1290 3279 1328 :
3327 1289 3346 1322 ‹
3383 1271 3448 1326 lli
3476 1279 3639 1332 sunt,
3665 1285 3802 1338 quos

2215 1365 2502 1438 aliquando
2535 1363 2824 1418 habuimus
2856 1362 2906 1416 in
2931 1363 3190 1428 derisum,
3223 1373 3277 1418 et
3305 1363 3358 1418 in
3386 1361 3800 1418 similitudinem

2213 1455 2556 1524 improperii;
2592 1470 2692 1508 nos
2740 1452 3000 1508 iuseusali
3041 1455 3206 1508 vitam
3251 1453 3464 1508 illorum
3491 1451 3802 1505 msﬁmaba-

2215 1563 2316 1602 nus
2345 1547 2633 1610 insaniam,
2677 1555 2730 1600 ct
2767 1547 2925 1600 linem
2975 1545 3188 1600 illorum
3235 1547 3354 1600 sine
3397 1546 3630 1598 honore.
3667 1543 3802 1598 Ecce

2211 1637 2484 1708 quomodo
2533 1637 2830 1706 computati
2867 1647 2995 1692 sunt
3036 1639 3176 1692 inter
3221 1636 3360 1690 filios
3410 1634 3530 1701 Dei,
3568 1641 3625 1687 et
3659 1634 3801 1686 inter

2213 1743 2430 1790 sanctos
2457 1748 2575 1788 sors
2603 1733 2813 1787 illorum
2845 1742 2946 1788 est.
2974 1733 3124 1802 Ergo
3144 1733 3447 1788 erravimus
3471 1748 3502 1786 a
3535 1731 3628 1784 via
3661 1731 3801 1784 veri-

522 1821 666 1875 nulla
697 1821 820 1876 fidei
847 1821 1052 1892 spicula
1082 1823 1400 1878 admittitis!
1429 1825 1611 1880 Potest
1638 1833 1816 1878 tamen
1849 1823 2108 1877 Dominus
2141 1815 2183 1870 Β
2213 1826 2356 1890 tatis,
2393 1833 2446 1878 et
2475 1824 2552 1880 sol
2573 1824 2796 1894 justitiae
2825 1840 2930 1878 non
2965 1824 3100 1878 luxit
3127 1824 3300 1878 nobis.
3326 1823 3466 1892 Quid
3493 1822 3660 1877 nobis
3683 1837 3802 1892 pro—

519 1921 720 1978 noster,
751 1921 936 1981 utpote
975 1911 1166 1967 fortior
1191 1927 1432 1970 armatus
1457 1917 1866 1986 superveniens,
1907 1916 2104 1972 fortem

517 2013 758 2060 vestrum
788 2005 1028 2072 vincere,
1051 2017 1105 2064 et
1143 2025 1288 2062 arma
1321 2010 1592 2079 inquibus
1619 2009 1842 2065 confidit
1865 2009 2100 2064 auferre.

517 2088 634 2144 Non
673 2107 802 2162 ergo
845 2106 1089 2152 corrccte
1131 2099 1433 2168 culpamnr,
1471 2099 1515 2154 si
1547 2115 1737 2169 pacem
1767 2101 1912 2154 illam
1955 2099 2104 2156 oumi

519 2183 661 2236 bello
711 2185 1070 2242 crudeliorem
1121 2189 1486 2254 detestamur,
1521 2207 1680 2262 quam
1728 2191 1842 2260 ipsa
1895 2190 2106 2246 Veritas

518 2291 680 2346 super
709 2278 1041 2336 Hierusalem
1073 2281 1248 2338 flendo
1271 2286 1515 2354 reprobat
1535 2327 1550 2346 .
1579 2289 1764 2342 dicens
1795 2307 1809 2342 ι
1841 2309 1858 2340 ι
1901 2289 1964 2342 Et
1987 2291 2107 2358 qui-

519 2367 640 2422 dem
679 2371 728 2424 iu
761 2373 861 2428 hac
889 2374 996 2440 die,
1027 2391 1146 2442 quas
1177 2376 1242 2429 ad
1285 2393 1472 2446 pacem
1507 2379 1598 2432 tibi
1627 2377 1780 2448 (Luc.
1811 2387 1948 2444 tux).
1979 2399 1998 2432 ι
2043 2380 2107 2434 Et

517 2477 681 2528 quam
710 2464 950 2532 psalmus
978 2481 992 2518 :
1027 2485 1046 2517 ι
1091 2467 1268 2538 Super
1292 2469 1506 2538 iniquos
1533 2471 1732 2534 zelavi,
1763 2487 1949 2540 pacem
1983 2487 2102 2542 pec-

517 2563 760 2608 catorum
791 2555 978 2612 videns
1007 2556 1180 2626 (Psal.
1218 2558 1410 2629 mitti).
1443 2579 1464 2612 ι

595 2663 614 2694 ι
639 2645 792 2710 Quod
808 2661 938 2702 vero
956 2663 1149 2718 papam
1173 2649 1514 2720 Gregorium,
1535 2667 1713 2720 regem
1737 2651 2102 2720 itodulphum,

516 2737 886 2794 marcbionem
919 2739 1276 2810 Eggebcrtum
1318 2743 1536 2810 pessimi
1567 2744 1816 2798 interitus
1856 2745 2102 2809 damnas,

517 2835 573 2881 ct
611 2828 888 2884 dominum
925 2841 1092 2892 tttum,
1131 2835 1254 2902 quia
1281 2833 1386 2888 illis
1411 2845 1687 2904 superstes
1713 2845 1815 2900 est,
1845 2837 2104 2893 bouiftcas

517 2919 688 2989 liquet
716 2923 956 2990 profecto
989 2927 1054 2978 ab
1085 2927 1232 2980 omni
1265 2927 1528 2994 spirituali
1565 2938 1616 2984 te
1667 2929 2106 2984 censideratione

517 3027 740 3069 ma'u-ra
771 3031 1030 3072 vacuum.
1057 3017 1242 3074 Nonne
1267 3019 1479 3074 beatius
1502 3027 1581 3074 cst
1608 3021 1740 3074 bene
1779 3021 1912 3074 mori
1945 3035 2103 3089 quam

517 3103 659 3158 male
684 3105 902 3161 vivere?
927 3127 944 3157 σ
975 3106 1120 3162 Beati
1147 3110 1289 3164 enim
1318 3111 1408 3180 qui
1437 3113 1869 3181 persecutionem
1893 3113 2104 3180 patiun-

2207 1917 2310 1970 l'uit
2352 1917 2626 1986 superbia,
2654 1925 2709 1970 et
2748 1915 3060 1970 divitiarum
3091 1914 3354 1984 jactautia
3401 1914 3534 1983 quid
3579 1913 3804 1966 contulit

2207 2007 2410 2064 nobis?
2445 2006 2802 2062 'I'rausieruut
2848 2007 3030 2060 omnia
3063 2005 3212 2059 velut
3250 2004 3440 2058 umbra
3471 1999 3634 2072 (ειη).
3667 2011 3742 2078 v).
3781 2022 3797 2054 ι

2207 2100 2338 2168 Quae
2367 2114 2465 2156 nos
2493 2098 2656 2154 verba
2694 2099 2745 2152 itt
2790 2099 3046 2153 memoria
3093 2095 3440 2150 adamantina
3472 2094 3802 2158 scribentes,

2206 2207 2422 2248 onmem
2451 2189 2856 2246 similitudinem
2898 2189 3242 2244 extollentem
3265 2201 3325 2241 se
3356 2186 3628 2240 adversus
3665 2183 3802 2238 veri-

2210 2296 2372 2340 tatem
2402 2283 2494 2340 Dei
2524 2283 2944 2344 eontemuimus,
2993 2292 3046 2338 et
3069 2281 3363 2350 gloriantes
3389 2280 3442 2333 in
3501 2276 3802 2330 tribulatio-

2207 2375 2386 2438 nibus,
2410 2372 3046 2440 CaIumniari,proscribi,
3080 2380 3135 2426 et
3161 2370 3540 2432 exterminari,
3573 2367 3801 2435 denique

2207 2468 2378 2522 occidi
2405 2481 2711 2538 possumus,
2755 2463 2896 2520 ﬂecti
2928 2463 3010 2520 vel
3036 2463 3176 2520 vinci
3219 2478 3324 2516 non
3373 2475 3690 2532 possumus.
3741 2459 3802 2512 Et

2206 2573 2328 2612 cum
2354 2573 2550 2627 magno
2583 2557 2819 2627 tripudio
2851 2556 3000 2623 illud,
3039 2556 3182 2626 quod
3228 2566 3280 2608 tu
3309 2571 3443 2626 ptlt'r
3463 2552 3800 2614 adolescens,

2201 2650 2413 2720 juvenis
2439 2651 2812 2720 frequentatus
2833 2649 3068 2704 nondum
3095 2648 3259 2702 corde
3285 2663 3452 2700 senex
3476 2645 3800 2714 concepisti,

2207 2745 2272 2798 de
2320 2743 2562 2814 patribus
2613 2743 2812 2798 nostris
2841 2739 3197 2804 exsultatnus,
3227 2737 3340 2808 qui,
3378 2747 3796 2791 contemnentes

2198 2836 2347 2904 jussa
2390 2836 2712 2906 principum,
2746 2841 3062 2888 meruerunt
3104 2831 3325 2902 praemia
3371 2839 3602 2885 teterna.
3639 2828 3802 2880 Porro

2207 2929 2508 2984 sententias
2531 2937 2650 2982 tuas
2679 2925 2922 2994 diligenti
2947 2925 3264 2980 curiositate
3291 2923 3647 2982 trutinantcs,
3679 2935 3802 2988 qua-

2210 3023 2254 3076 si
2281 3021 2585 3092 spiritualia
2615 3019 2988 3092 spiritualibus
3015 3031 3334 3088 comparare
3375 3015 3654 3070 volumus.
3701 3011 3800 3066 Sed

2211 3115 2372 3180 sicut,
2407 3132 2425 3165 ι
2455 3122 2510 3168 ct
2533 3129 2570 3166 ι’.
2593 3101 2735 3184 liqua
2763 3129 2868 3166 non
2891 3126 3088 3180 pauca.

761 3625 1222 3754 VALllllllll
1309 3631 1804 3758 EPISTOLA
1864 3631 1998 3758 All
2087 3633 2616 3763 ECCLESlAM
2697 3605 3554 3760 BAMBERGENSEM.

1390 3926 1648 3998 (Eccano,
1679 3927 1878 4014 Corpus
1910 3929 2145 3982 historic.
2177 3928 2334 3981 medii
2367 3927 2480 3992 atri,
2517 3937 2554 3980 ι.
2595 3927 2656 3992 ll,
2685 3943 2734 3995 p.
2763 3921 2910 3986 265.)

581 4387 958 4446 Serenissimis
989 4387 1221 4442 dominis
1261 4397 1460 4444 sanctae
1489 4389 1956 4456 Babeuhergcnsis
1987 4389 2090 4442 Ee-
2125 4373 2170 4434 (ἶ
2203 4389 2401 4452 vimus,
2431 4396 2488 4441 et
2517 4385 2708 4440 venire
2747 4399 2853 4439 non
2899 4381 3036 4448 vult,
3063 4381 3249 4435 intime
3288 4393 3386 4434 vos
3433 4393 3706 4450 rogamus,
3735 4383 3784 4430 et

505 4479 688 4536 (-lesite
721 4479 1174 4536 reverentissimis
1206 4479 1484 4546 fratribus,
1507 4480 1571 4538 Ο.
1605 4480 1667 4535 ν.
1696 4479 2094 4552 Niumburgen-

506 4572 583 4626 sis
613 4559 918 4648 episc0pus,
957 4588 1078 4628 cum
1111 4573 1376 4627 orationis
1405 4573 1660 4627 instantia
1705 4572 1905 4628 servile
1933 4571 2090 4628 obse-

503 4664 688 4734 quium
718 4679 779 4718 ac
803 4665 1154 4734 semetipsum
1187 4665 1252 4720 ad
1279 4665 1460 4719 omnia
1492 4665 1905 4720 deditissimum.

572 4757 895 4812 Fraternum
921 4767 1004 4812 est
1028 4756 1253 4812 fratrem
1286 4757 1562 4827 adjuvare,
1593 4773 1891 4827 omnesque
1917 4757 2089 4813 bonos

501 4847 762 4902 condecet
793 4849 1204 4918 malignantium
1235 4850 1542 4906 violentiam
1570 4849 1907 4921 prepulsare.
1939 4849 2090 4906 Noti-

506 4939 728 4994 licamus
756 4938 1082 4996 fraternitati
1110 4952 1303 4998 vestra:
1335 4943 1478 5012 quod
1517 4940 1582 5008 ll_.
1615 4959 1737 4996 eum
1769 4943 1881 4998 suis
1913 4942 2084 4998 satel-

505 5028 688 5084 titihus
717 5046 894 5108 meam
933 5034 1342 5104 prteposituram
1375 5034 1711 5104 deprzedatus
1741 5043 1842 5090 est.
1887 5034 2082 5102 Quem,

507 5120 760 5190 quoniam
797 5125 1075 5199 canonicis
1113 5125 1343 5184 induciis
1367 5125 1434 5182 ad
1465 5125 1891 5184 satisfactionem
1921 5141 2084 5181 voca-

2202 4495 2300 4550 pro
2322 4477 2510 4534 eodem
2537 4476 2789 4530 fraternae
2804 4473 3190 4530 vicissitudinis
3209 4467 3476 4540 obsequio
3490 4483 3785 4528 monemus,

2201 4583 2473 4644 quatenus
2505 4571 2610 4634 ille,
2638 4571 2945 4641 quicunque
2976 4567 3116 4622 inter
3142 4583 3237 4620 vos
3269 4567 3410 4620 hanc
3439 4564 3608 4619 habet
3643 4571 3784 4632 pote-

2200 4679 2423 4732 statem,
2457 4667 2510 4722 in
2557 4681 2654 4722 sua
2705 4663 3021 4736 praelatione
3075 4661 3320 4718 notilicet
3342 4701 3358 4724 ,
3392 4659 3650 4728 quoniam
3679 4665 3732 4711 et
3755 4671 3782 4708 a

2161 4753 2166 4756 ’
2199 4761 2461 4816 limitibus
2491 4757 2748 4814 Ecclesiae
2781 4766 2837 4812 et
2871 4773 2900 4810 a
2939 4753 3175 4810 fidelium
3207 4752 3483 4808 consortio
3531 4749 3784 4805 canonice

2197 4863 2282 4910 est
2324 4852 2859 4914 excommunicatus;
2903 4863 2999 4902 vos
3043 4847 3205 4902 etiam
3254 4842 3782 4900 excommunicatum

2199 4946 2452 5002 habetote
2475 4987 2490 5011 ,
2520 4953 2574 4999 et
2601 4951 2660 4996 ut
2686 4939 2938 4996 rebellem
2980 4947 3034 4995 et
3073 4936 3448 5007 blasphemum
3483 4928 3784 4999 compellite

2198 5039 2265 5094 ad
2290 5035 2738 5094 satisfactionem.
