  <div class='ocr_page' id='page_1' title='image "/cluster/home/n/w/nwhite01/storage/ocr_20150623/159/hvd.32044024236648/504.png"; bbox 0 0 3928 6298; ppageno 0'>
   <div class='ocr_carea' id='block_1_1' title="bbox 144 471 1298 496">
    <p class='ocr_par' dir='ltr' id='par_1_1' title="bbox 144 471 1298 496">
     <span class='ocr_line' id='line_1_1' title="bbox 144 471 1298 496; baseline -0.001 -5"><span class='ocrx_word' id='word_1_1' title='bbox 144 471 1298 496; x_wconf 58' lang='lat' dir='ltr'><em>W</em></span> 
     </span>
    </p>
   </div>
   <div class='ocr_carea' id='block_1_2' title="bbox 977 582 1715 719">
    <p class='ocr_par' dir='ltr' id='par_1_2' title="bbox 977 582 1715 719">
     <span class='ocr_line' id='line_1_2' title="bbox 977 582 1715 719; baseline -0.009 0"><span class='ocrx_word' id='word_1_2' title='bbox 977 582 1715 719; x_wconf 80' lang='lat' dir='ltr'><strong>VALBAMI</strong></span> 
     </span>
    </p>
   </div>
   <div class='ocr_carea' id='block_1_3' title="bbox 1308 337 2359 399">
    <p class='ocr_par' dir='ltr' id='par_1_3' title="bbox 1308 337 2359 399">
     <span class='ocr_line' id='line_1_3' title="bbox 1308 337 2359 399; baseline 0.006 -6"><span class='ocrx_word' id='word_1_3' title='bbox 1308 337 1526 395; x_wconf 75' lang='lat' dir='ltr'><strong>EPIST.</strong></span> <span class='ocrx_word' id='word_1_4' title='bbox 1570 338 1658 395; x_wconf 69' lang='lat' dir='ltr'><strong>DF.</strong></span> <span class='ocrx_word' id='word_1_5' title='bbox 1697 338 1857 396; x_wconf 70' lang='lat' dir='ltr'><strong>VITA</strong></span> <span class='ocrx_word' id='word_1_6' title='bbox 1889 340 1949 397; x_wconf 81' lang='lat' dir='ltr'><strong>S.</strong></span> <span class='ocrx_word' id='word_1_7' title='bbox 1991 341 2359 399; x_wconf 76' lang='lat' dir='ltr'><strong>LEONARDI.</strong></span> 
     </span>
    </p>
   </div>
   <div class='ocr_carea' id='block_1_4' title="bbox 3321 352 3428 407">
    <p class='ocr_par' dir='ltr' id='par_1_4' title="bbox 3321 352 3428 407">
     <span class='ocr_line' id='line_1_4' title="bbox 3321 352 3428 407; baseline 0 0"><span class='ocrx_word' id='word_1_8' title='bbox 3321 352 3428 407; x_wconf 57' lang='lat'><strong>99$</strong></span> 
     </span>
    </p>
   </div>
   <div class='ocr_carea' id='block_1_5' title="bbox 1716 479 2010 491">
    <p class='ocr_par' dir='ltr' id='par_1_5' title="bbox 1716 479 2010 491">
     <span class='ocr_line' id='line_1_5' title="bbox 1716 479 2010 491; baseline 0.007 -2"><span class='ocrx_word' id='word_1_9' title='bbox 1716 479 2010 491; x_wconf 77' lang='lat'><strong>——-</strong></span> 
     </span>
    </p>
   </div>
   <div class='ocr_carea' id='block_1_6' title="bbox 1824 588 2599 718">
    <p class='ocr_par' dir='ltr' id='par_1_6' title="bbox 1824 588 2599 718">
     <span class='ocr_line' id='line_1_6' title="bbox 1824 588 2599 718; baseline 0.004 -4"><span class='ocrx_word' id='word_1_10' title='bbox 1824 588 2599 718; x_wconf 85' lang='lat' dir='ltr'><strong>EPISTOLA</strong></span> 
     </span>
    </p>
   </div>
   <div class='ocr_carea' id='block_1_7' title="bbox 190 798 2917 900">
    <p class='ocr_par' dir='ltr' id='par_1_7' title="bbox 190 798 2917 900">
     <span class='ocr_line' id='line_1_7' title="bbox 190 798 2917 900; baseline 0.008 -24"><span class='ocrx_word' id='word_1_11' title='bbox 190 869 221 876; x_wconf 90' lang='lat'><em>_</em></span> <span class='ocrx_word' id='word_1_12' title='bbox 709 803 855 890; x_wconf 90' lang='lat' dir='ltr'><strong>DE</strong></span> <span class='ocrx_word' id='word_1_13' title='bbox 896 802 1183 895; x_wconf 87' lang='lat' dir='ltr'><strong>VITA</strong></span> <span class='ocrx_word' id='word_1_14' title='bbox 1242 801 1335 890; x_wconf 90' lang='lat' dir='ltr'><strong>S.</strong></span> <span class='ocrx_word' id='word_1_15' title='bbox 1380 798 1994 891; x_wconf 81' lang='lat' dir='ltr'><strong>LEONARDI</strong></span> <span class='ocrx_word' id='word_1_16' title='bbox 2076 800 2917 900; x_wconf 77' lang='lat' dir='ltr'><strong>CONFESSORIS.</strong></span> 
     </span>
    </p>
   </div>
   <div class='ocr_carea' id='block_1_8' title="bbox 1263 922 2302 1023">
    <p class='ocr_par' dir='ltr' id='par_1_8' title="bbox 1263 922 2302 1023">
     <span class='ocr_line' id='line_1_8' title="bbox 1263 922 2302 1023; baseline 0.002 -20"><span class='ocrx_word' id='word_1_17' title='bbox 1263 922 1574 1022; x_wconf 61' lang='lat' dir='ltr'><strong>(Mittimus,</strong></span> <span class='ocrx_word' id='word_1_18' title='bbox 1607 947 1769 1018; x_wconf 83' lang='lat' dir='ltr'><strong>ampl.</strong></span> <span class='ocrx_word' id='word_1_19' title='bbox 1801 948 2039 1015; x_wconf 83' lang='lat' dir='ltr'><strong>Collecl.,</strong></span> <span class='ocrx_word' id='word_1_20' title='bbox 2078 950 2097 1005; x_wconf 86' lang='grc' dir='ltr'><strong>Ι</strong></span> <span class='ocrx_word' id='word_1_21' title='bbox 2151 951 2302 1023; x_wconf 79' lang='lat'><strong>655.)</strong></span> 
     </span>
    </p>
   </div>
   <div class='ocr_carea' id='block_1_9' title="bbox 208 1136 3425 1226">
    <p class='ocr_par' dir='ltr' id='par_1_9' title="bbox 208 1136 3425 1226">
     <span class='ocr_line' id='line_1_9' title="bbox 208 1136 3425 1226; baseline 0 -11"><span class='ocrx_word' id='word_1_22' title='bbox 208 1160 562 1220; x_wconf 65' lang='lat' dir='ltr'><strong>Vareaauus,</strong></span> <span class='ocrx_word' id='word_1_23' title='bbox 590 1156 688 1212; x_wconf 89' lang='lat' dir='ltr'><strong>Dei</strong></span> <span class='ocrx_word' id='word_1_24' title='bbox 738 1154 912 1225; x_wconf 80' lang='lat' dir='ltr'><strong>gratia</strong></span> <span class='ocrx_word' id='word_1_25' title='bbox 944 1152 1388 1226; x_wconf 85' lang='lat' dir='ltr'><strong>liuenburgensis</strong></span> <span class='ocrx_word' id='word_1_26' title='bbox 1417 1155 1726 1225; x_wconf 87' lang='lat' dir='ltr'><strong>episcopus,</strong></span> <span class='ocrx_word' id='word_1_27' title='bbox 1763 1136 1811 1193; x_wconf 77' lang='grc' dir='ltr'>Α</span> <span class='ocrx_word' id='word_1_28' title='bbox 1840 1157 1981 1211; x_wconf 81' lang='lat' dir='ltr'><strong>xime</strong></span> <span class='ocrx_word' id='word_1_29' title='bbox 2008 1155 2347 1224; x_wconf 78' lang='lat' dir='ltr'><strong>temporibus</strong></span> <span class='ocrx_word' id='word_1_30' title='bbox 2374 1154 2546 1208; x_wconf 90' lang='lat' dir='ltr'><strong>sancti</strong></span> <span class='ocrx_word' id='word_1_31' title='bbox 2580 1154 2842 1209; x_wconf 86' lang='lat' dir='ltr'><strong>Leonardi</strong></span> <span class='ocrx_word' id='word_1_32' title='bbox 2874 1157 3245 1225; x_wconf 86' lang='lat' dir='ltr'><strong>incanduerat,</strong></span> <span class='ocrx_word' id='word_1_33' title='bbox 3276 1161 3425 1217; x_wconf 86' lang='lat' dir='ltr'><strong>ideo-</strong></span> 
     </span>
    </p>
   </div>
   <div class='ocr_carea' id='block_1_10' title="bbox 135 1245 1733 1316">
    <p class='ocr_par' dir='ltr' id='par_1_10' title="bbox 135 1245 1733 1316">
     <span class='ocr_line' id='line_1_10' title="bbox 135 1245 1733 1316; baseline -0.006 -7"><span class='ocrx_word' id='word_1_34' title='bbox 135 1252 502 1308; x_wconf 73' lang='lat' dir='ltr'><strong>sereuissima:</strong></span> <span class='ocrx_word' id='word_1_35' title='bbox 548 1257 809 1301; x_wconf 73' lang='lat' dir='ltr'><strong>matronae</strong></span> <span class='ocrx_word' id='word_1_36' title='bbox 860 1246 1071 1301; x_wconf 69' lang='lat' dir='ltr'><strong>damna:</strong></span> <span class='ocrx_word' id='word_1_37' title='bbox 1119 1245 1406 1301; x_wconf 75' lang='lat' dir='ltr'><strong>GERTRUDI</strong></span> <span class='ocrx_word' id='word_1_38' title='bbox 1438 1245 1535 1316; x_wconf 85' lang='lat' dir='ltr'><strong>(l),</strong></span> <span class='ocrx_word' id='word_1_39' title='bbox 1568 1245 1733 1299; x_wconf 82' lang='lat' dir='ltr'><strong>devo-</strong></span> 
     </span>
    </p>
   </div>
   <div class='ocr_carea' id='block_1_11' title="bbox 136 1324 1730 1408">
    <p class='ocr_par' dir='ltr' id='par_1_11' title="bbox 136 1324 1730 1408">
     <span class='ocr_line' id='line_1_11' title="bbox 136 1324 1730 1408; baseline -0.003 -12"><span class='ocrx_word' id='word_1_40' title='bbox 136 1354 255 1396; x_wconf 88' lang='lat' dir='ltr'><strong>tum</strong></span> <span class='ocrx_word' id='word_1_41' title='bbox 286 1324 584 1403; x_wconf 85' lang='lat' dir='ltr'><strong>servitium,</strong></span> <span class='ocrx_word' id='word_1_42' title='bbox 621 1337 932 1392; x_wconf 90' lang='lat' dir='ltr'><strong>instantiam</strong></span> <span class='ocrx_word' id='word_1_43' title='bbox 953 1337 1258 1392; x_wconf 90' lang='lat' dir='ltr'><strong>orationum</strong></span> <span class='ocrx_word' id='word_1_44' title='bbox 1287 1352 1350 1392; x_wconf 91' lang='lat' dir='ltr'><strong>ac</strong></span> <span class='ocrx_word' id='word_1_45' title='bbox 1374 1336 1730 1408; x_wconf 83' lang='lat' dir='ltr'><strong>semetipsum</strong></span> 
     </span>
    </p>
   </div>
   <div class='ocr_carea' id='block_1_12' title="bbox 132 1429 1172 1487">
    <p class='ocr_par' dir='ltr' id='par_1_12' title="bbox 132 1429 1172 1487">
     <span class='ocr_line' id='line_1_12' title="bbox 132 1429 1172 1487; baseline -0.005 -1"><span class='ocrx_word' id='word_1_46' title='bbox 132 1434 363 1487; x_wconf 90' lang='lat' dir='ltr'><strong>omnino</strong></span> <span class='ocrx_word' id='word_1_47' title='bbox 391 1432 442 1484; x_wconf 94' lang='lat' dir='ltr'><strong>in</strong></span> <span class='ocrx_word' id='word_1_48' title='bbox 468 1430 720 1484; x_wconf 90' lang='lat' dir='ltr'><strong>omnibus</strong></span> <span class='ocrx_word' id='word_1_49' title='bbox 754 1429 1172 1483; x_wconf 87' lang='lat' dir='ltr'><strong>deditissimum.</strong></span> 
     </span>
    </p>
   </div>
   <div class='ocr_carea' id='block_1_13' title="bbox 209 1518 1733 1588">
    <p class='ocr_par' dir='ltr' id='par_1_13' title="bbox 209 1518 1733 1588">
     <span class='ocr_line' id='line_1_13' title="bbox 209 1518 1733 1588; baseline -0.003 -12"><span class='ocrx_word' id='word_1_50' title='bbox 209 1521 475 1576; x_wconf 79' lang='lat' dir='ltr'><strong>Mirabilis</strong></span> <span class='ocrx_word' id='word_1_51' title='bbox 506 1522 644 1575; x_wconf 89' lang='lat' dir='ltr'><strong>Deus</strong></span> <span class='ocrx_word' id='word_1_52' title='bbox 670 1520 721 1573; x_wconf 90' lang='lat' dir='ltr'><strong>in</strong></span> <span class='ocrx_word' id='word_1_53' title='bbox 749 1520 955 1574; x_wconf 86' lang='lat' dir='ltr'><strong>sanctis</strong></span> <span class='ocrx_word' id='word_1_54' title='bbox 990 1520 1122 1581; x_wconf 90' lang='lat' dir='ltr'><strong>suis,</strong></span> <span class='ocrx_word' id='word_1_55' title='bbox 1146 1526 1201 1573; x_wconf 91' lang='lat' dir='ltr'><strong>et</strong></span> <span class='ocrx_word' id='word_1_56' title='bbox 1224 1518 1378 1588; x_wconf 86' lang='lat' dir='ltr'><strong>cujus</strong></span> <span class='ocrx_word' id='word_1_57' title='bbox 1414 1535 1569 1575; x_wconf 91' lang='lat' dir='ltr'><strong>mens</strong></span> <span class='ocrx_word' id='word_1_58' title='bbox 1596 1519 1733 1575; x_wconf 82' lang='lat' dir='ltr'><strong>divi-</strong></span> 
     </span>
    </p>
   </div>
   <div class='ocr_carea' id='block_1_14' title="bbox 131 1608 1732 1679">
    <p class='ocr_par' dir='ltr' id='par_1_14' title="bbox 131 1608 1732 1679">
     <span class='ocr_line' id='line_1_14' title="bbox 131 1608 1732 1679; baseline -0.002 -13"><span class='ocrx_word' id='word_1_59' title='bbox 131 1612 289 1666; x_wconf 90' lang='lat' dir='ltr'><strong>nitus</strong></span> <span class='ocrx_word' id='word_1_60' title='bbox 314 1618 397 1664; x_wconf 90' lang='lat' dir='ltr'><strong>est</strong></span> <span class='ocrx_word' id='word_1_61' title='bbox 424 1608 779 1671; x_wconf 82' lang='lat' dir='ltr'><strong>inﬂammata,</strong></span> <span class='ocrx_word' id='word_1_62' title='bbox 810 1610 1006 1678; x_wconf 70' lang='lat' dir='ltr'><strong>smpius</strong></span> <span class='ocrx_word' id='word_1_63' title='bbox 1027 1609 1206 1663; x_wconf 88' lang='lat' dir='ltr'><strong>divina</strong></span> <span class='ocrx_word' id='word_1_64' title='bbox 1234 1609 1576 1679; x_wconf 61' lang='lat' dir='ltr'><strong>praedicanda</strong></span> <span class='ocrx_word' id='word_1_65' title='bbox 1605 1618 1732 1664; x_wconf 92' lang='lat' dir='ltr'><strong>sunt</strong></span> 
     </span>
    </p>
   </div>
   <div class='ocr_carea' id='block_1_15' title="bbox 130 1701 1730 1772">
    <p class='ocr_par' dir='ltr' id='par_1_15' title="bbox 130 1701 1730 1772">
     <span class='ocr_line' id='line_1_15' title="bbox 130 1701 1730 1772; baseline -0.001 -14"><span class='ocrx_word' id='word_1_66' title='bbox 130 1703 424 1758; x_wconf 87' lang='lat' dir='ltr'><strong>miracula.</strong></span> <span class='ocrx_word' id='word_1_67' title='bbox 457 1702 728 1771; x_wconf 81' lang='lat' dir='ltr'><strong>Optimam</strong></span> <span class='ocrx_word' id='word_1_68' title='bbox 775 1712 983 1771; x_wconf 86' lang='lat' dir='ltr'><strong>partem</strong></span> <span class='ocrx_word' id='word_1_69' title='bbox 1032 1702 1229 1755; x_wconf 79' lang='lat' dir='ltr'><strong>dicitur</strong></span> <span class='ocrx_word' id='word_1_70' title='bbox 1272 1701 1439 1756; x_wconf 85' lang='lat' dir='ltr'><strong>Maria</strong></span> <span class='ocrx_word' id='word_1_71' title='bbox 1479 1702 1730 1772; x_wconf 89' lang='lat' dir='ltr'><strong>elegisse,</strong></span> 
     </span>
    </p>
   </div>
   <div class='ocr_carea' id='block_1_16' title="bbox 132 1791 1730 1864">
    <p class='ocr_par' dir='ltr' id='par_1_16' title="bbox 132 1791 1730 1864">
     <span class='ocr_line' id='line_1_16' title="bbox 132 1791 1730 1864; baseline 0 -19"><span class='ocrx_word' id='word_1_72' title='bbox 132 1795 293 1864; x_wconf 86' lang='lat' dir='ltr'><strong>quia,</strong></span> <span class='ocrx_word' id='word_1_73' title='bbox 329 1794 522 1847; x_wconf 89' lang='lat' dir='ltr'><strong>sedens</strong></span> <span class='ocrx_word' id='word_1_74' title='bbox 556 1807 713 1847; x_wconf 92' lang='lat' dir='ltr'><strong>secus</strong></span> <span class='ocrx_word' id='word_1_75' title='bbox 760 1792 926 1861; x_wconf 87' lang='lat' dir='ltr'><strong>pedes</strong></span> <span class='ocrx_word' id='word_1_76' title='bbox 964 1791 1197 1859; x_wconf 88' lang='lat' dir='ltr'><strong>Domini,</strong></span> <span class='ocrx_word' id='word_1_77' title='bbox 1227 1792 1477 1845; x_wconf 84' lang='lat' dir='ltr'><strong>audiebat</strong></span> <span class='ocrx_word' id='word_1_78' title='bbox 1506 1795 1730 1846; x_wconf 90' lang='lat' dir='ltr'><strong>verbum</strong></span> 
     </span>
    </p>
   </div>
   <div class='ocr_carea' id='block_1_17' title="bbox 130 1884 1732 1954">
    <p class='ocr_par' dir='ltr' id='par_1_17' title="bbox 130 1884 1732 1954">
     <span class='ocr_line' id='line_1_17' title="bbox 130 1884 1732 1954; baseline -0.001 -14"><span class='ocrx_word' id='word_1_79' title='bbox 130 1887 321 1951; x_wconf 89' lang='lat' dir='ltr'><strong>illius;</strong></span> <span class='ocrx_word' id='word_1_80' title='bbox 369 1900 466 1954; x_wconf 90' lang='lat' dir='ltr'><strong>pro</strong></span> <span class='ocrx_word' id='word_1_81' title='bbox 500 1884 782 1954; x_wconf 85' lang='lat' dir='ltr'><strong>multiplici</strong></span> <span class='ocrx_word' id='word_1_82' title='bbox 823 1884 1298 1938; x_wconf 84' lang='lat' dir='ltr'><strong>administratione</strong></span> <span class='ocrx_word' id='word_1_83' title='bbox 1329 1899 1607 1952; x_wconf 70' lang='lat' dir='ltr'><strong>corporeae</strong></span> <span class='ocrx_word' id='word_1_84' title='bbox 1647 1901 1732 1939; x_wconf 88' lang='lat' dir='ltr'><strong>re-</strong></span> 
     </span>
    </p>
   </div>
   <div class='ocr_carea' id='block_1_18' title="bbox 131 1976 1729 2046">
    <p class='ocr_par' dir='ltr' id='par_1_18' title="bbox 131 1976 1729 2046">
     <span class='ocr_line' id='line_1_18' title="bbox 131 1976 1729 2046; baseline -0.003 -13"><span class='ocrx_word' id='word_1_85' title='bbox 131 1979 393 2034; x_wconf 80' lang='lat' dir='ltr'><strong>fectionis</strong></span> <span class='ocrx_word' id='word_1_86' title='bbox 440 1977 648 2032; x_wconf 75' lang='lat' dir='ltr'><strong>Martha</strong></span> <span class='ocrx_word' id='word_1_87' title='bbox 679 1985 897 2031; x_wconf 85' lang='lat' dir='ltr'><strong>notatur</strong></span> <span class='ocrx_word' id='word_1_88' title='bbox 921 1977 1147 2030; x_wconf 89' lang='lat' dir='ltr'><strong>nimimn</strong></span> <span class='ocrx_word' id='word_1_89' title='bbox 1189 1976 1492 2041; x_wconf 86' lang='lat' dir='ltr'><strong>sollicitari,</strong></span> <span class='ocrx_word' id='word_1_90' title='bbox 1522 1986 1574 2030; x_wconf 92' lang='lat' dir='ltr'><strong>et</strong></span> <span class='ocrx_word' id='word_1_91' title='bbox 1602 1991 1729 2046; x_wconf 89' lang='lat' dir='ltr'><strong>erga</strong></span> 
     </span>
    </p>
   </div>
   <div class='ocr_carea' id='block_1_19' title="bbox 126 2068 1731 2145">
    <p class='ocr_par' dir='ltr' id='par_1_19' title="bbox 126 2068 1731 2145">
     <span class='ocr_line' id='line_1_19' title="bbox 126 2068 1731 2145; baseline -0.004 -20"><span class='ocrx_word' id='word_1_92' title='bbox 126 2071 372 2145; x_wconf 77' lang='lat' dir='ltr'><strong>plurima</strong></span> <span class='ocrx_word' id='word_1_93' title='bbox 416 2068 644 2124; x_wconf 88' lang='lat' dir='ltr'><strong>turbari.</strong></span> <span class='ocrx_word' id='word_1_94' title='bbox 696 2068 885 2133; x_wconf 83' lang='lat' dir='ltr'><strong>Porro,</strong></span> <span class='ocrx_word' id='word_1_95' title='bbox 927 2068 1119 2137; x_wconf 86' lang='lat' dir='ltr'><strong>inquit,</strong></span> <span class='ocrx_word' id='word_1_96' title='bbox 1147 2083 1310 2120; x_wconf 90' lang='lat' dir='ltr'><strong>unmu</strong></span> <span class='ocrx_word' id='word_1_97' title='bbox 1356 2076 1437 2120; x_wconf 89' lang='lat' dir='ltr'><strong>est</strong></span> <span class='ocrx_word' id='word_1_98' title='bbox 1467 2082 1731 2120; x_wconf 89' lang='lat' dir='ltr'><strong>necessa-</strong></span> 
     </span>
    </p>
   </div>
   <div class='ocr_carea' id='block_1_20' title="bbox 131 2159 1725 2232">
    <p class='ocr_par' dir='ltr' id='par_1_20' title="bbox 131 2159 1725 2232">
     <span class='ocr_line' id='line_1_20' title="bbox 131 2159 1725 2232; baseline -0.004 -14"><span class='ocrx_word' id='word_1_99' title='bbox 131 2166 305 2227; x_wconf 86' lang='lat' dir='ltr'><strong>rium,</strong></span> <span class='ocrx_word' id='word_1_100' title='bbox 337 2163 475 2232; x_wconf 89' lang='lat' dir='ltr'><strong>quod</strong></span> <span class='ocrx_word' id='word_1_101' title='bbox 526 2163 577 2215; x_wconf 92' lang='lat' dir='ltr'><strong>in</strong></span> <span class='ocrx_word' id='word_1_102' title='bbox 634 2169 815 2232; x_wconf 88' lang='lat' dir='ltr'><strong>partes</strong></span> <span class='ocrx_word' id='word_1_103' title='bbox 873 2160 1156 2223; x_wconf 82' lang='lat' dir='ltr'><strong>Scinditur,</strong></span> <span class='ocrx_word' id='word_1_104' title='bbox 1192 2159 1259 2213; x_wconf 90' lang='lat' dir='ltr'><strong>ad</strong></span> <span class='ocrx_word' id='word_1_105' title='bbox 1310 2159 1471 2213; x_wconf 85' lang='lat' dir='ltr'><strong>ﬁnem</strong></span> <span class='ocrx_word' id='word_1_106' title='bbox 1525 2159 1725 2223; x_wconf 87' lang='lat' dir='ltr'><strong>tendit;</strong></span> 
     </span>
    </p>
   </div>
   <div class='ocr_carea' id='block_1_21' title="bbox 129 2252 1731 2312">
    <p class='ocr_par' dir='ltr' id='par_1_21' title="bbox 129 2252 1731 2312">
     <span class='ocr_line' id='line_1_21' title="bbox 129 2252 1731 2312; baseline -0.004 0"><span class='ocrx_word' id='word_1_107' title='bbox 129 2275 307 2312; x_wconf 87' lang='lat' dir='ltr'><strong>unum</strong></span> <span class='ocrx_word' id='word_1_108' title='bbox 352 2273 481 2311; x_wconf 82' lang='lat' dir='ltr'><strong>vero</strong></span> <span class='ocrx_word' id='word_1_109' title='bbox 532 2270 802 2310; x_wconf 91' lang='lat' dir='ltr'><strong>summum</strong></span> <span class='ocrx_word' id='word_1_110' title='bbox 837 2254 1038 2307; x_wconf 88' lang='lat' dir='ltr'><strong>bonum</strong></span> <span class='ocrx_word' id='word_1_111' title='bbox 1087 2262 1171 2307; x_wconf 88' lang='lat' dir='ltr'><strong>est</strong></span> <span class='ocrx_word' id='word_1_112' title='bbox 1214 2268 1340 2307; x_wconf 80' lang='lat' dir='ltr'><strong>vera</strong></span> <span class='ocrx_word' id='word_1_113' title='bbox 1372 2252 1648 2306; x_wconf 58' lang='lat' dir='ltr'><strong>aeternitas</strong></span> <span class='ocrx_word' id='word_1_114' title='bbox 1677 2260 1731 2305; x_wconf 88' lang='lat' dir='ltr'><strong>et</strong></span> 
     </span>
    </p>
   </div>
   <div class='ocr_carea' id='block_1_22' title="bbox 127 2344 1727 2417">
    <p class='ocr_par' dir='ltr' id='par_1_22' title="bbox 127 2344 1727 2417">
     <span class='ocr_line' id='line_1_22' title="bbox 127 2344 1727 2417; baseline -0.003 -13"><span class='ocrx_word' id='word_1_115' title='bbox 127 2350 417 2405; x_wconf 82' lang='lat' dir='ltr'><strong>beatitudo</strong></span> <span class='ocrx_word' id='word_1_116' title='bbox 468 2350 520 2402; x_wconf 90' lang='lat' dir='ltr'><strong>in</strong></span> <span class='ocrx_word' id='word_1_117' title='bbox 570 2348 824 2417; x_wconf 91' lang='lat' dir='ltr'><strong>idipsum.</strong></span> <span class='ocrx_word' id='word_1_118' title='bbox 870 2347 1173 2416; x_wconf 76' lang='lat' dir='ltr'><strong>llaptentur</strong></span> <span class='ocrx_word' id='word_1_119' title='bbox 1222 2344 1543 2414; x_wconf 90' lang='lat' dir='ltr'><strong>insipientes</strong></span> <span class='ocrx_word' id='word_1_120' title='bbox 1584 2344 1727 2400; x_wconf 84' lang='lat' dir='ltr'><strong>circa</strong></span> 
     </span>
    </p>
   </div>
   <div class='ocr_carea' id='block_1_23' title="bbox 128 2438 1805 2525">
    <p class='ocr_par' dir='ltr' id='par_1_23' title="bbox 128 2438 1805 2525">
     <span class='ocr_line' id='line_1_23' title="bbox 128 2438 1805 2525; baseline -0.004 -29"><span class='ocrx_word' id='word_1_121' title='bbox 128 2442 273 2497; x_wconf 79' lang='lat' dir='ltr'><strong>viles</strong></span> <span class='ocrx_word' id='word_1_122' title='bbox 297 2442 457 2512; x_wconf 78' lang='lat' dir='ltr'><strong>hujus</strong></span> <span class='ocrx_word' id='word_1_123' title='bbox 490 2440 670 2495; x_wconf 86' lang='lat' dir='ltr'><strong>saeculi</strong></span> <span class='ocrx_word' id='word_1_124' title='bbox 702 2441 1002 2504; x_wconf 90' lang='lat' dir='ltr'><strong>vanitates;</strong></span> <span class='ocrx_word' id='word_1_125' title='bbox 1041 2438 1135 2493; x_wconf 91' lang='lat' dir='ltr'><strong>tibi</strong></span> <span class='ocrx_word' id='word_1_126' title='bbox 1167 2454 1331 2504; x_wconf 89' lang='lat' dir='ltr'><strong>vero,</strong></span> <span class='ocrx_word' id='word_1_127' title='bbox 1354 2438 1508 2507; x_wconf 80' lang='lat' dir='ltr'><strong>juxta</strong></span> <span class='ocrx_word' id='word_1_128' title='bbox 1547 2438 1727 2493; x_wconf 88' lang='lat' dir='ltr'><strong>Salva-</strong></span> <span class='ocrx_word' id='word_1_129' title='bbox 1766 2472 1805 2525; x_wconf 75' lang='grc' dir='ltr'><strong>Β</strong></span> 
     </span>
    </p>
   </div>
   <div class='ocr_carea' id='block_1_24' title="bbox 129 2530 1729 2598">
    <p class='ocr_par' dir='ltr' id='par_1_24' title="bbox 129 2530 1729 2598">
     <span class='ocr_line' id='line_1_24' title="bbox 129 2530 1729 2598; baseline -0.003 -10"><span class='ocrx_word' id='word_1_130' title='bbox 129 2534 273 2588; x_wconf 89' lang='lat' dir='ltr'><strong>toris</strong></span> <span class='ocrx_word' id='word_1_131' title='bbox 302 2532 745 2595; x_wconf 85' lang='lat' dir='ltr'><strong>admonitionem,</strong></span> <span class='ocrx_word' id='word_1_132' title='bbox 783 2546 948 2585; x_wconf 91' lang='lat' dir='ltr'><strong>unum</strong></span> <span class='ocrx_word' id='word_1_133' title='bbox 970 2530 1217 2585; x_wconf 90' lang='lat' dir='ltr'><strong>videatur</strong></span> <span class='ocrx_word' id='word_1_134' title='bbox 1247 2532 1637 2598; x_wconf 89' lang='lat' dir='ltr'><strong>necessarium,</strong></span> <span class='ocrx_word' id='word_1_135' title='bbox 1670 2540 1729 2584; x_wconf 95' lang='lat' dir='ltr'><strong>ut</strong></span> 
     </span>
    </p>
   </div>
   <div class='ocr_carea' id='block_1_25' title="bbox 129 2623 1725 2689">
    <p class='ocr_par' dir='ltr' id='par_1_25' title="bbox 129 2623 1725 2689">
     <span class='ocr_line' id='line_1_25' title="bbox 129 2623 1725 2689; baseline -0.003 -9"><span class='ocrx_word' id='word_1_136' title='bbox 129 2625 409 2682; x_wconf 80' lang='lat' dir='ltr'><strong>inhabiles</strong></span> <span class='ocrx_word' id='word_1_137' title='bbox 442 2625 493 2679; x_wconf 91' lang='lat' dir='ltr'><strong>in</strong></span> <span class='ocrx_word' id='word_1_138' title='bbox 524 2625 683 2679; x_wconf 90' lang='lat' dir='ltr'><strong>domo</strong></span> <span class='ocrx_word' id='word_1_139' title='bbox 716 2623 926 2679; x_wconf 88' lang='lat' dir='ltr'><strong>Domini</strong></span> <span class='ocrx_word' id='word_1_140' title='bbox 955 2623 1208 2678; x_wconf 87' lang='lat' dir='ltr'><strong>omnibus</strong></span> <span class='ocrx_word' id='word_1_141' title='bbox 1236 2623 1427 2689; x_wconf 77' lang='lat' dir='ltr'><strong>diebus</strong></span> <span class='ocrx_word' id='word_1_142' title='bbox 1454 2624 1577 2678; x_wconf 65' lang='lat' dir='ltr'><strong>vita:</strong></span> <span class='ocrx_word' id='word_1_143' title='bbox 1603 2634 1725 2686; x_wconf 79' lang='lat' dir='ltr'><strong>tuae,</strong></span> 
     </span>
    </p>
   </div>
   <div class='ocr_carea' id='block_1_26' title="bbox 126 2716 1725 2787">
    <p class='ocr_par' dir='ltr' id='par_1_26' title="bbox 126 2716 1725 2787">
     <span class='ocr_line' id='line_1_26' title="bbox 126 2716 1725 2787; baseline -0.002 -14"><span class='ocrx_word' id='word_1_144' title='bbox 126 2728 189 2774; x_wconf 89' lang='lat' dir='ltr'><strong>et</strong></span> <span class='ocrx_word' id='word_1_145' title='bbox 236 2718 420 2773; x_wconf 87' lang='lat' dir='ltr'><strong>videas</strong></span> <span class='ocrx_word' id='word_1_146' title='bbox 470 2717 804 2772; x_wconf 83' lang='lat' dir='ltr'><strong>voluntatem</strong></span> <span class='ocrx_word' id='word_1_147' title='bbox 857 2716 1091 2780; x_wconf 86' lang='lat' dir='ltr'><strong>Domini,</strong></span> <span class='ocrx_word' id='word_1_148' title='bbox 1123 2724 1173 2770; x_wconf 85' lang='lat' dir='ltr'><strong>el</strong></span> <span class='ocrx_word' id='word_1_149' title='bbox 1224 2717 1414 2771; x_wconf 88' lang='lat' dir='ltr'><strong>visites</strong></span> <span class='ocrx_word' id='word_1_150' title='bbox 1467 2717 1725 2787; x_wconf 90' lang='lat' dir='ltr'><strong>templum</strong></span> 
     </span>
    </p>
   </div>
   <div class='ocr_carea' id='block_1_27' title="bbox 126 2807 1728 2879">
    <p class='ocr_par' dir='ltr' id='par_1_27' title="bbox 126 2807 1728 2879">
     <span class='ocr_line' id='line_1_27' title="bbox 126 2807 1728 2879; baseline -0.003 -15"><span class='ocrx_word' id='word_1_151' title='bbox 126 2809 274 2879; x_wconf 69' lang='lat' dir='ltr'><strong>ejus.</strong></span> <span class='ocrx_word' id='word_1_152' title='bbox 327 2808 477 2863; x_wconf 72' lang='lat' dir='ltr'><strong>Filia:</strong></span> <span class='ocrx_word' id='word_1_153' title='bbox 515 2807 806 2878; x_wconf 89' lang='lat' dir='ltr'><strong>Babylonis</strong></span> <span class='ocrx_word' id='word_1_154' title='bbox 848 2807 1047 2875; x_wconf 90' lang='lat' dir='ltr'><strong>quibus</strong></span> <span class='ocrx_word' id='word_1_155' title='bbox 1089 2808 1345 2875; x_wconf 82' lang='lat' dir='ltr'><strong>ignorant</strong></span> <span class='ocrx_word' id='word_1_156' title='bbox 1396 2816 1728 2876; x_wconf 84' lang='lat' dir='ltr'><strong>congregant</strong></span> 
     </span>
    </p>
   </div>
   <div class='ocr_carea' id='block_1_28' title="bbox 129 2899 1726 2971">
    <p class='ocr_par' dir='ltr' id='par_1_28' title="bbox 129 2899 1726 2971">
     <span class='ocr_line' id='line_1_28' title="bbox 129 2899 1726 2971; baseline -0.002 -13"><span class='ocrx_word' id='word_1_157' title='bbox 129 2902 386 2967; x_wconf 84' lang='lat' dir='ltr'><strong>divitias;</strong></span> <span class='ocrx_word' id='word_1_158' title='bbox 418 2910 471 2954; x_wconf 93' lang='lat' dir='ltr'><strong>tu</strong></span> <span class='ocrx_word' id='word_1_159' title='bbox 504 2916 651 2965; x_wconf 82' lang='lat' dir='ltr'><strong>vero,</strong></span> <span class='ocrx_word' id='word_1_160' title='bbox 678 2900 1096 2956; x_wconf 88' lang='lat' dir='ltr'><strong>lhesaurizando</strong></span> <span class='ocrx_word' id='word_1_161' title='bbox 1121 2900 1173 2953; x_wconf 91' lang='lat' dir='ltr'><strong>in</strong></span> <span class='ocrx_word' id='word_1_162' title='bbox 1199 2899 1355 2968; x_wconf 76' lang='lat' dir='ltr'><strong>cmlo,</strong></span> <span class='ocrx_word' id='word_1_163' title='bbox 1376 2916 1726 2971; x_wconf 88' lang='lat' dir='ltr'><strong>supergressa</strong></span> 
     </span>
    </p>
   </div>
   <div class='ocr_carea' id='block_1_29' title="bbox 126 2992 1724 3062">
    <p class='ocr_par' dir='ltr' id='par_1_29' title="bbox 126 2992 1724 3062">
     <span class='ocr_line' id='line_1_29' title="bbox 126 2992 1724 3062; baseline -0.002 -13"><span class='ocrx_word' id='word_1_164' title='bbox 126 3008 193 3049; x_wconf 82' lang='lat' dir='ltr'><strong>es</strong></span> <span class='ocrx_word' id='word_1_165' title='bbox 242 2993 544 3047; x_wconf 88' lang='lat' dir='ltr'><strong>universas.</strong></span> <span class='ocrx_word' id='word_1_166' title='bbox 583 2992 696 3062; x_wconf 85' lang='lat' dir='ltr'><strong>Age</strong></span> <span class='ocrx_word' id='word_1_167' title='bbox 739 2992 904 3062; x_wconf 83' lang='lat' dir='ltr'><strong>igitur</strong></span> <span class='ocrx_word' id='word_1_168' title='bbox 951 2992 1095 3060; x_wconf 91' lang='lat' dir='ltr'><strong>quod</strong></span> <span class='ocrx_word' id='word_1_169' title='bbox 1143 2992 1281 3062; x_wconf 83' lang='lat' dir='ltr'><strong>agis.</strong></span> <span class='ocrx_word' id='word_1_170' title='bbox 1308 3008 1538 3061; x_wconf 88' lang='lat' dir='ltr'><strong>operare</strong></span> <span class='ocrx_word' id='word_1_171' title='bbox 1583 2994 1724 3062; x_wconf 88' lang='lat' dir='ltr'><strong>quod</strong></span> 
     </span>
    </p>
   </div>
   <div class='ocr_carea' id='block_1_30' title="bbox 126 3082 1726 3154">
    <p class='ocr_par' dir='ltr' id='par_1_30' title="bbox 126 3082 1726 3154">
     <span class='ocr_line' id='line_1_30' title="bbox 126 3082 1726 3154; baseline -0.001 -14"><span class='ocrx_word' id='word_1_172' title='bbox 126 3088 403 3154; x_wconf 84' lang='lat' dir='ltr'><strong>operaris,</strong></span> <span class='ocrx_word' id='word_1_173' title='bbox 431 3084 648 3138; x_wconf 90' lang='lat' dir='ltr'><strong>domum</strong></span> <span class='ocrx_word' id='word_1_174' title='bbox 676 3082 914 3147; x_wconf 86' lang='lat' dir='ltr'><strong>Christo,</strong></span> <span class='ocrx_word' id='word_1_175' title='bbox 939 3084 1238 3138; x_wconf 83' lang='lat' dir='ltr'><strong>sacrarium</strong></span> <span class='ocrx_word' id='word_1_176' title='bbox 1265 3084 1488 3153; x_wconf 89' lang='lat' dir='ltr'><strong>Spiritui</strong></span> <span class='ocrx_word' id='word_1_177' title='bbox 1514 3095 1726 3151; x_wconf 85' lang='lat' dir='ltr'><strong>sancto,</strong></span> 
     </span>
    </p>
   </div>
   <div class='ocr_carea' id='block_1_31' title="bbox 126 3174 1725 3244">
    <p class='ocr_par' dir='ltr' id='par_1_31' title="bbox 126 3174 1725 3244">
     <span class='ocr_line' id='line_1_31' title="bbox 126 3174 1725 3244; baseline -0.001 -13"><span class='ocrx_word' id='word_1_178' title='bbox 126 3186 193 3231; x_wconf 89' lang='lat' dir='ltr'><strong>ut</strong></span> <span class='ocrx_word' id='word_1_179' title='bbox 224 3191 346 3231; x_wconf 90' lang='lat' dir='ltr'><strong>cum</strong></span> <span class='ocrx_word' id='word_1_180' title='bbox 378 3177 655 3230; x_wconf 84' lang='lat' dir='ltr'><strong>terrestris</strong></span> <span class='ocrx_word' id='word_1_181' title='bbox 681 3175 841 3244; x_wconf 89' lang='lat' dir='ltr'><strong>hujus</strong></span> <span class='ocrx_word' id='word_1_182' title='bbox 864 3174 1219 3229; x_wconf 83' lang='lat' dir='ltr'><strong>habitationis</strong></span> <span class='ocrx_word' id='word_1_183' title='bbox 1243 3176 1432 3230; x_wconf 91' lang='lat' dir='ltr'><strong>domus</strong></span> <span class='ocrx_word' id='word_1_184' title='bbox 1461 3180 1725 3241; x_wconf 86' lang='lat' dir='ltr'><strong>solvatur,</strong></span> 
     </span>
    </p>
   </div>
   <div class='ocr_carea' id='block_1_32' title="bbox 128 3266 1725 3332">
    <p class='ocr_par' dir='ltr' id='par_1_32' title="bbox 128 3266 1725 3332">
     <span class='ocr_line' id='line_1_32' title="bbox 128 3266 1725 3332; baseline 0 -9"><span class='ocrx_word' id='word_1_185' title='bbox 128 3270 355 3323; x_wconf 89' lang='lat' dir='ltr'><strong>domum</strong></span> <span class='ocrx_word' id='word_1_186' title='bbox 385 3284 487 3323; x_wconf 91' lang='lat' dir='ltr'><strong>non</strong></span> <span class='ocrx_word' id='word_1_187' title='bbox 520 3282 680 3322; x_wconf 91' lang='lat' dir='ltr'><strong>manu</strong></span> <span class='ocrx_word' id='word_1_188' title='bbox 712 3268 909 3321; x_wconf 76' lang='lat' dir='ltr'><strong>factam</strong></span> <span class='ocrx_word' id='word_1_189' title='bbox 948 3266 1193 3323; x_wconf 86' lang='lat' dir='ltr'><strong>invenias</strong></span> <span class='ocrx_word' id='word_1_190' title='bbox 1239 3268 1289 3323; x_wconf 91' lang='lat' dir='ltr'><strong>in</strong></span> <span class='ocrx_word' id='word_1_191' title='bbox 1332 3268 1505 3332; x_wconf 66' lang='lat' dir='ltr'><strong>caelis,</strong></span> <span class='ocrx_word' id='word_1_192' title='bbox 1538 3270 1725 3324; x_wconf 90' lang='lat' dir='ltr'><strong>urbem</strong></span> 
     </span>
    </p>
   </div>
   <div class='ocr_carea' id='block_1_33' title="bbox 128 3357 1729 3423">
    <p class='ocr_par' dir='ltr' id='par_1_33' title="bbox 128 3357 1729 3423">
     <span class='ocr_line' id='line_1_33' title="bbox 128 3357 1729 3423; baseline -0.001 -9"><span class='ocrx_word' id='word_1_193' title='bbox 128 3358 475 3414; x_wconf 80' lang='lat' dir='ltr'><strong>fortitudinis</strong></span> <span class='ocrx_word' id='word_1_194' title='bbox 501 3368 697 3413; x_wconf 79' lang='lat' dir='ltr'><strong>nostra:</strong></span> <span class='ocrx_word' id='word_1_195' title='bbox 727 3357 857 3413; x_wconf 87' lang='lat' dir='ltr'><strong>Sion</strong></span> <span class='ocrx_word' id='word_1_196' title='bbox 892 3358 1252 3423; x_wconf 80' lang='lat' dir='ltr'><strong>salvatorem,</strong></span> <span class='ocrx_word' id='word_1_197' title='bbox 1285 3357 1583 3414; x_wconf 85' lang='lat' dir='ltr'><strong>Jerusalem</strong></span> <span class='ocrx_word' id='word_1_198' title='bbox 1616 3374 1729 3413; x_wconf 70' lang='lat' dir='ltr'><strong>caa-</strong></span> 
     </span>
    </p>
   </div>
   <div class='ocr_carea' id='block_1_34' title="bbox 127 3446 1724 3518">
    <p class='ocr_par' dir='ltr' id='par_1_34' title="bbox 127 3446 1724 3518">
     <span class='ocr_line' id='line_1_34' title="bbox 127 3446 1724 3518; baseline 0 -17"><span class='ocrx_word' id='word_1_199' title='bbox 127 3447 363 3513; x_wconf 89' lang='lat' dir='ltr'><strong>lestem,</strong></span> <span class='ocrx_word' id='word_1_200' title='bbox 392 3446 545 3514; x_wconf 89' lang='lat' dir='ltr'><strong>cujus</strong></span> <span class='ocrx_word' id='word_1_201' title='bbox 595 3447 939 3516; x_wconf 90' lang='lat' dir='ltr'><strong>participatio</strong></span> <span class='ocrx_word' id='word_1_202' title='bbox 985 3446 1100 3515; x_wconf 89' lang='lat' dir='ltr'><strong>ejus</strong></span> <span class='ocrx_word' id='word_1_203' title='bbox 1153 3447 1207 3501; x_wconf 92' lang='lat' dir='ltr'><strong>in</strong></span> <span class='ocrx_word' id='word_1_204' title='bbox 1262 3448 1518 3518; x_wconf 91' lang='lat' dir='ltr'><strong>idipsum.</strong></span> <span class='ocrx_word' id='word_1_205' title='bbox 1561 3447 1724 3502; x_wconf 83' lang='lat' dir='ltr'><strong>Beata</strong></span> 
     </span>
    </p>
   </div>
   <div class='ocr_carea' id='block_1_35' title="bbox 126 3540 1728 3611">
    <p class='ocr_par' dir='ltr' id='par_1_35' title="bbox 126 3540 1728 3611">
     <span class='ocr_line' id='line_1_35' title="bbox 126 3540 1728 3611; baseline 0.001 -18"><span class='ocrx_word' id='word_1_206' title='bbox 126 3556 258 3611; x_wconf 65' lang='lat' dir='ltr'><strong>quae</strong></span> <span class='ocrx_word' id='word_1_207' title='bbox 285 3540 462 3595; x_wconf 90' lang='lat' dir='ltr'><strong>credis</strong></span> <span class='ocrx_word' id='word_1_208' title='bbox 482 3580 496 3605; x_wconf 94' lang='lat'><strong>,</strong></span> <span class='ocrx_word' id='word_1_209' title='bbox 521 3540 647 3609; x_wconf 89' lang='lat' dir='ltr'><strong>quia</strong></span> <span class='ocrx_word' id='word_1_210' title='bbox 686 3540 827 3610; x_wconf 86' lang='lat' dir='ltr'><strong>quod</strong></span> <span class='ocrx_word' id='word_1_211' title='bbox 855 3540 1028 3595; x_wconf 91' lang='lat' dir='ltr'><strong>oculis</strong></span> <span class='ocrx_word' id='word_1_212' title='bbox 1060 3540 1261 3605; x_wconf 80' lang='lat' dir='ltr'><strong>vidisti,</strong></span> <span class='ocrx_word' id='word_1_213' title='bbox 1288 3541 1544 3609; x_wconf 87' lang='lat' dir='ltr'><strong>operibus</strong></span> <span class='ocrx_word' id='word_1_214' title='bbox 1572 3555 1728 3595; x_wconf 82' lang='lat' dir='ltr'><strong>exse-</strong></span> 
     </span>
    </p>
   </div>
   <div class='ocr_carea' id='block_1_36' title="bbox 127 3631 1726 3703">
    <p class='ocr_par' dir='ltr' id='par_1_36' title="bbox 127 3631 1726 3703">
     <span class='ocr_line' id='line_1_36' title="bbox 127 3631 1726 3703; baseline 0.001 -16"><span class='ocrx_word' id='word_1_215' title='bbox 127 3632 345 3703; x_wconf 85' lang='lat' dir='ltr'><strong>queris.</strong></span> <span class='ocrx_word' id='word_1_216' title='bbox 398 3631 487 3687; x_wconf 89' lang='lat' dir='ltr'><strong>Sic</strong></span> <span class='ocrx_word' id='word_1_217' title='bbox 517 3641 743 3687; x_wconf 85' lang='lat' dir='ltr'><strong>sanctus</strong></span> <span class='ocrx_word' id='word_1_218' title='bbox 772 3632 1091 3689; x_wconf 87' lang='lat' dir='ltr'><strong>Leonardus</strong></span> <span class='ocrx_word' id='word_1_219' title='bbox 1130 3632 1184 3686; x_wconf 90' lang='lat' dir='ltr'><strong>in</strong></span> <span class='ocrx_word' id='word_1_220' title='bbox 1215 3633 1475 3689; x_wconf 87' lang='lat' dir='ltr'><strong>honorem</strong></span> <span class='ocrx_word' id='word_1_221' title='bbox 1525 3642 1726 3689; x_wconf 67' lang='lat' dir='ltr'><strong>sanctae</strong></span> 
     </span>
    </p>
   </div>
   <div class='ocr_carea' id='block_1_37' title="bbox 128 3724 1728 3795">
    <p class='ocr_par' dir='ltr' id='par_1_37' title="bbox 128 3724 1728 3795">
     <span class='ocr_line' id='line_1_37' title="bbox 128 3724 1728 3795; baseline 0 -14"><span class='ocrx_word' id='word_1_222' title='bbox 128 3724 323 3781; x_wconf 74' lang='lat' dir='ltr'><strong>Mariae</strong></span> <span class='ocrx_word' id='word_1_223' title='bbox 348 3725 626 3795; x_wconf 83' lang='lat' dir='ltr'><strong>parvulam</strong></span> <span class='ocrx_word' id='word_1_224' title='bbox 670 3724 845 3795; x_wconf 91' lang='lat' dir='ltr'><strong>primo</strong></span> <span class='ocrx_word' id='word_1_225' title='bbox 875 3724 1118 3780; x_wconf 82' lang='lat' dir='ltr'><strong>fundavit</strong></span> <span class='ocrx_word' id='word_1_226' title='bbox 1146 3726 1460 3792; x_wconf 89' lang='lat' dir='ltr'><strong>ecclesiam,</strong></span> <span class='ocrx_word' id='word_1_227' title='bbox 1494 3726 1584 3781; x_wconf 90' lang='lat' dir='ltr'><strong>ubi</strong></span> <span class='ocrx_word' id='word_1_228' title='bbox 1610 3741 1728 3781; x_wconf 85' lang='lat' dir='ltr'><strong>om-</strong></span> 
     </span>
    </p>
   </div>
   <div class='ocr_carea' id='block_1_38' title="bbox 128 3815 1798 3910">
    <p class='ocr_par' dir='ltr' id='par_1_38' title="bbox 128 3815 1798 3910">
     <span class='ocr_line' id='line_1_38' title="bbox 128 3815 1798 3910; baseline -0.001 -39"><span class='ocrx_word' id='word_1_229' title='bbox 128 3817 301 3871; x_wconf 88' lang='lat' dir='ltr'><strong>nibus</strong></span> <span class='ocrx_word' id='word_1_230' title='bbox 342 3815 530 3870; x_wconf 89' lang='lat' dir='ltr'><strong>diebus</strong></span> <span class='ocrx_word' id='word_1_231' title='bbox 566 3815 690 3869; x_wconf 77' lang='lat' dir='ltr'><strong>vita:</strong></span> <span class='ocrx_word' id='word_1_232' title='bbox 733 3831 844 3870; x_wconf 76' lang='lat' dir='ltr'><strong>sua:</strong></span> <span class='ocrx_word' id='word_1_233' title='bbox 886 3815 1215 3879; x_wconf 88' lang='lat' dir='ltr'><strong>inhabitans,</strong></span> <span class='ocrx_word' id='word_1_234' title='bbox 1250 3815 1466 3871; x_wconf 89' lang='lat' dir='ltr'><strong>tandem</strong></span> <span class='ocrx_word' id='word_1_235' title='bbox 1510 3817 1579 3871; x_wconf 90' lang='lat' dir='ltr'><strong>de</strong></span> <span class='ocrx_word' id='word_1_236' title='bbox 1624 3816 1725 3870; x_wconf 91' lang='lat' dir='ltr'><strong>hac</strong></span> <span class='ocrx_word' id='word_1_237' title='bbox 1754 3848 1798 3910; x_wconf 64' lang='grc' dir='ltr'>Ο</span> 
     </span>
    </p>
   </div>
   <div class='ocr_carea' id='block_1_39' title="bbox 127 3905 1729 3972">
    <p class='ocr_par' dir='ltr' id='par_1_39' title="bbox 127 3905 1729 3972">
     <span class='ocr_line' id='line_1_39' title="bbox 127 3905 1729 3972; baseline 0.002 -12"><span class='ocrx_word' id='word_1_238' title='bbox 127 3906 280 3960; x_wconf 82' lang='lat' dir='ltr'><strong>valle</strong></span> <span class='ocrx_word' id='word_1_239' title='bbox 328 3905 623 3963; x_wconf 85' lang='lat' dir='ltr'><strong>translatus</strong></span> <span class='ocrx_word' id='word_1_240' title='bbox 649 3915 729 3961; x_wconf 91' lang='lat' dir='ltr'><strong>est</strong></span> <span class='ocrx_word' id='word_1_241' title='bbox 764 3906 831 3960; x_wconf 91' lang='lat' dir='ltr'><strong>ad</strong></span> <span class='ocrx_word' id='word_1_242' title='bbox 863 3916 1098 3961; x_wconf 86' lang='lat' dir='ltr'><strong>montem</strong></span> <span class='ocrx_word' id='word_1_243' title='bbox 1128 3907 1423 3972; x_wconf 83' lang='lat' dir='ltr'><strong>virtutum,</strong></span> <span class='ocrx_word' id='word_1_244' title='bbox 1454 3908 1541 3961; x_wconf 90' lang='lat' dir='ltr'><strong>ubi</strong></span> <span class='ocrx_word' id='word_1_245' title='bbox 1586 3907 1729 3963; x_wconf 89' lang='lat' dir='ltr'><strong>sicut</strong></span> 
     </span>
    </p>
   </div>
   <div class='ocr_carea' id='block_1_40' title="bbox 128 3997 1723 4067">
    <p class='ocr_par' dir='ltr' id='par_1_40' title="bbox 128 3997 1723 4067">
     <span class='ocr_line' id='line_1_40' title="bbox 128 3997 1723 4067; baseline 0.001 -13"><span class='ocrx_word' id='word_1_246' title='bbox 128 3997 439 4054; x_wconf 64' lang='lat' dir='ltr'><strong>innantium</strong></span> <span class='ocrx_word' id='word_1_247' title='bbox 485 3998 749 4053; x_wconf 85' lang='lat' dir='ltr'><strong>habitatio</strong></span> <span class='ocrx_word' id='word_1_248' title='bbox 778 4009 863 4054; x_wconf 90' lang='lat' dir='ltr'><strong>est</strong></span> <span class='ocrx_word' id='word_1_249' title='bbox 892 3999 1157 4054; x_wconf 90' lang='lat' dir='ltr'><strong>omnium.</strong></span> <span class='ocrx_word' id='word_1_250' title='bbox 1190 4000 1516 4055; x_wconf 85' lang='lat' dir='ltr'><strong>Benedictus</strong></span> <span class='ocrx_word' id='word_1_251' title='bbox 1563 4000 1723 4067; x_wconf 87' lang='lat' dir='ltr'><strong>Deus,</strong></span> 
     </span>
    </p>
   </div>
   <div class='ocr_carea' id='block_1_41' title="bbox 129 4090 1729 4169">
    <p class='ocr_par' dir='ltr' id='par_1_41' title="bbox 129 4090 1729 4169">
     <span class='ocr_line' id='line_1_41' title="bbox 129 4090 1729 4169; baseline 0.003 -28"><span class='ocrx_word' id='word_1_252' title='bbox 129 4091 266 4159; x_wconf 82' lang='lat' dir='ltr'><strong>quia</strong></span> <span class='ocrx_word' id='word_1_253' title='bbox 304 4098 359 4143; x_wconf 90' lang='lat' dir='ltr'><strong>et</strong></span> <span class='ocrx_word' id='word_1_254' title='bbox 394 4098 448 4143; x_wconf 92' lang='lat' dir='ltr'><strong>tu</strong></span> <span class='ocrx_word' id='word_1_255' title='bbox 475 4090 627 4159; x_wconf 86' lang='lat' dir='ltr'><strong>quasi</strong></span> <span class='ocrx_word' id='word_1_256' title='bbox 678 4100 875 4157; x_wconf 86' lang='lat' dir='ltr'><strong>turtur,</strong></span> <span class='ocrx_word' id='word_1_257' title='bbox 905 4090 1160 4145; x_wconf 87' lang='lat' dir='ltr'><strong>invenisti</strong></span> <span class='ocrx_word' id='word_1_258' title='bbox 1204 4092 1390 4146; x_wconf 91' lang='lat' dir='ltr'><strong>nidum</strong></span> <span class='ocrx_word' id='word_1_259' title='bbox 1419 4090 1591 4169; x_wconf 74' lang='lat' dir='ltr'><strong>altare</strong></span> <span class='ocrx_word' id='word_1_260' title='bbox 1622 4092 1729 4146; x_wconf 88' lang='lat' dir='ltr'><strong>Do-</strong></span> 
     </span>
    </p>
   </div>
   <div class='ocr_carea' id='block_1_42' title="bbox 130 4180 1724 4252">
    <p class='ocr_par' dir='ltr' id='par_1_42' title="bbox 130 4180 1724 4252">
     <span class='ocr_line' id='line_1_42' title="bbox 130 4180 1724 4252; baseline 0 -16"><span class='ocrx_word' id='word_1_261' title='bbox 130 4180 274 4236; x_wconf 86' lang='lat' dir='ltr'><strong>mini</strong></span> <span class='ocrx_word' id='word_1_262' title='bbox 327 4181 613 4245; x_wconf 89' lang='lat' dir='ltr'><strong>virtutum,</strong></span> <span class='ocrx_word' id='word_1_263' title='bbox 663 4181 777 4248; x_wconf 89' lang='lat' dir='ltr'><strong>ubi,</strong></span> <span class='ocrx_word' id='word_1_264' title='bbox 831 4181 1067 4237; x_wconf 87' lang='lat' dir='ltr'><strong>utinam!</strong></span> <span class='ocrx_word' id='word_1_265' title='bbox 1121 4197 1219 4252; x_wconf 87' lang='lat' dir='ltr'><strong>per</strong></span> <span class='ocrx_word' id='word_1_266' title='bbox 1275 4181 1724 4238; x_wconf 87' lang='lat' dir='ltr'><strong>intercessionem</strong></span> 
     </span>
    </p>
   </div>
   <div class='ocr_carea' id='block_1_43' title="bbox 130 4260 1728 4345">
    <p class='ocr_par' dir='ltr' id='par_1_43' title="bbox 130 4260 1728 4345">
     <span class='ocr_line' id='line_1_43' title="bbox 130 4260 1728 4345; baseline 0.004 -20"><span class='ocrx_word' id='word_1_267' title='bbox 130 4272 318 4326; x_wconf 78' lang='lat' dir='ltr'><strong>sancti</strong></span> <span class='ocrx_word' id='word_1_268' title='bbox 359 4270 623 4326; x_wconf 86' lang='lat' dir='ltr'><strong>Leonardi</strong></span> <span class='ocrx_word' id='word_1_269' title='bbox 673 4272 726 4327; x_wconf 93' lang='lat' dir='ltr'><strong>in</strong></span> <span class='ocrx_word' id='word_1_270' title='bbox 775 4271 1003 4328; x_wconf 89' lang='lat' dir='ltr'><strong>salutem</strong></span> <span class='ocrx_word' id='word_1_271' title='bbox 1057 4275 1221 4330; x_wconf 88' lang='lat' dir='ltr'><strong>totius</strong></span> <span class='ocrx_word' id='word_1_272' title='bbox 1266 4275 1455 4345; x_wconf 86' lang='lat' dir='ltr'><strong>patriae</strong></span> <span class='ocrx_word' id='word_1_273' title='bbox 1498 4260 1728 4331; x_wconf 82' lang='lat' dir='ltr'><strong>virtutes</strong></span> 
     </span>
    </p>
   </div>
   <div class='ocr_carea' id='block_1_44' title="bbox 131 4362 1727 4436">
    <p class='ocr_par' dir='ltr' id='par_1_44' title="bbox 131 4362 1727 4436">
     <span class='ocr_line' id='line_1_44' title="bbox 131 4362 1727 4436; baseline 0.002 -19"><span class='ocrx_word' id='word_1_274' title='bbox 131 4362 299 4429; x_wconf 80' lang='lat' dir='ltr'><strong>ﬁant,</strong></span> <span class='ocrx_word' id='word_1_275' title='bbox 324 4363 465 4418; x_wconf 85' lang='lat' dir='ltr'><strong>sicut</strong></span> <span class='ocrx_word' id='word_1_276' title='bbox 487 4364 686 4433; x_wconf 87' lang='lat' dir='ltr'><strong>ubique</strong></span> <span class='ocrx_word' id='word_1_277' title='bbox 710 4364 761 4418; x_wconf 90' lang='lat' dir='ltr'><strong>in</strong></span> <span class='ocrx_word' id='word_1_278' title='bbox 786 4365 1042 4421; x_wconf 89' lang='lat' dir='ltr'><strong>oratoriis</strong></span> <span class='ocrx_word' id='word_1_279' title='bbox 1072 4367 1249 4421; x_wconf 93' lang='lat' dir='ltr'><strong>sancti</strong></span> <span class='ocrx_word' id='word_1_280' title='bbox 1282 4365 1550 4421; x_wconf 87' lang='lat' dir='ltr'><strong>Leonardi</strong></span> <span class='ocrx_word' id='word_1_281' title='bbox 1581 4368 1727 4436; x_wconf 82' lang='lat' dir='ltr'><strong>aspi-</strong></span> 
     </span>
    </p>
   </div>
   <div class='ocr_carea' id='block_1_45' title="bbox 132 4456 1723 4521">
    <p class='ocr_par' dir='ltr' id='par_1_45' title="bbox 132 4456 1723 4521">
     <span class='ocr_line' id='line_1_45' title="bbox 132 4456 1723 4521; baseline 0.002 -9"><span class='ocrx_word' id='word_1_282' title='bbox 132 4457 335 4521; x_wconf 89' lang='lat' dir='ltr'><strong>cimus,</strong></span> <span class='ocrx_word' id='word_1_283' title='bbox 374 4456 477 4512; x_wconf 93' lang='lat' dir='ltr'><strong>nisi</strong></span> <span class='ocrx_word' id='word_1_284' title='bbox 522 4457 872 4513; x_wconf 84' lang='lat' dir='ltr'><strong>incredulitas</strong></span> <span class='ocrx_word' id='word_1_285' title='bbox 908 4459 1149 4513; x_wconf 88' lang='lat' dir='ltr'><strong>omnium</strong></span> <span class='ocrx_word' id='word_1_286' title='bbox 1188 4459 1369 4514; x_wconf 88' lang='lat' dir='ltr'><strong>obstet</strong></span> <span class='ocrx_word' id='word_1_287' title='bbox 1409 4460 1723 4515; x_wconf 90' lang='lat' dir='ltr'><strong>virtutibus.</strong></span> 
     </span>
    </p>
   </div>
   <div class='ocr_carea' id='block_1_46' title="bbox 132 4536 1727 4629">
    <p class='ocr_par' dir='ltr' id='par_1_46' title="bbox 132 4536 1727 4629">
     <span class='ocr_line' id='line_1_46' title="bbox 132 4536 1727 4629; baseline 0.001 -26"><span class='ocrx_word' id='word_1_288' title='bbox 132 4546 531 4629; x_wconf 66' lang='lat' dir='ltr'><strong>llzereticorum</strong></span> <span class='ocrx_word' id='word_1_289' title='bbox 570 4550 898 4620; x_wconf 86' lang='lat' dir='ltr'><strong>perversitas</strong></span> <span class='ocrx_word' id='word_1_290' title='bbox 946 4551 1204 4606; x_wconf 81' lang='lat' dir='ltr'><strong>adversus</strong></span> <span class='ocrx_word' id='word_1_291' title='bbox 1244 4536 1585 4629; x_wconf 82' lang='lat' dir='ltr'><strong>Christianos</strong></span> <span class='ocrx_word' id='word_1_292' title='bbox 1614 4566 1727 4605; x_wconf 86' lang='lat' dir='ltr'><strong>ma-</strong></span> 
     </span>
    </p>
   </div>
   <div class='ocr_carea' id='block_1_47' title="bbox 212 4684 1727 4757">
    <p class='ocr_par' dir='ltr' id='par_1_47' title="bbox 212 4684 1727 4757">
     <span class='ocr_line' id='line_1_47' title="bbox 212 4684 1727 4757; baseline 0.005 -19"><span class='ocrx_word' id='word_1_293' title='bbox 212 4684 293 4753; x_wconf 75' lang='grc'><strong>(1)</strong></span> <span class='ocrx_word' id='word_1_294' title='bbox 310 4684 445 4757; x_wconf 74' lang='lat' dir='ltr'><strong>ipsa</strong></span> <span class='ocrx_word' id='word_1_295' title='bbox 468 4694 570 4751; x_wconf 87' lang='lat' dir='ltr'><strong>est,</strong></span> <span class='ocrx_word' id='word_1_296' title='bbox 599 4697 662 4742; x_wconf 90' lang='lat' dir='ltr'><strong>ut</strong></span> <span class='ocrx_word' id='word_1_297' title='bbox 684 4688 1020 4757; x_wconf 89' lang='lat' dir='ltr'><strong>conjicimns,</strong></span> <span class='ocrx_word' id='word_1_298' title='bbox 1042 4690 1324 4746; x_wconf 87' lang='lat' dir='ltr'><strong>Gertrudis</strong></span> <span class='ocrx_word' id='word_1_299' title='bbox 1348 4690 1559 4747; x_wconf 87' lang='lat' dir='ltr'><strong>Ecberti</strong></span> <span class='ocrx_word' id='word_1_300' title='bbox 1585 4706 1727 4746; x_wconf 85' lang='lat' dir='ltr'><strong>mar-</strong></span> 
     </span>
    </p>
   </div>
   <div class='ocr_carea' id='block_1_48' title="bbox 132 4755 1727 4824">
    <p class='ocr_par' dir='ltr' id='par_1_48' title="bbox 132 4755 1727 4824">
     <span class='ocr_line' id='line_1_48' title="bbox 132 4755 1727 4824; baseline 0.005 -17"><span class='ocrx_word' id='word_1_301' title='bbox 132 4755 353 4810; x_wconf 78' lang='lat' dir='ltr'><strong>chionis</strong></span> <span class='ocrx_word' id='word_1_302' title='bbox 402 4756 652 4811; x_wconf 65' lang='lat' dir='ltr'><strong>Samnite</strong></span> <span class='ocrx_word' id='word_1_303' title='bbox 700 4755 849 4824; x_wconf 85' lang='lat' dir='ltr'><strong>lilia,</strong></span> <span class='ocrx_word' id='word_1_304' title='bbox 898 4755 1085 4815; x_wconf 83' lang='lat' dir='ltr'><strong>relicta</strong></span> <span class='ocrx_word' id='word_1_305' title='bbox 1135 4761 1351 4816; x_wconf 86' lang='lat' dir='ltr'><strong>llenrici</strong></span> <span class='ocrx_word' id='word_1_306' title='bbox 1399 4763 1617 4817; x_wconf 91' lang='lat' dir='ltr'><strong>comitis</strong></span> <span class='ocrx_word' id='word_1_307' title='bbox 1658 4763 1727 4815; x_wconf 89' lang='lat' dir='ltr'><strong>de</strong></span> 
     </span>
    </p>
   </div>
   <div class='ocr_carea' id='block_1_49' title="bbox 134 4824 1725 4891">
    <p class='ocr_par' dir='ltr' id='par_1_49' title="bbox 134 4824 1725 4891">
     <span class='ocr_line' id='line_1_49' title="bbox 134 4824 1725 4891; baseline 0.003 -11"><span class='ocrx_word' id='word_1_308' title='bbox 134 4824 474 4891; x_wconf 74' lang='lat' dir='ltr'><strong>Nordheim,</strong></span> <span class='ocrx_word' id='word_1_309' title='bbox 510 4827 704 4882; x_wconf 89' lang='lat' dir='ltr'><strong>nobilis</strong></span> <span class='ocrx_word' id='word_1_310' title='bbox 730 4827 940 4885; x_wconf 87' lang='lat' dir='ltr'><strong>Ottonis</strong></span> <span class='ocrx_word' id='word_1_311' title='bbox 973 4832 1123 4885; x_wconf 69' lang='lat' dir='ltr'><strong>nixa:</strong></span> <span class='ocrx_word' id='word_1_312' title='bbox 1147 4833 1331 4885; x_wconf 83' lang='lat' dir='ltr'><strong>uxoris</strong></span> <span class='ocrx_word' id='word_1_313' title='bbox 1354 4830 1593 4886; x_wconf 89' lang='lat' dir='ltr'><strong>Lotharii</strong></span> <span class='ocrx_word' id='word_1_314' title='bbox 1627 4833 1725 4885; x_wconf 88' lang='lat' dir='ltr'><strong>im-</strong></span> 
     </span>
    </p>
   </div>
   <div class='ocr_carea' id='block_1_50' title="bbox 135 4897 1722 4969">
    <p class='ocr_par' dir='ltr' id='par_1_50' title="bbox 135 4897 1722 4969">
     <span class='ocr_line' id='line_1_50' title="bbox 135 4897 1722 4969; baseline 0.005 -22"><span class='ocrx_word' id='word_1_315' title='bbox 135 4897 444 4969; x_wconf 80' lang='lat' dir='ltr'><strong>peratoris,</strong></span> <span class='ocrx_word' id='word_1_316' title='bbox 474 4905 546 4969; x_wconf 88' lang='lat' dir='ltr'><strong>et_</strong></span> <span class='ocrx_word' id='word_1_317' title='bbox 568 4897 853 4965; x_wconf 82' lang='lat' dir='ltr'><strong>Gertrudis</strong></span> <span class='ocrx_word' id='word_1_318' title='bbox 896 4900 1149 4969; x_wconf 76' lang='lat' dir='ltr'><strong>palatinre</strong></span> <span class='ocrx_word' id='word_1_319' title='bbox 1192 4902 1483 4956; x_wconf 73' lang='lat' dir='ltr'><strong>comitissa:</strong></span> <span class='ocrx_word' id='word_1_320' title='bbox 1528 4911 1722 4963; x_wconf 86' lang='lat' dir='ltr'><strong>mater,</strong></span> 
     </span>
    </p>
   </div>
   <div class='ocr_carea' id='block_1_51' title="bbox 133 4965 1726 5041">
    <p class='ocr_par' dir='ltr' id='par_1_51' title="bbox 133 4965 1726 5041">
     <span class='ocr_line' id='line_1_51' title="bbox 133 4965 1726 5041; baseline 0.005 -23"><span class='ocrx_word' id='word_1_321' title='bbox 133 4980 264 5036; x_wconf 70' lang='lat' dir='ltr'><strong>quae</strong></span> <span class='ocrx_word' id='word_1_322' title='bbox 288 4965 477 5023; x_wconf 87' lang='lat' dir='ltr'><strong>allatas</strong></span> <span class='ocrx_word' id='word_1_323' title='bbox 504 4965 746 5025; x_wconf 83' lang='lat' dir='ltr'><strong>Treviris</strong></span> <span class='ocrx_word' id='word_1_324' title='bbox 772 4965 913 5025; x_wconf 84' lang='lat' dir='ltr'><strong>beati</strong></span> <span class='ocrx_word' id='word_1_325' title='bbox 940 4972 1180 5026; x_wconf 88' lang='lat' dir='ltr'><strong>auctoris</strong></span> <span class='ocrx_word' id='word_1_326' title='bbox 1214 4972 1487 5041; x_wconf 82' lang='lat' dir='ltr'><strong>reliquias,</strong></span> <span class='ocrx_word' id='word_1_327' title='bbox 1523 4970 1577 5024; x_wconf 91' lang='lat' dir='ltr'><strong>in</strong></span> <span class='ocrx_word' id='word_1_328' title='bbox 1611 4986 1726 5026; x_wconf 86' lang='lat' dir='ltr'><strong>tnu-</strong></span> 
     </span>
    </p>
   </div>
   <div class='ocr_carea' id='block_1_52' title="bbox 1832 1245 3422 1319">
    <p class='ocr_par' dir='ltr' id='par_1_52' title="bbox 1832 1245 3422 1319">
     <span class='ocr_line' id='line_1_52' title="bbox 1832 1245 3422 1319; baseline 0.004 -18"><span class='ocrx_word' id='word_1_329' title='bbox 1832 1264 1956 1319; x_wconf 79' lang='lat' dir='ltr'><strong>qne,</strong></span> <span class='ocrx_word' id='word_1_330' title='bbox 1985 1249 2125 1303; x_wconf 88' lang='lat' dir='ltr'><strong>sicut</strong></span> <span class='ocrx_word' id='word_1_331' title='bbox 2174 1248 2290 1300; x_wconf 87' lang='lat' dir='ltr'><strong>viva</strong></span> <span class='ocrx_word' id='word_1_332' title='bbox 2343 1261 2479 1299; x_wconf 87' lang='lat' dir='ltr'><strong>voce</strong></span> <span class='ocrx_word' id='word_1_333' title='bbox 2529 1245 2758 1299; x_wconf 82' lang='lat' dir='ltr'><strong>fratrum</strong></span> <span class='ocrx_word' id='word_1_334' title='bbox 2811 1251 3189 1317; x_wconf 82' lang='lat' dir='ltr'><strong>percepimus,</strong></span> <span class='ocrx_word' id='word_1_335' title='bbox 3237 1269 3422 1307; x_wconf 87' lang='lat' dir='ltr'><strong>eorutn</strong></span> 
     </span>
    </p>
   </div>
   <div class='ocr_carea' id='block_1_53' title="bbox 1833 1338 3423 1415">
    <p class='ocr_par' dir='ltr' id='par_1_53' title="bbox 1833 1338 3423 1415">
     <span class='ocr_line' id='line_1_53' title="bbox 1833 1338 3423 1415; baseline 0.004 -20"><span class='ocrx_word' id='word_1_336' title='bbox 1833 1341 2038 1396; x_wconf 86' lang='lat' dir='ltr'><strong>malitia</strong></span> <span class='ocrx_word' id='word_1_337' title='bbox 2071 1341 2298 1394; x_wconf 82' lang='lat' dir='ltr'><strong>miriﬁca</strong></span> <span class='ocrx_word' id='word_1_338' title='bbox 2326 1340 2499 1393; x_wconf 89' lang='lat' dir='ltr'><strong>sancti</strong></span> <span class='ocrx_word' id='word_1_339' title='bbox 2530 1338 2793 1394; x_wconf 81' lang='lat' dir='ltr'><strong>Leonardi</strong></span> <span class='ocrx_word' id='word_1_340' title='bbox 2823 1343 2875 1395; x_wconf 90' lang='lat' dir='ltr'><strong>in</strong></span> <span class='ocrx_word' id='word_1_341' title='bbox 2906 1343 3005 1397; x_wconf 89' lang='lat' dir='ltr'><strong>hac</strong></span> <span class='ocrx_word' id='word_1_342' title='bbox 3033 1344 3162 1405; x_wconf 86' lang='lat' dir='ltr'><strong>vita,</strong></span> <span class='ocrx_word' id='word_1_343' title='bbox 3183 1357 3235 1400; x_wconf 92' lang='lat' dir='ltr'><strong>et</strong></span> <span class='ocrx_word' id='word_1_344' title='bbox 3262 1363 3423 1415; x_wconf 83' lang='lat' dir='ltr'><strong>opera</strong></span> 
     </span>
    </p>
   </div>
   <div class='ocr_carea' id='block_1_54' title="bbox 1832 1430 3422 1505">
    <p class='ocr_par' dir='ltr' id='par_1_54' title="bbox 1832 1430 3422 1505">
     <span class='ocr_line' id='line_1_54' title="bbox 1832 1430 3422 1505; baseline 0.004 -20"><span class='ocrx_word' id='word_1_345' title='bbox 1832 1435 2050 1503; x_wconf 89' lang='lat' dir='ltr'><strong>penitus</strong></span> <span class='ocrx_word' id='word_1_346' title='bbox 2092 1440 2217 1487; x_wconf 93' lang='lat' dir='ltr'><strong>sunt</strong></span> <span class='ocrx_word' id='word_1_347' title='bbox 2260 1431 2485 1494; x_wconf 77' lang='lat' dir='ltr'><strong>abolita,</strong></span> <span class='ocrx_word' id='word_1_348' title='bbox 2532 1430 2617 1483; x_wconf 85' lang='lat' dir='ltr'><strong>vel</strong></span> <span class='ocrx_word' id='word_1_349' title='bbox 2665 1432 2889 1486; x_wconf 86' lang='lat' dir='ltr'><strong>sinistra</strong></span> <span class='ocrx_word' id='word_1_350' title='bbox 2944 1435 3422 1505; x_wconf 83' lang='lat' dir='ltr'><strong>interpretatione,</strong></span> 
     </span>
    </p>
   </div>
   <div class='ocr_carea' id='block_1_55' title="bbox 1832 1522 3426 1593">
    <p class='ocr_par' dir='ltr' id='par_1_55' title="bbox 1832 1522 3426 1593">
     <span class='ocr_line' id='line_1_55' title="bbox 1832 1522 3426 1593; baseline 0.001 -13"><span class='ocrx_word' id='word_1_351' title='bbox 1832 1528 1969 1581; x_wconf 90' lang='lat' dir='ltr'><strong>sicut</strong></span> <span class='ocrx_word' id='word_1_352' title='bbox 2003 1526 2055 1578; x_wconf 90' lang='lat' dir='ltr'><strong>in</strong></span> <span class='ocrx_word' id='word_1_353' title='bbox 2085 1526 2201 1593; x_wconf 90' lang='lat' dir='ltr'><strong>ipso</strong></span> <span class='ocrx_word' id='word_1_354' title='bbox 2233 1522 2516 1577; x_wconf 87' lang='lat' dir='ltr'><strong>Salvatore</strong></span> <span class='ocrx_word' id='word_1_355' title='bbox 2542 1531 2748 1586; x_wconf 87' lang='lat' dir='ltr'><strong>nostro,</strong></span> <span class='ocrx_word' id='word_1_356' title='bbox 2784 1524 3063 1579; x_wconf 80' lang='lat' dir='ltr'><strong>infamata.</strong></span> <span class='ocrx_word' id='word_1_357' title='bbox 3098 1528 3223 1582; x_wconf 85' lang='lat' dir='ltr'><strong>Post</strong></span> <span class='ocrx_word' id='word_1_358' title='bbox 3249 1536 3426 1581; x_wconf 86' lang='lat' dir='ltr'><strong>trans-</strong></span> 
     </span>
    </p>
   </div>
   <div class='ocr_carea' id='block_1_56' title="bbox 1834 1612 3424 1684">
    <p class='ocr_par' dir='ltr' id='par_1_56' title="bbox 1834 1612 3424 1684">
     <span class='ocr_line' id='line_1_56' title="bbox 1834 1612 3424 1684; baseline -0.001 -13"><span class='ocrx_word' id='word_1_359' title='bbox 1834 1617 1968 1671; x_wconf 90' lang='lat' dir='ltr'><strong>itum</strong></span> <span class='ocrx_word' id='word_1_360' title='bbox 2018 1628 2147 1670; x_wconf 89' lang='lat' dir='ltr'><strong>vero</strong></span> <span class='ocrx_word' id='word_1_361' title='bbox 2196 1614 2313 1684; x_wconf 89' lang='lat' dir='ltr'><strong>ejus</strong></span> <span class='ocrx_word' id='word_1_362' title='bbox 2358 1612 2671 1667; x_wconf 88' lang='lat' dir='ltr'><strong>eormndcm</strong></span> <span class='ocrx_word' id='word_1_363' title='bbox 2736 1613 2933 1666; x_wconf 84' lang='lat' dir='ltr'><strong>invidia</strong></span> <span class='ocrx_word' id='word_1_364' title='bbox 2991 1615 3169 1670; x_wconf 91' lang='lat' dir='ltr'><strong>scelus</strong></span> <span class='ocrx_word' id='word_1_365' title='bbox 3220 1617 3424 1671; x_wconf 88' lang='lat' dir='ltr'><strong>addidit</strong></span> 
     </span>
    </p>
   </div>
   <div class='ocr_carea' id='block_1_57' title="bbox 1832 1701 3425 1774">
    <p class='ocr_par' dir='ltr' id='par_1_57' title="bbox 1832 1701 3425 1774">
     <span class='ocr_line' id='line_1_57' title="bbox 1832 1701 3425 1774; baseline -0.001 -10"><span class='ocrx_word' id='word_1_366' title='bbox 1832 1708 2045 1771; x_wconf 86' lang='lat' dir='ltr'><strong>sceleri,</strong></span> <span class='ocrx_word' id='word_1_367' title='bbox 2089 1718 2162 1770; x_wconf 89' lang='lat' dir='ltr'><strong>et,</strong></span> <span class='ocrx_word' id='word_1_368' title='bbox 2196 1717 2252 1759; x_wconf 91' lang='lat' dir='ltr'><strong>ut</strong></span> <span class='ocrx_word' id='word_1_369' title='bbox 2302 1704 2559 1759; x_wconf 81' lang='lat' dir='ltr'><strong>titetnoria</strong></span> <span class='ocrx_word' id='word_1_370' title='bbox 2611 1701 2727 1770; x_wconf 88' lang='lat' dir='ltr'><strong>ejus</strong></span> <span class='ocrx_word' id='word_1_371' title='bbox 2776 1706 2988 1774; x_wconf 88' lang='lat' dir='ltr'><strong>penitus</strong></span> <span class='ocrx_word' id='word_1_372' title='bbox 3029 1708 3333 1762; x_wconf 78' lang='lat' dir='ltr'><strong>auferretur</strong></span> <span class='ocrx_word' id='word_1_373' title='bbox 3361 1710 3425 1762; x_wconf 88' lang='lat' dir='ltr'><strong>de</strong></span> 
     </span>
    </p>
   </div>
   <div class='ocr_carea' id='block_1_58' title="bbox 1836 1794 3421 1866">
    <p class='ocr_par' dir='ltr' id='par_1_58' title="bbox 1836 1794 3421 1866">
     <span class='ocr_line' id='line_1_58' title="bbox 1836 1794 3421 1866; baseline -0.003 -11"><span class='ocrx_word' id='word_1_374' title='bbox 1836 1811 2011 1864; x_wconf 89' lang='lat' dir='ltr'><strong>terra,</strong></span> <span class='ocrx_word' id='word_1_375' title='bbox 2043 1798 2161 1852; x_wconf 82' lang='lat' dir='ltr'><strong>Vita</strong></span> <span class='ocrx_word' id='word_1_376' title='bbox 2191 1796 2326 1865; x_wconf 86' lang='lat' dir='ltr'><strong>ejus,</strong></span> <span class='ocrx_word' id='word_1_377' title='bbox 2361 1794 2667 1866; x_wconf 88' lang='lat' dir='ltr'><strong>ubicnnque</strong></span> <span class='ocrx_word' id='word_1_378' title='bbox 2691 1797 2918 1849; x_wconf 86' lang='lat' dir='ltr'><strong>inveniri</strong></span> <span class='ocrx_word' id='word_1_379' title='bbox 2956 1799 3149 1865; x_wconf 90' lang='lat' dir='ltr'><strong>potuit,</strong></span> <span class='ocrx_word' id='word_1_380' title='bbox 3178 1807 3259 1852; x_wconf 91' lang='lat' dir='ltr'><strong>est</strong></span> <span class='ocrx_word' id='word_1_381' title='bbox 3290 1814 3421 1851; x_wconf 86' lang='lat' dir='ltr'><strong>con-</strong></span> 
     </span>
    </p>
   </div>
   <div class='ocr_carea' id='block_1_59' title="bbox 1833 1886 3423 1957">
    <p class='ocr_par' dir='ltr' id='par_1_59' title="bbox 1833 1886 3423 1957">
     <span class='ocr_line' id='line_1_59' title="bbox 1833 1886 3423 1957; baseline -0.003 -13"><span class='ocrx_word' id='word_1_382' title='bbox 1833 1900 2092 1944; x_wconf 89' lang='lat' dir='ltr'><strong>cremata.</strong></span> <span class='ocrx_word' id='word_1_383' title='bbox 2128 1888 2307 1954; x_wconf 63' lang='lat' dir='ltr'><strong>Quam&#39;</strong></span> <span class='ocrx_word' id='word_1_384' title='bbox 2350 1903 2565 1956; x_wconf 86' lang='lat' dir='ltr'><strong>magna,</strong></span> <span class='ocrx_word' id='word_1_385' title='bbox 2614 1901 2775 1955; x_wconf 84' lang='lat' dir='ltr'><strong>quam</strong></span> <span class='ocrx_word' id='word_1_386' title='bbox 2822 1886 3101 1953; x_wconf 88' lang='lat' dir='ltr'><strong>inusitata,</strong></span> <span class='ocrx_word' id='word_1_387' title='bbox 3133 1904 3292 1957; x_wconf 87' lang='lat' dir='ltr'><strong>quam</strong></span> <span class='ocrx_word' id='word_1_388' title='bbox 3328 1891 3423 1943; x_wconf 84' lang='lat' dir='ltr'><strong>dc.-</strong></span> 
     </span>
    </p>
   </div>
   <div class='ocr_carea' id='block_1_60' title="bbox 1833 1979 3420 2051">
    <p class='ocr_par' dir='ltr' id='par_1_60' title="bbox 1833 1979 3420 2051">
     <span class='ocr_line' id='line_1_60' title="bbox 1833 1979 3420 2051; baseline -0.001 -16"><span class='ocrx_word' id='word_1_389' title='bbox 1833 1982 1995 2051; x_wconf 77' lang='lat' dir='ltr'><strong>nique</strong></span> <span class='ocrx_word' id='word_1_390' title='bbox 2025 1980 2359 2035; x_wconf 85' lang='lat' dir='ltr'><strong>incredibilia</strong></span> <span class='ocrx_word' id='word_1_391' title='bbox 2391 1979 2632 2049; x_wconf 88' lang='lat' dir='ltr'><strong>quotidie</strong></span> <span class='ocrx_word' id='word_1_392' title='bbox 2664 1993 2760 2046; x_wconf 89' lang='lat' dir='ltr'><strong>per</strong></span> <span class='ocrx_word' id='word_1_393' title='bbox 2786 1994 2907 2031; x_wconf 90' lang='lat' dir='ltr'><strong>eum</strong></span> <span class='ocrx_word' id='word_1_394' title='bbox 2955 1979 3088 2032; x_wconf 83' lang='lat' dir='ltr'><strong>lium</strong></span> <span class='ocrx_word' id='word_1_395' title='bbox 3129 1980 3420 2042; x_wconf 88' lang='lat' dir='ltr'><strong>mirabilia,</strong></span> 
     </span>
    </p>
   </div>
   <div class='ocr_carea' id='block_1_61' title="bbox 1834 2070 3420 2140">
    <p class='ocr_par' dir='ltr' id='par_1_61' title="bbox 1834 2070 3420 2140">
     <span class='ocr_line' id='line_1_61' title="bbox 1834 2070 3420 2140; baseline 0.001 -15"><span class='ocrx_word' id='word_1_396' title='bbox 1834 2072 1976 2126; x_wconf 89' lang='lat' dir='ltr'><strong>nulla</strong></span> <span class='ocrx_word' id='word_1_397' title='bbox 2005 2086 2228 2140; x_wconf 83' lang='lat' dir='ltr'><strong>prorsus</strong></span> <span class='ocrx_word' id='word_1_398' title='bbox 2248 2070 2606 2139; x_wconf 87' lang='lat' dir='ltr'><strong>antiquitatis,</strong></span> <span class='ocrx_word' id='word_1_399' title='bbox 2637 2079 2691 2121; x_wconf 93' lang='lat' dir='ltr'><strong>ut</strong></span> <span class='ocrx_word' id='word_1_400' title='bbox 2721 2070 2934 2137; x_wconf 88' lang='lat' dir='ltr'><strong>opinor,</strong></span> <span class='ocrx_word' id='word_1_401' title='bbox 2964 2072 3146 2139; x_wconf 85' lang='lat' dir='ltr'><strong>pandit</strong></span> <span class='ocrx_word' id='word_1_402' title='bbox 3174 2072 3420 2126; x_wconf 85' lang='lat' dir='ltr'><strong>historia.</strong></span> 
     </span>
    </p>
   </div>
   <div class='ocr_carea' id='block_1_62' title="bbox 1834 2159 3423 2231">
    <p class='ocr_par' dir='ltr' id='par_1_62' title="bbox 1834 2159 3423 2231">
     <span class='ocr_line' id='line_1_62' title="bbox 1834 2159 3423 2231; baseline 0 -16"><span class='ocrx_word' id='word_1_403' title='bbox 1834 2162 2067 2215; x_wconf 84' lang='lat' dir='ltr'><strong>Sanctus</strong></span> <span class='ocrx_word' id='word_1_404' title='bbox 2097 2160 2427 2225; x_wconf 87' lang='lat' dir='ltr'><strong>Leonardus,</strong></span> <span class='ocrx_word' id='word_1_405' title='bbox 2458 2162 2597 2213; x_wconf 90' lang='lat' dir='ltr'><strong>sicut</strong></span> <span class='ocrx_word' id='word_1_406' title='bbox 2622 2159 2736 2228; x_wconf 89' lang='lat' dir='ltr'><strong>ipse</strong></span> <span class='ocrx_word' id='word_1_407' title='bbox 2768 2160 3033 2214; x_wconf 87' lang='lat' dir='ltr'><strong>veraciter</strong></span> <span class='ocrx_word' id='word_1_408' title='bbox 3051 2163 3333 2231; x_wconf 82' lang='lat' dir='ltr'><strong>perpendi,</strong></span> <span class='ocrx_word' id='word_1_409' title='bbox 3356 2162 3423 2215; x_wconf 89' lang='lat' dir='ltr'><strong>ad</strong></span> 
     </span>
    </p>
   </div>
   <div class='ocr_carea' id='block_1_63' title="bbox 1833 2236 3427 2325">
    <p class='ocr_par' dir='ltr' id='par_1_63' title="bbox 1833 2236 3427 2325">
     <span class='ocr_line' id='line_1_63' title="bbox 1833 2236 3427 2325; baseline 0.003 -17"><span class='ocrx_word' id='word_1_410' title='bbox 1833 2236 2226 2308; x_wconf 87' lang='lat' dir='ltr'><strong>invocationem</strong></span> <span class='ocrx_word' id='word_1_411' title='bbox 2277 2253 2642 2307; x_wconf 88' lang='lat' dir='ltr'><strong>desolatorum</strong></span> <span class='ocrx_word' id='word_1_412' title='bbox 2690 2270 2905 2325; x_wconf 87' lang='lat' dir='ltr'><strong>semper</strong></span> <span class='ocrx_word' id='word_1_413' title='bbox 2935 2264 3017 2309; x_wconf 91' lang='lat' dir='ltr'><strong>est</strong></span> <span class='ocrx_word' id='word_1_414' title='bbox 3047 2256 3283 2325; x_wconf 66' lang='lat' dir='ltr'><strong>adiutor,</strong></span> <span class='ocrx_word' id='word_1_415' title='bbox 3314 2255 3427 2312; x_wconf 76' lang='lat' dir='ltr'><strong>cle-</strong></span> 
     </span>
    </p>
   </div>
   <div class='ocr_carea' id='block_1_64' title="bbox 1834 2346 3421 2415">
    <p class='ocr_par' dir='ltr' id='par_1_64' title="bbox 1834 2346 3421 2415">
     <span class='ocr_line' id='line_1_64' title="bbox 1834 2346 3421 2415; baseline 0.002 -13"><span class='ocrx_word' id='word_1_416' title='bbox 1834 2347 2205 2402; x_wconf 89' lang='lat' dir='ltr'><strong>mentissimus</strong></span> <span class='ocrx_word' id='word_1_417' title='bbox 2250 2346 2302 2400; x_wconf 90' lang='lat' dir='ltr'><strong>in</strong></span> <span class='ocrx_word' id='word_1_418' title='bbox 2347 2347 2875 2414; x_wconf 86' lang='lat' dir='ltr'><strong>opportunitatibus,</strong></span> <span class='ocrx_word' id='word_1_419' title='bbox 2926 2347 2978 2403; x_wconf 86' lang='lat' dir='ltr'><strong>in</strong></span> <span class='ocrx_word' id='word_1_420' title='bbox 3040 2350 3421 2415; x_wconf 71' lang='lat' dir='ltr'><strong>tribulatione,</strong></span> 
     </span>
    </p>
   </div>
   <div class='ocr_carea' id='block_1_65' title="bbox 1833 2436 3426 2502">
    <p class='ocr_par' dir='ltr' id='par_1_65' title="bbox 1833 2436 3426 2502">
     <span class='ocr_line' id='line_1_65' title="bbox 1833 2436 3426 2502; baseline 0.002 -9"><span class='ocrx_word' id='word_1_421' title='bbox 1833 2438 2168 2494; x_wconf 89' lang='lat' dir='ltr'><strong>descendens</strong></span> <span class='ocrx_word' id='word_1_422' title='bbox 2199 2438 2264 2492; x_wconf 91' lang='lat' dir='ltr'><strong>de</strong></span> <span class='ocrx_word' id='word_1_423' title='bbox 2306 2436 2447 2491; x_wconf 73' lang='lat' dir='ltr'><strong>ctrla</strong></span> <span class='ocrx_word' id='word_1_424' title='bbox 2475 2436 2621 2491; x_wconf 86' lang='lat' dir='ltr'><strong>vultu</strong></span> <span class='ocrx_word' id='word_1_425' title='bbox 2661 2440 2834 2493; x_wconf 90' lang='lat' dir='ltr'><strong>instar</strong></span> <span class='ocrx_word' id='word_1_426' title='bbox 2877 2439 3007 2494; x_wconf 90' lang='lat' dir='ltr'><strong>solis</strong></span> <span class='ocrx_word' id='word_1_427' title='bbox 3039 2441 3220 2502; x_wconf 81' lang='lat' dir='ltr'><strong>rutilo,</strong></span> <span class='ocrx_word' id='word_1_428' title='bbox 3252 2441 3426 2496; x_wconf 90' lang='lat' dir='ltr'><strong>oculis</strong></span> 
     </span>
    </p>
   </div>
   <div class='ocr_carea' id='block_1_66' title="bbox 1835 2531 3427 2600">
    <p class='ocr_par' dir='ltr' id='par_1_66' title="bbox 1835 2531 3427 2600">
     <span class='ocr_line' id='line_1_66' title="bbox 1835 2531 3427 2600; baseline 0.002 -15"><span class='ocrx_word' id='word_1_429' title='bbox 1835 2531 2194 2592; x_wconf 89' lang='lat' dir='ltr'><strong>stellantibus.</strong></span> <span class='ocrx_word' id='word_1_430' title='bbox 2230 2532 2423 2585; x_wconf 80' lang='lat' dir='ltr'><strong>habitu</strong></span> <span class='ocrx_word' id='word_1_431' title='bbox 2469 2533 2888 2597; x_wconf 87' lang='lat' dir='ltr'><strong>candidissimo;</strong></span> <span class='ocrx_word' id='word_1_432' title='bbox 2944 2534 3010 2586; x_wconf 92' lang='lat' dir='ltr'><strong>ad</strong></span> <span class='ocrx_word' id='word_1_433' title='bbox 3062 2542 3260 2587; x_wconf 89' lang='lat' dir='ltr'><strong>lactmn</strong></span> <span class='ocrx_word' id='word_1_434' title='bbox 3306 2532 3427 2600; x_wconf 85' lang='lat' dir='ltr'><strong>ejus</strong></span> 
     </span>
    </p>
   </div>
   <div class='ocr_carea' id='block_1_67' title="bbox 1831 2622 3421 2692">
    <p class='ocr_par' dir='ltr' id='par_1_67' title="bbox 1831 2622 3421 2692">
     <span class='ocr_line' id='line_1_67' title="bbox 1831 2622 3421 2692; baseline 0.001 -17"><span class='ocrx_word' id='word_1_435' title='bbox 1831 2622 2055 2692; x_wconf 89' lang='lat' dir='ltr'><strong>quilibet</strong></span> <span class='ocrx_word' id='word_1_436' title='bbox 2086 2622 2211 2675; x_wconf 75' lang='lat' dir='ltr'><strong>ferri</strong></span> <span class='ocrx_word' id='word_1_437' title='bbox 2247 2623 2393 2692; x_wconf 87' lang='lat' dir='ltr'><strong>rigor</strong></span> <span class='ocrx_word' id='word_1_438' title='bbox 2421 2622 2566 2676; x_wconf 88' lang='lat' dir='ltr'><strong>velut</strong></span> <span class='ocrx_word' id='word_1_439' title='bbox 2596 2638 2719 2677; x_wconf 79' lang='lat' dir='ltr'><strong>cera</strong></span> <span class='ocrx_word' id='word_1_440' title='bbox 2754 2640 2781 2675; x_wconf 89' lang='lat' dir='ltr'><strong>a</strong></span> <span class='ocrx_word' id='word_1_441' title='bbox 2817 2622 2955 2677; x_wconf 71' lang='lat' dir='ltr'><strong>facie</strong></span> <span class='ocrx_word' id='word_1_442' title='bbox 2987 2623 3128 2692; x_wconf 86' lang='lat' dir='ltr'><strong>ignis</strong></span> <span class='ocrx_word' id='word_1_443' title='bbox 3158 2622 3421 2687; x_wconf 67' lang='lat' dir='ltr'><strong>mollitur,</strong></span> 
     </span>
    </p>
   </div>
   <div class='ocr_carea' id='block_1_68' title="bbox 1830 2714 3421 2785">
    <p class='ocr_par' dir='ltr' id='par_1_68' title="bbox 1830 2714 3421 2785">
     <span class='ocr_line' id='line_1_68' title="bbox 1830 2714 3421 2785; baseline -0.001 -16"><span class='ocrx_word' id='word_1_444' title='bbox 1830 2716 2017 2784; x_wconf 89' lang='lat' dir='ltr'><strong>sicque</strong></span> <span class='ocrx_word' id='word_1_445' title='bbox 2059 2714 2277 2785; x_wconf 89' lang='lat' dir='ltr'><strong>captivi,</strong></span> <span class='ocrx_word' id='word_1_446' title='bbox 2313 2729 2343 2768; x_wconf 91' lang='lat' dir='ltr'><strong>a</strong></span> <span class='ocrx_word' id='word_1_447' title='bbox 2373 2714 2607 2769; x_wconf 88' lang='lat' dir='ltr'><strong>vinculis</strong></span> <span class='ocrx_word' id='word_1_448' title='bbox 2646 2714 2898 2779; x_wconf 88' lang='lat' dir='ltr'><strong>absoluti,</strong></span> <span class='ocrx_word' id='word_1_449' title='bbox 2943 2716 3084 2768; x_wconf 91' lang='lat' dir='ltr'><strong>inter</strong></span> <span class='ocrx_word' id='word_1_450' title='bbox 3113 2714 3421 2783; x_wconf 81' lang='lat' dir='ltr'><strong>fugiendum</strong></span> 
     </span>
    </p>
   </div>
   <div class='ocr_carea' id='block_1_69' title="bbox 1830 2806 3424 2863">
    <p class='ocr_par' dir='ltr' id='par_1_69' title="bbox 1830 2806 3424 2863">
     <span class='ocr_line' id='line_1_69' title="bbox 1830 2806 3424 2863; baseline 0.001 -4"><span class='ocrx_word' id='word_1_451' title='bbox 1830 2806 2143 2863; x_wconf 83' lang='lat' dir='ltr'><strong>ﬂuminibus</strong></span> <span class='ocrx_word' id='word_1_452' title='bbox 2165 2806 2508 2861; x_wconf 88' lang='lat' dir='ltr'><strong>obstantibus</strong></span> <span class='ocrx_word' id='word_1_453' title='bbox 2529 2806 2785 2859; x_wconf 88' lang='lat' dir='ltr'><strong>divinitus</strong></span> <span class='ocrx_word' id='word_1_454' title='bbox 2810 2815 3269 2861; x_wconf 88' lang='lat' dir='ltr'><strong>transvectantur.</strong></span> <span class='ocrx_word' id='word_1_455' title='bbox 3298 2807 3424 2860; x_wconf 80' lang='lat' dir='ltr'><strong>Plu-</strong></span> 
     </span>
    </p>
   </div>
   <div class='ocr_carea' id='block_1_70' title="bbox 1833 2895 3418 2969">
    <p class='ocr_par' dir='ltr' id='par_1_70' title="bbox 1833 2895 3418 2969">
     <span class='ocr_line' id='line_1_70' title="bbox 1833 2895 3418 2969; baseline 0 -18"><span class='ocrx_word' id='word_1_456' title='bbox 1833 2899 1965 2951; x_wconf 86' lang='lat' dir='ltr'><strong>rima</strong></span> <span class='ocrx_word' id='word_1_457' title='bbox 2000 2898 2049 2951; x_wconf 91' lang='lat' dir='ltr'><strong>id</strong></span> <span class='ocrx_word' id='word_1_458' title='bbox 2074 2912 2243 2969; x_wconf 84' lang='lat' dir='ltr'><strong>gcnns</strong></span> <span class='ocrx_word' id='word_1_459' title='bbox 2264 2895 2383 2965; x_wconf 90' lang='lat' dir='ltr'><strong>ejus</strong></span> <span class='ocrx_word' id='word_1_460' title='bbox 2424 2906 2551 2951; x_wconf 93' lang='lat' dir='ltr'><strong>sunt</strong></span> <span class='ocrx_word' id='word_1_461' title='bbox 2584 2897 2849 2950; x_wconf 89' lang='lat' dir='ltr'><strong>mirabilia</strong></span> <span class='ocrx_word' id='word_1_462' title='bbox 2884 2896 3042 2950; x_wconf 78' lang='lat' dir='ltr'><strong>[idem</strong></span> <span class='ocrx_word' id='word_1_463' title='bbox 3075 2898 3418 2961; x_wconf 83' lang='lat' dir='ltr'><strong>excedentia,</strong></span> 
     </span>
    </p>
   </div>
   <div class='ocr_carea' id='block_1_71' title="bbox 1830 2985 3424 3063">
    <p class='ocr_par' dir='ltr' id='par_1_71' title="bbox 1830 2985 3424 3063">
     <span class='ocr_line' id='line_1_71' title="bbox 1830 2985 3424 3063; baseline 0 -20"><span class='ocrx_word' id='word_1_464' title='bbox 1830 2989 1922 3043; x_wconf 91' lang='lat' dir='ltr'><strong>sed</strong></span> <span class='ocrx_word' id='word_1_465' title='bbox 1957 2988 2087 3043; x_wconf 91' lang='lat' dir='ltr'><strong>nulli</strong></span> <span class='ocrx_word' id='word_1_466' title='bbox 2122 3003 2345 3063; x_wconf 87' lang='lat' dir='ltr'><strong>prorsus</strong></span> <span class='ocrx_word' id='word_1_467' title='bbox 2376 2985 2612 3042; x_wconf 80' lang='lat' dir='ltr'><strong>fidelium</strong></span> <span class='ocrx_word' id='word_1_468' title='bbox 2646 2987 2967 3042; x_wconf 79' lang='lat' dir='ltr'><strong>inlicienda:</strong></span> <span class='ocrx_word' id='word_1_469' title='bbox 3000 2987 3139 3042; x_wconf 89' lang='lat' dir='ltr'><strong>sicut</strong></span> <span class='ocrx_word' id='word_1_470' title='bbox 3174 3004 3270 3059; x_wconf 82' lang='lat' dir='ltr'><strong>per</strong></span> <span class='ocrx_word' id='word_1_471' title='bbox 3299 3004 3424 3044; x_wconf 82' lang='lat' dir='ltr'><strong>san-</strong></span> 
     </span>
    </p>
   </div>
   <div class='ocr_carea' id='block_1_72' title="bbox 1830 3080 3425 3150">
    <p class='ocr_par' dir='ltr' id='par_1_72' title="bbox 1830 3080 3425 3150">
     <span class='ocr_line' id='line_1_72' title="bbox 1830 3080 3425 3150; baseline -0.003 -12"><span class='ocrx_word' id='word_1_472' title='bbox 1830 3093 1978 3138; x_wconf 90' lang='lat' dir='ltr'><strong>ctum</strong></span> <span class='ocrx_word' id='word_1_473' title='bbox 2021 3083 2365 3137; x_wconf 86' lang='lat' dir='ltr'><strong>Leonardum</strong></span> <span class='ocrx_word' id='word_1_474' title='bbox 2398 3080 2747 3136; x_wconf 86' lang='lat' dir='ltr'><strong>Boamundus</strong></span> <span class='ocrx_word' id='word_1_475' title='bbox 2783 3080 2849 3135; x_wconf 92' lang='lat' dir='ltr'><strong>de</strong></span> <span class='ocrx_word' id='word_1_476' title='bbox 2890 3095 3223 3150; x_wconf 79' lang='lat' dir='ltr'><strong>paganorum</strong></span> <span class='ocrx_word' id='word_1_477' title='bbox 3254 3081 3425 3150; x_wconf 88' lang='lat' dir='ltr'><strong>capti-</strong></span> 
     </span>
    </p>
   </div>
   <div class='ocr_carea' id='block_1_73' title="bbox 1832 3172 3422 3243">
    <p class='ocr_par' dir='ltr' id='par_1_73' title="bbox 1832 3172 3422 3243">
     <span class='ocr_line' id='line_1_73' title="bbox 1832 3172 3422 3243; baseline -0.003 -14"><span class='ocrx_word' id='word_1_478' title='bbox 1832 3178 2014 3240; x_wconf 86' lang='lat' dir='ltr'><strong>vitate,</strong></span> <span class='ocrx_word' id='word_1_479' title='bbox 2057 3186 2112 3229; x_wconf 92' lang='lat' dir='ltr'><strong>et</strong></span> <span class='ocrx_word' id='word_1_480' title='bbox 2144 3190 2235 3228; x_wconf 76' lang='lat' dir='ltr'><strong>rex</strong></span> <span class='ocrx_word' id='word_1_481' title='bbox 2270 3173 2527 3243; x_wconf 86' lang='lat' dir='ltr'><strong>Anglicus</strong></span> <span class='ocrx_word' id='word_1_482' title='bbox 2567 3173 2632 3227; x_wconf 90' lang='lat' dir='ltr'><strong>de</strong></span> <span class='ocrx_word' id='word_1_483' title='bbox 2674 3172 2858 3226; x_wconf 76' lang='lat' dir='ltr'><strong>fratris</strong></span> <span class='ocrx_word' id='word_1_484' title='bbox 2891 3172 2971 3227; x_wconf 92' lang='lat' dir='ltr'><strong>sui</strong></span> <span class='ocrx_word' id='word_1_485' title='bbox 3010 3172 3298 3242; x_wconf 86' lang='lat' dir='ltr'><strong>tyrannide</strong></span> <span class='ocrx_word' id='word_1_486' title='bbox 3336 3173 3422 3225; x_wconf 86' lang='lat' dir='ltr'><strong>in-</strong></span> 
     </span>
    </p>
   </div>
   <div class='ocr_carea' id='block_1_74' title="bbox 1833 3264 3423 3339">
    <p class='ocr_par' dir='ltr' id='par_1_74' title="bbox 1833 3264 3423 3339">
     <span class='ocr_line' id='line_1_74' title="bbox 1833 3264 3423 3339; baseline -0.005 -17"><span class='ocrx_word' id='word_1_487' title='bbox 1833 3277 1980 3339; x_wconf 87' lang='lat' dir='ltr'><strong>tegre</strong></span> <span class='ocrx_word' id='word_1_488' title='bbox 2021 3282 2175 3321; x_wconf 86' lang='lat' dir='ltr'><strong>suam</strong></span> <span class='ocrx_word' id='word_1_489' title='bbox 2224 3271 2617 3335; x_wconf 86' lang='lat' dir='ltr'><strong>recuperarunt</strong></span> <span class='ocrx_word' id='word_1_490' title='bbox 2652 3272 3013 3333; x_wconf 89' lang='lat' dir='ltr'><strong>potestatem,</strong></span> <span class='ocrx_word' id='word_1_491' title='bbox 3048 3264 3117 3316; x_wconf 87' lang='lat' dir='ltr'><strong>ita</strong></span> <span class='ocrx_word' id='word_1_492' title='bbox 3151 3278 3245 3332; x_wconf 89' lang='lat' dir='ltr'><strong>per</strong></span> <span class='ocrx_word' id='word_1_493' title='bbox 3271 3278 3423 3316; x_wconf 87' lang='lat' dir='ltr'><strong>emn-</strong></span> 
     </span>
    </p>
   </div>
   <div class='ocr_carea' id='block_1_75' title="bbox 1830 3354 3422 3432">
    <p class='ocr_par' dir='ltr' id='par_1_75' title="bbox 1830 3354 3422 3432">
     <span class='ocr_line' id='line_1_75' title="bbox 1830 3354 3422 3432; baseline -0.003 -20"><span class='ocrx_word' id='word_1_494' title='bbox 1830 3360 1951 3413; x_wconf 90' lang='lat' dir='ltr'><strong>dem</strong></span> <span class='ocrx_word' id='word_1_495' title='bbox 1979 3356 2264 3432; x_wconf 71' lang='lat' dir='ltr'><strong>mirilirum</strong></span> <span class='ocrx_word' id='word_1_496' title='bbox 2296 3365 2540 3410; x_wconf 89' lang='lat' dir='ltr'><strong>sanctmn</strong></span> <span class='ocrx_word' id='word_1_497' title='bbox 2568 3354 2767 3410; x_wconf 88' lang='lat' dir='ltr'><strong>dilatet</strong></span> <span class='ocrx_word' id='word_1_498' title='bbox 2791 3355 2954 3409; x_wconf 89' lang='lat' dir='ltr'><strong>etiam</strong></span> <span class='ocrx_word' id='word_1_499' title='bbox 2992 3354 3251 3407; x_wconf 88' lang='lat' dir='ltr'><strong>Dominus</strong></span> <span class='ocrx_word' id='word_1_500' title='bbox 3278 3362 3329 3407; x_wconf 89' lang='lat' dir='ltr'><strong>te</strong></span> <span class='ocrx_word' id='word_1_501' title='bbox 3355 3354 3422 3407; x_wconf 91' lang='lat' dir='ltr'><strong>ad</strong></span> 
     </span>
    </p>
   </div>
   <div class='ocr_carea' id='block_1_76' title="bbox 1828 3446 3424 3521">
    <p class='ocr_par' dir='ltr' id='par_1_76' title="bbox 1828 3446 3424 3521">
     <span class='ocr_line' id='line_1_76' title="bbox 1828 3446 3424 3521; baseline -0.005 -15"><span class='ocrx_word' id='word_1_502' title='bbox 1828 3452 2091 3521; x_wconf 83' lang='lat' dir='ltr'><strong>orientem</strong></span> <span class='ocrx_word' id='word_1_503' title='bbox 2117 3459 2173 3505; x_wconf 90' lang='lat' dir='ltr'><strong>et</strong></span> <span class='ocrx_word' id='word_1_504' title='bbox 2199 3449 2264 3502; x_wconf 89' lang='lat' dir='ltr'><strong>ad</strong></span> <span class='ocrx_word' id='word_1_505' title='bbox 2294 3449 2663 3512; x_wconf 86' lang='lat' dir='ltr'><strong>occidentem,</strong></span> <span class='ocrx_word' id='word_1_506' title='bbox 2708 3446 3135 3517; x_wconf 89' lang='lat' dir='ltr'><strong>septentrionem</strong></span> <span class='ocrx_word' id='word_1_507' title='bbox 3172 3455 3227 3499; x_wconf 87' lang='lat' dir='ltr'><strong>et</strong></span> <span class='ocrx_word' id='word_1_508' title='bbox 3263 3446 3424 3499; x_wconf 57' lang='lat' dir='ltr'><strong>meri-</strong></span> 
     </span>
    </p>
   </div>
   <div class='ocr_carea' id='block_1_77' title="bbox 1830 3538 3420 3611">
    <p class='ocr_par' dir='ltr' id='par_1_77' title="bbox 1830 3538 3420 3611">
     <span class='ocr_line' id='line_1_77' title="bbox 1830 3538 3420 3611; baseline -0.004 -13"><span class='ocrx_word' id='word_1_509' title='bbox 1830 3543 1992 3607; x_wconf 88' lang='lat' dir='ltr'><strong>diem,</strong></span> <span class='ocrx_word' id='word_1_510' title='bbox 2040 3552 2356 3611; x_wconf 83' lang='lat' dir='ltr'><strong>crescatque</strong></span> <span class='ocrx_word' id='word_1_511' title='bbox 2404 3550 2581 3596; x_wconf 88' lang='lat' dir='ltr'><strong>vestra</strong></span> <span class='ocrx_word' id='word_1_512' title='bbox 2628 3540 2873 3609; x_wconf 88' lang='lat' dir='ltr'><strong>probitas</strong></span> <span class='ocrx_word' id='word_1_513' title='bbox 2923 3540 2975 3593; x_wconf 92' lang='lat' dir='ltr'><strong>in</strong></span> <span class='ocrx_word' id='word_1_514' title='bbox 3036 3538 3182 3593; x_wconf 91' lang='lat' dir='ltr'><strong>mille</strong></span> <span class='ocrx_word' id='word_1_515' title='bbox 3230 3538 3420 3592; x_wconf 88' lang='lat' dir='ltr'><strong>millia.</strong></span> 
     </span>
    </p>
   </div>
   <div class='ocr_carea' id='block_1_78' title="bbox 1830 3630 3420 3699">
    <p class='ocr_par' dir='ltr' id='par_1_78' title="bbox 1830 3630 3420 3699">
     <span class='ocr_line' id='line_1_78' title="bbox 1830 3630 3420 3699; baseline -0.003 -12"><span class='ocrx_word' id='word_1_516' title='bbox 1830 3632 2109 3688; x_wconf 79' lang='lat' dir='ltr'><strong>PoSsideat</strong></span> <span class='ocrx_word' id='word_1_517' title='bbox 2137 3647 2321 3686; x_wconf 90' lang='lat' dir='ltr'><strong>semen</strong></span> <span class='ocrx_word' id='word_1_518' title='bbox 2345 3640 2582 3685; x_wconf 88' lang='lat' dir='ltr'><strong>vestrmn</strong></span> <span class='ocrx_word' id='word_1_519' title='bbox 2606 3640 2792 3699; x_wconf 88' lang='lat' dir='ltr'><strong>portas</strong></span> <span class='ocrx_word' id='word_1_520' title='bbox 2823 3630 3168 3683; x_wconf 86' lang='lat' dir='ltr'><strong>inimicorum</strong></span> <span class='ocrx_word' id='word_1_521' title='bbox 3200 3644 3420 3682; x_wconf 88' lang='lat' dir='ltr'><strong>suorum</strong></span> 
     </span>
    </p>
   </div>
   <div class='ocr_carea' id='block_1_79' title="bbox 1830 3718 3423 3797">
    <p class='ocr_par' dir='ltr' id='par_1_79' title="bbox 1830 3718 3423 3797">
     <span class='ocr_line' id='line_1_79' title="bbox 1830 3718 3423 3797; baseline -0.006 -16"><span class='ocrx_word' id='word_1_522' title='bbox 1830 3736 1885 3782; x_wconf 90' lang='lat' dir='ltr'><strong>et</strong></span> <span class='ocrx_word' id='word_1_523' title='bbox 1916 3725 2308 3780; x_wconf 89' lang='lat' dir='ltr'><strong>benedicautur</strong></span> <span class='ocrx_word' id='word_1_524' title='bbox 2338 3724 2392 3777; x_wconf 92' lang='lat' dir='ltr'><strong>in</strong></span> <span class='ocrx_word' id='word_1_525' title='bbox 2433 3733 2484 3777; x_wconf 88' lang='lat' dir='ltr'><strong>te</strong></span> <span class='ocrx_word' id='word_1_526' title='bbox 2520 3722 2932 3797; x_wconf 78' lang='lat' dir='ltr'><strong>omnestri&#39;bus</strong></span> <span class='ocrx_word' id='word_1_527' title='bbox 2973 3719 3298 3775; x_wconf 58' lang='lat' dir='ltr'><strong>Germania}.</strong></span> <span class='ocrx_word' id='word_1_528' title='bbox 3333 3718 3423 3772; x_wconf 87' lang='lat' dir='ltr'><strong>Fi-</strong></span> 
     </span>
    </p>
   </div>
   <div class='ocr_carea' id='block_1_80' title="bbox 1831 3810 3423 3882">
    <p class='ocr_par' dir='ltr' id='par_1_80' title="bbox 1831 3810 3423 3882">
     <span class='ocr_line' id='line_1_80' title="bbox 1831 3810 3423 3882; baseline -0.008 -7"><span class='ocrx_word' id='word_1_529' title='bbox 1831 3820 2022 3875; x_wconf 89' lang='lat' dir='ltr'><strong>deliter</strong></span> <span class='ocrx_word' id='word_1_530' title='bbox 2058 3819 2251 3874; x_wconf 89' lang='lat' dir='ltr'><strong>credas</strong></span> <span class='ocrx_word' id='word_1_531' title='bbox 2285 3826 2338 3871; x_wconf 91' lang='lat' dir='ltr'><strong>et</strong></span> <span class='ocrx_word' id='word_1_532' title='bbox 2380 3814 2682 3870; x_wconf 87' lang='lat' dir='ltr'><strong>nullatenus</strong></span> <span class='ocrx_word' id='word_1_533' title='bbox 2727 3815 2962 3878; x_wconf 84' lang='lat' dir='ltr'><strong>dubites,</strong></span> <span class='ocrx_word' id='word_1_534' title='bbox 2991 3814 3140 3882; x_wconf 90' lang='lat' dir='ltr'><strong>quia,</strong></span> <span class='ocrx_word' id='word_1_535' title='bbox 3168 3811 3312 3881; x_wconf 84' lang='lat' dir='ltr'><strong>quod</strong></span> <span class='ocrx_word' id='word_1_536' title='bbox 3356 3810 3423 3863; x_wconf 90' lang='lat' dir='ltr'><strong>de</strong></span> 
     </span>
    </p>
   </div>
   <div class='ocr_carea' id='block_1_81' title="bbox 1834 3905 3418 3985">
    <p class='ocr_par' dir='ltr' id='par_1_81' title="bbox 1834 3905 3418 3985">
     <span class='ocr_line' id='line_1_81' title="bbox 1834 3905 3418 3985; baseline -0.009 -16"><span class='ocrx_word' id='word_1_537' title='bbox 1834 3914 2075 3985; x_wconf 85' lang='lat' dir='ltr'><strong>reliquiis</strong></span> <span class='ocrx_word' id='word_1_538' title='bbox 2120 3912 2287 3984; x_wconf 85' lang='lat' dir='ltr'><strong>ipsius</strong></span> <span class='ocrx_word' id='word_1_539' title='bbox 2317 3910 2529 3965; x_wconf 81' lang='lat' dir='ltr'><strong>miriﬁci</strong></span> <span class='ocrx_word' id='word_1_540' title='bbox 2560 3908 2732 3963; x_wconf 84' lang='lat' dir='ltr'><strong>sancti</strong></span> <span class='ocrx_word' id='word_1_541' title='bbox 2780 3916 2958 3961; x_wconf 89' lang='lat' dir='ltr'><strong>tecum</strong></span> <span class='ocrx_word' id='word_1_542' title='bbox 3002 3905 3235 3974; x_wconf 79' lang='lat' dir='ltr'><strong>partitus</strong></span> <span class='ocrx_word' id='word_1_543' title='bbox 3278 3918 3418 3966; x_wconf 91' lang='lat' dir='ltr'><strong>sum,</strong></span> 
     </span>
    </p>
   </div>
   <div class='ocr_carea' id='block_1_82' title="bbox 1834 3999 3416 4078">
    <p class='ocr_par' dir='ltr' id='par_1_82' title="bbox 1834 3999 3416 4078">
     <span class='ocr_line' id='line_1_82' title="bbox 1834 3999 3416 4078; baseline -0.007 -16"><span class='ocrx_word' id='word_1_544' title='bbox 1834 4009 2018 4064; x_wconf 92' lang='lat' dir='ltr'><strong>auditu</strong></span> <span class='ocrx_word' id='word_1_545' title='bbox 2065 4008 2233 4078; x_wconf 89' lang='lat' dir='ltr'><strong>ipsius</strong></span> <span class='ocrx_word' id='word_1_546' title='bbox 2272 4006 2422 4061; x_wconf 91' lang='lat' dir='ltr'><strong>vocis</strong></span> <span class='ocrx_word' id='word_1_547' title='bbox 2470 4020 2590 4059; x_wconf 91' lang='lat' dir='ltr'><strong>sum</strong></span> <span class='ocrx_word' id='word_1_548' title='bbox 2631 4004 2883 4074; x_wconf 88' lang='lat' dir='ltr'><strong>adeptus,</strong></span> <span class='ocrx_word' id='word_1_549' title='bbox 2912 4001 3026 4055; x_wconf 89' lang='lat' dir='ltr'><strong>sive</strong></span> <span class='ocrx_word' id='word_1_550' title='bbox 3068 3999 3121 4054; x_wconf 92' lang='lat' dir='ltr'><strong>in</strong></span> <span class='ocrx_word' id='word_1_551' title='bbox 3170 4012 3416 4067; x_wconf 89' lang='lat' dir='ltr'><strong>corpore,</strong></span> 
     </span>
    </p>
   </div>
   <div class='ocr_carea' id='block_1_83' title="bbox 1834 4090 3419 4170">
    <p class='ocr_par' dir='ltr' id='par_1_83' title="bbox 1834 4090 3419 4170">
     <span class='ocr_line' id='line_1_83' title="bbox 1834 4090 3419 4170; baseline -0.009 -13"><span class='ocrx_word' id='word_1_552' title='bbox 1834 4102 1949 4157; x_wconf 82' lang='lat' dir='ltr'><strong>sive</strong></span> <span class='ocrx_word' id='word_1_553' title='bbox 1968 4110 2119 4157; x_wconf 78' lang='lat' dir='ltr'><strong>extra</strong></span> <span class='ocrx_word' id='word_1_554' title='bbox 2149 4116 2366 4170; x_wconf 89' lang='lat' dir='ltr'><strong>corpus,</strong></span> <span class='ocrx_word' id='word_1_555' title='bbox 2393 4098 2601 4162; x_wconf 90' lang='lat' dir='ltr'><strong>nescio,</strong></span> <span class='ocrx_word' id='word_1_556' title='bbox 2632 4097 2773 4165; x_wconf 84' lang='lat' dir='ltr'><strong>Deus</strong></span> <span class='ocrx_word' id='word_1_557' title='bbox 2801 4094 2923 4148; x_wconf 91' lang='lat' dir='ltr'><strong>scit.</strong></span> <span class='ocrx_word' id='word_1_558' title='bbox 2952 4092 3019 4146; x_wconf 87' lang='lat' dir='ltr'><strong>Et</strong></span> <span class='ocrx_word' id='word_1_559' title='bbox 3049 4108 3116 4146; x_wconf 92' lang='lat' dir='ltr'><strong>ne</strong></span> <span class='ocrx_word' id='word_1_560' title='bbox 3141 4090 3419 4143; x_wconf 78' lang='lat' dir='ltr'><strong>falsarium</strong></span> 
     </span>
    </p>
   </div>
   <div class='ocr_carea' id='block_1_84' title="bbox 1836 4185 3424 4267">
    <p class='ocr_par' dir='ltr' id='par_1_84' title="bbox 1836 4185 3424 4267">
     <span class='ocr_line' id='line_1_84' title="bbox 1836 4185 3424 4267; baseline -0.008 -18"><span class='ocrx_word' id='word_1_561' title='bbox 1836 4196 2163 4267; x_wconf 86' lang='lat' dir='ltr'><strong>redarguam</strong></span> <span class='ocrx_word' id='word_1_562' title='bbox 2208 4190 2490 4257; x_wconf 88' lang='lat' dir='ltr'><strong>increduli,</strong></span> <span class='ocrx_word' id='word_1_563' title='bbox 2518 4188 2730 4245; x_wconf 84' lang='lat' dir='ltr'><strong>conﬁdo</strong></span> <span class='ocrx_word' id='word_1_564' title='bbox 2762 4188 2812 4242; x_wconf 94' lang='lat' dir='ltr'><strong>in</strong></span> <span class='ocrx_word' id='word_1_565' title='bbox 2854 4185 2972 4255; x_wconf 87' lang='lat' dir='ltr'><strong>ejus</strong></span> <span class='ocrx_word' id='word_1_566' title='bbox 3000 4185 3258 4247; x_wconf 89' lang='lat' dir='ltr'><strong>bonitate,</strong></span> <span class='ocrx_word' id='word_1_567' title='bbox 3287 4198 3424 4254; x_wconf 82' lang='lat' dir='ltr'><strong>quo-</strong></span> 
     </span>
    </p>
   </div>
   <div class='ocr_carea' id='block_1_85' title="bbox 1834 4275 3419 4357">
    <p class='ocr_par' dir='ltr' id='par_1_85' title="bbox 1834 4275 3419 4357">
     <span class='ocr_line' id='line_1_85' title="bbox 1834 4275 3419 4357; baseline -0.008 -16"><span class='ocrx_word' id='word_1_568' title='bbox 1834 4287 1995 4343; x_wconf 92' lang='lat' dir='ltr'><strong>modo</strong></span> <span class='ocrx_word' id='word_1_569' title='bbox 2018 4302 2115 4357; x_wconf 89' lang='lat' dir='ltr'><strong>pro</strong></span> <span class='ocrx_word' id='word_1_570' title='bbox 2140 4298 2229 4341; x_wconf 86' lang='lat' dir='ltr'><strong>tua</strong></span> <span class='ocrx_word' id='word_1_571' title='bbox 2252 4285 2540 4340; x_wconf 87' lang='lat' dir='ltr'><strong>devotione</strong></span> <span class='ocrx_word' id='word_1_572' title='bbox 2567 4282 2661 4336; x_wconf 93' lang='lat' dir='ltr'><strong>tibi</strong></span> <span class='ocrx_word' id='word_1_573' title='bbox 2689 4282 2827 4355; x_wconf 87' lang='lat' dir='ltr'><strong>idem</strong></span> <span class='ocrx_word' id='word_1_574' title='bbox 2856 4278 3133 4348; x_wconf 89' lang='lat' dir='ltr'><strong>continget</strong></span> <span class='ocrx_word' id='word_1_575' title='bbox 3162 4275 3419 4345; x_wconf 83' lang='lat' dir='ltr'><strong>experiri,</strong></span> 
     </span>
    </p>
   </div>
   <div class='ocr_carea' id='block_1_86' title="bbox 1832 4368 3419 4446">
    <p class='ocr_par' dir='ltr' id='par_1_86' title="bbox 1832 4368 3419 4446">
     <span class='ocr_line' id='line_1_86' title="bbox 1832 4368 3419 4446; baseline -0.006 -17"><span class='ocrx_word' id='word_1_576' title='bbox 1832 4378 2132 4446; x_wconf 71' lang='lat' dir='ltr'><strong>prmsertim</strong></span> <span class='ocrx_word' id='word_1_577' title='bbox 2167 4390 2289 4429; x_wconf 91' lang='lat' dir='ltr'><strong>cum</strong></span> <span class='ocrx_word' id='word_1_578' title='bbox 2330 4373 2619 4428; x_wconf 89' lang='lat' dir='ltr'><strong>nmltorum</strong></span> <span class='ocrx_word' id='word_1_579' title='bbox 2655 4370 2967 4427; x_wconf 91' lang='lat' dir='ltr'><strong>testimonio</strong></span> <span class='ocrx_word' id='word_1_580' title='bbox 3005 4368 3419 4438; x_wconf 87' lang='lat' dir='ltr'><strong>comprobatum</strong></span> 
     </span>
    </p>
   </div>
   <div class='ocr_carea' id='block_1_87' title="bbox 1833 4459 3421 4530">
    <p class='ocr_par' dir='ltr' id='par_1_87' title="bbox 1833 4459 3421 4530">
     <span class='ocr_line' id='line_1_87' title="bbox 1833 4459 3421 4530; baseline -0.008 -5"><span class='ocrx_word' id='word_1_581' title='bbox 1833 4470 1905 4525; x_wconf 91' lang='lat' dir='ltr'><strong>sit</strong></span> <span class='ocrx_word' id='word_1_582' title='bbox 1947 4469 2428 4526; x_wconf 88' lang='lat' dir='ltr'><strong>clementissimum</strong></span> <span class='ocrx_word' id='word_1_583' title='bbox 2478 4476 2726 4523; x_wconf 89' lang='lat' dir='ltr'><strong>sanctmn</strong></span> <span class='ocrx_word' id='word_1_584' title='bbox 2781 4482 2904 4523; x_wconf 92' lang='lat' dir='ltr'><strong>cum</strong></span> <span class='ocrx_word' id='word_1_585' title='bbox 2946 4462 3235 4526; x_wconf 88' lang='lat' dir='ltr'><strong>desolatis,</strong></span> <span class='ocrx_word' id='word_1_586' title='bbox 3265 4459 3421 4530; x_wconf 88' lang='lat' dir='ltr'><strong>quasi</strong></span> 
     </span>
    </p>
   </div>
   <div class='ocr_carea' id='block_1_88' title="bbox 1834 4558 2964 4633">
    <p class='ocr_par' dir='ltr' id='par_1_88' title="bbox 1834 4558 2964 4633">
     <span class='ocr_line' id='line_1_88' title="bbox 1834 4558 2964 4633; baseline -0.004 -17"><span class='ocrx_word' id='word_1_587' title='bbox 1834 4562 2069 4633; x_wconf 90' lang='lat' dir='ltr'><strong>aliquem</strong></span> <span class='ocrx_word' id='word_1_588' title='bbox 2096 4578 2219 4618; x_wconf 90' lang='lat' dir='ltr'><strong>cum</strong></span> <span class='ocrx_word' id='word_1_589' title='bbox 2247 4563 2424 4619; x_wconf 88' lang='lat' dir='ltr'><strong>amico</strong></span> <span class='ocrx_word' id='word_1_590' title='bbox 2452 4576 2552 4618; x_wconf 91' lang='lat' dir='ltr'><strong>suo</strong></span> <span class='ocrx_word' id='word_1_591' title='bbox 2589 4558 2964 4617; x_wconf 87' lang='lat' dir='ltr'><strong>sermocinari.</strong></span> 
     </span>
    </p>
   </div>
   <div class='ocr_carea' id='block_1_89' title="bbox 1836 4682 3419 4765">
    <p class='ocr_par' dir='ltr' id='par_1_89' title="bbox 1836 4682 3419 4765">
     <span class='ocr_line' id='line_1_89' title="bbox 1836 4682 3419 4765; baseline -0.006 -19"><span class='ocrx_word' id='word_1_592' title='bbox 1836 4693 2073 4765; x_wconf 81' lang='lat' dir='ltr'><strong>nasterio</strong></span> <span class='ocrx_word' id='word_1_593' title='bbox 2097 4692 2395 4765; x_wconf 81' lang='lat' dir='ltr'><strong>Brunswici</strong></span> <span class='ocrx_word' id='word_1_594' title='bbox 2418 4708 2445 4744; x_wconf 91' lang='lat' dir='ltr'><strong>a</strong></span> <span class='ocrx_word' id='word_1_595' title='bbox 2471 4707 2529 4765; x_wconf 82' lang='lat' dir='ltr'><strong>se</strong></span> <span class='ocrx_word' id='word_1_596' title='bbox 2550 4700 2734 4765; x_wconf 84' lang='lat' dir='ltr'><strong>erecto</strong></span> <span class='ocrx_word' id='word_1_597' title='bbox 2772 4688 3069 4743; x_wconf 78' lang='lat' dir='ltr'><strong>recondidit</strong></span> <span class='ocrx_word' id='word_1_598' title='bbox 3095 4700 3234 4739; x_wconf 89' lang='lat' dir='ltr'><strong>anno</strong></span> <span class='ocrx_word' id='word_1_599' title='bbox 3263 4682 3419 4765; x_wconf 71' lang='lat' dir='ltr'><strong>Chri-</strong></span> 
     </span>
    </p>
   </div>
   <div class='ocr_carea' id='block_1_90' title="bbox 1834 4762 3417 4830">
    <p class='ocr_par' dir='ltr' id='par_1_90' title="bbox 1834 4762 3417 4830">
     <span class='ocr_line' id='line_1_90' title="bbox 1834 4762 3417 4830; baseline -0.006 -15"><span class='ocrx_word' id='word_1_600' title='bbox 1834 4765 1901 4816; x_wconf 87' lang='lat' dir='ltr'><strong>sti</strong></span> <span class='ocrx_word' id='word_1_601' title='bbox 1931 4764 2086 4817; x_wconf 74' lang='lat' dir='ltr'><strong>ill5‘.</strong></span> <span class='ocrx_word' id='word_1_602' title='bbox 2120 4764 2183 4815; x_wconf 75' lang='lat' dir='ltr'><strong>Et</strong></span> <span class='ocrx_word' id='word_1_603' title='bbox 2214 4774 2325 4830; x_wconf 71' lang='lat' dir='ltr'><strong>past</strong></span> <span class='ocrx_word' id='word_1_604' title='bbox 2350 4762 2670 4815; x_wconf 66' lang='lat' dir='ltr'><strong>curriculum</strong></span> <span class='ocrx_word' id='word_1_605' title='bbox 2698 4762 3229 4830; x_wconf 69' lang='lat' dir='ltr'><strong>duoruntmmpruut,</strong></span> <span class='ocrx_word' id='word_1_606' title='bbox 3257 4762 3331 4830; x_wconf 79' lang='lat' dir='ltr'><strong>uti</strong></span> <span class='ocrx_word' id='word_1_607' title='bbox 3362 4762 3417 4830; x_wconf 78' lang='lat' dir='ltr'><strong>in</strong></span> 
     </span>
    </p>
   </div>
   <div class='ocr_carea' id='block_1_91' title="bbox 1836 4822 3420 4894">
    <p class='ocr_par' dir='ltr' id='par_1_91' title="bbox 1836 4822 3420 4894">
     <span class='ocr_line' id='line_1_91' title="bbox 1836 4822 3420 4894; baseline -0.006 -9"><span class='ocrx_word' id='word_1_608' title='bbox 1836 4833 2070 4887; x_wconf 88' lang='lat' dir='ltr'><strong>llistoria</strong></span> <span class='ocrx_word' id='word_1_609' title='bbox 2100 4822 2469 4885; x_wconf 81' lang='lat' dir='ltr'><strong>translationis</strong></span> <span class='ocrx_word' id='word_1_610' title='bbox 2495 4847 2523 4883; x_wconf 91' lang='lat' dir='ltr'><strong>a</strong></span> <span class='ocrx_word' id='word_1_611' title='bbox 2552 4824 2843 4885; x_wconf 77' lang='lat' dir='ltr'><strong>Godefrido</strong></span> <span class='ocrx_word' id='word_1_612' title='bbox 2870 4822 3103 4881; x_wconf 88' lang='lat' dir='ltr'><strong>Lihnitio</strong></span> <span class='ocrx_word' id='word_1_613' title='bbox 3123 4826 3266 4879; x_wconf 86' lang='lat' dir='ltr'><strong>edita</strong></span> <span class='ocrx_word' id='word_1_614' title='bbox 3290 4825 3420 4894; x_wconf 76' lang='lat' dir='ltr'><strong>legi-</strong></span> 
     </span>
    </p>
   </div>
   <div class='ocr_carea' id='block_1_92' title="bbox 1835 4895 3391 4964">
    <p class='ocr_par' dir='ltr' id='par_1_92' title="bbox 1835 4895 3391 4964">
     <span class='ocr_line' id='line_1_92' title="bbox 1835 4895 3391 4964; baseline -0.003 -10"><span class='ocrx_word' id='word_1_615' title='bbox 1835 4911 1942 4964; x_wconf 89' lang='lat' dir='ltr'><strong>tur,</strong></span> <span class='ocrx_word' id='word_1_616' title='bbox 1974 4904 2131 4954; x_wconf 78' lang='lat' dir='ltr'><strong>vitam</strong></span> <span class='ocrx_word' id='word_1_617' title='bbox 2168 4904 2421 4956; x_wconf 78' lang='lat' dir='ltr'><strong>universa:</strong></span> <span class='ocrx_word' id='word_1_618' title='bbox 2453 4903 2625 4954; x_wconf 80' lang='lat' dir='ltr'><strong>carnis</strong></span> <span class='ocrx_word' id='word_1_619' title='bbox 2656 4916 2688 4953; x_wconf 81' lang='grc' dir='ltr'><strong>γ</strong></span> <span class='ocrx_word' id='word_1_620' title='bbox 2718 4899 2848 4953; x_wconf 80' lang='lat' dir='ltr'><strong>ldus</strong></span> <span class='ocrx_word' id='word_1_621' title='bbox 2881 4896 3177 4951; x_wconf 78' lang='lat' dir='ltr'><strong>Decembris</strong></span> <span class='ocrx_word' id='word_1_622' title='bbox 3202 4895 3391 4964; x_wconf 79' lang='lat' dir='ltr'><strong>[elicite</strong></span> 
     </span>
    </p>
   </div>
   <div class='ocr_carea' id='block_1_93' title="bbox 1831 4972 2190 5041">
    <p class='ocr_par' dir='ltr' id='par_1_93' title="bbox 1831 4972 2190 5041">
     <span class='ocr_line' id='line_1_93' title="bbox 1831 4972 2190 5041; baseline 0 -16"><span class='ocrx_word' id='word_1_623' title='bbox 1831 4983 1906 5025; x_wconf 80' lang='lat' dir='ltr'><strong>est</strong></span> <span class='ocrx_word' id='word_1_624' title='bbox 1937 4972 2190 5041; x_wconf 81' lang='lat' dir='ltr'><strong>ingressa.</strong></span> 
     </span>
    </p>
   </div>
   <div class='ocr_carea' id='block_1_94' title="bbox 1192 5176 2390 5275">
    <p class='ocr_par' dir='ltr' id='par_1_94' title="bbox 1192 5176 2390 5275">
     <span class='ocr_line' id='line_1_94' title="bbox 1192 5176 2390 5275; baseline 0.003 -9"><span class='ocrx_word' id='word_1_625' title='bbox 1192 5176 1721 5272; x_wconf 82' lang='lat' dir='ltr'><strong>VALRAMI</strong></span> <span class='ocrx_word' id='word_1_626' title='bbox 1797 5181 2390 5275; x_wconf 87' lang='lat' dir='ltr'><strong>EPISTOLA</strong></span> 
     </span>
    </p>
   </div>
   <div class='ocr_carea' id='block_1_95' title="bbox 1466 5331 2080 5389">
    <p class='ocr_par' dir='ltr' id='par_1_95' title="bbox 1466 5331 2080 5389">
     <span class='ocr_line' id='line_1_95' title="bbox 1466 5331 2080 5389; baseline 0.003 -2"><span class='ocrx_word' id='word_1_627' title='bbox 1466 5334 1553 5388; x_wconf 68' lang='lat' dir='ltr'><strong>AD</strong></span> <span class='ocrx_word' id='word_1_628' title='bbox 1592 5331 1649 5388; x_wconf 91' lang='lat' dir='ltr'><strong>S.</strong></span> <span class='ocrx_word' id='word_1_629' title='bbox 1678 5331 2080 5389; x_wconf 77' lang='lat' dir='ltr'><strong>ANSELMUM.</strong></span> 
     </span>
    </p>
   </div>
   <div class='ocr_carea' id='block_1_96' title="bbox 136 5438 3416 5583">
    <p class='ocr_par' dir='ltr' id='par_1_96' title="bbox 136 5438 3416 5583">
     <span class='ocr_line' id='line_1_96' title="bbox 136 5438 3416 5583; baseline 0 -79"><span class='ocrx_word' id='word_1_630' title='bbox 136 5438 571 5521; x_wconf 77' lang='lat' dir='ltr'><strong>Conqueritur</strong></span> <span class='ocrx_word' id='word_1_631' title='bbox 601 5442 674 5503; x_wconf 86' lang='lat' dir='ltr'><strong>de</strong></span> <span class='ocrx_word' id='word_1_632' title='bbox 698 5444 1006 5505; x_wconf 68' lang='lat' dir='ltr'><strong>varietate</strong></span> <span class='ocrx_word' id='word_1_633' title='bbox 1038 5446 1547 5506; x_wconf 70' lang='lat' dir='ltr'><strong>ca&#39;remom&#39;arum</strong></span> <span class='ocrx_word' id='word_1_634' title='bbox 1591 5446 1759 5583; x_wconf 42' lang='lat' dir='ltr'><strong>initer</strong></span> <span class='ocrx_word' id='word_1_635' title='bbox 1793 5445 2021 5507; x_wconf 77' lang='lat' dir='ltr'><strong>altaris</strong></span> <span class='ocrx_word' id='word_1_636' title='bbox 2062 5448 2445 5527; x_wconf 73' lang='lat' dir='ltr'><strong>sacriﬁcium</strong></span> <span class='ocrx_word' id='word_1_637' title='bbox 2470 5448 2642 5507; x_wconf 72' lang='lat' dir='ltr'><strong>carie</strong></span> <span class='ocrx_word' id='word_1_638' title='bbox 2669 5466 2705 5505; x_wconf 88' lang='lat' dir='ltr'><strong>a</strong></span> <span class='ocrx_word' id='word_1_639' title='bbox 2734 5446 2932 5508; x_wconf 74' lang='lat' dir='ltr'><strong>rariis</strong></span> <span class='ocrx_word' id='word_1_640' title='bbox 2962 5444 3282 5508; x_wconf 73' lang='lat' dir='ltr'><strong>observari</strong></span> <span class='ocrx_word' id='word_1_641' title='bbox 3306 5462 3416 5506; x_wconf 75' lang='lat'><strong>80-</strong></span> 
     </span>
     <span class='ocr_line' id='line_1_97' title="bbox 1678 5534 1929 5583; baseline 0 0"><span class='ocrx_word' id='word_1_642' title='bbox 1678 5534 1929 5583; x_wconf 71' lang='lat' dir='ltr'><strong>Harum.</strong></span> 
     </span>
    </p>
   </div>
   <div class='ocr_carea' id='block_1_97' title="bbox 1678 5534 1929 5587">
    <p class='ocr_par' dir='ltr' id='par_1_97' title="bbox 1678 5534 1929 5587">
     <span class='ocr_line' id='line_1_98' title="bbox 1678 5534 1929 5587; baseline 0.016 -4"><span class='ocrx_word' id='word_1_643' title='bbox 1678 5534 1929 5587; x_wconf 75' lang='lat' dir='ltr'><strong>Harum.</strong></span> 
     </span>
    </p>
   </div>
   <div class='ocr_carea' id='block_1_98' title="bbox 211 5626 3343 5787">
    <p class='ocr_par' dir='ltr' id='par_1_98' title="bbox 211 5626 3343 5787">
     <span class='ocr_line' id='line_1_99' title="bbox 211 5626 3343 5787; baseline 0.002 -90"><span class='ocrx_word' id='word_1_644' title='bbox 211 5626 431 5706; x_wconf 72' lang='lat' dir='ltr'><strong>(Exstat</strong></span> <span class='ocrx_word' id='word_1_645' title='bbox 471 5654 610 5700; x_wconf 81' lang='lat' dir='ltr'><strong>inter</strong></span> <span class='ocrx_word' id='word_1_646' title='bbox 637 5643 811 5719; x_wconf 84' lang='lat' dir='ltr'><strong>Opera</strong></span> <span class='ocrx_word' id='word_1_647' title='bbox 838 5646 895 5704; x_wconf 88' lang='lat' dir='ltr'><strong>S.</strong></span> <span class='ocrx_word' id='word_1_648' title='bbox 923 5647 1187 5717; x_wconf 81' lang='lat' dir='ltr'><strong>Auselmi,</strong></span> <span class='ocrx_word' id='word_1_649' title='bbox 1233 5648 1484 5705; x_wconf 81' lang='lat' dir='ltr'><strong>tractatui</strong></span> <span class='ocrx_word' id='word_1_650' title='bbox 1530 5648 1603 5772; x_wconf 55' lang='lat' dir='ltr'><strong>Dp</strong></span> <span class='ocrx_word' id='word_1_651' title='bbox 1644 5659 2114 5787; x_wconf 52' lang='lat' dir='ltr'><strong>sacLalrnVelrliltqrum</strong></span> <span class='ocrx_word' id='word_1_652' title='bbox 2139 5648 2455 5708; x_wconf 87' lang='lat' dir='ltr'><strong>diversitate</strong></span> <span class='ocrx_word' id='word_1_653' title='bbox 2487 5649 2785 5721; x_wconf 67' lang='lat' dir='ltr'><strong>prmmissa.</strong></span> <span class='ocrx_word' id='word_1_654' title='bbox 2827 5649 2962 5707; x_wconf 79' lang='lat' dir='ltr'><strong>Vide</strong></span> <span class='ocrx_word' id='word_1_655' title='bbox 3000 5647 3343 5719; x_wconf 60' lang='lat' dir='ltr'><strong>Patroiogia,</strong></span> 
     </span>
     <span class='ocr_line' id='line_1_100' title="bbox 1594 5733 1962 5771; baseline -0.008 0"><span class='ocrx_word' id='word_1_656' title='bbox 1594 5733 1700 5771; x_wconf 90' lang='lat' dir='ltr'><strong>om.</strong></span> <span class='ocrx_word' id='word_1_657' title='bbox 1952 5757 1962 5768; x_wconf 89' lang='lat'><strong>.</strong></span> 
     </span>
    </p>
   </div>
   <div class='ocr_carea' id='block_1_99' title="bbox 1594 5733 1962 5771">
    <p class='ocr_par' dir='ltr' id='par_1_99' title="bbox 1594 5733 1962 5771">
     <span class='ocr_line' id='line_1_101' title="bbox 1594 5733 1962 5771; baseline -0.008 0"><span class='ocrx_word' id='word_1_658' title='bbox 1594 5733 1700 5771; x_wconf 90' lang='lat' dir='ltr'><strong>om.</strong></span> <span class='ocrx_word' id='word_1_659' title='bbox 1744 5733 1962 5770; x_wconf 65' lang='lat' dir='ltr'><strong>LLVIII.</strong></span> 
     </span>
    </p>
   </div>
  </div>
