3928 6298
490 420 3683 482 W

1722 619 1909 662 CIRCA
1954 616 2181 661 ANNUM
2223 613 2455 659 DOMINI
2492 615 2631 659 HC!

1539 720 2815 1001 GILBERTUS

963 1097 1617 1193 EPISCOPUS
1692 1100 1817 1188 IN
1889 1094 2486 1187 HIBERNIA
2558 1093 3275 1185 LUNICENSIS

1384 1494 1987 1609 NOTITIA
2074 1488 2841 1607 HISTORICA

1266 1712 1510 1783 (FADRIC.
1554 1712 1882 1768 BibliOtltcca
1910 1711 2102 1766 media:
2134 1721 2187 1766 et
2209 1710 2407 1765 iuﬁmre
2442 1708 2694 1775 Latinit.,
2727 1709 2814 1774 lll,
2847 1709 2959 1779 57)·

550 1875 826 1940 Gihertus,
880 1876 1165 1944 episcopus
1207 1873 1259 1927 in
1324 1872 1578 1927 Hibernia
1614 1872 1930 1926 Lunieensis
1971 1869 2066 1942 [ται.
2118 1866 2516 1937 Lumniecnsisj
2561 1868 2720 1923 hodie
2762 1867 3131 1924 Limericensis
3162 1868 3309 1924 circa
3340 1883 3552 1923 annum
3602 1869 3752 1935 mo,

552 1956 758 1991 nprstes
782 1946 957 1991 mllmn
980 1960 1123 1991 anno
1146 1944 1303 1991 H39.
1336 1944 1553 1991 scrinsit
1579 1942 1813 1991 libellum
1850 1942 1923 1991 De
1943 1951 2085 1991 slalu
2122 1937 2392 1991 Ecclesiae.
2430 1941 2633 1991 editum
2667 1938 2735 1991 ab
2787 1939 3007 1991 Usserio
3038 1940 3089 1991 in
3145 1939 3414 1991 Epistolis
3461 1938 3752 1991 Hibernicis

483 1956 758 2015 superstes
782 1938 957 1999 adhuc
980 1938 1123 1999 anno
1146 1944 1303 2005 H59,
1336 1944 1553 2011 scripsit
1579 1942 1813 1997 libellqu
1850 1942 1923 1995 De
1943 1938 2085 1994 siam
2122 1938 2392 2000 Ecclesiae,
2430 1941 2633 1993 editum
2667 1938 2735 1992 ab
2787 1939 3007 1993 Usserio
3038 1940 3089 1993 in
3145 1939 3414 2008 Epistolis
3461 1938 3756 1994 Hibernicis

483 2030 536 2088 ρ.
568 2017 743 2088 78ηει
765 2014 1009 2088 Gilberto
1038 2014 1286 2088 Crispino
1312 2029 1594 2088 perperam
1631 2014 1948 2088 trilmtum_a
1976 2010 2155 2088 Pitseo
2183 2024 2233 2076 p.
2424 2007 2694 2088 lfrzeniisit
2724 2006 2987 2088 lisserius
3012 2010 3260 2088 ejusdem
3293 2008 3534 2088 Gilberti
3561 2011 3779 2079 episto.‘

523 2055 536 2068 .
570 2030 657 2080 '18,
688 2030 743 2069 et
765 2030 1009 2069 unmerto
1038 2030 1286 2083 brtsptno
1312 2030 1594 2084 perperam
1631 2030 1887 2066 trtttttlttm
1918 2030 1946 2063 tl
1977 2030 2155 2063 rttscu
2183 2030 2233 2076 p.
2266 2030 2385 2062 tuo.
2426 2030 2694 2062 rrtemlsu
2734 2030 2987 2063 usscrlus
3013 2030 3260 2076 ejusuetn
3293 2030 3534 2065 bltnertt
3561 2030 3690 2079 epla

477 2030 586 2140 iam
615 2086 682 2140 ad
711 2085 992 2156 episcopos
1018 2094 1072 2139 et
1111 2084 1460 2155 presbyteros
1490 2082 1764 2137 Hiberniae
1797 2097 1849 2150 p.
1884 2081 1969 2146 77,
1998 2079 2281 2146 subjuucta
2301 2079 2369 2133 88
2398 2078 2565 2132 altera
2589 2078 2736 2134 brevi
2765 2078 2833 2133 ad
2860 2078 3179 2134 Anselmum
3210 2080 3690 2137 Cantuariensem.

1321 2510 1995 2626 GILBERTI
2080 2506 2934 2657 LUNICENSIS

1229 2732 1322 2787 AD
1350 2729 1729 2788 EPISCOPOS
1768 2727 2127 2785 lllBERNUE
2159 2728 2249 2784 DE
2283 2727 2418 2784 USU
2457 2725 2995 2784 ECCLESIASTICO

1647 2909 1951 2981 (Usssmus,
1983 2906 2153 2978 Epist.
2189 2904 2435 2972 Hiberna,
2460 2922 2512 2976 ρ.
2537 2906 2651 2975 77.)

548 3252 825 3337 Episcopis
854 3262 953 3335 [et]
976 3261 1302 3333 presbyteris
1325 3260 1489 3316 totius
1509 3257 1804 3323 Hibernia,
1838 3258 2055 3313 inﬁmus
2085 3261 2130 3316 Λ
2163 3261 2303 3315 facta
2333 3258 2621 3329 dispersio,
2657 3258 2725 3312 ad
2754 3257 3013 3312 unitatem
3045 3256 3097 3311 in
3122 3258 3425 3327 apostolica
3451 3258 3757 3313 humilitate

472 3359 760 3431 pmsulum
787 3354 956 3412 GILLs
987 3354 1306 3410 Lunicensis
1332 3353 1385 3408 in
1413 3352 1632 3407 Christo
1666 3351 1916 3406 salutem.

549 3450 792 3518 Rogatu,
825 3462 923 3501 uec
949 3462 1054 3501 non
1083 3454 1137 3501 et
1167 3456 1437 3517 praecepto
1466 3443 1756 3499 multorum
1778 3458 1845 3498 ex
1875 3442 2050 3507 vobis,

474 3540 803 3603 charissimi,
828 3536 1193 3593 canonicalem
1219 3536 1665 3591 consuetudinem
1700 3537 1754 3591 in
1783 3535 2055 3591 discendis

476 3630 625 3685 horis
648 3638 701 3685 et
728 3629 1032 3700 peragenda
1064 3628 1227 3683 totius
1243 3627 1629 3683 ecclesiasticis
1654 3627 1860 3683 ordinis
1880 3625 2055 3682 olﬁcio

474 3720 713 3776 scribere
742 3731 967 3776 conatus
989 3735 1127 3783 sum,
1164 3735 1267 3774 non
1297 3720 1701 3791 prmsumptivo,
1741 3720 1835 3775 sed
1859 3729 2056 3774 vestrae

472 3812 694 3881 cupiens
725 3825 913 3880 parere
940 3810 1463 3881 piissimaejussioni,
1499 3821 1557 3864 ut
1582 3811 1780 3865 diversi
1812 3820 1866 3865 et
1912 3810 2057 3865 schi-

473 3903 684 3958 smatici
710 3902 782 3956 illi
806 3903 1045 3967 ordines,
1068 3903 1266 3972 quibus
1290 3901 1544 3956 Hibernia
1568 3918 1704 3971 pene
1730 3912 1841 3957 tota
1872 3903 2056 3957 delusa

471 4003 582 4064 est,
610 3995 699 4049 ttni
747 3994 1018 4048 catholico
1070 4004 1124 4048 et
1162 3994 1404 4049 Romano
1443 3996 1641 4049 cedant
1678 3994 1886 4050 Ollicio.
1918 3994 2079 4062 Quid.

470 4082 615 4144 enim
642 4087 814 4158 magis
852 4088 1104 4143 indecens
1137 4096 1228 4141 aut
1254 4089 1662 4143 schism'tticum
1692 4088 1800 4142 dici
1837 4088 2054 4157 poterit.

472 4198 634 4251 quam
662 4181 1032 4236 doctissimum
1059 4182 1221 4237 unius
1249 4183 1459 4237 ordinis
1491 4183 1541 4236 in
1571 4183 1793 4237 alterius
1817 4181 2056 4238 Ecclesia

472 4274 697 4328 idiotam
727 4284 781 4327 et
810 4274 1003 4328 laicum
1045 4274 1197 4329 ﬁeri?
1233 4274 1552 4346 Quicunque
1601 4291 1732 4348 ergo
1779 4278 2059 4333 catholica:

474 4363 776 4417 membrum
806 4378 863 4418 se
886 4364 1169 4433 proﬁtetur
1197 4365 1471 4429 Ecclesiae,
1494 4369 1635 4422 sicut
1657 4385 1759 4421 una
1793 4369 1915 4432 ﬁde,
1942 4384 2056 4438 spe,

472 4454 762 4520 cbaritate,
798 4455 852 4509 in
895 4471 1123 4526 corpore
1161 4456 1429 4525 jungitur,
1461 4460 1533 4513 ita
1566 4458 1729 4515 Deum
1760 4476 1855 4517 ore
1885 4472 1940 4518 et
1968 4478 2061 4517 or-

471 4543 600 4598 dine
628 4560 751 4599 cum
799 4546 1014 4601 caeteris
1060 4547 1319 4603 membris
1357 4548 1577 4604 laudare
1617 4549 1854 4618 iubetur.
1906 4552 2059 4608 Unde

471 4631 795 4704 Apostolus:
827 4634 895 4691 Ut
918 4639 1189 4693 unanimes
1233 4655 1337 4695 uno
1372 4655 1459 4696 ore
1498 4642 1849 4711 [tortoriﬁcetis
1891 4622 2058 4699 Deum

473 4725 653 4797 (Rom.
682 4742 773 4798 xv,
809 4728 885 4801 6).
918 4730 1070 4786 Sicut
1096 4731 1259 4801 igitur
1293 4731 1593 4802 linguarum
1623 4751 1719 4806 per
1748 4737 2055 4806 superbiam

544 4918 620 4991 (l)
662 4920 1064 4995 _Subjiciebatur
1111 4924 1162 4979 in
1218 4937 1348 4980 mss.
1377 4925 1575 4995 quibus
1619 4926 1708 4980 hic
1754 4928 1836 4983 usi
1869 4944 2057 4986 sumus

475 4990 898 5068 exemplaribus,
929 4990 1180 5068 Ecclesia:
1236 4990 1438 5068 depicta
1460 4997 1635 5068 imago
1666 4997 1840 5068 (cujus
1870 5000 1923 5053 in
1961 5016 2050 5055 su-

472 5062 671 5137 periori
696 5062 916 5137 prologo
938 5062 1079 5137 facta
1098 5072 1186 5137 est
1207 5062 1432 5130 mentio,
1455 5076 1507 5120 et
1530 5062 1590 5121 in
1606 5062 1850 5137 proximo
1871 5069 2051 5126 libello

475 5131 720 5216 sequitur
740 5131 1558 5216 explieatio),_bac_circunulata
1580 5131 1898 5216 summa.
1914 5141 2052 5195 Area

470 5209 697 5279 figurant
724 5204 908 5257 mundi
927 5204 1109 5258 [tabuit
1134 5222 1154 5269 ,'
1191 5206 1293 5274 fuit
1320 5210 1455 5260 enim
1480 5204 1853 5263 tricamerata'f
1868 5208 1937 5264 1η
1963 5228 2053 5264 su-

471 5271 667 5337 periori
693 5283 841 5339 parte
886 5284 1036 5329 erant
1065 5271 1205 5343 am,
1239 5286 1487 5347 tanquam
1516 5280 1687 5350 angeli
1715 5281 1772 5335 in
1810 5282 1957 5336 celo.
1984 5280 2053 5335 In

2158 3350 2317 3405 ducta
2368 3356 2479 3415 est,
2518 3348 2599 3404 sic
2636 3347 2890 3403 ordinum
2939 3362 3040 3418 per
3084 3348 3477 3419 negligentiam
3515 3359 3574 3404 et
3622 3366 3753 3420 ιιι-ῖς-

2157 3440 2516 3509 sumptionem
2545 3447 2733 3495 exorta
2775 3438 3043 3506 confusio,
3088 3442 3155 3494 ad
3205 3452 3596 3496 consecratam
3656 3440 3755 3495 Eo.

2158 3549 2330 3588 mante
2385 3531 2641 3588 Ecclesia
2699 3532 2937 3603 regulam
2995 3546 3092 3602 per
3124 3542 3369 3587 vestrum
3420 3534 3667 3587 studium
3710 3542 3759 3586 et

2157 3624 2516 3681 humilitatem
2571 3625 2817 3681 ducenda
2880 3633 2985 3679 est.
3049 3624 3325 3692 Quantum
3385 3641 3519 3695 ergo
3568 3626 3758 3680 debeat

2160 3730 2367 3772 morum
2400 3718 2579 3773 unitas
2603 3717 2811 3773 servari
2842 3733 2870 3770 a
2903 3716 3172 3781 ﬁdelibus,
3200 3718 3456 3788 quamvis
3478 3734 3551 3773 ex
3583 3718 3757 3773 multis

2159 3808 2293 3863 locis
2331 3824 2500 3864 sacrae
2531 3808 2827 3879 Scriptura:
2859 3806 3205 3862 manifestum
3240 3809 3346 3872 sit,
3390 3824 3643 3879 pnesens
3688 3818 3761 3859 ta—

2161 3914 2281 3954 men
2314 3898 2565 3954 Ecclesia:
2588 3899 2797 3968 depicta
2830 3899 3007 3970 imago
3032 3898 3202 3953 oculis
3230 3900 3479 3969 subjecta
3509 3909 3760 3969 patenter

2158 4000 2413 4055 ostendit.
2462 3998 2705 4068 Namque
2732 3998 2915 4052 omnia
2945 3996 3199 4052 Ecclesia
3228 3997 3474 4051 membra
3506 3999 3605 4050 υιιὶ
3652 3997 3757 4065 epi-

2159 4105 2322 4161 scopo
2351 4090 2604 4145 videlicet
2628 4090 2867 4156 Christo,
2906 4088 3133 4161 ejusque
3161 4089 3368 4144 vicario
3400 4092 3568 4144 beato
3602 4088 3755 4143 Petro

2166 4181 2436 4251 apostolo,
2466 4189 2632 4251 atque
2663 4182 2716 4235 in
2749 4181 2867 4251 ejus
2896 4181 3023 4236 sede
3068 4178 3380 4252 praesidenti
3429 4181 3755 4248 apostolico,

2161 4279 2352 4350 subjici
2382 4288 2436 4334 et
2464 4280 2530 4334 ab
2554 4279 2633 4334 eis
2667 4278 2981 4333 manifestat
3006 4278 3318 4349 gubernari.
3361 4276 3491 4331 Haec
3547 4277 3756 4331 tandem

2160 4369 2381 4439 prscmia
2411 4384 2510 4440 pro
2546 4370 2755 4424 tantulo
2785 4384 2952 4439 opere
2997 4384 3026 4423 a
3080 4369 3234 4424 vobis
3281 4368 3541 4422 omnibus
3600 4383 3757 4437 expo-

2162 4460 2342 4524 stulo;
2376 4470 2456 4527 ut,
2490 4461 2631 4516 sicut
2662 4460 2750 4515 hic
2780 4461 2950 4517 Deum
2998 4475 3107 4515 uno
3136 4459 3302 4514 corde
3333 4467 3389 4515 et
3418 4474 3517 4514 ore
3544 4460 3755 4512 laudare

2163 4551 2443 4617 debemus,
2470 4551 2552 4606 sic
2585 4552 2633 4606 ei
2654 4590 2671 4616 ,
2704 4552 2902 4607 vestris
2931 4551 3185 4623 precibus
3231 4548 3485 4618 adjutus,
3520 4566 3629 4604 una
3670 4565 3745 4602 vo

2167 4642 2374 4697 hiscum
2438 4643 2671 4714 psallere
2746 4644 2801 4698 in
2872 4643 3188 4700 caelestibus
3224 4654 3234 4713 ι
3264 4642 3448 4697 valere
3523 4657 3750 4697 merear.

2164 4734 2335 4790 Amen
2371 4734 2469 4805 (l).

2166 4931 2340 4986 medio
2398 4933 2821 5004 eranthomines
2850 4932 3067 5004 (scilicet
3099 4931 3238 4997 Noe,
3280 4943 3327 4987 et
3365 4932 3577 5003 familia
3622 4932 3753 5001 ejus)

2158 5012 2405 5073 tanquam
2455 5004 2524 5073 in
2546 5002 2643 5056 hoc
2672 5002 2889 5058 mundo.
2924 5002 2990 5058 In
3016 5004 3123 5057 imo
3151 5002 3409 5058 animalia
3453 5015 3502 5059 et
3533 5004 3751 5072 reptilia,

2157 5072 2408 5143 tanquam
2438 5072 2629 5127 anima:
2652 5072 2707 5143 in
2734 5073 2961 5142 inferno.
2996 5073 3223 5134 Verum.
3250 5075 3323 5129 ob
3344 5073 3753 5143 chalcographi-

2156 5156 2343 5267 foé‘um
2365 5150 2619 5269 taretorum
2645 5142 2935 5213 defectum,
2954 5143 3173 5201 schema
3206 5144 3339 5201 illud
3368 5145 3547 5202 coacti
3570 5142 3753 5200 sumus

2180 5228 2214 5266 ιι
2270 5227 2377 5267 om:
2468 5227 2545 5268 re.

2180 5227 2248 5267 uc
2270 5227 2545 5268 omittere.
