3928 6298
1030 337 1350 401 GILBER'H
1387 333 1729 394 LUNENSIS
1770 333 1859 390 DE
1898 331 2127 390 STATU
2168 329 2547 389 ECCLESltE.

3325 329 3434 387 998

150 474 3434 513 MM

1012 636 1681 754 GILBERTI
1768 637 2622 753 LUNICENSIS

1644 872 2007 962 LIBER

452 1089 780 1254 DE
916 1080 1709 1249 STATU

1839 1066 3154 1248 ECCLESl/E.

1432 1332 1741 1402 (Usssmus,
1769 1332 1923 1399 ibid.,
1955 1348 2008 1403 p.
2034 1332 2150 1403 78.)

215 1660 404 1730 Imago
450 1654 716 1729 generalis
770 1648 1026 1706 Ecclesiae
1075 1659 1239 1714 supra
1289 1651 1505 1705 notata,
1535 1623 1914 1710 primas-Aab
1961 1635 2081 1690 aliis
2134 1636 2309 1691 victus
2361 1634 2644 1705 penuriam
2704 1636 2967 1707 repellat;
3021 1638 3174 1694 tertia
3226 1641 3436 1698 militia

142 1752 435 1807 nominum
480 1748 690 1800 litteras
715 1758 813 1813 pro
844 1742 971 1811 ipsis
1008 1736 1318 1793 nominibus
1356 1734 1563 1788 idcirco
1604 1745 1741 1787 con—

144 1847 331 1909 tinet;
371 1842 493 1912 quia
522 1839 748 1909 spatium
780 1833 1049 1889 scribendi
1084 1831 1194 1900 ipsa
1231 1829 1449 1885 nomina
1483 1834 1593 1880 tota
1635 1837 1740 1876 non

138 1937 341 1991 habet.
390 1931 571 1984 Infima
607 1939 783 1981 tamen
835 1925 974 1978 linea
1031 1923 1132 1975 tria
1176 1921 1292 1975 htec
1336 1927 1444 1972 tota
1481 1913 1741 1970 vocabula

137 2023 433 2090 describit,
468 2018 749 2083 monialcs,
777 2014 1144 2078 canonicales,
1165 2012 1250 2066 vel
1297 2007 1647 2064 universales.
1677 2005 1742 2058 Et

140 2132 267 2179 tom
308 2120 525 2191 quidem
573 2118 749 2184 imago
797 2111 1094 2184 pyramidis
1150 2108 1379 2161 formam
1406 2101 1736 2191 praetendit;

138 2215 279 2285 quia
314 2190 540 2266 inferius
570 2204 746 2274 ampla
774 2212 877 2266 est,
920 2201 1009 2255 ubi
1066 2196 1314 2253 carnales
1344 2203 1400 2249 et
1420 2190 1739 2260 coniugatus

139 2284 384 2372 recipit;
427 2298 675 2369 superius
694 2304 875 2349 autem
899 2299 1082 2354 acuta,
1115 2289 1205 2343 ubi
1230 2295 1441 2341 arctam
1476 2284 1621 2338 viam
1655 2296 1739 2335 re-

139 2395 358 2467 ligiosis
411 2400 466 2446 et
512 2388 775 2446 ordinatis
824 2384 1096 2456 proponit.
1143 2380 1253 2436 Nec
1308 2378 1420 2434 sola
1470 2371 1740 2446 generalis

139 2488 324 2544 forma
352 2482 600 2554 superius
629 2488 906 2543 arctatur;
941 2475 1034 2531 sed
1064 2483 1118 2527 et
1142 2470 1445 2543 singulares
1469 2464 1737 2530 formulae,

138 2595 287 2651 quas
308 2579 425 2648 ipsa
454 2574 711 2636 continet,
741 2573 793 2624 in
823 2582 1078 2640 supremo
1100 2573 1389 2620 acuuntur.

219 2674 400 2727 Prima
431 2684 559 2739 ergo
586 2663 867 2737 pyramide
894 2665 1078 2732 (quam
1118 2658 1171 2711 in
1194 2655 1413 2710 sinistra
1441 2658 1598 2721 parte
1646 2662 1738 2702 re-

137 2764 352 2837 spicis,
382 2761 444 2816 P.
493 2753 877 2826 subscriptum)
923 2750 1225 2822 parochiam
1272 2746 1583 2806 nominant;
1617 2754 1739 2809 quas

137 2860 198 2913 in
245 2869 459 2912 summo
497 2850 817 2905 sacerdotem
844 2848 1026 2908 habet,
1061 2851 1115 2897 et
1139 2841 1239 2895 sub
1267 2840 1383 2909 ipso
1413 2837 1696 2889 diaconum
1718 2873 1735 2899 ,

140 2947 372 3004 tertium
416 2941 816 3002 subdiaconum,
862 2942 1116 3004 quartum
1161 2928 1445 2998 acolytum,
1486 2924 1734 2993 quintum
1771 2968 1813 3022 Β

138 3036 481 3100 exorcistam,
539 3039 754 3085 sextum
799 3034 1063 3086 lectorem,
1117 3021 1405 3090 septimum
1437 3016 1733 3069 ostiarium.

138 3129 446 3186 Amelarius
499 3134 680 3180 tamen
741 3135 933 3176 novem
988 3117 1119 3171 dicit
1177 3113 1377 3184 gradus
1438 3108 1733 3172 Ecclesiae;

138 3221 354 3277 addens
385 3216 714 3285 psalmistam
763 3220 820 3265 et
863 3210 1179 3279 episcopum.
1210 3204 1315 3259 Sed
1340 3210 1518 3255 tamen
1541 3199 1740 3268 episco-

138 3328 269 3382 pus,
295 3307 734 3376 archiepiscopus,
764 3299 1077 3373 patriarchas
1106 3308 1162 3350 et.
1191 3293 1487 3364 praphetw,
1512 3302 1740 3359 genera-

140 3403 218 3457 lis
260 3398 515 3454 Ecclesia:
540 3394 741 3464 gradus
788 3401 945 3454 sunt;
978 3385 1271 3457 singularis
1304 3396 1431 3436 vero
1476 3380 1597 3434 ideo
1632 3377 1739 3431 illis

140 3500 362 3547 tantum
393 3484 766 3556 superioribus
794 3480 1031 3551 perfecta
1054 3486 1166 3541 est;
1188 3476 1311 3545 quia
1340 3474 1392 3529 iu
1418 3471 1741 3539 baptismate

137 3594 204 3637 et
250 3591 478 3647 corpore
522 3571 734 3627 Domini
790 3569 1000 3624 veniam
1056 3564 1351 3634 largiendo,
1421 3560 1560 3614 lilios
1615 3572 1742 3612 suos

140 3673 339 3729 fideles
367 3671 432 3725 ad
461 3668 738 3724 crelestcm
774 3662 1005 3734 patriam
1052 3656 1389 3713 transmittit.
1431 3652 1570 3719 Quia
1608 3665 1740 3704 vero

138 3765 380 3836 quilibet
427 3764 493 3815 de
542 3759 708 3813 choro
743 3755 854 3810 sola
898 3752 1142 3822 jussione
1194 3746 1501 3820 presbyteri
1560 3750 1742 3814 potest

138 3856 328 3913 olIicio
350 3853 635 3924 psalmistte
666 3849 836 3919 fungi,
862 3845 1093 3916 psallere
1114 3842 1317 3898 scilicet
1347 3839 1463 3895 sive
1493 3845 1738 3901 cantare,

141 3953 205 4006 in
260 3960 487 4003 numero
512 3942 775 4014 graduum
810 3936 1068 3993 Ecclesiae
1099 3934 1400 4005 psalmisttts
1444 3945 1549 3984 non
1582 3926 1740 3997 poni-

141 4054 295 4095 mus.
335 4036 553 4104 Septem
584 4046 712 4099 ergo
735 4028 937 4099 gradus
960 4042 989 4080 a
1017 4024 1314 4095 septiformi
1338 4020 1531 4092 spiritu
1558 4020 1743 4088 singu-

141 4131 220 4187 lis
245 4127 427 4185 collati
464 4134 590 4181 sunt
628 4121 921 4186 Ecclesiis;
970 4118 1099 4189 quia
1129 4115 1382 4187 quamvis
1427 4111 1654 4183 singqu
1685 4109 1741 4164 in

141 4225 232 4282 eis
252 4235 496 4294 personte
520 4233 623 4273 non
651 4214 931 4279 serviant,
965 4225 1155 4266 omnes
1183 4218 1361 4263 tamen
1386 4215 1589 4274 septem
1618 4218 1743 4273 gra-

1845 1727 2028 1781 studio
2051 1728 2253 1791 dedita,
2284 1736 2509 1782 caeteros
2549 1743 2578 1781 a
2626 1729 2875 1797 corporis
2933 1730 3181 1786 hostibus
3210 1748 3431 1788 securos

1844 1820 2055 1874 reddat.

1915 1912 2162 1968 Secunda
2191 1928 2322 1967 vero
2351 1912 2590 1984 pyramis
2638 1914 3002 1969 subscribitur
3027 1917 3431 1982 monasterium;

1842 2014 1896 2061 et
1921 2006 2083 2061 habet
2114 2007 2167 2060 iu
2209 2006 2459 2061 acumine
2496 2005 2756 2071 abbatem,
2786 2015 2839 2060 et
2888 2007 2988 2060 sub
3020 2007 3134 2073 ipso
3170 2022 3264 2062 sex
3303 2025 3429 2078 gra-

1844 2097 1981 2162 dus;
2012 2097 2101 2168 qui
2149 2098 2262 2167 ipse
2290 2098 2548 2151 sacerdos
2583 2106 2685 2159 est,
2716 2105 2879 2166 atque
2927 2097 3029 2151 sub
3066 2099 3170 2153 hiis
3200 2110 3433 2154 oratores

1846 2198 2088 2253 tantum;
2124 2189 2379 2259 quoniam
2412 2203 2517 2241 non
2558 2197 2641 2242 est
2686 2191 3076 2245 monachorum
3126 2191 3431 2260 baptizare.

1843 2281 2266 2346 communicare,
2308 2291 2400 2334 aut
2425 2281 2642 2351 aliquod
2665 2282 3098 2337 ecclesiasticum
3130 2284 3283 2338 laicis
3333 2285 3427 2338 mi-

1843 2371 2106 2436 nistrare;
2140 2371 2243 2424 nisi
2284 2369 2443 2434 forte,
2479 2380 2708 2439 cogente
2756 2372 3101 2437 necessitate,
3143 2373 3431 2441 imperanti

1842 2462 2094 2531 episcopo
2131 2461 2404 2516 obediant.
2433 2459 2672 2527 Quorum
2700 2463 3034 2532 propositum
3062 2473 3146 2518 est
3176 2464 3273 2518 soli
3300 2464 3429 2527 Deo,

1844 2554 2048 2609 relictis
2070 2554 2441 2617 smcularibus,
2476 2552 2529 2606 in
2558 2553 2807 2608 oratione
2838 2569 3051 2610 vacare.

1916 2642 2025 2697 Has
2053 2642 2233 2710 itaque
2263 2641 2399 2694 duas
2430 2642 2739 2712 pyramides
2770 2644 3094 2713 (parochiam
3127 2645 3334 2701 scilicet
3376 2655 3434 2703 et

1843 2732 2150 2798 coenobium)
2205 2728 2475 2799 subjectus
2521 2733 2761 2802 possidet
2801 2734 3117 2802 pontiﬁcalis
3146 2736 3428 2804 Ecclesia;

1843 2832 2035 2892 quaeet
2063 2822 2200 2890 ipsa,
2226 2821 2278 2875 in
2311 2822 2529 2874 modum
2560 2810 2877 2891 pyramidis,
2922 2823 2988 2876 ad
3020 2825 3189 2878 basim
3222 2825 3431 2880 duabus

1843 2913 2142 2967 minoribus
2168 2910 2365 2980 ampla,
2397 2912 2450 2964 in
2478 2926 2731 2980 supremo
2752 2912 2968 2965 acuitur
2989 2922 3043 2967 et
3068 2915 3434 2969 subscribitur

1839 3011 2185 3078 episcopatus,
2214 3023 2310 3077 pro
2330 3022 2393 3061 eo
2423 3007 2565 3076 quod
2591 3007 2846 3076 episcopo
2872 3007 2924 3061 in
2955 3024 3164 3063 summa
3191 3011 3320 3064 sede
3349 3011 3434 3064 di-

1841 3101 2052 3171 rigitur.
2103 3099 2223 3161 Cui,
2273 3114 2367 3169 pro
2396 3098 2665 3168 parvitate
2704 3100 2887 3169 spatii,
2940 3101 3162 3171 parvula
3216 3104 3433 3171 punctis

1839 3199 2022 3245 notata
2050 3191 2372 3261 supponitur
2394 3192 2665 3260 pyramis;
2696 3202 2755 3246 ut
2789 3192 3026 3247 declaret
3051 3193 3346 3263 episcopum
3374 3194 3428 3247 in

1838 3283 2066 3340 ecclesia
2103 3285 2335 3353 propria:
2380 3282 2525 3337 sedis
2560 3284 2758 3339 habere
2794 3284 3104 3339 sacerdotes
3125 3293 3178 3338 et
3205 3293 3431 3339 caeteros

1840 3390 1932 3431 sex
1962 3377 2182 3446 gradus,
2225 3384 2278 3430 et
2330 3384 2439 3431 tres
2485 3376 2852 3443 supradictus.
2883 3374 3119 3429 fidelium
3166 3358 3424 3435 ordines;

1840 3470 1983 3539 quod
2009 3484 2076 3524 ex
2122 3484 2350 3524 numero
2380 3477 2700 3538 punctorum
2730 3476 2897 3537 patet.
2934 3465 3042 3521 Nec
3081 3467 3280 3545 idcirco
3310 3468 3428 3521 dure

1843 3571 2054 3616 tantum
2084 3560 2341 3616 Ecclesiae
2368 3560 2605 3629 pontiﬁci
2633 3560 3014 3629 subjiciuntur,
3047 3558 3190 3627 quod
3226 3559 3434 3614 duabus

1844 3651 2011 3719 possit
2032 3665 2152 3704 esse
2172 3658 2495 3714 contentus;
2519 3649 2610 3703 sed
2632 3664 2728 3717 per
2744 3662 2904 3701 unam
2922 3660 3111 3701 omnes
3130 3647 3429 3716 parochias,

1842 3750 1895 3796 et
1921 3756 2015 3811 per
2042 3740 2266 3794 alteram
2295 3754 2485 3819 omnes
2529 3739 2785 3802 abbatias,
2818 3753 2954 3806 quas
2987 3737 3143 3807 regit,
3174 3738 3422 3792 obtinere

1844 3834 2122 3903 figuratur.
2138 3830 2510 3887 Obtinetcnim
2533 3838 2590 3883 ut
2613 3829 2893 3884 minimum
2917 3829 3099 3884 decem
3129 3827 3427 3895 Ecclesias,

1845 3935 1903 3979 ut
1932 3925 2218 3996 plurimum
2249 3938 2380 3978 vero
2405 3922 2570 3977 mille.

1915 4033 2029 4087 Hoc
2053 4032 2242 4087 eodem
2274 4031 2464 4085 ordine
2492 4030 2625 4083 duas
2657 4038 2944 4097 sequentes
2976 4029 3282 4100 pyramides
3315 4030 3432 4099 (pa-

1844 4123 2075 4176 rochiam
2103 4121 2351 4177 videlicet
2381 4130 2437 4174 et
2464 4121 2858 4190 monasterium)
2888 4122 3128 4176 secundo
3172 4123 3425 4191 supposi-

1848 4224 1929 4268 tas
1954 4214 2190 4283 episcopo
2223 4221 2456 4267 constat.
2481 4212 2582 4278 Qui
2620 4227 2835 4266 rursum
2867 4212 2973 4266 duo
3020 4212 3267 4282 episcopi,
3301 4230 3427 4268 cum

144 4319 255 4373 dus
293 4312 565 4368 sustinens
587 4307 735 4364 solus
761 4304 1038 4369 sacerdos,
1069 4298 1436 4369 Omnipotenti
1464 4303 1742 4366 gratanter
1770 4318 1781 4369 j

1850 4307 1962 4359 suis
1992 4305 2248 4359 Ecclesiis
2280 4305 2368 4358 uni
2401 4304 2785 4372 archiepiscopo
2815 4304 3236 4376 subjungnntur.
3268 4305 3444 4375 Cujus'

142 4407 446 4464 ministrat.

224 4499 327 4567 Qui
368 4507 550 4552 autem
603 4493 703 4549 sub
748 4490 834 4547 his
878 4488 1136 4562 gradibus
1183 4487 1324 4540 intra
1360 4484 1538 4538 sinum
1586 4495 1745 4549 paro-

144 4592 352 4651 chialis
403 4588 659 4645 Ecclesia:
707 4584 1088 4647 continentur,
1147 4578 1358 4635 trifarie
1406 4576 1740 4632 dividuntur.

146 4691 233 4746 Ex
267 4688 463 4756 quibus
481 4683 787 4753 superiores
819 4680 871 4734 in
897 4676 1174 4748 pyramide
1205 4684 1440 4728 oratores
1467 4668 1741 4738 intellige;

147 4792 210 4837 et
235 4780 364 4850 quia
392 4776 610 4847 quidam
638 4789 703 4828 ex
740 4771 821 4826 eis
847 4766 1118 4838 conjugati
1166 4775 1311 4828 sunt,
1349 4765 1467 4817 ideo
1506 4762 1653 4815 viros
1691 4766 1746 4813 et

148 4871 388 4930 feminas
418 4865 830 4923 nominavimus.
859 4858 1177 4915 Sinistrales
1204 4871 1335 4909 vero
1375 4856 1426 4908 in
1461 4850 1743 4923 pyramide

148 4975 391 5023 aratores
418 4968 566 5025 sunt,
595 4966 704 5011 tam
727 4955 828 5010 viri
855 4967 1017 5025 quam
1050 4948 1282 5005 feminae.
1309 4942 1589 5001 Dextrales
1613 4957 1746 5013 quo-

147 5072 264 5130 que
298 5054 569 5111 bellatores
620 5057 768 5116 sunt,
810 5046 914 5101 viri
956 5055 1124 5114 atque
1171 5039 1409 5096 feminae.
1461 5036 1570 5094 Nec
1624 5035 1747 5090 dico

150 5127 482 5209 feminarum
512 5158 634 5200 esse
655 5138 890 5196 olIicium
919 5150 1103 5201 orare,
1136 5149 1316 5198 arare,
1341 5140 1432 5187 aut
1457 5138 1606 5187 certe
1628 5127 1744 5183 bel-

152 5245 312 5305 lare;
350 5235 442 5292 sed
472 5244 653 5288 tamen
683 5231 768 5286 bis
809 5225 1107 5295 conjugatae
1137 5234 1263 5280 sunt
1303 5231 1469 5293 atque
1522 5220 1746 5275 subser-

152 5333 330 5393 viunt,
359 5325 450 5397 qui
480 5333 658 5387 orant,
689 5329 744 5377 et
768 5328 927 5374 arant
960 5326 1015 5373 et
1039 5322 1298 5387 pugnant.
1325 5312 1437 5368 Nec
1472 5311 1744 5379 sejunctas

152 5421 226 5474 ab
270 5414 510 5472 Ecclesia
555 5421 811 5483 putamus
846 5407 1119 5479 praesenti,
1158 5419 1293 5475 quas
1323 5403 1575 5460 Christus
1620 5417 1743 5458 cum

153 5518 335 5567 matre
355 5521 451 5562 sua
480 5502 786 5560 collocatin
813 5498 1045 5555 caelesti.
1086 5497 1154 5552 Et
1196 5497 1298 5551 hos
1324 5506 1434 5550 tres
1475 5493 1745 5564 legitimos

157 5598 399 5655 fidelium
437 5594 659 5650 ordines
682 5592 751 5645 ab
774 5589 929 5644 initio
967 5586 1202 5641 admittit
1231 5583 1493 5648 Ecclesia,
1521 5592 1578 5636 ut
1618 5597 1743 5652 pars

1848 4398 2087 4453 Ecclesia
2113 4399 2474 4453 subscribitur
2507 4398 2782 4452 diozcesis:
2819 4408 2873 4453 et
2918 4399 3080 4454 habet
3110 4400 3160 4454 in
3207 4403 3428 4472 propria

1847 4491 1975 4545 sede
2004 4499 2206 4560 septem
2238 4491 2460 4559 gradus,
2487 4498 2541 4545 et
2568 4500 2677 4546 tres
2701 4490 2918 4546 ordines
2949 4491 3209 4547 fidelium.
3255 4493 3434 4549 Habet

1848 4598 1976 4653 ergo
2007 4592 2159 4637 extra
2190 4584 2479 4652 parochias
2506 4592 2561 4638 et
2611 4583 3003 4639 monasterium
3032 4601 3045 4636 :
3082 4593 3136 4638 et
3163 4593 3220 4637 ut
3265 4585 3436 4653 pluri-

1849 4687 1994 4725 mum
2021 4671 2208 4741 viginti
2236 4671 2520 4741 episcopos
2547 4672 2704 4739 regit,
2742 4678 2799 4723 ut
2828 4669 3110 4723 minimum
3137 4683 3267 4723 vero
3300 4679 3430 4723 tres.

1847 4766 1929 4820 Ad
1957 4765 2204 4819 eumdem
2238 4764 2455 4817 modum
2488 4762 2577 4816 alii
2615 4763 2720 4816 duo
2751 4761 2990 4830 episcopi
3036 4760 3432 4816 subuectuntur

1848 4853 2000 4908 alteri
2048 4852 2452 4919 archiepiscopo.
2492 4849 2596 4921 Sed
2625 4864 2680 4905 et
2709 4849 2814 4904 duo
2860 4850 3249 4920 archiepiscopi
3304 4867 3428 4905 cum

1847 4946 1961 5000 suis
2025 4944 2272 4999 ecclesiis
2317 4953 2371 4998 et
2425 4941 2695 5012 episcopis
2737 4941 3000 4997 obediunt
3047 4941 3137 4996 uni
3186 4941 3427 5010 primati.

1848 5032 2012 5102 Cujus
2053 5033 2292 5088 Ecclesia
2340 5032 2700 5088 subscribitur
2739 5032 2996 5100 primatus
3028 5044 3047 5082 :
3079 5038 3133 5085 et
3162 5026 3326 5084 habet
3378 5030 3429 5084 in

1849 5126 2063 5198 propria
2088 5126 2217 5180 sede
2251 5134 2456 5195 septem
2484 5125 2683 5192 gradus
2708 5131 2762 5179 et
2796 5130 2905 5177 tres
2923 5121 3141 5176 ordines
3168 5116 3428 5185 fidelium,

1848 5218 2000 5274 extra
2028 5232 2158 5272 vero
2185 5216 2497 5287 parochiam
2526 5223 2580 5271 et
2607 5214 2993 5271 monasterium
3023 5229 3038 5279 ;
3076 5221 3133 5268 et
3168 5221 3226 5266 ut
3261 5213 3430 5282 pluri-

1849 5325 1994 5363 mum
2041 5307 2297 5363 obediunt
2329 5307 2377 5360 ei
2432 5320 2525 5361 sex
2570 5304 2986 5375 archiepiscopi,
3034 5312 3092 5357 ut
3144 5287 3425 5360 minimum

1848 5415 2004 5455 unus.
2032 5399 2229 5453 Eodem
2259 5412 2473 5467 quoque
2499 5397 2656 5451 modo
2676 5397 2830 5451 alteri
2854 5396 3074 5465 primati
3105 5396 3156 5450 in
3188 5396 3426 5451 secunda

1848 5493 2065 5563 pagina,
2095 5490 2352 5545 obediunt
2380 5491 2485 5545 duo
2508 5489 2898 5559 archiepiscopi
2925 5504 3047 5544 cum
3078 5489 3194 5544 suis
3220 5488 3428 5559 episco~

1850 5582 1931 5653 pis
1959 5590 2213 5651 quatuor.

157 5692 211 5746 in
239 5705 303 5747 ea
334 5688 536 5757 (clerus
561 5682 833 5752 videlicet)
856 5679 1088 5735 orationi
1124 5692 1344 5744 vacans,
1378 5676 1514 5730 alios
1543 5675 1612 5730 ab
1644 5675 1740 5728 im-
1776 5658 1821 5716 ί)
1918 5674 2017 5741 Qui
2044 5682 2373 5742 postremum
2396 5672 2498 5727 duo
2525 5673 2773 5743 primates
2803 5672 3044 5727 serviunt
3080 5669 3170 5722 uni
3199 5676 3251 5722 et
3274 5680 3428 5722 sum-

155 5793 285 5854 petu
312 5778 520 5836 fallacis
547 5774 753 5833 inimici
784 5770 1077 5847 defendat;
1110 5768 1235 5841 alia,
1260 5765 1742 5832 laboredesudans,

1852 5780 1938 5821 mo
1961 5763 2202 5819 Romano
2229 5763 2468 5835 pontifici
2510 5780 2679 5835 parte,
2714 5762 2867 5834 cujus
2899 5761 3139 5818 Ecclesia
3187 5758 3430 5814 subseri-
