3928 6298
539 341 644 399 999
670 303 673 308 ’

538 547 841 616 episcopos,
863 551 916 596 et
939 541 1222 596 dioeceses.
1249 537 1364 592 Noe
1385 544 1546 593 etiam
1571 554 1753 594 secum
1782 539 1833 593 in
1852 555 2125 597 summum

539 649 681 688 arere
712 632 952 686 residet:
985 633 1132 701 quia,
1170 630 1318 684 sicut
1366 627 1483 682 Noe
1514 644 1656 683 arcte
1703 640 1934 698 prmerat
1986 631 2127 685 inter

537 726 709 780 undas
733 725 954 789 diluvii,
984 725 1058 777 ita
1101 723 1366 777 Romanus
1391 721 1628 790 pontifex
1661 723 1797 790 regit
1824 722 2134 798 Ecclesiam.

536 817 590 870 in
617 815 868 871 ﬂuctibus
898 813 1325 880 sweuli.Quibus
1353 813 1600 880 utrisque
1631 813 1948 879 praeeminet
1970 814 2126 868 Cltri-

535 915 678 970 stus;
718 905 808 974 qui
859 905 1142 972 utriusque
1195 901 1523 956 Testamenti
1576 900 1853 970 legislator
1902 911 2019 966 est,
2067 909 2124 954 et

535 1007 752 1066 utraque
781 995 900 1065 fecit
943 1011 1103 1048 unum
1131 993 1349 1063 (Ep/tes.
1382 1008 1443 1055 ιι,
1480 991 1596 1060 id);
1635 1005 1878 1045 summus
1928 991 2121 1045 Pater-

534 1088 787 1150 familias,
829 1089 918 1156 qui
944 1087 1276 1140 excubantes
1310 1084 1538 1138 lideliter
1567 1084 1619 1137 in
1647 1085 1747 1138 hoc
1774 1083 2121 1146 tabernaculo

535 1181 832 1235 honoriﬁce
861 1188 1086 1234 coronat
1118 1178 1169 1231 in
1197 1191 1382 1246 regno.
1416 1173 1776 1245 Conjungitur
1803 1184 1984 1229 autem
2012 1177 2117 1229 im-

533 1281 757 1342 perator
785 1286 960 1340 papae,
984 1284 1080 1322 rex
1104 1268 1339 1337 primati,
1363 1268 1469 1321 dux
1496 1266 1914 1334 arehipontilici,
1937 1280 2120 1322 comes

532 1369 807 1438 episcopo,
837 1367 990 1420 miles
1020 1364 1312 1428 sacerdoti,
1349 1364 1476 1432 quia
1523 1363 1640 1417 ista:
1681 1377 1926 1431 persona:
1961 1377 2118 1434 pares

534 1459 642 1513 illis
670 1457 1021 1512 saecularibus
1043 1453 1167 1522 jure
1195 1455 1580 1512 decernuntur.

604 1549 881 1617 Expeditis
929 1563 1056 1616 ergo
1090 1547 1141 1598 in
1190 1544 1462 1599 communi
1500 1542 1866 1612 speculatione
1906 1542 2112 1612 ﬁguris,

532 1647 587 1692 et
616 1637 872 1691 membris
917 1647 971 1690 ct
1017 1638 1195 1704 capite
1243 1634 1530 1700 Ecclesite,
1561 1648 1700 1688 nunc
1748 1634 1839 1702 qui
1886 1633 2115 1703 singulis

533 1729 811 1782 ordinibus
840 1728 1130 1782 conveniat
1151 1727 1502 1794 explicemus.
1528 1724 1980 1794 Conjungutorum
2009 1733 2109 1790 est,

1733 333 2053 392 GlLBEitTl
2092 331 2522 392 LUNICENSIS.

537 455 686 510 bitur
717 449 995 524 generalis,
1026 455 1078 504 et
1114 449 1278 504 habet
1326 446 1662 519 parochiam,
1713 447 2126 512 monasterium,
2159 454 2206 510 Α
2237 444 2554 514 ἀτεςθείιιιπι
2584 442 2882 496 induuntur
2908 440 3166 497 diaconus
3191 451 3243 497 et
3279 444 3746 506 subdiaconusch

2229 535 2296 590 lis
2327 536 2376 589 in
2417 545 2522 588 tota
2547 535 2732 597 missa,
2767 536 2868 589 nisi
2901 550 3023 589 cum
3050 534 3250 606 legunt.

2300 625 2644 682 Sacen/orum
2718 638 2898 681 autem
2945 636 3072 681 sunt
3131 628 3526 698 quatttordeeim
3584 632 3741 696 ollicis.

2228 733 2481 786 praeesse,
2523 717 2766 782 subesse,
2795 732 2975 784 orare,
3008 715 3228 782 oﬁ'erre,
3260 719 3558 787 praedicare,
3579 723 3740 786 dooere,

2225 808 2525 878 biptizare,
2547 809 2888 873 benedicere,
2911 813 3407 876 excommunicare,
3431 816 3740 883 reconciliare,

2225 916 2444 971 ungere,
2508 903 2950 966 communicare,
2990 904 3200 957 animas
3253 904 3362 958 Deo
3399 909 3740 971 commendare,

2223 1007 2451 1061 corpora
2503 992 2760 1060 sepelire'
2788 993 2855 1047 de
2884 993 3081 1062 quibus
3109 993 3336 1064 singulis
3369 998 3739 1062 pertractandum

2221 1093 2323 1138 est.
2361 1081 2594 1137 Prwesse
2623 1099 2753 1154 ergo
2808 1084 3104 1138 sacerdotis
3153 1094 3237 1139 est
3261 1101 3276 1151 ;
3302 1084 3447 1153 juste
3484 1086 3543 1140 de
3575 1087 3740 1157 singulis

2221 1172 2479 1241 subjectis
2507 1172 2806 1234 dicernere,
2837 1173 3214 1242 paenitentiam
3249 1180 3394 1230 recte
3419 1183 3474 1230 et
3502 1176 3740 1230 misericor-

2221 1263 2361 1316 diter
2383 1262 2452 1330 iuj
2463 1279 2692 1334 ungere,
2719 1274 2773 1319 et
2792 1266 3084 1334 prmeipere
3111 1277 3414 1320 mansuete.
3439 1265 3632 1321 διώρικε
3649 1284 3738 1322 vero

2219 1363 2324 1416 est,
2355 1354 2609 1422 epiScopo
2635 1369 2702 1408 ex
2733 1355 2914 1409 animo
2948 1356 3218 1410 humiliari
3250 1367 3307 1410 et
3345 1359 3560 1412 servire.
3586 1356 3736 1426 Οπιηε

2219 1453 2398 1498 autem
2425 1444 2542 1513 ejus
2569 1455 2684 1510 est;
2721 1461 2914 1516 panem
2941 1455 2996 1500 et
3025 1449 3210 1501 vinum
3237 1463 3363 1502 eum
3411 1465 3540 1518 aqua
3565 1450 3738 1518 singulis

2222 1535 2412 1590 diebus
2443 1537 2723 1592 immolare
2750 1579 2764 1602 ,
2792 1548 2846 1593 et
2879 1539 2930 1592 in
2955 1539 3231 1595 solemniis
3263 1540 3333 1594 Te
3358 1540 3532 1604 Deum,
3560 1553 3604 1595 et
3621 1541 3738 1595 Bm-

2217 1626 2410 1689 dictus,
2434 1637 2488 1680 et
2527 1627 2858 1698 Magni/ient,
2895 1639 2947 1683 et
2977 1640 3106 1684 ante
3127 1631 3456 1686 sacriﬁcium
3479 1632 3588 1686 thus
3622 1647 3737 1700 super

2217 1727 2272 1770 et
2319 1719 2462 1772 circa
2507 1720 2677 1775 altare
2722 1731 2777 1775 et
2816 1724 3140 1778 sacrificium
3189 1725 3497 1780 incendere.
3535 1725 3738 1779 Diaconus

534 1817 734 1870 nullam
769 1833 936 1886 usque
958 1817 1009 1869 in
1044 1825 1250 1870 sextam
1277 1815 1360 1869 vel
1402 1815 1566 1868 etiam
1605 1790 1888 1884 septimam
1921 1831 2114 1886 proge-
2147 1790 2190 1848 Β
2221 1811 2362 1863 enim
2385 1820 2510 1866 ante
2542 1812 2889 1883 Evangelium
2923 1816 3168 1870 incensat
3189 1816 3380 1870 altare.
3407 1814 3561 1871 Orare
3579 1833 3737 1886 quoque

532 1910 674 1959 nicm
701 1906 964 1975 sanguine
977 1905 1077 1960 sibi
1093 1905 1653 1973 conjunctam,autilli
1681 1921 1841 1974 quam
1868 1905 2117 1961 habuerit

529 2005 622 2048 aut
645 2011 805 2064 quam
820 1996 1120 2050 habuitsibi
1135 1998 1434 2066 proximus,
1448 1996 1532 2050 vel
1549 2007 1901 2051 commatrem
1920 1997 2117 2050 ducere

526 2102 780 2151 uxorem;
806 2101 927 2140 cmn
949 2087 1143 2156 quibus
1169 2089 1311 2140 enim
1338 2087 1504 2140 semel
1523 2087 1708 2156 juncta
1741 2095 1823 2139 est
1849 2085 2112 2152 Ecclesia,

525 2200 648 2239 cum
687 2184 889 2237 eisdem
934 2183 1127 2236 iterum
1175 2181 1435 2252 replicare
1464 2180 1709 2234 illicitum
1739 2181 1868 2234 dicit
1918 2179 2114 2252 [ducit]

529 2275 796 2330 Ecclesia.
821 2274 1137 2343 Conjugatis
1171 2274 1333 2328 etiam
1361 2282 1690 2342 praeceptum
1729 2280 1831 2337 est,
1856 2281 1914 2324 ut
1943 2280 1995 2323 et
2015 2272 2113 2341 ipsi

527 2369 745 2422 dommn
773 2368 982 2422 Domini
1009 2368 1375 2434 frequentem,
1406 2365 1588 2432 ibique
1618 2363 1783 2416 Deum
1802 2362 2116 2432 suppliciter

529 2458 832 2511 adorentet
861 2468 1177 2525 precentur;
1211 2455 1500 2526 primitias,
1534 2453 1866 2518 oblationes,
1891 2463 1939 2507 et
1971 2453 2114 2507 deci-

526 2563 646 2602 mas
682 2561 808 2602 suas
851 2545 1080 2600 ﬁdeliter
1129 2545 1464 2614 persolvant;
1514 2542 1652 2596 mala
1700 2541 1929 2595 solerter
1967 2541 2115 2595 devi-

526 2651 664 2705 tent,
707 2638 844 2693 bona
872 2638 1242 2692 desideranter
1272 2636 1579 2705 inquirant,
1632 2643 1686 2688 et
1722 2634 1942 2689 omnino
1985 2648 2111 2704 pas-

528 2737 731 2790 t0ribus
762 2733 874 2788 suis
903 2733 1176 2786 obetliant.

597 2835 946 2889 Ostiariornm
997 2847 1124 2887 vero
1174 2840 1294 2896 est,
1333 2840 1511 2886 certas
1560 2831 1724 2885 horas
1775 2829 2113 2886 observando

528 2927 839 2997 designare,
873 2935 928 2980 et
963 2924 1275 2988 ecclesiam,
1302 2941 1426 2978 cum
1467 2923 1551 2976 Itis
1575 2939 1695 2992 qua:
1738 2923 1788 2976 iti
1819 2940 1884 2976 ea
1937 2909 2112 2978 reclu-

524 3020 741 3084 duntur,
764 3033 1018 3082 servare;
1049 3027 1106 3070 ut
1128 3016 1305 3070 nullus
1327 3015 1565 3078 Iudaeus,
1598 3015 1678 3068 vel
1700 3015 1936 3082 gentilis,
1985 3016 2100 3072 sive

524 3110 968 3170 catechumenos,
1011 3107 1143 3159 liora
1170 3106 1423 3160 sacrilicii
1471 3103 1706 3169 intersit,
1749 3119 1844 3158 nec
1883 3106 2105 3160 omnino
2134 3145 2178 3204 ε

525 3197 675 3251 cauis
705 3205 798 3248 aut
826 3195 1019 3262 aliquis
1060 3193 1368 3246 immundus
1414 3192 1530 3246 sive
1573 3192 2017 3261 sanguinolentus
2049 3193 2102 3246 in

524 3304 643 3339 eam
674 3287 856 3348 intret,
889 3298 1110 3348 cavere;
1144 3281 1640 3337 excommunicatos
1669 3281 1966 3336 eliminare.
2008 3281 2104 3336 Le-

525 3381 724 3433 clorttnt
741 3387 919 3429 autem
941 3385 1041 3437 est,
1057 3381 1240 3444 aperte
1252 3384 1306 3427 et
1322 3373 1572 3427 distincte
1589 3371 1640 3425 in
1659 3373 1885 3428 ecclesia
1903 3373 2102 3437 omnia,

525 3475 718 3535 praeter
739 3466 1030 3535 Epistulam
1055 3473 1108 3518 et
1138 3463 1508 3533 Evangelium,
1540 3463 1740 3534 legere.
1795 3461 2101 3516 Exercista-

525 3575 640 3613 rum
671 3570 752 3613 est
780 3560 964 3624 etiam,
1001 3557 1324 3611 ﬁduciditer
1365 3555 1660 3622 adjurando
1696 3565 1749 3610 et
1793 3555 2105 3624 imperando

526 3652 578 3704 in
609 3651 826 3704 nomine
853 3650 1083 3714 Domini,
1117 3650 1182 3703 de
1213 3649 1450 3702 obsessis
1473 3647 1792 3717 corporibus
1835 3647 2106 3700 daemones

529 3741 801 3806 cﬁ'ugare;
867 3741 980 3794 sive
1043 3740 1418 3795 catecltutneni
1470 3740 1598 3805 sinl,
1657 3739 1771 3792 sive
1821 3739 2102 3808 baptizati.

525 3832 858 3903 Acolytorum
881 3841 986 3898 est,
1020 3833 1306 3886 luminaria
1336 3833 1501 3886 certis
1540 3831 1691 3884 horis
1719 3830 2017 3884 accendere
2049 3839 2108 3884 et

525 3927 899 3996 exstinguere;
921 3926 1107 3979 altaris
1128 3935 1182 3979 et
1205 3925 1456 3981 sacrilicii
1473 3924 1776 3978 necessaria
1797 3923 1863 3976 ad
1883 3938 2101 3976 manum

523 4018 838 4073 subdiaconi
871 4026 1169 4086 praeparata
1198 4017 1419 4070 habere.
1445 4015 1621 4082 Atque
1664 4013 1718 4066 lii
1747 4020 1980 4082 quatuor
2011 4027 2102 4066 or—

523 4110 678 4164 dines
700 4109 751 4163 in
779 4108 969 4164 olliciis
991 4109 1102 4162 suis
1132 4107 1304 4161 solent
1337 4107 1480 4160 indui
1509 4095 1960 4175 super-humerali,
1983 4104 2104 4159 aiba

523 4213 580 4256 et
606 4202 839 4271 cingulo,
871 4213 924 4255 ct
957 4212 1132 4256 tamen
1167 4209 1390 4271 possunt
1417 4201 1617 4269 perfrui
1651 4198 1925 4269 conjugio.

596 4294 1045 4348 Subdiaconorum
1079 4301 1190 4358 est,
1232 4291 1512 4360 epistolam
1555 4290 1761 4360 legere,
1811 4304 2006 4359 aquam
2053 4303 2108 4344 et

523 4385 709 4438 vinum
735 4383 884 4436 calici
905 4382 1459 4446 inl‘undere,oblatam
1485 4393 1695 4450 patente
1723 4384 2022 4450 imponere,
2049 4388 2104 4434 et

2219 1900 2386 1967 ipsius
2405 1912 2486 1956 est
2510 1920 2524 1969 ;
2555 1904 2866 1972 suppliciter
2894 1905 3059 1960 Deum
3091 1908 3324 1961 adorare
3353 1911 3370 1972 (
3380 1917 3435 1960 ut
3462 1907 3637 1962 factura
3653 1911 3735 1974 sua)

2216 1999 2270 2044 et
2300 2007 2396 2060 pro
2435 1994 2770 2049 admirandis
2794 1993 3056 2065 operibus
3101 1997 3349 2065 laudare,
3379 2009 3433 2053 et
3478 2000 3730 2054 benedicere

2216 2099 2315 2152 pro
2351 2086 2620 2154 perceptis
2661 2088 2938 2144 beneﬁciis
2965 2090 3168 2159 gratiis
3203 2106 3389 2162 agere,
3419 2102 3472 2146 et
3499 2109 3582 2162 pro
3605 2093 3735 2160 perci-

2216 2175 2424 2245 piendis
2445 2179 2746 2249 deprecari.
2764 2181 2916 2246 Quod
2943 2191 3115 2236 totum
3139 2185 3377 2238 maxime
3403 2185 3452 2238 in
3470 2185 3735 2240 celebrandis

2215 2269 2362 2322 horis
2392 2279 2446 2324 et
2489 2271 2649 2325 missa
2681 2273 2992 2342 peragitur;
3034 2275 3098 2328 de
3135 2277 3357 2343 quibus,
3398 2277 3515 2346 quia
3557 2276 3733 2330 breviter

2215 2375 2320 2413 non
2355 2369 2550 2428 pozest,
2607 2359 2659 2416 in
2711 2365 3065 2433 sequentibus
3110 2368 3450 2422 tractabitur.
3500 2364 3733 2420 Pradicart

2214 2449 2378 2504 etiam
2407 2451 2522 2520 ejus
2543 2461 2651 2515 est;
2681 2453 2938 2524 gentiles,
2971 2453 3073 2508 Jud
3091 2470 3209 2523 eos,
3253 2456 3491 2513 inﬁdeles
3519 2456 3591 2511 νει
3627 2467 3734 2511 cate-

2215 2538 2510 2595 chumenos
2539 2542 2604 2595 ad
2637 2543 2869 2612 gratiam
2897 2532 3150 2612 baptismi
3183 2559 3404 2614 vocare,
3434 2555 3486 2600 et
3518 2545 3734 2601 haereticos

2213 2631 2282 2684 ad
2309 2632 2633 2687 catholicam
2666 2635 2823 2688 ﬁdem
2851 2651 3127 2691 revocare.
3259 2636 3267 2643 ’

2280 2719 2564 2791 Baptizare
2594 2723 2709 2793 ejus
2735 2733 2852 2790 est;
2878 2729 3218 2784 exorcizatos
3242 2732 3542 2797 credentes,
3563 2741 3609 2788 et
3641 2748 3732 2787 san-

2212 2821 2356 2867 etam
2388 2814 2704 2870 Trinitatem
2737 2819 3075 2885 conﬁtentes,
3110 2824 3209 2877 sub
3240 2826 3388 2879 trina
3416 2828 3646 2882 mersione
3672 2841 3734 2879 sa-

2211 2921 2304 2960 cro
2320 2905 2449 2961 fonti
2482 2908 2765 2979 intingere.
2798 2911 2971 2978 Quod,
3003 2915 3145 2969 sicut
3171 2925 3226 2970 et
3256 2917 3450 2981 missa,
3475 2920 3522 2973 in
3562 2918 3732 2973 ecclesia

2212 2998 2371 3053 debet
2402 3001 2517 3055 ﬁeri
2540 3019 2554 3067 ;
2581 3004 2681 3056 nisi
2707 3006 2992 3071 prohibeat
3030 3009 3355 3063 necessitas.
3388 3010 3451 3062 Et
3478 3011 3730 3064 sacriﬁcium

2212 3091 2425 3157 quidem
2467 3094 2792 3162 corporiset
2836 3097 3118 3167 sanguinis
3156 3098 3377 3154 Domini
3424 3116 3550 3170 saepe
3593 3102 3654 3165 ﬁt,
3683 3100 3731 3154 ob

2213 3180 2639 3237 recordationem
2671 3186 2936 3254 passionis
2979 3189 3119 3254 ejus,
3164 3189 3314 3244 sicut
3365 3191 3477 3261 ipse
3501 3192 3724 3260 praecepit.

2209 3270 2394 3326 dicens
2415 3286 2434 3325 τ
2469 3272 2583 3326 Hoc
2604 3286 2676 3328 est
2691 3292 2878 3347 corpus
2910 3295 3104 3344 meum,
3129 3290 3177 3334 et
3201 3283 3426 3352 sanguis
3460 3299 3620 3346 metu;
3652 3283 3728 3335 litt

2207 3361 2385 3431 facite,
2410 3367 2836 3438 quotiescunque
2874 3372 3109 3434 sumitis,
3135 3373 3189 3426 in
3217 3389 3393 3427 meam
3431 3389 3728 3427 commemora-

2206 3459 2399 3509 tionem
2437 3455 2488 3528 (1
2524 3455 2646 3511 Cor.
2679 3475 2754 3524 χι,
2781 3459 2873 3522 2i,
2896 3461 3011 3532 23).
3041 3462 3326 3532 Baptisma
3355 3481 3478 3520 vero
3498 3480 3587 3518 non
3607 3465 3726 3516 itera.

2210 3559 2316 3616 tur,
2345 3569 2412 3607 ne
2453 3554 2727 3610 invocatio
2763 3567 2964 3611 sancta:
2991 3559 3286 3616 Trinitatis
3333 3562 3584 3616 exinanita
3615 3568 3726 3629 pute-

2209 3651 2331 3708 tur;
2365 3645 2488 3714 quia
2528 3645 2766 3700 Christus
2798 3665 2893 3717 pro
2917 3651 3140 3717 peccatis
3168 3652 3364 3704 nostris
3391 3650 3534 3705 semel
3555 3659 3725 3701 mortuus

2206 3745 2282 3788 est
2313 3736 2364 3806 (Ι
2398 3736 2543 3792 Petr.
2573 3755 2654 3805 tit,
2689 3740 2799 3811 l8).
2840 3741 3035 3795 Docere
3061 3739 3177 3809 ejus
3203 3753 3320 3810 est;
3350 3745 3617 3813 baptizatos
3634 3756 3726 3810 qua-

2205 3825 2330 3880 liter
2371 3838 2558 3884 eontra
2605 3833 2913 3902 superbiam
2962 3834 3292 3897 humilitate,
3344 3846 3521 3890 contra
3566 3833 3722 3886 inanem

2205 3918 2430 3986 gloriam
2471 3920 2790 3989 dejectione,
2821 3934 3011 3978 contra
3062 3926 3325 3980 invidiam
3378 3923 3719 3982 benevolentia.

2205 4019 2394 4063 contra
2444 4012 2578 4066 iram
2625 4015 2910 4079 modestia,
2939 4024 3128 4070 contra
3181 4017 3458 4072 tristitiam
3501 4013 3720 4070 hilaritate.

2209 4109 2399 4154 contra
2432 4104 2717 4158 avaritiam
2746 4105 3016 4176 largitate,
3038 4117 3224 4163 contra
3251 4110 3431 4179 gulam
3452 4104 3719 4162 abstinentia.

2206 4202 2394 4244 contra
2416 4191 2684 4247 luxuriam
2711 4200 2968 4251 castitate
2997 4198 3336 4264 muniantur,
3366 4191 3721 4252 instruereJl-t‘c

2205 4289 2350 4339 enim
2395 4297 2518 4342 octo
2547 4289 2701 4353 vitia,
2735 4298 2791 4345 et
2841 4293 3022 4346 omnia
3078 4307 3201 4362 qua:
3231 4308 3300 4347 ex
3348 4293 3428 4349 eis
3463 4299 3718 4347 nascuntur,

2205 4382 2451 4448 quamvis
2490 4394 2708 4451 peccata
2747 4401 2851 4438 non
2906 4387 3033 4450 sint,
3087 4397 3267 4440 tamen
3297 4401 3506 4456 semper
3549 4393 3718 4452 peccare

522 4476 604 4530 sic
626 4475 693 4529 ad
721 4474 892 4528 altare
920 4474 1144 4528 diacono
1165 4471 1415 4537 deferre;
1441 4480 1493 4525 et
1527 4473 1728 4526 idcirco
1752 4483 1934 4526 castos
1957 4486 2099 4528 esse.
2139 4503 2182 4558 ι)
2211 4486 2502 4544 suggerunt
2527 4516 2542 4541 ,
2574 4477 2704 4547 ipsis
2730 4477 2982 4533 videlicet
3006 4479 3347 4545 consentire;
3379 4478 3592 4548 quandiu
3611 4491 3717 4529 ιιίιιιο

522 4569 655 4624 Cum
701 4559 1026 4636 supradictis
1055 4576 1233 4620 autem
1277 4563 1552 4630 vestibus,
1597 4565 1647 4618 in
1687 4563 1904 4618 sinistra
1944 4580 2104 4619 manu

520 4661 828 4726 fannonem,
869 4669 924 4714 et
952 4659 1102 4728 quasi
1135 4673 1355 4727 scopam
1383 4656 1624 4727 lergendi
1660 4655 1833 4709 altare
1853 4663 1907 4709 et
1935 4657 2106 4724 quod-

520 4753 640 4807 dam
670 4769 806 4808 onus
854 4752 1061 4806 Domini
1088 4750 1205 4805 leve
1234 4759 1491 4820 portant;
1525 4758 1580 4804 et
1620 4749 1858 4802 tunicam
1897 4747 2104 4802 strictis

521 4845 748 4899 manicis
774 4845 827 4899 in
850 4843 1127 4898 solemniis
1149 4842 1397 4896 induunt.
1425 4839 1775 4893 Diaconorum
1799 4839 2100 4892 estdicere:

521 4939 721 4996 Exeant
750 4942 838 5012 qui
870 4958 971 4994 non
1001 4939 1432 5001 communicant;
1459 4944 1549 4990 et:
1594 4933 1886 4989 Humiliate
1923 4945 2006 4988 ros
2034 4932 2104 4987 ad

519 5035 951 5098 benedictionem;
983 5043 1035 5088 et
1065 5051 1079 5086 :
1119 5030 1407 5085 Humiliate
1436 5029 1606 5098 capita
1637 5037 1801 5081 vestra
1842 5025 1984 5090 Deo;
2007 5035 2100 5080 et:

520 5123 598 5179 Ite
620 5126 777 5179 missa
804 5135 877 5179 est
899 5142 916 5186 ;
940 5135 1030 5180 et:
1065 5123 1441 5178 Benedicanms
1471 5120 1735 5183 Domino;
1765 5127 1820 5172 et
1853 5117 2102 5184 Evange-

520 5215 648 5269 lium
677 5214 855 5284 legere
893 5223 947 5269 et
976 5215 1343 5284 pronuntiare,
1378 5211 1646 5267 sacriﬁcia
1696 5224 1860 5278 super
1904 5223 2100 5276 corpo-

519 5305 647 5361 ralia
678 5313 943 5369 statuere,
974 5305 1239 5360 sacerdoti
1282 5303 1625 5366 ministrare,
1657 5298 1964 5371 paschalem
2014 5315 2104 5352 ce.-

519 5415 668 5453 reum
687 5398 1006 5452 benedicere
1025 5417 1038 5462 ;
1058 5411 1108 5454 et
1137 5400 1189 5453 in
1214 5399 1456 5453 absentia
1480 5394 1779 5466 presbyteri
1805 5393 2098 5461 baptizare,

515 5498 568 5541 et
615 5490 777 5543 horas
814 5489 1109 5553 celebrare,
1163 5490 1354 5544 stolam
1408 5489 1570 5542 etiam
1619 5501 1782 5554 super
1820 5485 2098 5538 sinistrum

517 5581 802 5637 humerum
835 5581 997 5646 ferre,
1015 5591 1066 5636 et
1096 5582 1240 5636 indui
1262 5581 1544 5636 dalmatira
1571 5579 1624 5632 in
1664 5577 2017 5642 solemnibus,
2046 5575 2100 5630 id

515 5685 616 5738 est,
662 5676 840 5729 tunica
872 5673 1063 5743 amplis
1100 5675 1342 5728 manicis.
1387 5677 1441 5728 ln
1481 5671 1689 5726 festivis
1725 5681 1925 5736 autem,
1958 5668 2100 5737 Qua-

588 5786 666 5857 (2)
707 5785 836 5841 Vide
862 5783 1029 5842 Jurcti
1060 5783 1342 5840 Observat.
1376 5787 1440 5839 ad
1469 5783 1626 5853 epist.
1657 5781 1723 5833 Ἠ
1754 5779 1959 5836 lvouis.

2210 4582 2315 4635 que
2351 4581 2454 4620 non
2480 4569 2748 4623 consentit
2775 4571 2856 4625 eis
2882 4570 3114 4636 animus,
3150 4587 3488 4642 nequaquam
3515 4579 3718 4636 transgrev

2207 4657 2372 4724 ditur,
2399 4659 2493 4712 sed
2526 4660 2704 4729 potius
2729 4670 3046 4716 coronatur.
3081 4662 3290 4717 Docere
3309 4663 3468 4716 etiarn
3493 4659 3618 4729 ejus,
3642 4653 3717 4708 sin-

2206 4749 2346 4818 gulis
2379 4750 2694 4814 Dominicis,
2722 4752 2920 4822 quibus
2942 4754 2996 4808 in
3037 4755 3378 4810 hebdomade
3413 4753 3581 4808 diebus
3601 4745 3716 4800 alisti-

2207 4855 2338 4894 nere
2363 4847 2415 4893 et
2446 4838 2644 4895 feriare
2676 4842 2862 4897 ﬁdeles
2891 4846 3138 4905 debeant,
3165 4843 3478 4912 prmdicare.

2276 4929 2591 4986 Benedicere
2619 4942 2838 5004 ipotest,
2871 4944 3137 5004 praesente
3176 4939 3430 5006 episcopo
3449 4975 3463 5001 ,
3492 4943 3650 5002 aquam
3679 4931 3715 4976 ﬂ

2205 5024 2285 5078 sal
2316 5025 2366 5077 in
2402 5025 2696 5079 Dominicis
2717 5029 3005 5090 sacerdos;
3031 5035 3089 5081 et
3107 5028 3726 5096 pralltiimn,8lspon5tllll,~

2203 5129 2258 5174 et
2283 5134 2560 5187 sponsam,
2584 5129 2638 5174 et
2665 5120 2902 5175 lecturos
2923 5120 3180 5175 lectiones
3201 5130 3397 5188 praeter
3416 5111 3714 5186 Evangeliam.

2203 5222 2258 5266 et
2282 5211 2361 5284 (Ξ)
2412 5228 2607 5282 aquam
2637 5213 2828 5283 judicii
2859 5214 2939 5268 vel
2969 5229 3162 5284 panem
3189 5223 3243 5268 et
3271 5222 3484 5267 caetera.
3507 5207 3557 5262 In
3577 5205 3711 5259 absen-

2207 5302 2278 5356 tia
2305 5317 2432 5356 vero
2469 5303 2739 5373 episcopi;
2771 5312 2946 5373 potest
2969 5303 3288 5358 benedicere
3317 5312 3559 5356 coronam
3581 5284 3712 5347 clerici

2203 5399 2258 5444 et
2289 5392 2683 5457 velum‘viduze,
2716 5408 2884 5445 novos
2911 5392 3140 5456 fructus,
3165 5389 3416 5446 candelas
3445 5388 3494 5441 in
3517 5381 3712 5438 Parilia-

2206 5481 2350 5537 tione
2368 5495 2572 5538 sanctae
2601 5483 2802 5548 Mariae,
2830 5485 3044 5538 cineres
3074 5485 3128 5539 in
3157 5483 3333 5553 capite
3369 5477 3566 5550 jejuttii.
3585 5480 3711 5526 rm“

2204 5577 2255 5630 in
2287 5577 2560 5632 Dominica
2591 5577 2922 5639 Palmarum,
2955 5585 3010 5631 et
3044 5576 3498 5646 peregrinaturos,
3513 5577 3560 5622 et
3593 5564 3708 5616 lettr-

2202 5686 2320 5726 rum
2353 5669 2722 5741 Evangelium,
2743 5679 2797 5726 et
2819 5670 3072 5742 populum
3095 5685 3214 5725 cum
3236 5666 3544 5726 dimittitur;
3566 5664 3708 5712 arum

3645 340 3747 400 tom

3839 5495 3841 5565 l
