3928 6298
167 255 297 310 MOI

1484 259 1574 313 DE
1612 259 1839 315 STATU
1880 261 2252 318 ECCLESUE.

3303 269 3439 326 1003

131 377 135 380 ’
163 371 501 432 benedictam
535 371 794 449 aspergit,
828 371 895 425 ad
925 370 1321 434 benedicendas
1357 386 1525 427 novas
1559 373 1752 426 domos
1783 378 1827 436 Α
1855 376 2140 429 benedicta
2203 375 2443 444 aspergit
2491 373 2932 451 [aspersoriuml
2955 419 2970 445 ,
3035 387 3210 437 textus
3265 391 3440 440 sancti

162 473 217 517 et
240 471 436 516 caetera
457 473 618 516 nova.
651 461 1120 516 Excommunicare
1147 459 1262 530 ejus
1290 471 1394 529 est,
1427 463 1748 536 criminibus

163 556 361 626 lapsos,
396 555 586 623 semel,
619 558 701 612 bis
734 568 788 611 et
812 557 970 612 tertio
995 567 1312 624 revocatos;
1346 567 1402 613 ct
1429 575 1533 613 non
1572 559 1747 629 paeni-

162 661 334 706 tentes
363 666 394 704 a
420 650 799 706 communione
846 635 1082 704 ﬁdelium
1123 651 1427 718 eliminare,
1460 661 1517 705 ιιι
1555 667 1655 706 nee
1697 652 1746 705 in

161 742 304 794 victu
336 756 434 795 nec
460 740 512 794 in
552 737 764 811 loquela
807 741 1091 810 quisquam
1130 741 1209 796 eis
1235 743 1620 798 communicet.
1648 741 1748 796 Re-

159 833 450 887 conciliare
489 831 606 900 ejus
651 841 772 898 est;
808 833 1133 903 ptenitentes
1180 850 1346 905 prope
1394 844 1622 891 mortem
1681 836 1748 890 de

159 921 554 988 criminalibus,
584 938 650 977 ex
680 938 946 978 consensu
991 934 1169 979 tamen
1209 925 1473 995 episcopi,
1503 925 1570 979 ad
1621 927 1746 980 uni-

157 1022 324 1066 tatem
353 1012 591 1067 ﬁdelium
619 1014 879 1082 recipere.
911 1011 1112 1085 Ungere
1141 1024 1318 1084 potest
1346 1015 1640 1085 quemlibet
1680 1015 1747 1068 ﬁ-

156 1101 328 1156 delem
363 1103 527 1156 semel
582 1103 632 1156 in
674 1105 914 1173 quolibet
939 1105 1090 1176 gravi
1137 1107 1342 1172 dolore,
1385 1106 1513 1176 quia
1560 1107 1745 1162 unctio

156 1203 344 1248 sancta
394 1210 500 1247 non
551 1195 721 1249 solum
793 1197 1028 1262 auium,
1071 1197 1163 1252 sed
1214 1207 1268 1252 et
1319 1200 1561 1269 corporis
1606 1215 1748 1268 saepe

156 1286 424 1341 medelam
465 1287 667 1341 tribuit.
695 1286 1094 1342 Communicare
1138 1289 1321 1343 statim
1361 1289 1522 1343 debet
1569 1289 1748 1359 bapti-

155 1387 333 1442 zatos,
365 1387 420 1432 et
469 1377 653 1433 ﬁdeles
681 1394 872 1434 omnes
922 1389 1003 1434 ter
1049 1381 1100 1434 in
1133 1395 1276 1436 anno
1313 1383 1388 1453 (in
1421 1382 1655 1446 Pascha,
1693 1383 1747 1436 in

153 1467 494 1535 Pentecoste,
534 1480 585 1523 et
616 1468 790 1523 Natali
823 1470 1056 1538 Domini)
1087 1482 1142 1526 et
1170 1489 1335 1544 prope
1385 1485 1613 1529 mortem
1653 1491 1748 1544 pos

153 1558 317 1623 silos,
357 1559 401 1613 si
441 1560 755 1627 qutesierint
785 1561 948 1617 verbo
990 1562 1074 1616 vel
1117 1563 1288 1634 signo,
1333 1565 1417 1620 vel
1443 1575 1577 1620 teste
1606 1567 1745 1621 ﬁdeli

151 1651 301 1720 quod
331 1651 482 1721 prius
517 1654 858 1720 qua'sissent.

1856 463 2152 534 Evangelii,
2186 466 2529 535 psalterium,
2563 467 2814 534 missale,
2850 469 3120 537 horarius,
3165 477 3440 541 manuale,

1851 564 1907 611 et
1942 557 2214 627 synodalis
2253 560 2406 626 liber,
2444 560 2606 620 vela.
2639 561 2964 618 candelabra
3006 580 3126 619 cum
3162 568 3400 625 candelis
3423 612 3440 639 ,

1851 664 1977 703 area
2036 650 2496 719 vestimentorum,
2552 655 2692 724 pixis
2728 671 2850 711 cum
2903 657 3100 713 oblatis
3141 668 3195 713 et
3236 659 3441 715 ferrum

1851 755 2062 804 eorum,
2082 742 2316 810 ampulla
2345 759 2468 804 cum
2496 746 2621 799 vino
2656 756 2709 802 et
2737 747 2898 803 altera
2924 765 3046 804 cum
3079 766 3242 822 aqua,
3270 753 3442 822 pelvis

1852 829 1919 886 ad
1943 846 2132 886 manus
2162 829 2416 890 lavandas
2440 852 2560 890 cum
2593 841 2954 910 manutergio,
2994 853 3215 899 truncus
3245 854 3336 898 aut
3363 845 3441 899 la-

1849 922 1934 992 pis
1955 937 2121 978 cavus
2144 921 2235 976 ubi
2294 910 2435 992 aqua
2465 928 2604 980 unde
2633 943 2790 1002 sacra
2837 929 3090 986 lavantur
3115 931 3438 1000 effunditur,

1853 1011 2121 1067 abseonsa
2155 1013 2319 1068 etiam
2349 1016 2449 1069 sub
2481 1017 2724 1084 candela,
2754 1028 2810 1074 et
2837 1019 3114 1077 lecturiale
3143 1025 3242 1079 sub
3275 1025 3434 1080 libro.

1924 1103 1990 1156 Et
2044 1107 2354 1174 superiores
2386 1107 2588 1178 quique
2625 1110 2823 1180 gradus
2854 1122 3080 1181 possunt
3121 1115 3444 1190 inferiorum

1851 1193 2020 1263 ofﬁcia
2052 1197 2383 1252 ministrare.
2419 1199 2718 1270 Episcopus
2745 1217 2875 1272 ergo
2903 1205 3203 1262 sacerdotis
3228 1208 3439 1279 singula

1855 1287 2157 1354 ministrat;
2184 1290 2328 1359 licet,
2352 1296 2514 1347 etiam
2541 1294 2654 1364 ipso
2679 1307 2966 1363 prasente,
2989 1299 3142 1367 quasi
3167 1303 3438 1370 quoddam

1852 1378 1923 1432 sit
1979 1383 2252 1451 preprium
2291 1385 2593 1440 sacerdotis
2647 1387 2864 1450 offerre,
2920 1388 3215 1460 baptizare,
3274 1392 3436 1448 horas

1852 1466 2399 1544 celebrare,'ungere,
2443 1476 2874 1541 communicare,
2910 1482 3314 1549 commendare,
3356 1499 3442 1538 se-
3506 1504 3511 1509 ·

1851 1560 2037 1629 pclire.
2077 1561 2215 1618 Sunt.
2247 1575 2506 1635 prtcterea
2559 1577 2764 1638 septem
2797 1570 3042 1639 praesulis
3077 1571 3272 1639 oﬁicia,
3311 1563 3442 1629 con;

1855 1649 2094 1719 ﬁrmare,
2125 1656 2465 1722 benedicere,
2493 1659 2794 1725 absolvere,
2825 1663 3086 1730 synodum
3117 1671 3323 1730 tenere,
3347 1666 3442 1720 de-

223 1745 612 1801 Commendare
641 1748 799 1803 debet
833 1749 1040 1803 orando
1075 1750 1288 1806 animas
1315 1751 1498 1806 ﬁdeles
1529 1752 1596 1807 de
1626 1767 1746 1809 cor-

1855 1742 2055 1808 dicarc,
2087 1759 2434 1814 consecrare,
2468 1749 2740 1804 ordinare.
2773 1748 3103 1819 Con/innare
3154 1753 3274 1823 ejus
3308 1764 3432 1821 est;

150 1840 381 1909 poribus
410 1839 770 1910 egredientes,
800 1849 849 1894 et
878 1856 1066 1895 earum
1104 1843 1422 1898 memoriam
1479 1845 1533 1899 in
1579 1849 1744 1901 missa

152 1941 207 1982 et
233 1929 575 1984 orationibus
602 1928 970 2001 frequentare.
1000 1929 1260 1998 Quamvis
1297 1925 1440 1998 enim
1481 1935 1747 2003 promissa

153 2022 222 2076 sit
255 2021 589 2090 indulgentia
620 2023 894 2093 peccatori
926 2039 1248 2094 quacunque
1271 2027 1406 2080 hora
1432 2027 1743 2096 paeniteret,

156 2120 343 2165 tamen
372 2125 529 2180 poena
559 2121 872 2181 peccantem
906 2113 1160 2184 quaelibet
1202 2124 1517 2185 exspectat;
1546 2133 1746 2189 purga-

156 2202 335 2256 tor-ins
371 2201 619 2256 videlicet
657 2203 826 2273 ignis,
857 2203 949 2272 qui
985 2218 1215 2275 corpore
1257 2206 1446 2262 statim
1496 2222 1750 2278 egressos

152 2305 206 2347 et
227 2295 412 2348 minus
435 2307 529 2362 per
554 2294 786 2349 lamenta
829 2296 1161 2365 pwnitentia:
1185 2307 1441 2368 purgatos
1476 2299 1542 2354 ad
1570 2299 1748 2368 pleni-

156 2387 406 2441 tudinem
437 2386 627 2456 recipit
649 2388 978 2458 purgandos.
1003 2387 1158 2455 Quod
1183 2405 1312 2460 ergo
1342 2406 1442 2460 pro
1464 2391 1546 2446 eis
1569 2391 1658 2446 hic
1687 2392 1750 2446 ﬁt

154 2477 206 2530 in
238 2475 585 2532 orationibus
613 2485 668 2530 et
693 2475 1077 2547 eleemosynis,
1109 2480 1324 2547 proﬁcit
1346 2480 1426 2534 eis
1455 2480 1523 2534 ad
1553 2496 1749 2551 purga-

156 2573 384 2633 tionem,
416 2569 543 2638 quia
573 2569 739 2623 sudor
762 2569 1005 2624 vivorum
1037 2571 1251 2641 requies
1279 2580 1363 2626 est
1385 2579 1745 2626 mortuorum.

155 2661 393 2731 δεμειίιέ
430 2676 658 2731 corpora
714 2661 979 2728 ﬁdelium,
1011 2663 1263 2719 ultimum
1309 2673 1394 2720 est
1443 2666 1748 2721 sacerdotis

153 2752 423 2818 ofﬁcium;
464 2753 578 2821 ipse
607 2754 754 2808 enim
786 2755 946 2809 tertio
975 2763 1176 2810 terram
1210 2771 1374 2825 super
1401 2772 1601 2827 corpus
1621 2774 1745 2814 cum

155 2846 370 2901 fossore
402 2845 660 2910 infundit,
714 2847 941 2902 dicendo
969 2864 989 2903 :
1021 2847 1098 2902 De
1127 2860 1290 2903 terra'
1317 2849 1595 2918 plasmasti
1641 2866 1743 2904 me.

151 2937 427 3004 Adjacent
447 2939 611 2991 etiam
651 2938 983 2993 coemeteriis
1012 2949 1326 2994 sanctorum
1370 2939 1474 2994 alia
1505 2940 1645 3006 loca,
1693 2941 1747 2996 in

153 3029 358 3098 quibus
388 3028 794 3083 submersarum
821 3039 876 3085 et
905 3030 1212 3085 occisorum
1245 3031 1484 3086 ﬁdelium
1510 3045 1743 3102 corpora

153 3124 486 3182 conduntur,
531 3123 657 3191 quia
687 3122 925 3191 ipsorum
976 3123 1172 3178 anima:
1219 3123 1330 3178 Deo
1363 3125 1744 3180 commendari

154 3229 264 3269 non
315 3213 692 3282 prohibentur.
734 3212 869 3269 Nam
919 3215 1214 3270 inﬁdelium
1256 3224 1311 3270 et
1357 3215 1747 3272 sceleratorum

155 3319 389 3375 corpora
413 3305 571 3375 longe
601 3314 730 3360 sunt
775 3323 804 3360 a
851 3306 1087 3362 ﬁdelium
1135 3304 1506 3377 projicienda;
1551 3307 1750 3377 quibus

153 3397 468 3453 enimvivis
499 3413 604 3452 non
637 3399 1140 3465 communicamus;
1170 3413 1268 3453 nec
1301 3399 1552 3452 mortuis.

223 3489 580 3544 Enumeratis
633 3498 813 3543 autem
872 3498 1038 3558 atque
1091 3488 1378 3557 descriptis
1445 3487 1748 3544 sacerdotis

151 3565 388 3644 ofﬁciis;
429 3580 625 3651 quibus
660 3581 713 3635 in
742 3581 824 3635 his
861 3581 935 3634 uti
959 3581 1151 3636 debeat
1185 3578 1426 3635 vestibus
1454 3581 1749 3649 perspicia-

153 3690 304 3730 mus.
332 3672 484 3729 Sicut
508 3688 639 3744 ergo
655 3684 860 3742 septem
883 3673 1079 3744 gradus
1104 3681 1251 3738 sunt,
1270 3673 1471 3741 quibus
1494 3674 1751 3727 sacerdos

150 3765 425 3827 elevatur,
466 3763 539 3817 ita
572 3771 778 3832 septem
827 3772 954 3816 sunt
982 3771 1160 3816 vestes
1187 3763 1384 3830 quibus
1413 3761 1702 3815 ordinatur
1731 3778 1746 3814 :

151 3856 538 3910 indumentqu
569 3853 962 3924 quotidianmu,
1018 3853 1244 3917 amicta,
1273 3852 1418 3918 alba,
1443 3852 1746 3922 cingulum,

151 3947 385 4014 Lirin-on,
433 3945 569 4001 stola
622 3955 675 4000 et
715 3945 919 4000 casula.
968 3945 1035 4001 Et
1069 3955 1265 4000 caetera
1297 3945 1516 4016 quidem
1561 3946 1746 3999 omnia

154 4040 330 4094 oﬁicia
359 4039 477 4093 sine
505 4037 716 4102 casula,
739 4046 794 4092 et
831 4053 953 4092 cum
983 4037 1119 4092 stola
1154 4037 1266 4096 sola
1305 4037 1602 4106 aliquando
1647 4052 1748 4104 po-

155 4139 281 4184 test.
311 4127 594 4195 Quodiana
621 4129 689 4182 ad
720 4128 959 4191 missam,
995 4137 1052 4182 ut
1077 4129 1425 4198 paucissima,
1465 4137 1592 4182 sunt
1614 4143 1752 4196 qua-

157 4235 320 4278 tuor:
351 4221 598 4286 camisia,
623 4215 1165 4286 tunica,l’cmoralia,
1209 4219 1600 4274 calceamenta.
1641 4217 1750 4270 Ad-

154 4317 291 4369 dunt
325 4323 504 4368 tamen
536 4311 759 4366 Romani
785 4312 1003 4382 caligas.
1038 4312 1178 4366 Dicit
1202 4325 1417 4380 quicque
1439 4307 1747 4362 Amalarins

1772 3074 1819 3134 C

1849 1831 2058 1888 frontes
2079 1833 2312 1889 ﬁdelium
2340 1835 2733 1906 baptizatorum
2767 1841 3059 1895 chrismate
3082 1831 3307 1912 ungere.
3337 1844 3440 1899 Be-

1851 1924 2086 1978 nedicere
2110 1935 2290 1981 autem
2313 1927 2433 1983 dico
2453 1929 2824 2008 praesulemea
2855 1947 2974 2008 qua:
2997 1947 3101 1987 non
3133 1943 3258 1989 sunt
3284 1946 3442 1990 uten-

1849 2016 1968 2071 silia
1995 2016 2236 2073 ecclesiae
2260 2035 2275 2084 ;
2305 2035 2628 2076 consecrare
2655 2003 2786 2077 vero
2812 2003 2937 2092 ipsa.
2955 2025 3224 2080 utensilia.
3263 2025 3438 2081 Bene-

1849 2109 1981 2165 dieit
2007 2124 2137 2180 ergo
2175 2112 2412 2181 pontifex
2453 2113 2692 2183 reginam
2729 2123 2784 2168 et
2826 2115 3090 2186 virginem
3129 2133 3251 2172 eum
3291 2118 3438 2172 vcla-

1851 2207 1960 2262 tur,
1995 2208 2050 2253 et
2078 2200 2378 2269 quemlibet
2427 2201 2639 2258 ﬁdelem
2676 2203 2920 2260 benedici
2953 2207 3338 2275 postulantem,
3381 2218 3444 2278 et,

1850 2297 2020 2342 totum
2046 2289 2298 2359 populum
2329 2301 2456 2346 ante
2493 2307 2678 2362 pacem
2703 2310 2720 2359 ;
2753 2295 3026 2350 benedicit
3054 2297 3217 2350 etiam
3247 2312 3440 2367 supra-

1848 2389 2174 2446 memorata,
2195 2396 2315 2450 quae
2339 2398 2442 2436 non
2467 2382 2594 2437 licet
2620 2385 2891 2439 sacerdoti
2918 2385 2970 2440 in
2993 2385 3109 2454 ejus
3128 2388 3434 2457 prtesentia.

1849 2478 2080 2532 Absolvit
2106 2479 2301 2548 pra-sul
2330 2479 2586 2549 populum
2610 2481 2675 2535 de
2703 2481 3003 2536 venialibns
3029 2482 3080 2536 in
3112 2484 3287 2551 capite
3302 2481 3441 2550 jeju-

1851 2571 1949 2635 nii,
1981 2571 2047 2625 de
2073 2570 2448 2625 criminalibus
2478 2571 2530 2625 in
2554 2569 2722 2625 Coma
2757 2571 2990 2628 Domini.
3027 2571 3182 2626 Tenet
3219 2587 3438 2643 quoque

1849 2663 2106 2732 synodum
2137 2663 2220 2718 bis
2259 2663 2313 2718 in
2345 2679 2510 2728 anno,
2550 2665 2602 2718 in
2629 2661 2818 2718 {estate
2842 2671 2900 2719 et
2930 2664 2982 2718 in
3012 2673 3290 2720 autumno.
3319 2666 3435 2721 Hoc

1851 2755 2012 2806 modo
2038 2753 2380 2823 congregatis
2401 2753 2654 2808 omnibus
2683 2754 3014 2823 presbyteris
3039 2754 3202 2809 totius
3229 2755 3437 2825 episco-

1848 2853 2026 2911 patos,
2059 2853 2432 2914 perscrutatur
2478 2844 2762 2913 episc0pus
2792 2859 2859 2898 ne
2896 2845 3021 2914 quid
3045 2846 3206 2901 alicui
3236 2861 3426 2902 eorum

1849 2934 1990 2990 desit
2019 2936 2072 2989 in
2103 2937 2250 2990 omni
2273 2936 2486 3000 ordine,
2519 2937 2600 2990 vel
2632 2935 2953 2992 utensilibus
2975 2938 3218 2996 ecclesiae
3238 2979 3253 3003 ,
3301 2953 3438 2995 neve

1851 3024 2136 3094 quisquam
2167 3039 2355 3079 eorum
2403 3024 2560 3079 alteri
2606 3025 2898 3096 quidquam
2947 3028 3140 3082 fecerit
3188 3028 3432 3098 injuriae;

1852 3115 1994 3183 quod
2021 3114 2198 3168 tribus
2219 3113 2406 3168 diebus
2429 3114 2518 3168 sit.
2543 3114 2756 3170 Pacatis
2785 3117 2963 3185 itaque
2982 3117 3252 3184 omnibus,
3277 3119 3436 3173 abso-

1851 3205 1949 3261 luti
1981 3207 2370 3277 permittuntur
2403 3205 2555 3261 abire
2595 3207 2647 3261 in
2677 3221 2832 3277 pace.
3234 3272 3248 3292 ν

1921 3297 2140 3352 Dedicat
2173 3298 2334 3354 etiam
2364 3298 2606 3368 pontifex
2643 3299 2860 3364 atrium,
2905 3302 3183 3371 templum,
3235 3302 3434 3377 altare,

1851 3389 2088 3444 tabulam
2110 3390 2317 3445 altaris.
2342 3391 2603 3446 Dedicare
2618 3392 2762 3446 enim
2783 3402 2867 3448 est
2889 3391 3064 3447 locum
3083 3394 3193 3448 Deo
3215 3395 3432 3456 atl'erre.

1849 3480 2172 3534 benedicere
2211 3491 2266 3535 et
2294 3483 2660 3538 sanctiﬁcare.
2695 3480 2974 3537 Consecrat
3006 3494 3185 3538 autem
3223 3487 3434 3553 episco-

1852 3585 1951 3640 pus
1984 3554 2232 3624 utensilia
2265 3572 2507 3627 ecclesia:
2532 3575 2675 3642 (qua:
2701 3573 2814 3628 fere
2847 3575 3028 3628 omnia
3057 3576 3432 3632 sacerdotibus

1851 3669 1978 3714 sunt
2001 3662 2332 3729 communia)
2364 3663 2684 3718 vestimenta
2721 3663 2972 3731 videlicet
2991 3665 3442 3742 sacerdotalia‘ct

1853 3757 2207 3826 pontiﬁcalia,
2239 3756 2427 3813 altaris
2455 3758 2738 3821 velamina,
2775 3757 3018 3830 calicem,
3073 3769 3324 3829 patenam
3381 3770 3440 3834 et,

1853 3849 2184 3919 corporalia,
2225 3849 2501 3904 vasculum
2531 3850 2909 3916 Eucharistim,
2957 3852 3216 3915 chrisma,
3255 3852 3436 3910 oleum

1851 3951 1905 3996 et
1938 3957 2031 3996 vas
2058 3939 2368 4007 chrismale,
2405 3943 2528 3996 tlms
2555 3951 2607 3996 et
2638 3943 2994 4008 thuribulum,
3033 3943 3432 4012 baptisterium,

1852 4050 2035 4088 aream
2061 4034 2142 4089 vel
2171 4035 2430 4089 scrinium
2464 4035 2838 4103 reliquiarum,
2875 4034 3194 4088 timbarium
3226 4035 3432 4108 (idest,

1854 4126 2043 4180 altaris
2076 4125 2473 4195 umbraculum)
2512 4140 2751 4192 erucem,
2800 4125 3220 4183 tintinnabulum
3247 4135 3302 4182 et
3327 4125 3438 4181 τεν-η

1855 4237 1972 4274 rum
2001 4219 2260 4292 judicialc
2289 4218 2386 4290 (5).
2431 4218 2502 4272 Ea
2531 4220 2674 4274 enim
2707 4227 2913 4273 tantum
2959 4228 3265 4286 consecrat,
3312 4212 3437 4289 qua!

1851 4329 1883 4367 a
1907 4311 2176 4368 couununi
2208 4328 2305 4365 usu
2338 4311 2388 4364 in
2416 4309 2619 4366 enltmu
2641 4308 2879 4365 divinum
2909 4319 3250 4380 separantur.
3279 4309 3438 4364 Ordi-

155 4406 500 4470 saeerdotem
539 4405 736 4460 debere
763 4405 909 4458 indui
937 4404 1196 4459 sandaliis
1217 4413 1273 4458 et
1300 4404 1621 4468 dalniatica;
1649 4401 1744 4457 sed
1777 4423 1823 4482 ι)
1852 4416 1940 4460 nat
1966 4418 2252 4475 episcopus
2289 4403 2562 4468 abbatem,
2609 4402 2963 4468 abbatissam,
2994 4403 3350 4468 sacerdotem,
3381 4407 3440 4457 et

153 4497 443 4571 pontifices
471 4485 609 4566 apud
633 4510 734 4550 nos
761 4496 845 4550 his
866 4504 1111 4549 utuntur.

226 4592 372 4647 Octo
390 4598 516 4644 sunt
547 4605 680 4660 ergo
699 4589 898 4660 quibus
942 4597 1279 4644 sustentatur
1317 4588 1610 4655 sacerdos;
1648 4606 1746 4660 pa-

155 4685 372 4748 rochia,
410 4697 648 4747 mansus,
680 4682 900 4747 atrium,
931 4681 1327 4745 caemeterium,
1362 4681 1642 4752 templum,
1673 4682 1752 4734 λι-

154 4783 297 4835 tare,
324 4771 463 4825 calix
487 4787 606 4826 eum
640 4780 855 4842 patena,
889 4785 1085 4840 corpus
1123 4785 1244 4826 cum
1289 4773 1578 4841 sanguine;
1622 4772 1748 4841 quia

153 4861 388 4929 singula:
429 4861 553 4925 sibi,
599 4854 857 4930 subjectis
896 4861 1052 4931 quasi
1098 4861 1419 4931 quibusdam
1452 4861 1744 4929 gradibus,

156 4953 370 5006 honore
417 4961 471 5005 et
516 4955 775 5024 dignitate
807 4953 1185 5024 praeferuntur.
1223 4950 1541 5008 Parochiam
1571 4955 1750 5025 appel-

156 5045 210 5100 lo
234 5046 512 5115 pOpttlum,
541 5047 830 5116 primitias,
861 5046 1162 5102 oblationes
1192 5055 1246 5102 et
1271 5047 1512 5102 decimas
1542 5047 1747 5118 persol-
1794 5079 1798 5084 -

157 5147 398 5192 ventem.
432 5136 676 5192 Mansum
704 5137 825 5192 dico
853 5147 1050 5192 terram
1078 5139 1269 5203 aratri,
1293 5154 1453 5210 quam
1477 5141 1543 5194 ad
1569 5141 1750 5195 minus

157 5229 327 5282 debet
357 5227 557 5284 habere
612 5229 884 5290 sacerdos,
939 5231 1138 5284 atrium
1170 5245 1291 5285 cum
1341 5232 1594 5286 domibus
1618 5233 1747 5310 _snis

157 5320 494 5374 clausuram.
520 5319 645 5376 Haec
670 5330 848 5376 autem
876 5332 1001 5376 sunt
1029 5323 1275 5378 utensilia
1300 5325 1567 5380 sacerdoti
1592 5317 1764 5394 oper?

160 5418 320 5472 tuna,
343 5425 464 5479 quae
477 5409 595 5465 sine
620 5411 997 5466 benedictione
1021 5412 1254 5485 episcopi
1276 5413 1543 5470 sufﬁciunt
1567 5435 1581 5471 :
1609 5431 1749 5489 aqua

1850 4509 2076 4552 cmteros
2108 4511 2202 4550 sex
2251 4497 2471 4568 gradus.
2525 4495 2700 4552 Utitur
2742 4496 2906 4552 etiam
2955 4495 3281 4566 cpiscopus,
3332 4509 3434 4564 pro

1851 4588 2132 4662 dignitatis
2162 4590 2391 4653 honore,
2425 4590 2617 4644 baculo
2645 4597 2699 4642 et
2749 4587 2967 4651 annulo,
2999 4585 3332 4640 chirothecis
3381 4594 3439 4644 et

1850 4687 2032 4750 mitra,
2057 4684 2252 4749 balteo,
2277 4682 2589 4745 dalmatica,
2621 4689 2673 4735 et
2696 4678 2970 4734 sandaliis.
3003 4676 3228 4745 Oportet
3249 4682 3436 4734 autem

1849 4791 1972 4834 eum
1995 4791 2206 4830 sacram
2235 4774 2571 4843 Scripturam
2601 4782 2656 4826 et
2682 4771 2999 4827 traditiones
3026 4768 3247 4823 Patrum
3275 4766 3438 4822 habeo

1854 4885 1937 4933 re,
1959 4878 2020 4922 ut
2048 4869 2218 4940 possit
2240 4867 2305 4924 de
2327 4866 2553 4937 singulis
2570 4865 2713 4936 juste
2743 4863 3075 4926 discernere,
3109 4870 3162 4914 et
3183 4859 3442 4931 quzelibet

1855 4961 2225 5033 quaerentibus
2251 4959 2651 5016 rationabiliter
2683 4956 3030 5026 respondere.
3420 5024 3425 5029 Ι

1927 5050 2328 5122 Archiepiscopo
2353 5051 2534 5106 omnia
2563 5049 2871 5118 supradicta
2894 5046 3255 5109 conveniunt;
3287 5043 3438 5099 insu-

1818 5151 1822 5154 ’
1856 5159 1954 5215 per
1970 5142 2131 5214 pallio
2154 5145 2373 5198 honoris
2404 5143 2684 5207 induitur;
2714 5141 2838 5212 quia
2861 5141 2994 5210 ipse,
3022 5139 3434 5207 adjutustamen

1855 5237 1923 5291 ab
1950 5236 2204 5292 omnibus
2229 5236 2482 5290 ditecesis
2505 5249 2615 5289 suae
2644 5233 2932 5303 epiSCOpis,
2972 5231 3189 5286 ordinat
3219 5229 3435 5299 episco-

1856 5344 2004 5399 pum.
2033 5327 2089 5382 Si
2115 5329 2236 5398 quis
2257 5328 2402 5384 enim
2435 5325 2674 5396 ipsorum
2714 5325 3046 5380 ordinationi
3091 5323 3281 5379 adesse
3329 5337 3438 5375 non

1855 5422 2046 5491 possit,
2072 5419 2267 5475 litteris
2305 5420 2420 5475 suis
2447 5433 2504 5474 se
2526 5433 2790 5474 excusans
2817 5425 2980 5486 atque
3009 5415 3225 5485 legatis,
3255 5427 3441 5468 assen-

231 5566 317 5655 (5)
347 5565 1352 5655 'i’idenGlossarium.qull.'hambardi
1395 5573 1703 5644 (praeﬁxum
1733 5575 2120 5655 Ἀρχαιονομίᾳ)
2168 5578 2221 5633 in
2262 5576 2495 5631 0rdalic.
2536 5575 2597 5630 D.
2630 5573 2794 5631 Henr.
2852 5574 3190 5645 Spclmanni,
3241 5588 3292 5626 tn
3341 5575 3438 5622 δει-

159 5638 308 5692 dicm
339 5637 454 5692 Dei.
485 5637 575 5692 Fr.
606 5637 821 5705 Pithaai,
857 5641 908 5696 in
939 5640 1258 5712 Capitular.,
1281 5652 1388 5698 etc.

541 5732 808 5793 ΡΑτιιοι..
865 5733 1085 5794 CLIX.

2806 5733 2887 5795 32
