  <div class='ocr_page' id='page_1' title='image "/cluster/home/n/w/nwhite01/storage/ocr_20150623/159/hvd.32044024236648/510.png"; bbox 0 0 3928 6298; ppageno 0'>
   <div class='ocr_carea' id='block_1_1' title="bbox 200 287 335 343">
    <p class='ocr_par' dir='ltr' id='par_1_1' title="bbox 200 287 335 343">
     <span class='ocr_line' id='line_1_1' title="bbox 200 287 335 343; baseline 0.015 -2"><span class='ocrx_word' id='word_1_1' title='bbox 200 287 335 343; x_wconf 73' lang='grc'><strong>1005</strong></span> 
     </span>
    </p>
   </div>
   <div class='ocr_carea' id='block_1_2' title="bbox 1155 284 2446 358">
    <p class='ocr_par' dir='ltr' id='par_1_2' title="bbox 1155 284 2446 358">
     <span class='ocr_line' id='line_1_2' title="bbox 1155 284 2446 358; baseline -0.002 -17"><span class='ocrx_word' id='word_1_2' title='bbox 1155 287 1568 358; x_wconf 69' lang='grc' dir='ltr'><strong>υιδρυτΑΤιο</strong></span> <span class='ocrx_word' id='word_1_3' title='bbox 1590 284 1811 344; x_wconf 67' lang='grc' dir='ltr'><strong>ιυθλξι</strong></span> <span class='ocrx_word' id='word_1_4' title='bbox 1849 285 1993 343; x_wconf 73' lang='lat' dir='ltr'><strong>CUM</strong></span> <span class='ocrx_word' id='word_1_5' title='bbox 2030 284 2446 343; x_wconf 70' lang='lat' dir='ltr'><strong>CHRIS&#39;I‘IANO</strong></span> 
     </span>
    </p>
   </div>
   <div class='ocr_carea' id='block_1_3' title="bbox 3323 283 3465 342">
    <p class='ocr_par' dir='ltr' id='par_1_3' title="bbox 3323 283 3465 342">
     <span class='ocr_line' id='line_1_3' title="bbox 3323 283 3465 342; baseline 0 -1"><span class='ocrx_word' id='word_1_6' title='bbox 3323 283 3465 342; x_wconf 66' lang='grc' dir='ltr'><strong>ωας</strong></span> 
     </span>
    </p>
   </div>
   <div class='ocr_carea' id='block_1_4' title="bbox 201 403 3459 438">
    <p class='ocr_par' dir='ltr' id='par_1_4' title="bbox 201 403 3459 438">
     <span class='ocr_line' id='line_1_4' title="bbox 201 403 3459 438; baseline -0.001 -2"><span class='ocrx_word' id='word_1_7' title='bbox 201 403 3459 438; x_wconf 59' lang='lat' dir='ltr'><strong>mm</strong></span> 
     </span>
    </p>
   </div>
   <div class='ocr_carea' id='block_1_5' title="bbox 200 435 3470 806">
    <p class='ocr_par' dir='ltr' id='par_1_5' title="bbox 200 435 3470 806">
     <span class='ocr_line' id='line_1_5' title="bbox 200 435 3470 806; baseline 0 -2"><span class='ocrx_word' id='word_1_8' title='bbox 200 571 1208 806; x_wconf 76' lang='lat' dir='ltr'><strong>lilSPll’l‘A’l‘lil</strong></span> <span class='ocrx_word' id='word_1_9' title='bbox 1351 573 1879 805; x_wconf 72' lang='lat' dir='ltr'><strong>iam</strong></span> <span class='ocrx_word' id='word_1_10' title='bbox 2040 575 2352 806; x_wconf 73' lang='lat' dir='ltr'><strong>cum</strong></span> <span class='ocrx_word' id='word_1_11' title='bbox 2457 570 3470 806; x_wconf 70' lang='lat' dir='ltr'><strong>annuum</strong></span> 
     </span>
    </p>
   </div>
   <div class='ocr_carea' id='block_1_6' title="bbox 1071 940 1662 1131">
    <p class='ocr_par' dir='ltr' id='par_1_6' title="bbox 1071 940 1662 1131">
     <span class='ocr_line' id='line_1_6' title="bbox 1071 940 1662 1131; baseline -0.003 1"><span class='ocrx_word' id='word_1_12' title='bbox 1071 941 1251 1052; x_wconf 74' lang='lat' dir='ltr'><strong>DE</strong></span> 
     </span>
    </p>
   </div>
   <div class='ocr_carea' id='block_1_7' title="bbox 1585 1087 2033 1146">
    <p class='ocr_par' dir='ltr' id='par_1_7' title="bbox 1585 1087 2033 1146">
     <span class='ocr_line' id='line_1_7' title="bbox 1585 1087 2033 1146; baseline -0.013 -16"><span class='ocrx_word' id='word_1_13' title='bbox 1585 1087 1780 1130; x_wconf 50' lang='lat' dir='ltr'><strong>fait!</strong></span> <span class='ocrx_word' id='word_1_14' title='bbox 1811 1089 1860 1128; x_wconf 67' lang='grc' dir='ltr'><strong>ι</strong></span> 
     </span>
    </p>
   </div>
   <div class='ocr_carea' id='block_1_8' title="bbox 1749 933 2664 1078">
    <p class='ocr_par' dir='ltr' id='par_1_8' title="bbox 1749 933 2664 1078">
     <span class='ocr_line' id='line_1_8' title="bbox 1749 933 2664 1078; baseline 0.001 -1"><span class='ocrx_word' id='word_1_15' title='bbox 1749 933 2664 1078; x_wconf 65' lang='grc' dir='ltr'><strong>ΕΗΒΙΞἹῘΙΑΝΑ,</strong></span> 
     </span>
    </p>
   </div>
   <div class='ocr_carea' id='block_1_9' title="bbox 2214 1054 2749 1158">
    <p class='ocr_par' dir='ltr' id='par_1_9' title="bbox 2214 1054 2749 1158">
     <span class='ocr_line' id='line_1_9' title="bbox 2227 1054 2736 1102; baseline -0.008 -25"><span class='ocrx_word' id='word_1_16' title='bbox 2227 1054 2287 1102; x_wconf 52' lang='grc' dir='ltr'><strong>ηπ</strong></span> <span class='ocrx_word' id='word_1_17' title='bbox 2384 1054 2396 1077; x_wconf 69' lang='grc' dir='ltr'><em>ι</em></span> <span class='ocrx_word' id='word_1_18' title='bbox 2528 1063 2544 1088; x_wconf 62' lang='grc' dir='ltr'><em>μ</em></span> <span class='ocrx_word' id='word_1_19' title='bbox 2628 1054 2658 1078; x_wconf 72' lang='grc' dir='ltr'><em>ι</em></span> <span class='ocrx_word' id='word_1_20' title='bbox 2725 1085 2736 1102; x_wconf 53' lang='grc'>’</span> 
     </span>
     <span class='ocr_line' id='line_1_10' title="bbox 2214 1059 2749 1144; baseline -0.009 -3"><span class='ocrx_word' id='word_1_21' title='bbox 2214 1097 2268 1144; x_wconf 59' lang='grc' dir='ltr'><strong>(μ</strong></span> <span class='ocrx_word' id='word_1_22' title='bbox 2292 1091 2424 1140; x_wconf 62' lang='lat' dir='ltr'><strong>Ha-</strong></span> <span class='ocrx_word' id='word_1_23' title='bbox 2449 1059 2600 1138; x_wconf 57' lang='grc' dir='ltr'><strong>φίρετ</strong></span> <span class='ocrx_word' id='word_1_24' title='bbox 2629 1090 2749 1128; x_wconf 63' lang='grc' dir='ltr'><strong>ἐ’ναιι</strong></span> 
     </span>
     <span class='ocr_line' id='line_1_11' title="bbox 2252 1139 2724 1158; baseline -0.013 0"><span class='ocrx_word' id='word_1_25' title='bbox 2252 1139 2521 1158; x_wconf 56' lang='lat' dir='ltr'><strong>ua—a--..._‘_,._.</strong></span> <span class='ocrx_word' id='word_1_26' title='bbox 2553 1151 2556 1154; x_wconf 85' lang='lat'><strong>.</strong></span> <span class='ocrx_word' id='word_1_27' title='bbox 2577 1151 2580 1154; x_wconf 96' lang='lat'><strong>.</strong></span> <span class='ocrx_word' id='word_1_28' title='bbox 2607 1148 2612 1152; x_wconf 85' lang='lat'><strong>.</strong></span> <span class='ocrx_word' id='word_1_29' title='bbox 2719 1147 2724 1152; x_wconf 85' lang='lat'><strong>.</strong></span> 
     </span>
    </p>
   </div>
   <div class='ocr_carea' id='block_1_10' title="bbox 777 1091 2876 1240">
    <p class='ocr_par' dir='ltr' id='par_1_10' title="bbox 777 1091 2876 1240">
     <span class='ocr_line' id='line_1_12' title="bbox 1329 1091 2749 1130; baseline -0.011 11"><span class='ocrx_word' id='word_1_30' title='bbox 1329 1102 1432 1128; x_wconf 69' lang='grc' dir='ltr'><strong>τ’(</strong></span> <span class='ocrx_word' id='word_1_31' title='bbox 1585 1091 1780 1130; x_wconf 59' lang='lat' dir='ltr'><strong>ri“</strong></span> <span class='ocrx_word' id='word_1_32' title='bbox 1925 1093 1928 1096; x_wconf 42' lang='grc' dir='ltr'>λ</span> <span class='ocrx_word' id='word_1_33' title='bbox 2221 1091 2359 1129; x_wconf 59' lang='lat' dir='ltr'><strong>&quot;y&#39;v</strong></span> <span class='ocrx_word' id='word_1_34' title='bbox 2449 1091 2749 1128; x_wconf 60' lang='lat' dir='ltr'><strong>-rv’4&#39;..‘c</strong></span> 
     </span>
     <span class='ocr_line' id='line_1_13' title="bbox 777 1091 2876 1240; baseline 0 -22"><span class='ocrx_word' id='word_1_35' title='bbox 777 1162 1068 1220; x_wconf 81' lang='lat' dir='ltr'><strong>SCRIPTA</strong></span> <span class='ocrx_word' id='word_1_36' title='bbox 1107 1163 1152 1219; x_wconf 80' lang='grc' dir='ltr'><strong>Α</strong></span> <span class='ocrx_word' id='word_1_37' title='bbox 1193 1111 1428 1219; x_wconf 54' lang='grc' dir='ltr'><strong>υολῖξῖο</strong></span> <span class='ocrx_word' id='word_1_38' title='bbox 1462 1091 2876 1240; x_wconf 44' lang='grc' dir='ltr'><strong>ξιέιεθέιιῗέίῖηὼτέῗθὲξῖἷῗοᾶᾉδτεηιι</strong></span> 
     </span>
    </p>
   </div>
   <div class='ocr_carea' id='block_1_11' title="bbox 192 1316 3469 1390">
    <p class='ocr_par' dir='ltr' id='par_1_11' title="bbox 192 1316 3469 1390">
     <span class='ocr_line' id='line_1_14' title="bbox 192 1316 3469 1390; baseline -0.002 -15"><span class='ocrx_word' id='word_1_39' title='bbox 192 1317 358 1390; x_wconf 85' lang='lat' dir='ltr'><strong>(Opp.</strong></span> <span class='ocrx_word' id='word_1_40' title='bbox 382 1317 441 1376; x_wconf 91' lang='lat' dir='ltr'><strong>S.</strong></span> <span class='ocrx_word' id='word_1_41' title='bbox 464 1319 704 1376; x_wconf 80' lang='lat' dir='ltr'><strong>Anselmi</strong></span> <span class='ocrx_word' id='word_1_42' title='bbox 732 1319 1160 1382; x_wconf 81' lang='lat' dir='ltr'><strong>Cantuaricnsis,</strong></span> <span class='ocrx_word' id='word_1_43' title='bbox 1189 1327 1414 1373; x_wconf 98' lang='lat' dir='ltr'><strong>curante</strong></span> <span class='ocrx_word' id='word_1_44' title='bbox 1444 1316 1890 1390; x_wconf 22' lang='lat' dir='ltr'><strong>D.7Gerberonio,</strong></span> <span class='ocrx_word' id='word_1_45' title='bbox 1922 1317 2149 1390; x_wconf 22' lang='lat' dir='ltr'><strong>pus”,</strong></span> <span class='ocrx_word' id='word_1_46' title='bbox 2168 1317 2220 1371; x_wconf 88' lang='lat' dir='ltr'><strong>in</strong></span> <span class='ocrx_word' id='word_1_47' title='bbox 2253 1333 2355 1373; x_wconf 92' lang='lat' dir='ltr'><strong>ms.</strong></span> <span class='ocrx_word' id='word_1_48' title='bbox 2387 1318 2632 1390; x_wconf 90' lang='lat' dir='ltr'><strong>hihlioth.</strong></span> <span class='ocrx_word' id='word_1_49' title='bbox 2661 1317 2720 1372; x_wconf 91' lang='lat' dir='ltr'><strong>S.</strong></span> <span class='ocrx_word' id='word_1_50' title='bbox 2745 1317 2954 1390; x_wconf 74' lang='lat' dir='ltr'><strong>Remig.</strong></span> <span class='ocrx_word' id='word_1_51' title='bbox 2989 1317 3050 1372; x_wconf 85' lang='grc' dir='ltr'><strong>Β.</strong></span> <span class='ocrx_word' id='word_1_52' title='bbox 3085 1318 3151 1372; x_wconf 83' lang='lat' dir='ltr'><strong>l0</strong></span> <span class='ocrx_word' id='word_1_53' title='bbox 3195 1327 3250 1372; x_wconf 90' lang='lat' dir='ltr'><strong>ct</strong></span> <span class='ocrx_word' id='word_1_54' title='bbox 3274 1332 3340 1372; x_wconf 81' lang='lat' dir='ltr'><strong>ex</strong></span> <span class='ocrx_word' id='word_1_55' title='bbox 3368 1331 3469 1371; x_wconf 77' lang='lat' dir='ltr'><strong>ms.</strong></span> 
     </span>
    </p>
   </div>
   <div class='ocr_carea' id='block_1_12' title="bbox 1155 1387 2527 1457">
    <p class='ocr_par' dir='ltr' id='par_1_12' title="bbox 1155 1387 2527 1457">
     <span class='ocr_line' id='line_1_15' title="bbox 1155 1387 2527 1457; baseline -0.001 -13"><span class='ocrx_word' id='word_1_56' title='bbox 1155 1390 1434 1445; x_wconf 74' lang='lat' dir='ltr'><strong>Victorino</strong></span> <span class='ocrx_word' id='word_1_57' title='bbox 1461 1389 1567 1444; x_wconf 85' lang='lat' dir='ltr'><strong>CC.</strong></span> <span class='ocrx_word' id='word_1_58' title='bbox 1590 1388 1647 1453; x_wconf 91' lang='lat'><strong>9,</strong></span> <span class='ocrx_word' id='word_1_59' title='bbox 1678 1397 1733 1442; x_wconf 89' lang='lat' dir='ltr'><strong>et</strong></span> <span class='ocrx_word' id='word_1_60' title='bbox 1754 1403 1820 1442; x_wconf 82' lang='lat' dir='ltr'><strong>ex</strong></span> <span class='ocrx_word' id='word_1_61' title='bbox 1848 1403 1950 1441; x_wconf 92' lang='lat' dir='ltr'><strong>ms.</strong></span> <span class='ocrx_word' id='word_1_62' title='bbox 1985 1387 2093 1443; x_wconf 91' lang='lat' dir='ltr'><strong>San</strong></span> <span class='ocrx_word' id='word_1_63' title='bbox 2123 1389 2527 1457; x_wconf 79' lang='lat' dir='ltr'><strong>Germaneusi.)</strong></span> 
     </span>
    </p>
   </div>
   <div class='ocr_carea' id='block_1_13' title="bbox 1036 1685 2663 1782">
    <p class='ocr_par' dir='ltr' id='par_1_13' title="bbox 1036 1685 2663 1782">
     <span class='ocr_line' id='line_1_16' title="bbox 1036 1685 2663 1782; baseline -0.003 -2"><span class='ocrx_word' id='word_1_64' title='bbox 1036 1689 1626 1782; x_wconf 81' lang='lat' dir='ltr'><strong>EPISTOLA</strong></span> <span class='ocrx_word' id='word_1_65' title='bbox 1699 1685 2663 1780; x_wconf 80' lang='lat' dir='ltr'><strong>NUNCUPATORIA.</strong></span> 
     </span>
    </p>
   </div>
   <div class='ocr_carea' id='block_1_14' title="bbox 534 1884 3137 1965">
    <p class='ocr_par' dir='ltr' id='par_1_14' title="bbox 534 1884 3137 1965">
     <span class='ocr_line' id='line_1_17' title="bbox 534 1884 3137 1965; baseline -0 -19"><span class='ocrx_word' id='word_1_66' title='bbox 534 1884 912 1957; x_wconf 79' lang='lat' dir='ltr'><strong>Gislcbertus</strong></span> <span class='ocrx_word' id='word_1_67' title='bbox 940 1884 1098 1946; x_wconf 77' lang='lat' dir='ltr'><strong>hanc</strong></span> <span class='ocrx_word' id='word_1_68' title='bbox 1126 1884 1614 1965; x_wconf 74' lang='lat' dir='ltr'><strong>disputationem</strong></span> <span class='ocrx_word' id='word_1_69' title='bbox 1645 1884 2122 1950; x_wconf 71' lang='lat' dir='ltr'><strong>examinandum</strong></span> <span class='ocrx_word' id='word_1_70' title='bbox 2158 1887 2239 1948; x_wconf 85' lang='lat' dir='ltr'><strong>ad</strong></span> <span class='ocrx_word' id='word_1_71' title='bbox 2267 1885 2333 1947; x_wconf 89' lang='lat' dir='ltr'><strong>S.</strong></span> <span class='ocrx_word' id='word_1_72' title='bbox 2358 1885 2709 1949; x_wconf 80' lang='lat' dir='ltr'><strong>Anselmum</strong></span> <span class='ocrx_word' id='word_1_73' title='bbox 2739 1887 3137 1949; x_wconf 74' lang='lat' dir='ltr'><strong>transmittit.</strong></span> 
     </span>
    </p>
   </div>
   <div class='ocr_carea' id='block_1_15' title="bbox 278 2201 3473 2280">
    <p class='ocr_par' dir='ltr' id='par_1_15' title="bbox 278 2201 3473 2280">
     <span class='ocr_line' id='line_1_18' title="bbox 278 2201 3473 2280; baseline -0.001 -10"><span class='ocrx_word' id='word_1_74' title='bbox 278 2212 594 2270; x_wconf 78' lang='lat' dir='ltr'><strong>Reverendo</strong></span> <span class='ocrx_word' id='word_1_75' title='bbox 620 2211 766 2267; x_wconf 88' lang='lat' dir='ltr'><strong>Patri</strong></span> <span class='ocrx_word' id='word_1_76' title='bbox 794 2221 849 2268; x_wconf 90' lang='lat' dir='ltr'><strong>et</strong></span> <span class='ocrx_word' id='word_1_77' title='bbox 871 2212 1092 2267; x_wconf 80' lang='lat' dir='ltr'><strong>nomino</strong></span> <span class='ocrx_word' id='word_1_78' title='bbox 1119 2213 1370 2268; x_wconf 68' lang='lat' dir='ltr'><strong>Assumo</strong></span> <span class='ocrx_word' id='word_1_79' title='bbox 1416 2219 1618 2270; x_wconf 62' lang='lat' dir='ltr'><strong>sanctas</strong></span> <span class='ocrx_word' id='word_1_80' title='bbox 1645 2211 1788 2268; x_wconf 85' lang='lat' dir='ltr'><strong>Can-</strong></span> <span class='ocrx_word' id='word_1_81' title='bbox 1815 2201 1865 2256; x_wconf 78' lang='grc' dir='ltr'>Α</span> <span class='ocrx_word' id='word_1_82' title='bbox 1894 2208 1984 2264; x_wconf 89' lang='lat' dir='ltr'><strong>nio</strong></span> <span class='ocrx_word' id='word_1_83' title='bbox 2013 2208 2191 2265; x_wconf 83' lang='lat' dir='ltr'><strong>nitens</strong></span> <span class='ocrx_word' id='word_1_84' title='bbox 2215 2209 2402 2266; x_wconf 86' lang='lat' dir='ltr'><strong>eadem</strong></span> <span class='ocrx_word' id='word_1_85' title='bbox 2435 2211 2455 2240; x_wconf 82' lang='grc'>⁸</span> <span class='ocrx_word' id='word_1_86' title='bbox 2479 2210 2580 2280; x_wconf 86' lang='lat' dir='ltr'><strong>ipsi</strong></span> <span class='ocrx_word' id='word_1_87' title='bbox 2621 2224 2882 2266; x_wconf 84' lang='lat' dir='ltr'><strong>concessu</strong></span> <span class='ocrx_word' id='word_1_88' title='bbox 2911 2211 2932 2242; x_wconf 86' lang='lat'><strong>&#39;</strong></span> <span class='ocrx_word' id='word_1_89' title='bbox 2965 2209 3136 2266; x_wconf 79' lang='lat' dir='ltr'><strong>facilis</strong></span> <span class='ocrx_word' id='word_1_90' title='bbox 3179 2226 3299 2266; x_wconf 82' lang='lat' dir='ltr'><strong>esse</strong></span> <span class='ocrx_word' id='word_1_91' title='bbox 3321 2211 3473 2268; x_wconf 81' lang='lat' dir='ltr'><strong>vide-</strong></span> 
     </span>
    </p>
   </div>
   <div class='ocr_carea' id='block_1_16' title="bbox 194 2304 1785 2376">
    <p class='ocr_par' dir='ltr' id='par_1_16' title="bbox 194 2304 1785 2376">
     <span class='ocr_line' id='line_1_19' title="bbox 194 2304 1785 2376; baseline 0.001 -16"><span class='ocrx_word' id='word_1_92' title='bbox 194 2306 494 2360; x_wconf 88' lang='lat' dir='ltr'><strong>tuariensis</strong></span> <span class='ocrx_word' id='word_1_93' title='bbox 530 2304 784 2360; x_wconf 72' lang='lat' dir='ltr'><strong>Ecclesia:</strong></span> <span class='ocrx_word' id='word_1_94' title='bbox 825 2305 1253 2376; x_wconf 84' lang='lat' dir='ltr'><strong>archiepiscopo,</strong></span> <span class='ocrx_word' id='word_1_95' title='bbox 1301 2320 1491 2360; x_wconf 85' lang='lat' dir='ltr'><strong>servus</strong></span> <span class='ocrx_word' id='word_1_96' title='bbox 1534 2314 1590 2360; x_wconf 89' lang='lat' dir='ltr'><strong>et</strong></span> <span class='ocrx_word' id='word_1_97' title='bbox 1642 2305 1785 2361; x_wconf 84' lang='lat' dir='ltr'><strong>ﬁlius</strong></span> 
     </span>
    </p>
   </div>
   <div class='ocr_carea' id='block_1_17' title="bbox 191 2396 1785 2463">
    <p class='ocr_par' dir='ltr' id='par_1_17' title="bbox 191 2396 1785 2463">
     <span class='ocr_line' id='line_1_20' title="bbox 191 2396 1785 2463; baseline 0.001 -9"><span class='ocrx_word' id='word_1_98' title='bbox 191 2413 332 2454; x_wconf 72' lang='lat' dir='ltr'><strong>suus</strong></span> <span class='ocrx_word' id='word_1_99' title='bbox 378 2396 544 2450; x_wconf 79' lang='lat' dir='ltr'><strong>frater</strong></span> <span class='ocrx_word' id='word_1_100' title='bbox 587 2396 980 2463; x_wconf 73' lang='lat' dir='ltr'><strong>GISLEBERTUS,</strong></span> <span class='ocrx_word' id='word_1_101' title='bbox 1027 2397 1498 2453; x_wconf 83' lang='lat' dir='ltr'><strong>Westmonasterii</strong></span> <span class='ocrx_word' id='word_1_102' title='bbox 1549 2397 1785 2455; x_wconf 71' lang='grc' dir='ltr'><strong>ρωποι)ὶί</strong></span> 
     </span>
    </p>
   </div>
   <div class='ocr_carea' id='block_1_18' title="bbox 190 2492 1786 2560">
    <p class='ocr_par' dir='ltr' id='par_1_18' title="bbox 190 2492 1786 2560">
     <span class='ocr_line' id='line_1_21' title="bbox 190 2492 1786 2560; baseline 0.001 -16"><span class='ocrx_word' id='word_1_103' title='bbox 190 2499 520 2560; x_wconf 83' lang='lat' dir='ltr'><strong>procurator</strong></span> <span class='ocrx_word' id='word_1_104' title='bbox 547 2498 601 2545; x_wconf 87' lang='lat' dir='ltr'><strong>et</strong></span> <span class='ocrx_word' id='word_1_105' title='bbox 633 2506 854 2555; x_wconf 86' lang='lat' dir='ltr'><strong>servus,</strong></span> <span class='ocrx_word' id='word_1_106' title='bbox 884 2506 1200 2560; x_wconf 82' lang='lat' dir='ltr'><strong>prosperam</strong></span> <span class='ocrx_word' id='word_1_107' title='bbox 1233 2493 1284 2546; x_wconf 92' lang='lat' dir='ltr'><strong>in</strong></span> <span class='ocrx_word' id='word_1_108' title='bbox 1317 2492 1419 2545; x_wconf 89' lang='lat' dir='ltr'><strong>hac</strong></span> <span class='ocrx_word' id='word_1_109' title='bbox 1444 2492 1551 2545; x_wconf 88' lang='lat' dir='ltr'><strong>vita</strong></span> <span class='ocrx_word' id='word_1_110' title='bbox 1576 2492 1786 2546; x_wconf 86' lang='lat' dir='ltr'><strong>diutur-</strong></span> 
     </span>
    </p>
   </div>
   <div class='ocr_carea' id='block_1_19' title="bbox 192 2582 1532 2647">
    <p class='ocr_par' dir='ltr' id='par_1_19' title="bbox 192 2582 1532 2647">
     <span class='ocr_line' id='line_1_22' title="bbox 192 2582 1532 2647; baseline 0 -9"><span class='ocrx_word' id='word_1_111' title='bbox 192 2583 450 2647; x_wconf 81' lang='lat' dir='ltr'><strong>nitatem,</strong></span> <span class='ocrx_word' id='word_1_112' title='bbox 483 2592 531 2636; x_wconf 92' lang='lat' dir='ltr'><strong>et</strong></span> <span class='ocrx_word' id='word_1_113' title='bbox 558 2582 770 2636; x_wconf 82' lang='lat' dir='ltr'><strong>beatam</strong></span> <span class='ocrx_word' id='word_1_114' title='bbox 808 2583 860 2636; x_wconf 91' lang='lat' dir='ltr'><strong>in</strong></span> <span class='ocrx_word' id='word_1_115' title='bbox 904 2582 1081 2636; x_wconf 79' lang='lat' dir='ltr'><strong>futura</strong></span> <span class='ocrx_word' id='word_1_116' title='bbox 1109 2583 1121 2613; x_wconf 85' lang='lat'><strong>’</strong></span> <span class='ocrx_word' id='word_1_117' title='bbox 1148 2583 1532 2638; x_wconf 75' lang='lat' dir='ltr'><strong>mteruitatem.</strong></span> 
     </span>
    </p>
   </div>
   <div class='ocr_carea' id='block_1_20' title="bbox 270 2675 1784 2745">
    <p class='ocr_par' dir='ltr' id='par_1_20' title="bbox 270 2675 1784 2745">
     <span class='ocr_line' id='line_1_23' title="bbox 270 2675 1784 2745; baseline 0.001 -15"><span class='ocrx_word' id='word_1_118' title='bbox 270 2675 588 2730; x_wconf 84' lang='lat' dir='ltr'><strong>Patcruitati</strong></span> <span class='ocrx_word' id='word_1_119' title='bbox 640 2684 692 2729; x_wconf 89' lang='lat' dir='ltr'><strong>et</strong></span> <span class='ocrx_word' id='word_1_120' title='bbox 743 2675 1042 2745; x_wconf 66' lang='lat' dir='ltr'><strong>prudentiae</strong></span> <span class='ocrx_word' id='word_1_121' title='bbox 1088 2685 1282 2731; x_wconf 75' lang='lat' dir='ltr'><strong>vestra:</strong></span> <span class='ocrx_word' id='word_1_122' title='bbox 1322 2677 1343 2708; x_wconf 79' lang='grc'><em>³</em></span> <span class='ocrx_word' id='word_1_123' title='bbox 1387 2675 1784 2732; x_wconf 90' lang='lat' dir='ltr'><strong>discutiendum</strong></span> 
     </span>
    </p>
   </div>
   <div class='ocr_carea' id='block_1_21' title="bbox 196 2765 1785 2836">
    <p class='ocr_par' dir='ltr' id='par_1_21' title="bbox 196 2765 1785 2836">
     <span class='ocr_line' id='line_1_24' title="bbox 196 2765 1785 2836; baseline -0.001 -15"><span class='ocrx_word' id='word_1_124' title='bbox 196 2767 360 2821; x_wconf 86' lang='lat' dir='ltr'><strong>mitto</strong></span> <span class='ocrx_word' id='word_1_125' title='bbox 393 2766 651 2830; x_wconf 90' lang='lat' dir='ltr'><strong>libellum,</strong></span> <span class='ocrx_word' id='word_1_126' title='bbox 682 2781 842 2836; x_wconf 90' lang='lat' dir='ltr'><strong>quem</strong></span> <span class='ocrx_word' id='word_1_127' title='bbox 873 2781 1044 2836; x_wconf 87' lang='lat' dir='ltr'><strong>nuper</strong></span> <span class='ocrx_word' id='word_1_128' title='bbox 1063 2765 1252 2832; x_wconf 89' lang='lat' dir='ltr'><strong>scripsi</strong></span> <span class='ocrx_word' id='word_1_129' title='bbox 1278 2767 1484 2834; x_wconf 70' lang='lat' dir='ltr'><strong>pagina:</strong></span> <span class='ocrx_word' id='word_1_130' title='bbox 1511 2779 1785 2819; x_wconf 86' lang='lat' dir='ltr'><strong>commen-</strong></span> 
     </span>
    </p>
   </div>
   <div class='ocr_carea' id='block_1_22' title="bbox 191 2857 1781 2928">
    <p class='ocr_par' dir='ltr' id='par_1_22' title="bbox 191 2857 1781 2928">
     <span class='ocr_line' id='line_1_25' title="bbox 191 2857 1781 2928; baseline 0.001 -16"><span class='ocrx_word' id='word_1_131' title='bbox 191 2859 336 2912; x_wconf 87' lang='lat' dir='ltr'><strong>dans</strong></span> <span class='ocrx_word' id='word_1_132' title='bbox 375 2873 496 2927; x_wconf 69' lang='lat' dir='ltr'><strong>qum</strong></span> <span class='ocrx_word' id='word_1_133' title='bbox 537 2857 754 2913; x_wconf 69' lang='lat' dir='ltr'><strong>Judazus</strong></span> <span class='ocrx_word' id='word_1_134' title='bbox 794 2858 1011 2927; x_wconf 90' lang='lat' dir='ltr'><strong>quidam</strong></span> <span class='ocrx_word' id='word_1_135' title='bbox 1065 2858 1194 2912; x_wconf 90' lang='lat' dir='ltr'><strong>olim</strong></span> <span class='ocrx_word' id='word_1_136' title='bbox 1222 2873 1433 2913; x_wconf 91' lang='lat' dir='ltr'><strong>mecum</strong></span> <span class='ocrx_word' id='word_1_137' title='bbox 1466 2858 1781 2928; x_wconf 89' lang='lat' dir='ltr'><strong>disputans,</strong></span> 
     </span>
    </p>
   </div>
   <div class='ocr_carea' id='block_1_23' title="bbox 189 2948 1786 3020">
    <p class='ocr_par' dir='ltr' id='par_1_23' title="bbox 189 2948 1786 3020">
     <span class='ocr_line' id='line_1_26' title="bbox 189 2948 1786 3020; baseline 0.001 -16"><span class='ocrx_word' id='word_1_138' title='bbox 189 2959 384 3005; x_wconf 78' lang='lat' dir='ltr'><strong>contra</strong></span> <span class='ocrx_word' id='word_1_139' title='bbox 410 2948 568 3003; x_wconf 80' lang='lat' dir='ltr'><strong>tidem</strong></span> <span class='ocrx_word' id='word_1_140' title='bbox 593 2960 832 3004; x_wconf 87' lang='lat' dir='ltr'><strong>nostram</strong></span> <span class='ocrx_word' id='word_1_141' title='bbox 859 2951 924 3004; x_wconf 89' lang='lat' dir='ltr'><strong>de</strong></span> <span class='ocrx_word' id='word_1_142' title='bbox 959 2949 1075 3020; x_wconf 83' lang='lat' dir='ltr'><strong>lege</strong></span> <span class='ocrx_word' id='word_1_143' title='bbox 1113 2966 1208 3006; x_wconf 89' lang='lat' dir='ltr'><strong>sua</strong></span> <span class='ocrx_word' id='word_1_144' title='bbox 1232 2949 1558 3020; x_wconf 80' lang='lat' dir='ltr'><strong>proferebat,</strong></span> <span class='ocrx_word' id='word_1_145' title='bbox 1585 2959 1640 3005; x_wconf 90' lang='lat' dir='ltr'><strong>et</strong></span> <span class='ocrx_word' id='word_1_146' title='bbox 1665 2966 1786 3020; x_wconf 65' lang='lat' dir='ltr'><strong>quae</strong></span> 
     </span>
    </p>
   </div>
   <div class='ocr_carea' id='block_1_24' title="bbox 189 3041 1780 3112">
    <p class='ocr_par' dir='ltr' id='par_1_24' title="bbox 189 3041 1780 3112">
     <span class='ocr_line' id='line_1_27' title="bbox 189 3041 1780 3112; baseline 0.001 -17"><span class='ocrx_word' id='word_1_147' title='bbox 189 3057 300 3108; x_wconf 73' lang='lat' dir='ltr'><strong>ego</strong></span> <span class='ocrx_word' id='word_1_148' title='bbox 327 3041 392 3096; x_wconf 90' lang='lat' dir='ltr'><strong>ad</strong></span> <span class='ocrx_word' id='word_1_149' title='bbox 419 3041 629 3109; x_wconf 84' lang='lat' dir='ltr'><strong>objecta</strong></span> <span class='ocrx_word' id='word_1_150' title='bbox 680 3043 821 3096; x_wconf 89' lang='lat' dir='ltr'><strong>illius</strong></span> <span class='ocrx_word' id='word_1_151' title='bbox 849 3058 946 3112; x_wconf 93' lang='lat' dir='ltr'><strong>pro</strong></span> <span class='ocrx_word' id='word_1_152' title='bbox 985 3043 1090 3098; x_wconf 84' lang='lat' dir='ltr'><strong>lide</strong></span> <span class='ocrx_word' id='word_1_153' title='bbox 1137 3052 1320 3099; x_wconf 89' lang='lat' dir='ltr'><strong>nostra</strong></span> <span class='ocrx_word' id='word_1_154' title='bbox 1367 3043 1780 3112; x_wconf 86' lang='lat' dir='ltr'><strong>respondebam.</strong></span> 
     </span>
    </p>
   </div>
   <div class='ocr_carea' id='block_1_25' title="bbox 188 3128 1785 3204">
    <p class='ocr_par' dir='ltr' id='par_1_25' title="bbox 188 3128 1785 3204">
     <span class='ocr_line' id='line_1_28' title="bbox 188 3128 1785 3204; baseline 0.003 -22"><span class='ocrx_word' id='word_1_155' title='bbox 188 3128 390 3184; x_wconf 78' lang='lat' dir='ltr'><strong>Nescio</strong></span> <span class='ocrx_word' id='word_1_156' title='bbox 429 3132 569 3184; x_wconf 92' lang='lat' dir='ltr'><strong>unde</strong></span> <span class='ocrx_word' id='word_1_157' title='bbox 591 3140 765 3196; x_wconf 91' lang='lat' dir='ltr'><strong>ortus,</strong></span> <span class='ocrx_word' id='word_1_158' title='bbox 799 3133 893 3186; x_wconf 87' lang='lat' dir='ltr'><strong>sed</strong></span> <span class='ocrx_word' id='word_1_159' title='bbox 919 3134 1057 3202; x_wconf 88' lang='lat' dir='ltr'><strong>apud</strong></span> <span class='ocrx_word' id='word_1_160' title='bbox 1084 3132 1411 3204; x_wconf 82' lang='lat' dir='ltr'><strong>Moguntiam</strong></span> <span class='ocrx_word' id='word_1_161' title='bbox 1437 3134 1633 3189; x_wconf 86' lang='lat' dir='ltr'><strong>litteris</strong></span> <span class='ocrx_word' id='word_1_162' title='bbox 1653 3134 1785 3188; x_wconf 86' lang='lat' dir='ltr'><strong>edu-</strong></span> 
     </span>
    </p>
   </div>
   <div class='ocr_carea' id='block_1_26' title="bbox 187 3221 1784 3293">
    <p class='ocr_par' dir='ltr' id='par_1_26' title="bbox 187 3221 1784 3293">
     <span class='ocr_line' id='line_1_29' title="bbox 187 3221 1784 3293; baseline 0.003 -17"><span class='ocrx_word' id='word_1_163' title='bbox 187 3232 372 3293; x_wconf 84' lang='lat' dir='ltr'><strong>catus,</strong></span> <span class='ocrx_word' id='word_1_164' title='bbox 394 3221 526 3290; x_wconf 81' lang='lat' dir='ltr'><strong>legis</strong></span> <span class='ocrx_word' id='word_1_165' title='bbox 550 3233 604 3277; x_wconf 89' lang='lat' dir='ltr'><strong>et</strong></span> <span class='ocrx_word' id='word_1_166' title='bbox 619 3224 918 3277; x_wconf 88' lang='lat' dir='ltr'><strong>litterarum</strong></span> <span class='ocrx_word' id='word_1_167' title='bbox 940 3225 1102 3279; x_wconf 89' lang='lat' dir='ltr'><strong>etiam</strong></span> <span class='ocrx_word' id='word_1_168' title='bbox 1125 3236 1428 3279; x_wconf 88' lang='lat' dir='ltr'><strong>nostrarum</strong></span> <span class='ocrx_word' id='word_1_169' title='bbox 1447 3227 1584 3281; x_wconf 60' lang='lat' dir='ltr'><strong>bene</strong></span> <span class='ocrx_word' id='word_1_170' title='bbox 1604 3226 1784 3280; x_wconf 89' lang='lat' dir='ltr'><strong>sciens</strong></span> 
     </span>
    </p>
   </div>
   <div class='ocr_carea' id='block_1_27' title="bbox 186 3312 1783 3384">
    <p class='ocr_par' dir='ltr' id='par_1_27' title="bbox 186 3312 1783 3384">
     <span class='ocr_line' id='line_1_30' title="bbox 186 3312 1783 3384; baseline 0.004 -19"><span class='ocrx_word' id='word_1_171' title='bbox 186 3321 337 3375; x_wconf 86' lang='lat' dir='ltr'><strong>erat,</strong></span> <span class='ocrx_word' id='word_1_172' title='bbox 364 3318 416 3364; x_wconf 88' lang='lat' dir='ltr'><strong>et</strong></span> <span class='ocrx_word' id='word_1_173' title='bbox 444 3312 801 3367; x_wconf 82' lang='lat' dir='ltr'><strong>exercitatum</strong></span> <span class='ocrx_word' id='word_1_174' title='bbox 855 3314 906 3367; x_wconf 93' lang='lat' dir='ltr'><strong>in</strong></span> <span class='ocrx_word' id='word_1_175' title='bbox 946 3313 1243 3383; x_wconf 90' lang='lat' dir='ltr'><strong>Scripturis</strong></span> <span class='ocrx_word' id='word_1_176' title='bbox 1273 3325 1436 3384; x_wconf 87' lang='lat' dir='ltr'><strong>atque</strong></span> <span class='ocrx_word' id='word_1_177' title='bbox 1463 3316 1783 3384; x_wconf 75' lang='lat' dir='ltr'><strong>disputatio-</strong></span> 
     </span>
    </p>
   </div>
   <div class='ocr_carea' id='block_1_28' title="bbox 186 3403 1780 3475">
    <p class='ocr_par' dir='ltr' id='par_1_28' title="bbox 186 3403 1780 3475">
     <span class='ocr_line' id='line_1_31' title="bbox 186 3403 1780 3475; baseline 0.003 -19"><span class='ocrx_word' id='word_1_178' title='bbox 186 3403 358 3456; x_wconf 84' lang='lat' dir='ltr'><strong>nibus</strong></span> <span class='ocrx_word' id='word_1_179' title='bbox 379 3411 567 3458; x_wconf 87' lang='lat' dir='ltr'><strong>contra</strong></span> <span class='ocrx_word' id='word_1_180' title='bbox 591 3420 688 3458; x_wconf 92' lang='lat' dir='ltr'><strong>nos</strong></span> <span class='ocrx_word' id='word_1_181' title='bbox 716 3406 985 3475; x_wconf 88' lang='lat' dir='ltr'><strong>ingenium</strong></span> <span class='ocrx_word' id='word_1_182' title='bbox 1017 3405 1270 3461; x_wconf 86' lang='lat' dir='ltr'><strong>habebat.</strong></span> <span class='ocrx_word' id='word_1_183' title='bbox 1314 3406 1610 3460; x_wconf 84' lang='lat' dir='ltr'><strong>Plurimum</strong></span> <span class='ocrx_word' id='word_1_184' title='bbox 1649 3407 1780 3462; x_wconf 92' lang='lat' dir='ltr'><strong>mihi</strong></span> 
     </span>
    </p>
   </div>
   <div class='ocr_carea' id='block_1_29' title="bbox 187 3491 1781 3566">
    <p class='ocr_par' dir='ltr' id='par_1_29' title="bbox 187 3491 1781 3566">
     <span class='ocr_line' id='line_1_32' title="bbox 187 3491 1781 3566; baseline 0.004 -22"><span class='ocrx_word' id='word_1_185' title='bbox 187 3491 482 3547; x_wconf 80' lang='lat' dir='ltr'><strong>familiaris</strong></span> <span class='ocrx_word' id='word_1_186' title='bbox 508 3508 649 3564; x_wconf 69' lang='lat' dir='ltr'><strong>smpe</strong></span> <span class='ocrx_word' id='word_1_187' title='bbox 673 3494 740 3548; x_wconf 91' lang='lat' dir='ltr'><strong>ad</strong></span> <span class='ocrx_word' id='word_1_188' title='bbox 774 3510 859 3548; x_wconf 91' lang='lat' dir='ltr'><strong>me</strong></span> <span class='ocrx_word' id='word_1_189' title='bbox 882 3495 1153 3562; x_wconf 80' lang='lat' dir='ltr'><strong>veniebat,</strong></span> <span class='ocrx_word' id='word_1_190' title='bbox 1179 3505 1290 3549; x_wconf 91' lang='lat' dir='ltr'><strong>tum</strong></span> <span class='ocrx_word' id='word_1_191' title='bbox 1317 3497 1512 3566; x_wconf 80' lang='lat' dir='ltr'><strong>negotii</strong></span> <span class='ocrx_word' id='word_1_192' title='bbox 1539 3495 1622 3551; x_wconf 91' lang='lat' dir='ltr'><strong>sui</strong></span> <span class='ocrx_word' id='word_1_193' title='bbox 1651 3512 1781 3550; x_wconf 90' lang='lat' dir='ltr'><strong>cau-</strong></span> 
     </span>
    </p>
   </div>
   <div class='ocr_carea' id='block_1_30' title="bbox 183 3585 1780 3656">
    <p class='ocr_par' dir='ltr' id='par_1_30' title="bbox 183 3585 1780 3656">
     <span class='ocr_line' id='line_1_33' title="bbox 183 3585 1780 3656; baseline 0.005 -20"><span class='ocrx_word' id='word_1_194' title='bbox 183 3599 288 3647; x_wconf 82' lang='lat' dir='ltr'><strong>sa,</strong></span> <span class='ocrx_word' id='word_1_195' title='bbox 331 3592 441 3637; x_wconf 90' lang='lat' dir='ltr'><strong>tum</strong></span> <span class='ocrx_word' id='word_1_196' title='bbox 488 3600 574 3639; x_wconf 89' lang='lat' dir='ltr'><strong>me</strong></span> <span class='ocrx_word' id='word_1_197' title='bbox 611 3585 824 3640; x_wconf 78' lang='lat' dir='ltr'><strong>videndi</strong></span> <span class='ocrx_word' id='word_1_198' title='bbox 875 3587 1069 3656; x_wconf 84' lang='lat' dir='ltr'><strong>gratia,</strong></span> <span class='ocrx_word' id='word_1_199' title='bbox 1112 3588 1365 3656; x_wconf 87' lang='lat' dir='ltr'><strong>quoniam</strong></span> <span class='ocrx_word' id='word_1_200' title='bbox 1416 3588 1469 3641; x_wconf 93' lang='lat' dir='ltr'><strong>in</strong></span> <span class='ocrx_word' id='word_1_201' title='bbox 1511 3587 1780 3656; x_wconf 87' lang='lat' dir='ltr'><strong>aliquibus</strong></span> 
     </span>
    </p>
   </div>
   <div class='ocr_carea' id='block_1_31' title="bbox 186 3673 1778 3746">
    <p class='ocr_par' dir='ltr' id='par_1_31' title="bbox 186 3673 1778 3746">
     <span class='ocr_line' id='line_1_34' title="bbox 186 3673 1778 3746; baseline 0.004 -19"><span class='ocrx_word' id='word_1_202' title='bbox 186 3673 271 3728; x_wconf 86' lang='lat' dir='ltr'><strong>illi</strong></span> <span class='ocrx_word' id='word_1_203' title='bbox 300 3673 523 3727; x_wconf 89' lang='lat' dir='ltr'><strong>multum</strong></span> <span class='ocrx_word' id='word_1_204' title='bbox 547 3676 888 3730; x_wconf 87' lang='lat' dir='ltr'><strong>necessarius</strong></span> <span class='ocrx_word' id='word_1_205' title='bbox 928 3692 1099 3741; x_wconf 90' lang='lat' dir='ltr'><strong>eram,</strong></span> <span class='ocrx_word' id='word_1_206' title='bbox 1150 3688 1204 3731; x_wconf 90' lang='lat' dir='ltr'><strong>et</strong></span> <span class='ocrx_word' id='word_1_207' title='bbox 1242 3678 1453 3746; x_wconf 84' lang='lat' dir='ltr'><strong>quoties</strong></span> <span class='ocrx_word' id='word_1_208' title='bbox 1490 3680 1778 3732; x_wconf 80' lang='lat' dir='ltr'><strong>convenie-</strong></span> 
     </span>
    </p>
   </div>
   <div class='ocr_carea' id='block_1_32' title="bbox 182 3767 1780 3836">
    <p class='ocr_par' dir='ltr' id='par_1_32' title="bbox 182 3767 1780 3836">
     <span class='ocr_line' id='line_1_35' title="bbox 182 3767 1780 3836; baseline 0.002 -14"><span class='ocrx_word' id='word_1_209' title='bbox 182 3767 417 3831; x_wconf 77' lang='lat' dir='ltr'><strong>bamus,</strong></span> <span class='ocrx_word' id='word_1_210' title='bbox 449 3781 571 3820; x_wconf 82' lang='lat' dir='ltr'><strong>mox</strong></span> <span class='ocrx_word' id='word_1_211' title='bbox 606 3771 672 3822; x_wconf 86' lang='lat' dir='ltr'><strong>de</strong></span> <span class='ocrx_word' id='word_1_212' title='bbox 704 3767 1022 3836; x_wconf 87' lang='lat' dir='ltr'><strong>Scripturis,</strong></span> <span class='ocrx_word' id='word_1_213' title='bbox 1060 3785 1124 3823; x_wconf 91' lang='lat' dir='ltr'><strong>ac</strong></span> <span class='ocrx_word' id='word_1_214' title='bbox 1145 3770 1211 3823; x_wconf 92' lang='lat' dir='ltr'><strong>de</strong></span> <span class='ocrx_word' id='word_1_215' title='bbox 1239 3771 1342 3824; x_wconf 79' lang='lat' dir='ltr'><strong>[ide</strong></span> <span class='ocrx_word' id='word_1_216' title='bbox 1365 3779 1546 3824; x_wconf 92' lang='lat' dir='ltr'><strong>nostra</strong></span> <span class='ocrx_word' id='word_1_217' title='bbox 1569 3785 1780 3825; x_wconf 86' lang='lat' dir='ltr'><strong>sermo-</strong></span> 
     </span>
    </p>
   </div>
   <div class='ocr_carea' id='block_1_33' title="bbox 183 3859 1776 3932">
    <p class='ocr_par' dir='ltr' id='par_1_33' title="bbox 183 3859 1776 3932">
     <span class='ocr_line' id='line_1_36' title="bbox 183 3859 1776 3932; baseline 0.002 -17"><span class='ocrx_word' id='word_1_218' title='bbox 183 3875 319 3915; x_wconf 86' lang='lat' dir='ltr'><strong>nem</strong></span> <span class='ocrx_word' id='word_1_219' title='bbox 371 3859 544 3914; x_wconf 87' lang='lat' dir='ltr'><strong>amico</strong></span> <span class='ocrx_word' id='word_1_220' title='bbox 576 3859 802 3914; x_wconf 71' lang='lat' dir='ltr'><strong>&#39;animo</strong></span> <span class='ocrx_word' id='word_1_221' title='bbox 848 3861 1196 3916; x_wconf 83' lang='lat' dir='ltr'><strong>habebamus.</strong></span> <span class='ocrx_word' id='word_1_222' title='bbox 1226 3861 1466 3929; x_wconf 88' lang='lat' dir='ltr'><strong>Quadam</strong></span> <span class='ocrx_word' id='word_1_223' title='bbox 1513 3877 1643 3932; x_wconf 89' lang='lat' dir='ltr'><strong>ergo</strong></span> <span class='ocrx_word' id='word_1_224' title='bbox 1689 3863 1776 3918; x_wconf 88' lang='lat' dir='ltr'><strong>die</strong></span> 
     </span>
    </p>
   </div>
   <div class='ocr_carea' id='block_1_34' title="bbox 182 3951 1777 4020">
    <p class='ocr_par' dir='ltr' id='par_1_34' title="bbox 182 3951 1777 4020">
     <span class='ocr_line' id='line_1_37' title="bbox 182 3951 1777 4020; baseline 0.003 -15"><span class='ocrx_word' id='word_1_225' title='bbox 182 3951 355 4005; x_wconf 86' lang='lat' dir='ltr'><strong>solito</strong></span> <span class='ocrx_word' id='word_1_226' title='bbox 382 3951 555 4018; x_wconf 85' lang='lat' dir='ltr'><strong>majus</strong></span> <span class='ocrx_word' id='word_1_227' title='bbox 577 3952 707 4005; x_wconf 89' lang='lat' dir='ltr'><strong>mihi</strong></span> <span class='ocrx_word' id='word_1_228' title='bbox 736 3961 788 4006; x_wconf 91' lang='lat' dir='ltr'><strong>et</strong></span> <span class='ocrx_word' id='word_1_229' title='bbox 828 3951 898 4006; x_wconf 91' lang='lat' dir='ltr'><strong>illi</strong></span> <span class='ocrx_word' id='word_1_230' title='bbox 933 3952 1072 4006; x_wconf 78' lang='lat' dir='ltr'><strong>Deus</strong></span> <span class='ocrx_word' id='word_1_231' title='bbox 1103 3954 1270 4007; x_wconf 90' lang='lat' dir='ltr'><strong>otium</strong></span> <span class='ocrx_word' id='word_1_232' title='bbox 1314 3953 1335 3984; x_wconf 68' lang='lat'><strong>‘</strong></span> <span class='ocrx_word' id='word_1_233' title='bbox 1379 3954 1687 4020; x_wconf 89' lang='lat' dir='ltr'><strong>concessit;</strong></span> <span class='ocrx_word' id='word_1_234' title='bbox 1721 3963 1777 4009; x_wconf 89' lang='lat' dir='ltr'><strong>et</strong></span> 
     </span>
    </p>
   </div>
   <div class='ocr_carea' id='block_1_35' title="bbox 181 4043 1776 4114">
    <p class='ocr_par' dir='ltr' id='par_1_35' title="bbox 181 4043 1776 4114">
     <span class='ocr_line' id='line_1_38' title="bbox 181 4043 1776 4114; baseline 0.003 -17"><span class='ocrx_word' id='word_1_235' title='bbox 181 4057 319 4097; x_wconf 73' lang='lat' dir='ltr'><strong>mox</strong></span> <span class='ocrx_word' id='word_1_236' title='bbox 341 4044 480 4098; x_wconf 87' lang='lat' dir='ltr'><strong>unde</strong></span> <span class='ocrx_word' id='word_1_237' title='bbox 501 4043 804 4100; x_wconf 86' lang='lat' dir='ltr'><strong>solebamus</strong></span> <span class='ocrx_word' id='word_1_238' title='bbox 831 4046 972 4100; x_wconf 90' lang='lat' dir='ltr'><strong>inter</strong></span> <span class='ocrx_word' id='word_1_239' title='bbox 994 4061 1091 4100; x_wconf 90' lang='lat' dir='ltr'><strong>nos</strong></span> <span class='ocrx_word' id='word_1_240' title='bbox 1116 4047 1468 4114; x_wconf 61' lang='lat' dir='ltr'><strong>quaestionem</strong></span> <span class='ocrx_word' id='word_1_241' title='bbox 1489 4047 1776 4113; x_wconf 66' lang='lat' dir='ltr'><strong>coepimus.</strong></span> 
     </span>
    </p>
   </div>
   <div class='ocr_carea' id='block_1_36' title="bbox 183 4135 1778 4207">
    <p class='ocr_par' dir='ltr' id='par_1_36' title="bbox 183 4135 1778 4207">
     <span class='ocr_line' id='line_1_39' title="bbox 183 4135 1778 4207; baseline 0.003 -17"><span class='ocrx_word' id='word_1_242' title='bbox 183 4135 263 4190; x_wconf 81' lang='lat' dir='ltr'><strong>Et</strong></span> <span class='ocrx_word' id='word_1_243' title='bbox 292 4138 545 4204; x_wconf 89' lang='lat' dir='ltr'><strong>quoniam</strong></span> <span class='ocrx_word' id='word_1_244' title='bbox 575 4154 695 4207; x_wconf 71' lang='lat' dir='ltr'><strong>qua:</strong></span> <span class='ocrx_word' id='word_1_245' title='bbox 732 4139 1060 4207; x_wconf 83' lang='lat' dir='ltr'><strong>Oppouebat,</strong></span> <span class='ocrx_word' id='word_1_246' title='bbox 1112 4140 1500 4194; x_wconf 83' lang='lat' dir='ltr'><strong>convenienter</strong></span> <span class='ocrx_word' id='word_1_247' title='bbox 1552 4139 1687 4195; x_wconf 79' lang='lat' dir='ltr'><strong>satis</strong></span> <span class='ocrx_word' id='word_1_248' title='bbox 1723 4149 1778 4195; x_wconf 88' lang='lat' dir='ltr'><strong>et</strong></span> 
     </span>
    </p>
   </div>
   <div class='ocr_carea' id='block_1_37' title="bbox 179 4231 1774 4302">
    <p class='ocr_par' dir='ltr' id='par_1_37' title="bbox 179 4231 1774 4302">
     <span class='ocr_line' id='line_1_40' title="bbox 179 4231 1774 4302; baseline 0.003 -20"><span class='ocrx_word' id='word_1_249' title='bbox 179 4237 592 4296; x_wconf 79' lang='lat' dir='ltr'><strong>consequenter</strong></span> <span class='ocrx_word' id='word_1_250' title='bbox 647 4231 988 4299; x_wconf 82' lang='lat' dir='ltr'><strong>Oppouebat;</strong></span> <span class='ocrx_word' id='word_1_251' title='bbox 1041 4241 1096 4286; x_wconf 93' lang='lat' dir='ltr'><strong>et</strong></span> <span class='ocrx_word' id='word_1_252' title='bbox 1142 4247 1204 4285; x_wconf 89' lang='lat' dir='ltr'><strong>ea</strong></span> <span class='ocrx_word' id='word_1_253' title='bbox 1265 4247 1385 4301; x_wconf 80' lang='lat' dir='ltr'><strong>quae</strong></span> <span class='ocrx_word' id='word_1_254' title='bbox 1430 4243 1774 4302; x_wconf 90' lang='lat' dir='ltr'><strong>opposuerat,</strong></span> 
     </span>
    </p>
   </div>
   <div class='ocr_carea' id='block_1_38' title="bbox 181 4319 1772 4393">
    <p class='ocr_par' dir='ltr' id='par_1_38' title="bbox 181 4319 1772 4393">
     <span class='ocr_line' id='line_1_41' title="bbox 181 4319 1772 4393; baseline 0.004 -20"><span class='ocrx_word' id='word_1_255' title='bbox 181 4333 301 4373; x_wconf 79' lang='lat' dir='ltr'><strong>non</strong></span> <span class='ocrx_word' id='word_1_256' title='bbox 348 4319 528 4373; x_wconf 88' lang='lat' dir='ltr'><strong>minus</strong></span> <span class='ocrx_word' id='word_1_257' title='bbox 575 4322 959 4377; x_wconf 87' lang='lat' dir='ltr'><strong>convenienter</strong></span> <span class='ocrx_word' id='word_1_258' title='bbox 1014 4324 1387 4392; x_wconf 84' lang='lat' dir='ltr'><strong>prosequendo</strong></span> <span class='ocrx_word' id='word_1_259' title='bbox 1432 4324 1772 4393; x_wconf 81' lang='lat' dir='ltr'><strong>explicabat;</strong></span> 
     </span>
    </p>
   </div>
   <div class='ocr_carea' id='block_1_39' title="bbox 178 4414 1773 4486">
    <p class='ocr_par' dir='ltr' id='par_1_39' title="bbox 178 4414 1773 4486">
     <span class='ocr_line' id='line_1_42' title="bbox 178 4414 1773 4486; baseline 0.006 -24"><span class='ocrx_word' id='word_1_260' title='bbox 178 4418 376 4462; x_wconf 84' lang='lat' dir='ltr'><strong>nostra</strong></span> <span class='ocrx_word' id='word_1_261' title='bbox 407 4425 535 4465; x_wconf 81' lang='lat' dir='ltr'><strong>vero</strong></span> <span class='ocrx_word' id='word_1_262' title='bbox 557 4414 837 4480; x_wconf 72' lang='lat' dir='ltr'><strong>reaponsio</strong></span> <span class='ocrx_word' id='word_1_263' title='bbox 869 4414 1045 4467; x_wconf 87' lang='lat' dir='ltr'><strong>vicino</strong></span> <span class='ocrx_word' id='word_1_264' title='bbox 1075 4415 1210 4469; x_wconf 87' lang='lat' dir='ltr'><strong>satis</strong></span> <span class='ocrx_word' id='word_1_265' title='bbox 1256 4416 1389 4484; x_wconf 84' lang='lat' dir='ltr'><strong>pede</strong></span> <span class='ocrx_word' id='word_1_266' title='bbox 1418 4416 1486 4471; x_wconf 90' lang='lat' dir='ltr'><strong>ad</strong></span> <span class='ocrx_word' id='word_1_267' title='bbox 1528 4417 1773 4486; x_wconf 88' lang='lat' dir='ltr'><strong>opposita</strong></span> 
     </span>
    </p>
   </div>
   <div class='ocr_carea' id='block_1_40' title="bbox 176 4499 1776 4578">
    <p class='ocr_par' dir='ltr' id='par_1_40' title="bbox 176 4499 1776 4578">
     <span class='ocr_line' id='line_1_43' title="bbox 176 4499 1776 4578; baseline 0.006 -23"><span class='ocrx_word' id='word_1_268' title='bbox 176 4500 208 4533; x_wconf 88' lang='grc'><strong><em>⁸</em></strong></span> <span class='ocrx_word' id='word_1_269' title='bbox 230 4499 377 4555; x_wconf 87' lang='lat' dir='ltr'><strong>illius</strong></span> <span class='ocrx_word' id='word_1_270' title='bbox 405 4503 792 4573; x_wconf 86' lang='lat' dir='ltr'><strong>respondebat,</strong></span> <span class='ocrx_word' id='word_1_271' title='bbox 819 4513 872 4560; x_wconf 89' lang='lat' dir='ltr'><strong>et</strong></span> <span class='ocrx_word' id='word_1_272' title='bbox 901 4505 1305 4576; x_wconf 88' lang='lat' dir='ltr'><strong>Scripturarum</strong></span> <span class='ocrx_word' id='word_1_273' title='bbox 1336 4523 1488 4578; x_wconf 71' lang='lat' dir='ltr'><strong>mque</strong></span> <span class='ocrx_word' id='word_1_274' title='bbox 1535 4508 1776 4564; x_wconf 85' lang='lat' dir='ltr'><strong>testimo-</strong></span> 
     </span>
    </p>
   </div>
   <div class='ocr_carea' id='block_1_41' title="bbox 1887 2299 3475 2371">
    <p class='ocr_par' dir='ltr' id='par_1_41' title="bbox 1887 2299 3475 2371">
     <span class='ocr_line' id='line_1_44' title="bbox 1887 2299 3475 2371; baseline 0.003 -18"><span class='ocrx_word' id='word_1_275' title='bbox 1887 2299 2069 2363; x_wconf 89' lang='lat' dir='ltr'><strong>batur,</strong></span> <span class='ocrx_word' id='word_1_276' title='bbox 2113 2309 2168 2352; x_wconf 86' lang='lat' dir='ltr'><strong>et</strong></span> <span class='ocrx_word' id='word_1_277' title='bbox 2196 2299 2563 2370; x_wconf 86' lang='lat' dir='ltr'><strong>approbanda,</strong></span> <span class='ocrx_word' id='word_1_278' title='bbox 2597 2311 2924 2370; x_wconf 88' lang='lat' dir='ltr'><strong>rogaverunt</strong></span> <span class='ocrx_word' id='word_1_279' title='bbox 2954 2301 3194 2371; x_wconf 71' lang='lat' dir='ltr'><strong>Quidam,</strong></span> <span class='ocrx_word' id='word_1_280' title='bbox 3242 2303 3331 2371; x_wconf 86' lang='lat' dir='ltr'><strong>qui</strong></span> <span class='ocrx_word' id='word_1_281' title='bbox 3379 2303 3475 2356; x_wconf 88' lang='lat' dir='ltr'><strong>ad-</strong></span> 
     </span>
    </p>
   </div>
   <div class='ocr_carea' id='block_1_42' title="bbox 1885 2389 3474 2462">
    <p class='ocr_par' dir='ltr' id='par_1_42' title="bbox 1885 2389 3474 2462">
     <span class='ocr_line' id='line_1_45' title="bbox 1885 2389 3474 2462; baseline 0.003 -20"><span class='ocrx_word' id='word_1_282' title='bbox 1885 2398 2066 2452; x_wconf 90' lang='lat' dir='ltr'><strong>erant,</strong></span> <span class='ocrx_word' id='word_1_283' title='bbox 2090 2397 2150 2442; x_wconf 87' lang='lat' dir='ltr'><strong>ut</strong></span> <span class='ocrx_word' id='word_1_284' title='bbox 2177 2391 2450 2444; x_wconf 69' lang='lat' dir='ltr'><strong>memoriae</strong></span> <span class='ocrx_word' id='word_1_285' title='bbox 2471 2389 2656 2443; x_wconf 87' lang='lat' dir='ltr'><strong>darem</strong></span> <span class='ocrx_word' id='word_1_286' title='bbox 2685 2401 2926 2444; x_wconf 89' lang='lat' dir='ltr'><strong>nostram</strong></span> <span class='ocrx_word' id='word_1_287' title='bbox 2951 2392 3092 2445; x_wconf 87' lang='lat' dir='ltr'><strong>hanc</strong></span> <span class='ocrx_word' id='word_1_288' title='bbox 3122 2392 3474 2462; x_wconf 89' lang='lat' dir='ltr'><strong>disceptatio-</strong></span> 
     </span>
    </p>
   </div>
   <div class='ocr_carea' id='block_1_43' title="bbox 1887 2479 3472 2553">
    <p class='ocr_par' dir='ltr' id='par_1_43' title="bbox 1887 2479 3472 2553">
     <span class='ocr_line' id='line_1_46' title="bbox 1887 2479 3472 2553; baseline 0.001 -18"><span class='ocrx_word' id='word_1_289' title='bbox 1887 2494 2010 2535; x_wconf 90' lang='lat' dir='ltr'><strong>nem</strong></span> <span class='ocrx_word' id='word_1_290' title='bbox 2031 2479 2054 2512; x_wconf 81' lang='grc'>⁸</span> <span class='ocrx_word' id='word_1_291' title='bbox 2079 2480 2310 2535; x_wconf 81' lang='lat' dir='ltr'><strong>fortasse</strong></span> <span class='ocrx_word' id='word_1_292' title='bbox 2341 2479 2614 2549; x_wconf 77' lang='lat' dir='ltr'><strong>aliquibus</strong></span> <span class='ocrx_word' id='word_1_293' title='bbox 2637 2480 2993 2550; x_wconf 79' lang='lat' dir='ltr'><strong>profuturam.</strong></span> <span class='ocrx_word' id='word_1_294' title='bbox 3049 2480 3253 2552; x_wconf 86' lang='lat' dir='ltr'><strong>Scripsi</strong></span> <span class='ocrx_word' id='word_1_295' title='bbox 3285 2483 3472 2553; x_wconf 79' lang='lat' dir='ltr'><strong>igitur,</strong></span> 
     </span>
    </p>
   </div>
   <div class='ocr_carea' id='block_1_44' title="bbox 1886 2571 3472 2642">
    <p class='ocr_par' dir='ltr' id='par_1_44' title="bbox 1886 2571 3472 2642">
     <span class='ocr_line' id='line_1_47' title="bbox 1886 2571 3472 2642; baseline 0.001 -16"><span class='ocrx_word' id='word_1_296' title='bbox 1886 2582 1935 2626; x_wconf 90' lang='lat' dir='ltr'><strong>et</strong></span> <span class='ocrx_word' id='word_1_297' title='bbox 1972 2571 2135 2626; x_wconf 87' lang='lat' dir='ltr'><strong>tacito</strong></span> <span class='ocrx_word' id='word_1_298' title='bbox 2159 2571 2261 2625; x_wconf 93' lang='lat' dir='ltr'><strong>mei</strong></span> <span class='ocrx_word' id='word_1_299' title='bbox 2287 2580 2343 2625; x_wconf 89' lang='lat' dir='ltr'><strong>et</strong></span> <span class='ocrx_word' id='word_1_300' title='bbox 2374 2571 2540 2640; x_wconf 84' lang='lat' dir='ltr'><strong>ipsius</strong></span> <span class='ocrx_word' id='word_1_301' title='bbox 2585 2571 2802 2626; x_wconf 82' lang='lat' dir='ltr'><strong>nomine</strong></span> <span class='ocrx_word' id='word_1_302' title='bbox 2845 2572 3038 2641; x_wconf 82' lang='lat' dir='ltr'><strong>scripsi</strong></span> <span class='ocrx_word' id='word_1_303' title='bbox 3084 2573 3185 2627; x_wconf 91' lang='lat' dir='ltr'><strong>sub</strong></span> <span class='ocrx_word' id='word_1_304' title='bbox 3237 2587 3472 2642; x_wconf 85' lang='lat' dir='ltr'><strong>persona</strong></span> 
     </span>
    </p>
   </div>
   <div class='ocr_carea' id='block_1_45' title="bbox 1885 2661 3474 2732">
    <p class='ocr_par' dir='ltr' id='par_1_45' title="bbox 1885 2661 3474 2732">
     <span class='ocr_line' id='line_1_48' title="bbox 1885 2661 3474 2732; baseline 0.001 -15"><span class='ocrx_word' id='word_1_305' title='bbox 1885 2662 2206 2719; x_wconf 65' lang='lat' dir='ltr'><strong>Judaaicum</strong></span> <span class='ocrx_word' id='word_1_306' title='bbox 2246 2661 2557 2718; x_wconf 89' lang='lat' dir='ltr'><strong>Christiano</strong></span> <span class='ocrx_word' id='word_1_307' title='bbox 2604 2662 2673 2717; x_wconf 87' lang='lat' dir='ltr'><strong>de</strong></span> <span class='ocrx_word' id='word_1_308' title='bbox 2712 2663 2816 2717; x_wconf 88' lang='lat' dir='ltr'><strong>lide</strong></span> <span class='ocrx_word' id='word_1_309' title='bbox 2867 2673 3052 2718; x_wconf 89' lang='lat' dir='ltr'><strong>nostra</strong></span> <span class='ocrx_word' id='word_1_310' title='bbox 3099 2664 3474 2732; x_wconf 75' lang='lat' dir='ltr'><strong>disceptantis,</strong></span> 
     </span>
    </p>
   </div>
   <div class='ocr_carea' id='block_1_46' title="bbox 1886 2756 3476 2826">
    <p class='ocr_par' dir='ltr' id='par_1_46' title="bbox 1886 2756 3476 2826">
     <span class='ocr_line' id='line_1_49' title="bbox 1886 2756 3476 2826; baseline 0.001 -15"><span class='ocrx_word' id='word_1_311' title='bbox 1886 2756 2256 2826; x_wconf 87' lang='lat' dir='ltr'><strong>scriptumque</strong></span> <span class='ocrx_word' id='word_1_312' title='bbox 2290 2766 2348 2811; x_wconf 89' lang='lat' dir='ltr'><strong>et</strong></span> <span class='ocrx_word' id='word_1_313' title='bbox 2395 2764 2676 2810; x_wconf 83' lang='lat' dir='ltr'><strong>exaratum</strong></span> <span class='ocrx_word' id='word_1_314' title='bbox 2729 2757 2832 2811; x_wconf 89' lang='lat' dir='ltr'><strong>hoc</strong></span> <span class='ocrx_word' id='word_1_315' title='bbox 2880 2771 3016 2825; x_wconf 84' lang='lat' dir='ltr'><strong>opus</strong></span> <span class='ocrx_word' id='word_1_316' title='bbox 3059 2763 3258 2810; x_wconf 73' lang='lat' dir='ltr'><strong>vestra:</strong></span> <span class='ocrx_word' id='word_1_317' title='bbox 3302 2765 3476 2813; x_wconf 80' lang='lat' dir='ltr'><strong>trans-</strong></span> 
     </span>
    </p>
   </div>
   <div class='ocr_carea' id='block_1_47' title="bbox 1885 2852 3476 2924">
    <p class='ocr_par' dir='ltr' id='par_1_47' title="bbox 1885 2852 3476 2924">
     <span class='ocr_line' id='line_1_50' title="bbox 1885 2852 3476 2924; baseline 0.002 -15"><span class='ocrx_word' id='word_1_318' title='bbox 1885 2854 2043 2909; x_wconf 89' lang='lat' dir='ltr'><strong>mitto</strong></span> <span class='ocrx_word' id='word_1_319' title='bbox 2069 2852 2488 2908; x_wconf 81' lang='lat' dir='ltr'><strong>examinandum</strong></span> <span class='ocrx_word' id='word_1_320' title='bbox 2515 2868 2774 2909; x_wconf 70' lang='lat' dir='ltr'><strong>censurae.</strong></span> <span class='ocrx_word' id='word_1_321' title='bbox 2807 2853 2863 2908; x_wconf 87' lang='lat' dir='ltr'><strong>Si</strong></span> <span class='ocrx_word' id='word_1_322' title='bbox 2889 2870 2976 2910; x_wconf 87' lang='lat' dir='ltr'><strong>res</strong></span> <span class='ocrx_word' id='word_1_323' title='bbox 2999 2855 3344 2924; x_wconf 85' lang='lat' dir='ltr'><strong>approbanda</strong></span> <span class='ocrx_word' id='word_1_324' title='bbox 3366 2868 3476 2922; x_wconf 89' lang='lat' dir='ltr'><strong>est,</strong></span> 
     </span>
    </p>
   </div>
   <div class='ocr_carea' id='block_1_48' title="bbox 1885 2941 3472 3017">
    <p class='ocr_par' dir='ltr' id='par_1_48' title="bbox 1885 2941 3472 3017">
     <span class='ocr_line' id='line_1_51' title="bbox 1885 2941 3472 3017; baseline 0.004 -22"><span class='ocrx_word' id='word_1_325' title='bbox 1885 2951 2070 2997; x_wconf 89' lang='lat' dir='ltr'><strong>vestro</strong></span> <span class='ocrx_word' id='word_1_326' title='bbox 2091 2941 2634 3013; x_wconf 88' lang='lat' dir='ltr'><strong>placebitapprobata</strong></span> <span class='ocrx_word' id='word_1_327' title='bbox 2658 2943 2896 3012; x_wconf 84' lang='lat' dir='ltr'><strong>judicio;</strong></span> <span class='ocrx_word' id='word_1_328' title='bbox 2928 2946 2972 3000; x_wconf 93' lang='lat' dir='ltr'><strong>si</strong></span> <span class='ocrx_word' id='word_1_329' title='bbox 3003 2961 3134 3000; x_wconf 88' lang='lat' dir='ltr'><strong>vero</strong></span> <span class='ocrx_word' id='word_1_330' title='bbox 3165 2949 3472 3017; x_wconf 87' lang='lat' dir='ltr'><strong>respuenda</strong></span> 
     </span>
    </p>
   </div>
   <div class='ocr_carea' id='block_1_49' title="bbox 1885 3035 3478 3111">
    <p class='ocr_par' dir='ltr' id='par_1_49' title="bbox 1885 3035 3478 3111">
     <span class='ocr_line' id='line_1_52' title="bbox 1885 3035 3478 3111; baseline 0.006 -23"><span class='ocrx_word' id='word_1_331' title='bbox 1885 3043 1988 3100; x_wconf 88' lang='lat' dir='ltr'><strong>est,</strong></span> <span class='ocrx_word' id='word_1_332' title='bbox 2015 3049 2107 3091; x_wconf 86' lang='lat' dir='ltr'><strong>seu</strong></span> <span class='ocrx_word' id='word_1_333' title='bbox 2133 3044 2266 3100; x_wconf 89' lang='lat' dir='ltr'><strong>tota,</strong></span> <span class='ocrx_word' id='word_1_334' title='bbox 2293 3051 2385 3090; x_wconf 86' lang='lat' dir='ltr'><strong>seu</strong></span> <span class='ocrx_word' id='word_1_335' title='bbox 2406 3052 2533 3107; x_wconf 89' lang='lat' dir='ltr'><strong>pars</strong></span> <span class='ocrx_word' id='word_1_336' title='bbox 2556 3035 2671 3104; x_wconf 85' lang='lat' dir='ltr'><strong>ejus</strong></span> <span class='ocrx_word' id='word_1_337' title='bbox 2695 3037 2899 3107; x_wconf 91' lang='lat' dir='ltr'><strong>aliqua,</strong></span> <span class='ocrx_word' id='word_1_338' title='bbox 2925 3038 3185 3108; x_wconf 86' lang='lat' dir='ltr'><strong>quidquid</strong></span> <span class='ocrx_word' id='word_1_339' title='bbox 3219 3056 3478 3111; x_wconf 85' lang='lat' dir='ltr'><strong>respuen-</strong></span> 
     </span>
    </p>
   </div>
   <div class='ocr_carea' id='block_1_50' title="bbox 1885 3125 3475 3202">
    <p class='ocr_par' dir='ltr' id='par_1_50' title="bbox 1885 3125 3475 3202">
     <span class='ocr_line' id='line_1_53' title="bbox 1885 3125 3475 3202; baseline 0.004 -22"><span class='ocrx_word' id='word_1_340' title='bbox 1885 3125 2011 3180; x_wconf 90' lang='lat' dir='ltr'><strong>dum</strong></span> <span class='ocrx_word' id='word_1_341' title='bbox 2040 3127 2164 3190; x_wconf 91' lang='lat' dir='ltr'><strong>erit,</strong></span> <span class='ocrx_word' id='word_1_342' title='bbox 2207 3127 2438 3196; x_wconf 81' lang='lat' dir='ltr'><strong>accipite</strong></span> <span class='ocrx_word' id='word_1_343' title='bbox 2488 3127 2664 3183; x_wconf 89' lang='lat' dir='ltr'><strong>amico</strong></span> <span class='ocrx_word' id='word_1_344' title='bbox 2696 3128 2899 3183; x_wconf 87' lang='lat' dir='ltr'><strong>dictum</strong></span> <span class='ocrx_word' id='word_1_345' title='bbox 2951 3129 3004 3184; x_wconf 91' lang='lat' dir='ltr'><strong>in</strong></span> <span class='ocrx_word' id='word_1_346' title='bbox 3045 3146 3214 3198; x_wconf 87' lang='lat' dir='ltr'><strong>aure;</strong></span> <span class='ocrx_word' id='word_1_347' title='bbox 3264 3141 3318 3189; x_wconf 89' lang='lat' dir='ltr'><strong>et</strong></span> <span class='ocrx_word' id='word_1_348' title='bbox 3346 3132 3475 3202; x_wconf 90' lang='lat' dir='ltr'><strong>quia</strong></span> 
     </span>
    </p>
   </div>
   <div class='ocr_carea' id='block_1_51' title="bbox 1883 3217 3474 3290">
    <p class='ocr_par' dir='ltr' id='par_1_51' title="bbox 1883 3217 3474 3290">
     <span class='ocr_line' id='line_1_54' title="bbox 1883 3217 3474 3290; baseline 0.003 -19"><span class='ocrx_word' id='word_1_349' title='bbox 1883 3217 1984 3271; x_wconf 87' lang='lat' dir='ltr'><strong>soli</strong></span> <span class='ocrx_word' id='word_1_350' title='bbox 2011 3217 2189 3272; x_wconf 90' lang='lat' dir='ltr'><strong>amico</strong></span> <span class='ocrx_word' id='word_1_351' title='bbox 2220 3217 2476 3283; x_wconf 83' lang='lat' dir='ltr'><strong>innotuit,</strong></span> <span class='ocrx_word' id='word_1_352' title='bbox 2505 3218 2722 3273; x_wconf 91' lang='lat' dir='ltr'><strong>silentio</strong></span> <span class='ocrx_word' id='word_1_353' title='bbox 2755 3219 3144 3290; x_wconf 69' lang='lat' dir='ltr'><strong>supp&#39;nimatur,</strong></span> <span class='ocrx_word' id='word_1_354' title='bbox 3180 3237 3282 3277; x_wconf 87' lang='lat' dir='ltr'><strong>nec</strong></span> <span class='ocrx_word' id='word_1_355' title='bbox 3313 3222 3474 3277; x_wconf 88' lang='lat' dir='ltr'><strong>alicui</strong></span> 
     </span>
    </p>
   </div>
   <div class='ocr_carea' id='block_1_52' title="bbox 1883 3301 3479 3383">
    <p class='ocr_par' dir='ltr' id='par_1_52' title="bbox 1883 3301 3479 3383">
     <span class='ocr_line' id='line_1_55' title="bbox 1883 3301 3479 3383; baseline 0.005 -23"><span class='ocrx_word' id='word_1_356' title='bbox 1883 3306 1998 3361; x_wconf 82' lang='lat' dir='ltr'><strong>haec</strong></span> <span class='ocrx_word' id='word_1_357' title='bbox 2031 3309 2098 3362; x_wconf 89' lang='lat' dir='ltr'><strong>ad</strong></span> <span class='ocrx_word' id='word_1_358' title='bbox 2120 3301 2404 3378; x_wconf 86' lang='lat' dir='ltr'><strong>legendum</strong></span> <span class='ocrx_word' id='word_1_359' title='bbox 2430 3309 2630 3379; x_wconf 77' lang='lat' dir='ltr'><strong>pagina</strong></span> <span class='ocrx_word' id='word_1_360' title='bbox 2674 3312 3127 3375; x_wconf 89' lang='lat' dir='ltr'><strong>communicetur,</strong></span> <span class='ocrx_word' id='word_1_361' title='bbox 3174 3312 3326 3367; x_wconf 88' lang='lat' dir='ltr'><strong>salvo</strong></span> <span class='ocrx_word' id='word_1_362' title='bbox 3355 3314 3479 3383; x_wconf 90' lang='lat' dir='ltr'><strong>qui-</strong></span> 
     </span>
    </p>
   </div>
   <div class='ocr_carea' id='block_1_53' title="bbox 1883 3397 3473 3473">
    <p class='ocr_par' dir='ltr' id='par_1_53' title="bbox 1883 3397 3473 3473">
     <span class='ocr_line' id='line_1_56' title="bbox 1883 3397 3473 3473; baseline 0.004 -21"><span class='ocrx_word' id='word_1_363' title='bbox 1883 3397 2005 3452; x_wconf 88' lang='lat' dir='ltr'><strong>dem</strong></span> <span class='ocrx_word' id='word_1_364' title='bbox 2034 3413 2221 3454; x_wconf 86' lang='lat' dir='ltr'><strong>amore</strong></span> <span class='ocrx_word' id='word_1_365' title='bbox 2253 3409 2440 3458; x_wconf 73' lang='lat' dir='ltr'><strong>nultuo</strong></span> <span class='ocrx_word' id='word_1_366' title='bbox 2484 3409 2540 3455; x_wconf 86' lang='lat' dir='ltr'><strong>et</strong></span> <span class='ocrx_word' id='word_1_367' title='bbox 2573 3401 2786 3471; x_wconf 75' lang='lat' dir='ltr'><strong>integra</strong></span> <span class='ocrx_word' id='word_1_368' title='bbox 2835 3418 3058 3473; x_wconf 90' lang='lat' dir='ltr'><strong>prorsus</strong></span> <span class='ocrx_word' id='word_1_369' title='bbox 3099 3419 3232 3473; x_wconf 91' lang='lat' dir='ltr'><strong>pace</strong></span> <span class='ocrx_word' id='word_1_370' title='bbox 3261 3415 3473 3472; x_wconf 84' lang='lat' dir='ltr'><strong>mutua,</strong></span> 
     </span>
    </p>
   </div>
   <div class='ocr_carea' id='block_1_54' title="bbox 1883 3491 3475 3569">
    <p class='ocr_par' dir='ltr' id='par_1_54' title="bbox 1883 3491 3475 3569">
     <span class='ocr_line' id='line_1_57' title="bbox 1883 3491 3475 3569; baseline 0.006 -25"><span class='ocrx_word' id='word_1_371' title='bbox 1883 3491 2128 3546; x_wconf 88' lang='lat' dir='ltr'><strong>deleatur</strong></span> <span class='ocrx_word' id='word_1_372' title='bbox 2165 3493 2426 3564; x_wconf 90' lang='lat' dir='ltr'><strong>quidquid</strong></span> <span class='ocrx_word' id='word_1_373' title='bbox 2483 3494 2768 3550; x_wconf 86' lang='lat' dir='ltr'><strong>delendum</strong></span> <span class='ocrx_word' id='word_1_374' title='bbox 2810 3510 2931 3552; x_wconf 88' lang='lat' dir='ltr'><strong>esse</strong></span> <span class='ocrx_word' id='word_1_375' title='bbox 2980 3498 3133 3553; x_wconf 81' lang='lat' dir='ltr'><strong>vobis</strong></span> <span class='ocrx_word' id='word_1_376' title='bbox 3171 3498 3475 3569; x_wconf 90' lang='lat' dir='ltr'><strong>placuerit,</strong></span> 
     </span>
    </p>
   </div>
   <div class='ocr_carea' id='block_1_55' title="bbox 1812 3563 3476 3660">
    <p class='ocr_par' dir='ltr' id='par_1_55' title="bbox 1812 3563 3476 3660">
     <span class='ocr_line' id='line_1_58' title="bbox 1812 3563 3476 3660; baseline 0.007 -29"><span class='ocrx_word' id='word_1_377' title='bbox 1812 3563 1858 3622; x_wconf 81' lang='grc' dir='ltr'><strong>Β</strong></span> <span class='ocrx_word' id='word_1_378' title='bbox 1887 3590 1978 3633; x_wconf 88' lang='lat' dir='ltr'><strong>aut</strong></span> <span class='ocrx_word' id='word_1_379' title='bbox 1998 3563 2330 3652; x_wconf 76' lang='lat' dir='ltr'><strong>corrigatur,</strong></span> <span class='ocrx_word' id='word_1_380' title='bbox 2356 3583 2399 3638; x_wconf 92' lang='lat' dir='ltr'><strong>si</strong></span> <span class='ocrx_word' id='word_1_381' title='bbox 2431 3585 2559 3653; x_wconf 93' lang='lat' dir='ltr'><strong>quid</strong></span> <span class='ocrx_word' id='word_1_382' title='bbox 2603 3595 2689 3641; x_wconf 85' lang='lat' dir='ltr'><strong>est</strong></span> <span class='ocrx_word' id='word_1_383' title='bbox 2733 3589 2875 3656; x_wconf 92' lang='lat' dir='ltr'><strong>quod</strong></span> <span class='ocrx_word' id='word_1_384' title='bbox 2901 3588 3098 3659; x_wconf 91' lang='lat' dir='ltr'><strong>corrigi</strong></span> <span class='ocrx_word' id='word_1_385' title='bbox 3131 3563 3338 3660; x_wconf 37' lang='lat' dir='ltr'><strong>{posse</strong></span> <span class='ocrx_word' id='word_1_386' title='bbox 3379 3563 3476 3644; x_wconf 90' lang='lat' dir='ltr'><strong>tibi</strong></span> 
     </span>
    </p>
   </div>
   <div class='ocr_carea' id='block_1_56' title="bbox 1886 3672 3476 3748">
    <p class='ocr_par' dir='ltr' id='par_1_56' title="bbox 1886 3672 3476 3748">
     <span class='ocr_line' id='line_1_59' title="bbox 1886 3672 3476 3748; baseline 0.005 -24"><span class='ocrx_word' id='word_1_387' title='bbox 1886 3673 2060 3726; x_wconf 85' lang='lat' dir='ltr'><strong>visum</strong></span> <span class='ocrx_word' id='word_1_388' title='bbox 2092 3672 2274 3726; x_wconf 75' lang='lat' dir='ltr'><strong>fuerit.</strong></span> <span class='ocrx_word' id='word_1_389' title='bbox 2306 3672 2505 3728; x_wconf 84' lang='lat' dir='ltr'><strong>Fateor</strong></span> <span class='ocrx_word' id='word_1_390' title='bbox 2540 3676 2837 3746; x_wconf 87' lang='lat' dir='ltr'><strong>quamlibet</strong></span> <span class='ocrx_word' id='word_1_391' title='bbox 2875 3678 3207 3748; x_wconf 89' lang='lat' dir='ltr'><strong>protuleritis</strong></span> <span class='ocrx_word' id='word_1_392' title='bbox 3251 3686 3476 3734; x_wconf 82' lang='lat' dir='ltr'><strong>senten-</strong></span> 
     </span>
    </p>
   </div>
   <div class='ocr_carea' id='block_1_57' title="bbox 1889 3762 3476 3840">
    <p class='ocr_par' dir='ltr' id='par_1_57' title="bbox 1889 3762 3476 3840">
     <span class='ocr_line' id='line_1_60' title="bbox 1889 3762 3476 3840; baseline 0.004 -23"><span class='ocrx_word' id='word_1_393' title='bbox 1889 3762 2041 3830; x_wconf 89' lang='lat' dir='ltr'><strong>tiam,</strong></span> <span class='ocrx_word' id='word_1_394' title='bbox 2068 3765 2251 3818; x_wconf 88' lang='lat' dir='ltr'><strong>animo</strong></span> <span class='ocrx_word' id='word_1_395' title='bbox 2280 3765 2468 3821; x_wconf 89' lang='lat' dir='ltr'><strong>libenti</strong></span> <span class='ocrx_word' id='word_1_396' title='bbox 2492 3769 2782 3838; x_wconf 79' lang='lat' dir='ltr'><strong>excipiam,</strong></span> <span class='ocrx_word' id='word_1_397' title='bbox 2831 3779 2886 3824; x_wconf 91' lang='lat' dir='ltr'><strong>et</strong></span> <span class='ocrx_word' id='word_1_398' title='bbox 2915 3783 3044 3824; x_wconf 83' lang='lat' dir='ltr'><strong>aure</strong></span> <span class='ocrx_word' id='word_1_399' title='bbox 3073 3770 3476 3840; x_wconf 82' lang='lat' dir='ltr'><strong>obtemperanti</strong></span> 
     </span>
    </p>
   </div>
   <div class='ocr_carea' id='block_1_58' title="bbox 1885 3855 3475 3930">
    <p class='ocr_par' dir='ltr' id='par_1_58' title="bbox 1885 3855 3475 3930">
     <span class='ocr_line' id='line_1_61' title="bbox 1885 3855 3475 3930; baseline 0.004 -22"><span class='ocrx_word' id='word_1_400' title='bbox 1885 3855 2121 3910; x_wconf 86' lang='lat' dir='ltr'><strong>audiam.</strong></span> <span class='ocrx_word' id='word_1_401' title='bbox 2150 3856 2355 3912; x_wconf 88' lang='lat' dir='ltr'><strong>Tamen</strong></span> <span class='ocrx_word' id='word_1_402' title='bbox 2387 3859 2604 3929; x_wconf 85' lang='lat' dir='ltr'><strong>quidam</strong></span> <span class='ocrx_word' id='word_1_403' title='bbox 2634 3875 2700 3915; x_wconf 81' lang='lat' dir='ltr'><strong>ex</strong></span> <span class='ocrx_word' id='word_1_404' title='bbox 2735 3859 2956 3927; x_wconf 66' lang='lat' dir='ltr'><strong>Judaais,</strong></span> <span class='ocrx_word' id='word_1_405' title='bbox 2987 3861 3075 3930; x_wconf 90' lang='lat' dir='ltr'><strong>qui</strong></span> <span class='ocrx_word' id='word_1_406' title='bbox 3109 3870 3234 3916; x_wconf 92' lang='lat' dir='ltr'><strong>tunc</strong></span> <span class='ocrx_word' id='word_1_407' title='bbox 3255 3860 3475 3916; x_wconf 79' lang='lat' dir='ltr'><strong>Londo-</strong></span> 
     </span>
    </p>
   </div>
   <div class='ocr_carea' id='block_1_59' title="bbox 1886 3949 3474 4021">
    <p class='ocr_par' dir='ltr' id='par_1_59' title="bbox 1886 3949 3474 4021">
     <span class='ocr_line' id='line_1_62' title="bbox 1886 3949 3474 4021; baseline 0.001 -18"><span class='ocrx_word' id='word_1_408' title='bbox 1886 3949 1991 4003; x_wconf 69' lang='lat' dir='ltr'><strong>nia:</strong></span> <span class='ocrx_word' id='word_1_409' title='bbox 2033 3959 2208 4017; x_wconf 89' lang='lat' dir='ltr'><strong>erant,</strong></span> <span class='ocrx_word' id='word_1_410' title='bbox 2258 3952 2558 4021; x_wconf 89' lang='lat' dir='ltr'><strong>0pitulaute</strong></span> <span class='ocrx_word' id='word_1_411' title='bbox 2598 3953 2969 4008; x_wconf 88' lang='lat' dir='ltr'><strong>misericordia</strong></span> <span class='ocrx_word' id='word_1_412' title='bbox 3014 3953 3130 4017; x_wconf 87' lang='lat' dir='ltr'><strong>Dei,</strong></span> <span class='ocrx_word' id='word_1_413' title='bbox 3185 3953 3252 4008; x_wconf 89' lang='lat' dir='ltr'><strong>ad</strong></span> <span class='ocrx_word' id='word_1_414' title='bbox 3312 3951 3474 4007; x_wconf 83' lang='lat' dir='ltr'><strong>ﬁdem</strong></span> 
     </span>
    </p>
   </div>
   <div class='ocr_carea' id='block_1_60' title="bbox 1890 4039 3473 4112">
    <p class='ocr_par' dir='ltr' id='par_1_60' title="bbox 1890 4039 3473 4112">
     <span class='ocr_line' id='line_1_63' title="bbox 1890 4039 3473 4112; baseline 0.002 -18"><span class='ocrx_word' id='word_1_415' title='bbox 1890 4039 2255 4096; x_wconf 82' lang='lat' dir='ltr'><strong>Christianam</strong></span> <span class='ocrx_word' id='word_1_416' title='bbox 2291 4057 2350 4097; x_wconf 86' lang='lat' dir='ltr'><strong>se</strong></span> <span class='ocrx_word' id='word_1_417' title='bbox 2389 4045 2659 4098; x_wconf 86' lang='lat' dir='ltr'><strong>convertit</strong></span> <span class='ocrx_word' id='word_1_418' title='bbox 2695 4045 2836 4112; x_wconf 81' lang='lat' dir='ltr'><strong>apud</strong></span> <span class='ocrx_word' id='word_1_419' title='bbox 2885 4043 3433 4099; x_wconf 83' lang='lat' dir='ltr'><strong>Westmonasterium</strong></span> <span class='ocrx_word' id='word_1_420' title='bbox 3456 4083 3473 4106; x_wconf 92' lang='lat'><strong>,</strong></span> 
     </span>
    </p>
   </div>
   <div class='ocr_carea' id='block_1_61' title="bbox 1889 4133 3474 4206">
    <p class='ocr_par' dir='ltr' id='par_1_61' title="bbox 1889 4133 3474 4206">
     <span class='ocr_line' id='line_1_64' title="bbox 1889 4133 3474 4206; baseline 0 -18"><span class='ocrx_word' id='word_1_421' title='bbox 1889 4133 2071 4190; x_wconf 83' lang='lat' dir='ltr'><strong>coram</strong></span> <span class='ocrx_word' id='word_1_422' title='bbox 2099 4135 2354 4190; x_wconf 85' lang='lat' dir='ltr'><strong>omnibus</strong></span> <span class='ocrx_word' id='word_1_423' title='bbox 2393 4137 2552 4190; x_wconf 85' lang='lat' dir='ltr'><strong>tidem</strong></span> <span class='ocrx_word' id='word_1_424' title='bbox 2580 4135 2780 4190; x_wconf 88' lang='lat' dir='ltr'><strong>Christi</strong></span> <span class='ocrx_word' id='word_1_425' title='bbox 2827 4135 3104 4206; x_wconf 79' lang='lat' dir='ltr'><strong>professus</strong></span> <span class='ocrx_word' id='word_1_426' title='bbox 3147 4136 3474 4206; x_wconf 85' lang='lat' dir='ltr'><strong>baptismum</strong></span> 
     </span>
    </p>
   </div>
   <div class='ocr_carea' id='block_1_62' title="bbox 1886 4227 3475 4298">
    <p class='ocr_par' dir='ltr' id='par_1_62' title="bbox 1886 4227 3475 4298">
     <span class='ocr_line' id='line_1_65' title="bbox 1886 4227 3475 4298; baseline 0.003 -19"><span class='ocrx_word' id='word_1_427' title='bbox 1886 4227 2061 4296; x_wconf 86' lang='lat' dir='ltr'><strong>petiit,</strong></span> <span class='ocrx_word' id='word_1_428' title='bbox 2090 4228 2320 4297; x_wconf 88' lang='lat' dir='ltr'><strong>accepit,</strong></span> <span class='ocrx_word' id='word_1_429' title='bbox 2350 4238 2405 4283; x_wconf 89' lang='lat' dir='ltr'><strong>et</strong></span> <span class='ocrx_word' id='word_1_430' title='bbox 2425 4229 2730 4298; x_wconf 80' lang='lat' dir='ltr'><strong>baptizatus</strong></span> <span class='ocrx_word' id='word_1_431' title='bbox 2758 4228 2868 4284; x_wconf 84' lang='lat' dir='ltr'><strong>Deo</strong></span> <span class='ocrx_word' id='word_1_432' title='bbox 2890 4243 2951 4283; x_wconf 88' lang='lat' dir='ltr'><strong>se</strong></span> <span class='ocrx_word' id='word_1_433' title='bbox 2981 4229 3110 4284; x_wconf 86' lang='lat' dir='ltr'><strong>inibi</strong></span> <span class='ocrx_word' id='word_1_434' title='bbox 3142 4231 3475 4285; x_wconf 83' lang='lat' dir='ltr'><strong>serviturum</strong></span> 
     </span>
    </p>
   </div>
   <div class='ocr_carea' id='block_1_63' title="bbox 1885 4321 3364 4384">
    <p class='ocr_par' dir='ltr' id='par_1_63' title="bbox 1885 4321 3364 4384">
     <span class='ocr_line' id='line_1_66' title="bbox 1885 4321 3364 4384; baseline 0.001 -10"><span class='ocrx_word' id='word_1_435' title='bbox 1885 4321 2121 4384; x_wconf 87' lang='lat' dir='ltr'><strong>devovit,</strong></span> <span class='ocrx_word' id='word_1_436' title='bbox 2152 4331 2207 4377; x_wconf 92' lang='lat' dir='ltr'><strong>et</strong></span> <span class='ocrx_word' id='word_1_437' title='bbox 2231 4323 2528 4376; x_wconf 89' lang='lat' dir='ltr'><strong>monachus</strong></span> <span class='ocrx_word' id='word_1_438' title='bbox 2553 4322 2732 4376; x_wconf 78' lang='lat' dir='ltr'><strong>iactus</strong></span> <span class='ocrx_word' id='word_1_439' title='bbox 2759 4321 3038 4376; x_wconf 89' lang='lat' dir='ltr'><strong>nobiscum</strong></span> <span class='ocrx_word' id='word_1_440' title='bbox 3083 4322 3364 4378; x_wconf 87' lang='lat' dir='ltr'><strong>remansit.</strong></span> 
     </span>
    </p>
   </div>
   <div class='ocr_carea' id='block_1_64' title="bbox 1958 4414 3476 4488">
    <p class='ocr_par' dir='ltr' id='par_1_64' title="bbox 1958 4414 3476 4488">
     <span class='ocr_line' id='line_1_67' title="bbox 1958 4414 3476 4488; baseline 0.001 -20"><span class='ocrx_word' id='word_1_441' title='bbox 1958 4415 2049 4469; x_wconf 90' lang='lat' dir='ltr'><strong>Sic</strong></span> <span class='ocrx_word' id='word_1_442' title='bbox 2077 4429 2208 4486; x_wconf 92' lang='lat' dir='ltr'><strong>ergo</strong></span> <span class='ocrx_word' id='word_1_443' title='bbox 2235 4414 2452 4470; x_wconf 69' lang='lat' dir='ltr'><strong>Judmus</strong></span> <span class='ocrx_word' id='word_1_444' title='bbox 2475 4414 2562 4470; x_wconf 87' lang='lat' dir='ltr'><strong>ille</strong></span> <span class='ocrx_word' id='word_1_445' title='bbox 2596 4415 2920 4486; x_wconf 87' lang='lat' dir='ltr'><strong>disputator,</strong></span> <span class='ocrx_word' id='word_1_446' title='bbox 2953 4415 3075 4471; x_wconf 86' lang='lat' dir='ltr'><strong>aliis</strong></span> <span class='ocrx_word' id='word_1_447' title='bbox 3107 4416 3352 4488; x_wconf 85' lang='lat' dir='ltr'><strong>pluribus</strong></span> <span class='ocrx_word' id='word_1_448' title='bbox 3395 4414 3476 4482; x_wconf 85' lang='lat' dir='ltr'><strong>in-</strong></span> 
     </span>
    </p>
   </div>
   <div class='ocr_carea' id='block_1_65' title="bbox 1887 4507 3038 4578">
    <p class='ocr_par' dir='ltr' id='par_1_65' title="bbox 1887 4507 3038 4578">
     <span class='ocr_line' id='line_1_68' title="bbox 1887 4507 3038 4578; baseline 0.003 -18"><span class='ocrx_word' id='word_1_449' title='bbox 1887 4507 2180 4578; x_wconf 86' lang='lat' dir='ltr'><strong>terpositis,</strong></span> <span class='ocrx_word' id='word_1_450' title='bbox 2209 4524 2294 4565; x_wconf 92' lang='lat' dir='ltr'><strong>me</strong></span> <span class='ocrx_word' id='word_1_451' title='bbox 2337 4509 2665 4572; x_wconf 60' lang='lat' dir='ltr'><strong>irovocando</strong></span> <span class='ocrx_word' id='word_1_452' title='bbox 2687 4511 2917 4567; x_wconf 87' lang='lat' dir='ltr'><strong>adorsus</strong></span> <span class='ocrx_word' id='word_1_453' title='bbox 2937 4519 3038 4566; x_wconf 88' lang='lat' dir='ltr'><strong>est.</strong></span> 
     </span>
    </p>
   </div>
   <div class='ocr_carea' id='block_1_66' title="bbox 1507 4725 2179 4805">
    <p class='ocr_par' dir='ltr' id='par_1_66' title="bbox 1507 4725 2179 4805">
     <span class='ocr_line' id='line_1_69' title="bbox 1507 4725 2179 4805; baseline 0.004 -26"><span class='ocrx_word' id='word_1_454' title='bbox 1507 4725 1738 4783; x_wconf 46' lang='lat' dir='ltr'><strong>VARL‘E</strong></span> <span class='ocrx_word' id='word_1_455' title='bbox 1774 4725 2066 4805; x_wconf 73' lang='lat' dir='ltr'><strong>LECTlON</strong></span> <span class='ocrx_word' id='word_1_456' title='bbox 2075 4727 2179 4782; x_wconf 84' lang='lat' dir='ltr'><strong>ES.</strong></span> 
     </span>
    </p>
   </div>
   <div class='ocr_carea' id='block_1_67' title="bbox 249 4855 1815 4929">
    <p class='ocr_par' dir='ltr' id='par_1_67' title="bbox 249 4855 1815 4929">
     <span class='ocr_line' id='line_1_70' title="bbox 249 4855 1815 4929; baseline 0.005 -19"><span class='ocrx_word' id='word_1_457' title='bbox 249 4855 414 4929; x_wconf 44' lang='lat' dir='ltr'><strong>llis.</strong></span> <span class='ocrx_word' id='word_1_458' title='bbox 442 4856 586 4929; x_wconf 69' lang='lat' dir='ltr'><strong>Rem.</strong></span> <span class='ocrx_word' id='word_1_459' title='bbox 639 4871 687 4914; x_wconf 71' lang='lat' dir='ltr'><strong>at</strong></span> <span class='ocrx_word' id='word_1_460' title='bbox 745 4861 905 4928; x_wconf 82' lang='lat' dir='ltr'><strong>Vict.,</strong></span> <span class='ocrx_word' id='word_1_461' title='bbox 938 4862 1140 4919; x_wconf 76' lang='lat' dir='ltr'><strong>futuro.</strong></span> <span class='ocrx_word' id='word_1_462' title='bbox 1216 4867 1236 4897; x_wconf 77' lang='grc'>³</span> <span class='ocrx_word' id='word_1_463' title='bbox 1273 4865 1376 4921; x_wconf 71' lang='grc' dir='ltr'><strong>ιιι.</strong></span> <span class='ocrx_word' id='word_1_464' title='bbox 1413 4865 1586 4929; x_wconf 65' lang='lat' dir='ltr'><strong>Rem,</strong></span> <span class='ocrx_word' id='word_1_465' title='bbox 1611 4875 1662 4919; x_wconf 80' lang='lat' dir='ltr'><strong>et</strong></span> <span class='ocrx_word' id='word_1_466' title='bbox 1708 4865 1770 4921; x_wconf 81' lang='lat' dir='ltr'><strong>S.</strong></span> <span class='ocrx_word' id='word_1_467' title='bbox 1800 4865 1815 4918; x_wconf 75' lang='lat' dir='ltr'><strong>l</strong></span> 
     </span>
    </p>
   </div>
   <div class='ocr_carea' id='block_1_68' title="bbox 1888 4855 2860 4929">
    <p class='ocr_par' dir='ltr' id='par_1_68' title="bbox 1888 4865 2860 4929">
     <span class='ocr_line' id='line_1_71' title="bbox 1888 4865 2860 4929; baseline 0 -9"><span class='ocrx_word' id='word_1_468' title='bbox 1888 4882 1946 4929; x_wconf 72' lang='grc' dir='ltr'><strong>ν..</strong></span> <span class='ocrx_word' id='word_1_469' title='bbox 1975 4877 2098 4921; x_wconf 66' lang='lat' dir='ltr'><strong>tum.</strong></span> <span class='ocrx_word' id='word_1_470' title='bbox 2177 4867 2197 4898; x_wconf 84' lang='grc'>³</span> <span class='ocrx_word' id='word_1_471' title='bbox 2223 4866 2328 4922; x_wconf 75' lang='lat' dir='ltr'><strong>Ms.</strong></span> <span class='ocrx_word' id='word_1_472' title='bbox 2361 4865 2430 4921; x_wconf 74' lang='grc' dir='ltr'><strong>Β.</strong></span> <span class='ocrx_word' id='word_1_473' title='bbox 2483 4867 2632 4922; x_wconf 85' lang='lat' dir='ltr'><strong>omit.</strong></span> <span class='ocrx_word' id='word_1_474' title='bbox 2665 4867 2860 4924; x_wconf 88' lang='lat' dir='ltr'><strong>amico.</strong></span> 
     </span>
    </p>
   </div>
   <div class='ocr_carea' id='block_1_69' title="bbox 687 4935 3468 5060">
    <p class='ocr_par' dir='ltr' id='par_1_69' title="bbox 687 4935 3468 5060">
     <span class='ocr_line' id='line_1_72' title="bbox 687 4935 3468 5060; baseline 0.004 -76"><span class='ocrx_word' id='word_1_475' title='bbox 687 4935 960 5003; x_wconf 86' lang='lat' dir='ltr'><strong>roposita;</strong></span> <span class='ocrx_word' id='word_1_476' title='bbox 1013 4935 1116 4989; x_wconf 70' lang='lat' dir='ltr'><strong>Ms.</strong></span> <span class='ocrx_word' id='word_1_477' title='bbox 1181 4935 1339 5000; x_wconf 84' lang='lat' dir='ltr'><strong>Vict.,</strong></span> <span class='ocrx_word' id='word_1_478' title='bbox 1388 4937 1454 4991; x_wconf 81' lang='lat' dir='ltr'><strong>ad</strong></span> <span class='ocrx_word' id='word_1_479' title='bbox 1497 4937 1862 5060; x_wconf 64' lang='lat' dir='ltr'><strong>p’roposilum.</strong></span> <span class='ocrx_word' id='word_1_480' title='bbox 1938 4937 1959 4968; x_wconf 80' lang='grc'><strong><em>⁸</em></strong></span> <span class='ocrx_word' id='word_1_481' title='bbox 1991 4936 2098 4991; x_wconf 73' lang='lat' dir='ltr'><strong>Ms.</strong></span> <span class='ocrx_word' id='word_1_482' title='bbox 2155 4936 2318 5001; x_wconf 83' lang='lat' dir='ltr'><strong>Vict.,</strong></span> <span class='ocrx_word' id='word_1_483' title='bbox 2364 4947 2538 5005; x_wconf 78' lang='lat' dir='ltr'><strong>utens,</strong></span> <span class='ocrx_word' id='word_1_484' title='bbox 2574 4939 2771 4999; x_wconf 77' lang='lat' dir='ltr'><strong>cidem.</strong></span> <span class='ocrx_word' id='word_1_485' title='bbox 2838 4940 2863 4980; x_wconf 67' lang='lat'><strong><em>7</em></strong></span> <span class='ocrx_word' id='word_1_486' title='bbox 2918 4937 3022 4994; x_wconf 75' lang='lat' dir='ltr'><strong>Ms.</strong></span> <span class='ocrx_word' id='word_1_487' title='bbox 3065 4936 3152 5004; x_wconf 66' lang='lat'><strong>11.,</strong></span> <span class='ocrx_word' id='word_1_488' title='bbox 3183 4954 3468 4996; x_wconf 71' lang='lat' dir='ltr'><strong>concessa.</strong></span> 
     </span>
     <span class='ocr_line' id='line_1_73' title="bbox 687 5005 2451 5060; baseline 0.001 -2"><span class='ocrx_word' id='word_1_489' title='bbox 687 5020 786 5060; x_wconf 72' lang='grc' dir='ltr'><strong>εν..</strong></span> <span class='ocrx_word' id='word_1_490' title='bbox 811 5005 1369 5060; x_wconf 84' lang='lat' dir='ltr'><strong>discentatiunculam.</strong></span> <span class='ocrx_word' id='word_1_491' title='bbox 1448 5007 1468 5038; x_wconf 83' lang='lat'><strong>’</strong></span> <span class='ocrx_word' id='word_1_492' title='bbox 1557 5024 1602 5060; x_wconf 73' lang='grc' dir='ltr'><strong>δ.</strong></span> <span class='ocrx_word' id='word_1_493' title='bbox 1636 5005 1792 5060; x_wconf 82' lang='lat' dir='ltr'><strong>Vict..</strong></span> <span class='ocrx_word' id='word_1_494' title='bbox 1819 5020 2160 5060; x_wconf 83' lang='lat' dir='ltr'><strong>resecetur...</strong></span> <span class='ocrx_word' id='word_1_495' title='bbox 2195 5009 2451 5060; x_wconf 80' lang='lat' dir='ltr'><strong>resecari.</strong></span> 
     </span>
    </p>
   </div>
   <div class='ocr_carea' id='block_1_70' title="bbox 1557 5005 2451 5072">
    <p class='ocr_par' dir='ltr' id='par_1_70' title="bbox 1557 5005 2451 5072">
     <span class='ocr_line' id='line_1_74' title="bbox 1557 5005 2451 5072; baseline -0.002 -11"><span class='ocrx_word' id='word_1_496' title='bbox 1557 5005 1615 5062; x_wconf 54' lang='grc' dir='ltr'><strong>δέ</strong></span> <span class='ocrx_word' id='word_1_497' title='bbox 1636 5005 1792 5072; x_wconf 82' lang='lat' dir='ltr'><strong>Vict.,</strong></span> <span class='ocrx_word' id='word_1_498' title='bbox 1819 5020 2160 5063; x_wconf 80' lang='lat' dir='ltr'><strong>resecetur...</strong></span> <span class='ocrx_word' id='word_1_499' title='bbox 2195 5009 2451 5064; x_wconf 77' lang='lat' dir='ltr'><strong>resecari.</strong></span> 
     </span>
    </p>
   </div>
   <div class='ocr_carea' id='block_1_71' title="bbox 175 4925 615 4994">
    <p class='ocr_par' dir='ltr' id='par_1_71' title="bbox 175 4925 615 4994">
     <span class='ocr_line' id='line_1_75' title="bbox 175 4925 615 4994; baseline 0.002 -14"><span class='ocrx_word' id='word_1_500' title='bbox 175 4933 206 4963; x_wconf 81' lang='grc'><strong><em>⁸</em></strong></span> <span class='ocrx_word' id='word_1_501' title='bbox 245 4925 347 4980; x_wconf 70' lang='lat' dir='ltr'><strong>Ms.</strong></span> <span class='ocrx_word' id='word_1_502' title='bbox 377 4926 438 4982; x_wconf 91' lang='lat' dir='ltr'><strong>S.</strong></span> <span class='ocrx_word' id='word_1_503' title='bbox 469 4928 615 4994; x_wconf 64' lang='lat' dir='ltr'><strong>Cen,</strong></span> 
     </span>
    </p>
   </div>
   <div class='ocr_carea' id='block_1_72' title="bbox 175 4997 1468 5068">
    <p class='ocr_par' dir='ltr' id='par_1_72' title="bbox 175 4997 1468 5068">
     <span class='ocr_line' id='line_1_76' title="bbox 175 4997 1468 5068; baseline 0.009 -16"><span class='ocrx_word' id='word_1_504' title='bbox 175 5001 206 5034; x_wconf 79' lang='grc'><strong>⁸</strong></span> <span class='ocrx_word' id='word_1_505' title='bbox 233 4998 344 5053; x_wconf 71' lang='grc' dir='ltr'><strong>λιι.</strong></span> <span class='ocrx_word' id='word_1_506' title='bbox 385 4997 519 5053; x_wconf 80' lang='lat' dir='ltr'><strong>Vict.</strong></span> <span class='ocrx_word' id='word_1_507' title='bbox 551 5001 611 5056; x_wconf 85' lang='lat' dir='ltr'><strong>S.</strong></span> <span class='ocrx_word' id='word_1_508' title='bbox 641 4997 786 5068; x_wconf 72' lang='grc' dir='ltr'><strong>σει-ξ,</strong></span> <span class='ocrx_word' id='word_1_509' title='bbox 811 4997 1369 5064; x_wconf 71' lang='lat' dir='ltr'><strong>disceptatiunculaln.</strong></span> <span class='ocrx_word' id='word_1_510' title='bbox 1448 5007 1468 5038; x_wconf 86' lang='lat'><strong>’</strong></span> 
     </span>
    </p>
   </div>
   <div class='ocr_carea' id='block_1_73' title="bbox 2953 4865 3472 4933">
    <p class='ocr_par' dir='ltr' id='par_1_73' title="bbox 2953 4865 3472 4933">
     <span class='ocr_line' id='line_1_77' title="bbox 2953 4865 3472 4933; baseline 0.002 -10"><span class='ocrx_word' id='word_1_511' title='bbox 2953 4867 2975 4897; x_wconf 74' lang='grc'>⁸</span> <span class='ocrx_word' id='word_1_512' title='bbox 3008 4866 3112 4923; x_wconf 73' lang='grc' dir='ltr'><strong>ιιι.</strong></span> <span class='ocrx_word' id='word_1_513' title='bbox 3142 4865 3232 4933; x_wconf 82' lang='lat' dir='ltr'><strong>R.,</strong></span> <span class='ocrx_word' id='word_1_514' title='bbox 3267 4876 3472 4925; x_wconf 83' lang='lat' dir='ltr'><strong>votum.</strong></span> 
     </span>
    </p>
   </div>
  </div>
