3928 6298
572 314 717 396 iam
1486 342 1892 399 eistsasun
1925 343 2216 399 cmsrnxn
2241 345 2395 400 asa.
2423 326 2936 401 wssruoxas’r.
3676 352 3777 408 iam

1207 485 3724 511 MM

597 482 1199 499 ww

691 744 1656 882 DISPUTATIO
1751 714 2261 878 JUDKEI
2341 748 2691 878 CUM
2787 747 3714 883 CHRISTIANO

1438 1097 1584 1184 DE
1663 1097 1941 1185 FIDE
2020 1098 2790 1205 CHRISTIANA,

962 1375 1291 1439 SCRIPTA
1336 1380 1387 1439 Δ
1439 1350 1727 1442 DOMNO
1772 1382 2268 1468 GlSLEBERTO
2314 1384 2634 1449 ΔΒΒΔΤΕ
2676 1386 3439 1475 WESTMONASTERH.

1186 2050 1398 2091 ιευιευε
1433 2037 1495 2088 ¹⁶.
2180 2040 2223 2096 Α
2255 2035 2414 2106 idque
2468 2034 2650 2105 potius
2690 2036 2804 2091 veri
2854 2051 3018 2092 causa
3058 2038 3101 2068 “
3152 2048 3207 2093 et
3255 2040 3332 2094 tui
3379 2055 3552 2095 amore
3580 2040 3617 2074 ¹⁸
3645 2041 3756 2104 licio,

629 2126 762 2194 Quia
792 2126 1087 2184 Christiani
1126 2127 1315 2183 dicunt
1349 2138 1397 2184 te
1434 2129 1630 2184 litteris
1684 2128 1956 2184 eruditum
1987 2138 2041 2184 et
2066 2129 2146 2183 [ει-
2252 2144 2413 2198 quam
2448 2129 2626 2184 studio
2657 2129 3006 2199 disputandi,
3037 2128 3138 2185 nec
3164 2131 3445 2187 hominum
3479 2132 3754 2188 acclamatio-

556 2218 757 2274 cultate
778 2220 990 2276 dicendi
1014 2219 1345 2291 expeditum,
1375 2222 1565 2278 vellem
1596 2232 1654 2277 ut
1677 2223 1928 2280 toleranti
1964 2223 2145 2278 animo
2253 2235 2349 2275 nes
2373 2234 2506 2274 curo
2532 2236 2545 2285 ;
2578 2219 2675 2274 sed
2708 2224 2890 2274 vincat
2910 2220 2998 2275 cui
3024 2221 3165 2276 ratio
3185 2222 3561 2289 attestabitur,
3591 2234 3635 2279 et
3654 2222 3755 2278 Seri-

554 2326 767 2366 inecum
798 2327 952 2383 agas,
990 2328 1231 2383 qua'Ope
1257 2314 1484 2370 rationis
1537 2324 1593 2370 et
1637 2329 1746 2384 quo
1803 2315 2146 2370 auctoritatis
2246 2321 2421 2380 plura:
2452 2311 2753 2367 auctoritas
2785 2314 3205 2368 contestabitur.
3256 2314 3490 2370 Primum
3527 2318 3671 2385 itaque
3701 2314 3751 2369 le-

554 2402 869 2459 testimonio
894 2402 1109 2460 Iudaeos
1127 2404 1385 2475 culparis,
1417 2405 1541 2473 quia
1565 2403 1785 2477 legema
1816 2406 1925 2462 Deo
1961 2407 2143 2462 datam
2246 2417 2368 2473 gem
2401 2402 2596 2457 bonam
2620 2412 2674 2459 ct
2696 2412 2727 2457 a
2756 2401 2867 2460 Deo
2896 2403 3078 2458 datam
3110 2420 3233 2460 esse
3264 2406 3512 2470 dicimus,
3536 2415 3748 2468 tenemus,

552 2493 927 2561 observamus,
953 2503 1008 2551 et
1038 2494 1205 2566 Moysi
1256 2496 1550 2566 legislatori
1583 2498 2035 2555 obsecundamus.
2080 2497 2137 2556 Si
2249 2493 2581 2561 aslruimus;
2615 2510 2681 2549 ac
2711 2494 2936 2565 proinde
2959 2496 3219 2567 Quidquid
3252 2499 3311 2553 in
3334 2513 3395 2555 ea
3418 2498 3641 2570 scriptum
3672 2507 3748 2561 αι,

552 2589 696 2641 cnim
726 2587 812 2642 lex
849 2589 1012 2655 bona,
1044 2600 1099 2645 et
1123 2605 1154 2645 a
1184 2590 1294 2646 Deo
1319 2591 1445 2646 data
1475 2600 1591 2657 est,
1630 2591 1969 2647 observanda
2010 2600 2133 2655 est;
2248 2584 2428 2639 divino
2457 2600 2619 2641 sensu
2644 2585 2999 2650 intellectum,
3052 2587 3166 2642 suis
3194 2574 3525 2660 temporibus
3560 2588 3753 2645 observa-

548 2676 705 2746 t-ujus
726 2680 872 2734 enim
906 2680 1182 2737 decretum
1212 2681 1613 2739 observandum
1637 2683 1769 2748 erit,
1793 2685 1837 2738 si
1865 2682 1955 2739 Dei
1986 2698 2139 2738 man-
2248 2686 2361 2733 tum
2393 2688 2445 2733 et
2477 2679 2877 2736 observandum
2909 2694 3030 2736 esse
3056 2682 3574 2755 sancim,us..Divino
3596 2684 3749 2753 quidem

547 2768 733 2825 datum
758 2786 862 2825 non
885 2782 969 2827 est
990 2773 1384 2830 observandum
1408 2774 1431 2828 ἲ
1459 2773 1516 2829 Si
1538 2789 1667 2830 vero
1694 2773 1778 2830 lex
1799 2775 2135 2831 observanda
2244 2783 2407 2824 sensu
2437 2768 2569 2840 legis
2596 2770 2848 2825 mandata
2885 2770 3231 2841 intelligenda
3248 2788 3376 2837 esse
3396 2774 3616 2837 dicimus,
3643 2772 3746 2842 quia.

544 2872 631 2918 est
668 2862 709 2895 “
739 2904 755 2929 ,
805 2879 905 2920 cur
935 2863 1052 2934 ejus
1099 2866 1485 2922 observatores
1535 2866 1760 2923 canibus
1806 2867 2139 2924 assimulatis
2240 2861 2286 2916 si
2313 2861 2551 2916 humano
2577 2876 2738 2921 sensu
2767 2878 2829 2917 ea
2858 2863 3042 2917 omnia
3066 2871 3120 2917 et
3148 2862 3217 2918 ad
3242 2865 3478 2919 litteram
3508 2865 3746 2935 accipimus,

546 2954 778 3012 fustibus
829 2967 1085 3015 extrusos
1110 2971 1500 3029 usquequaque
1532 2958 1857 3019 insectaiis?
1915 2957 1973 3013 Si
2008 2973 2139 3014 vero
2243 2952 2412 3007 multa
2448 2953 2551 3011 sibi
2581 2944 2812 3007 invicem
2837 2953 3185 3009 adversantia
3202 2963 3256 3009 et
3287 2956 3504 3009 multum
3529 2968 3747 3024 repugnan-

545 3061 664 3101 eam
712 3047 934 3104 minime
984 3048 1379 3104 observandam
1434 3048 1657 3114 dicitis,
1705 3048 2006 3119 culpandus
2051 3060 2136 3106 est
2243 3050 2316 3123 tia
2350 3050 2616 3106 videmus.
2663 3050 2796 3105 Cum
2848 3052 2993 3105 enim
3049 3060 3273 3120 peracta
3319 3053 3573 3107 creatione
3610 3047 3741 3103 mundi

543 3137 777 3210 Moyses,
810 3138 902 3209 qui
932 3136 1087 3194 nobis
1133 3126 1256 3193 eam
1290 3138 1428 3193 adeo
1466 3138 1612 3203 inani
1641 3138 1883 3195 vanitate
1912 3138 2135 3195 tradidit
2240 3139 2452 3213 Moyses
2474 3142 2619 3198 dicat
2649 3160 2662 3197 :
2702 3162 2720 3194 ι
2764 3142 2913 3198 Vidit
2940 3142 3081 3199 Deus
3115 3153 3322 3199 cuncta
3359 3159 3473 3215 qua:
3500 3142 3683 3205 fecerat,
3706 3148 3745 3195 et

542 3231 956 3287 observandam.
994 3229 1149 3298 Quod
1169 3231 1217 3286 si
1243 3239 1456 3299 partem
1479 3230 1822 3300 excipiendo,
1856 3228 1910 3284 id
1938 3229 2131 3285 obser-
2236 3240 2395 3286 erant
2424 3231 2578 3289 valde
2606 3234 2750 3289 bona
2775 3232 2929 3303 (Cen.
2964 3249 3003 3301 l,
3037 3234 3150 3305 3|).
3184 3253 3203 3286 ι
3231 3234 3507 3303 Quomodo
3529 3236 3573 3288 in
3596 3235 3741 3288 discre-

541 3323 776 3377 vandum
804 3337 924 3378 esse
971 3320 1186 3388 dicitis,
1230 3321 1363 3377 illud
1404 3337 1534 3378 vero
1571 3322 1797 3378 minime
1841 3320 2133 3381 observan-
2165 3334 2208 3394 Β
2238 3324 2383 3383 tione
2415 3323 2457 3355 “
2478 3324 2792 3379 animalium
2821 3334 3007 3395 postea
3036 3326 3229 3381 scribit
3258 3327 3378 3383 haec
3402 3325 3597 3391 munda,
3622 3322 3739 3377 stilla

544 3417 673 3472 dum
720 3416 803 3471 vel
835 3415 1158 3472 abolendum
1191 3429 1313 3472 esse
1344 3416 1614 3482 censetis,
1668 3414 1791 3471 date
1838 3412 2129 3471 consilium
2234 3413 2491 3469 animalia
2521 3430 2641 3472 esse
2667 3414 2965 3480 immunda,
3018 3414 3105 3472 his
3145 3416 3224 3471 uti
3271 3418 3541 3489 permittit,
3574 3414 3642 3469 illa
3663 3427 3733 3466 non

543 3510 815 3578 quomodo
850 3508 1168 3581 effugiemus
1208 3508 1338 3566 illud
1395 3510 1656 3566 indictum
1686 3523 1715 3563 a
1749 3509 1860 3565 Deo
1900 3506 2127 3565 maledi-
2232 3506 2405 3565 solum
2459 3523 2567 3564 non
2620 3517 2883 3579 tangere,
2939 3509 3036 3564 sed
3085 3524 3207 3571 eum
3256 3510 3351 3582 qui
3385 3507 3592 3581 tetigerit
3619 3513 3737 3559 tuom

541 3621 778 3664 etumzc
816 3607 1131 3665 Malcdictus
1179 3608 1273 3681 qui
1322 3622 1431 3663 non
1468 3606 1830 3677 permanserit
1859 3605 1915 3661 in
1948 3603 2126 3660 omni-
2234 3596 2453 3652 multari
2511 3606 2568 3653 et
2618 3599 2800 3668 puniri
2868 3599 3139 3653 mandat?
3203 3598 3483 3667 Quomodo
3528 3598 3643 3653 enim
3678 3602 3733 3646 εει

540 3701 792 3769 hus‘qna:
820 3699 873 3755 in
906 3699 1023 3773 lege
1071 3702 1270 3772 scripta
1314 3706 1443 3755 sunt
1499 3697 1680 3769 (Deut.
1721 3712 1895 3763 xxvii,
1946 3695 2062 3765 26).
2102 3713 2122 3747 ι
2231 3689 2569 3749 immundum
2596 3693 2739 3761 quod
2761 3691 3297 3753 cstvaldehOnum?
3333 3692 3429 3748 Ubi
3452 3690 3575 3745 enim
3593 3696 3728 3743 cuncta

536 3791 838 3863 Legislator
866 3793 999 3849 nihil
1037 3793 1259 3864 excipit,
1296 3792 1390 3847 sed
1431 3789 1810 3845 universaliter
1843 3802 1909 3845 ea
1939 3787 2123 3843 omnia
2228 3783 2565 3851 nominavit,-
2591 3794 2646 3839 et
2671 3783 2827 3839 valde
2852 3784 3137 3855 bonaesse
3165 3785 3338 3848 dixit,
3370 3798 3531 3855 neque
3554 3784 3647 3853 hoe.
3663 3793 3729 3831 αι’

537 3885 758 3939 mandat
783 3884 1081 3941 observari.
1117 3884 1223 3940 Vos
1254 3893 1435 3939 autem
1460 3882 1528 3939 ad
1548 3890 1790 3951 vestrum
1810 3879 2123 3945 arbitrium,
2225 3890 2333 3946 que
2357 3874 2485 3929 illud
2501 3875 2704 3930 animal
2730 3876 2964 3946 excepit.
2979 3874 3264 3943 Quomodo
3287 3877 3445 3949 igitur
3465 3875 3725 3930 Denscuncta

535 3976 675 4048 legis
725 3985 781 4033 et
837 3977 1215 4033 mandatorum
1266 3974 1673 4032 observantiam
1724 3971 2121 4033 detertninatis.
2227 3968 2613 4029 creavitvalde
2640 3970 2779 4024 bona
2806 3970 3060 4025 animalia
3089 4010 3103 4034 ,
3134 3979 3189 4025 et
3211 3981 3397 4040 postea
3436 3977 3561 4025 vetat
3581 3962 3727 4020 comedi

539 4066 629 4133 Et,
655 4079 711 4124 ut
732 4071 874 4127 scias
900 4071 1025 4141 quia
1067 4069 1152 4125 his
1189 4070 1242 4124 in
1267 4070 1431 4133 rebus
1460 4067 1653 4123 rationi
1705 4066 1885 4136 potius
1927 4078 2123 4121 vacare
2228 4062 2343 4117 haec
2370 4060 2453 4118 vel
2482 4061 2571 4117 illa
2592 4062 2849 4117 animalia
2878 4105 2892 4131 ,
2930 4073 2985 4119 et
3010 4079 3232 4123 causam
3260 4064 3430 4120 reddit
3454 4103 3469 4129 ,
3518 4061 3660 4115 dicens
3685 4066 3725 4107 ea

537 4161 661 4216 volo
688 4177 851 4233 quam
900 4161 1229 4218 contentioni
1248 4200 1263 4225 ,
1292 4163 1361 4216 ab
1414 4161 1537 4216 aliis
1582 4160 1921 4225 secedamus,
1956 4167 2011 4214 et
2034 4159 2122 4214 cui
2224 4171 2346 4213 esse
2370 4156 2645 4211 immunda
2674 4155 2931 4210 animalia
2958 4156 2981 4209 ?
3009 4155 3076 4228 [ι’
3107 4156 3220 4212 Nec
3240 4157 3416 4213 solum
3439 4170 3495 4210 ea
3530 4147 3725 4224 prohibui!

532 4264 781 4309 nostrum
818 4253 971 4309 favor
996 4254 1330 4310 audientium
1381 4252 1674 4324 applaudat
1709 4251 1931 4319 omnino
1960 4264 2120 4306 recu-
2225 4261 2344 4315 tum:
2372 4248 2453 4303 sui
2500 4255 2694 4302 natura
2745 4247 2950 4302 homini
2995 4247 3063 4302 ad
3108 4249 3439 4304 vescendum
3464 4243 3595 4299 noxia
3616 4244 3721 4294 sunt;

537 4344 806 4401 scmus“.
2110 4372 2119 4398 ~.
2224 4353 2410 4393 verum
2449 4349 2504 4395 et
2548 4340 2713 4395 multa
2739 4356 2861 4409 qua:
2891 4350 3049 4411 gustu
3094 4341 3373 4408 jucunda,
3418 4349 3469 4396 et
3511 4352 3589 4391 usu
3621 4342 3722 4398 aqua

1147 4454 1515 4505 cuntsmsus.
2224 4429 2461 4493 salubria
2484 4432 2552 4487 ad
2580 4447 2698 4486 cum

2224 4429 2461 4493 salubria
2484 4432 2552 4487 ad
2580 4432 2973 4511 comedendum
3000 4434 3262 4489 existunt.
3312 4431 3513 4502 Aliquid
3544 4439 3641 4493 ετεο
3658 4436 3714 4473 ⁸³⁸

603 4532 1019 4590 Rationabiliter
1040 4533 1175 4589 satis
1203 4534 1319 4590 hmc
1345 4532 1522 4589 omnia
1555 4542 1610 4587 tu
1642 4532 1909 4603 requiris,
1932 4541 1986 4585 et
2005 4531 2119 4601 haec
2225 4525 2487 4580 crainenti
2516 4525 2631 4580 haec
2657 4525 2711 4580 in
2740 4540 2799 4581 se
2827 4528 3130 4589 continent,
3159 4542 3306 4597 quae,
3328 4526 3447 4582 licet
3471 4540 3497 4579 a
3523 4514 3717 4574 Deodicu

532 4628 712 4683 omnia
744 4626 912 4697 qumri
946 4627 1233 4693 convenit;
1266 4627 1362 4683 sed
1384 4641 1413 4679 a
1447 4636 1501 4683 te
1532 4626 1648 4681 vice
1674 4625 1790 4695 pari
1824 4624 1866 4655 ⁸³
1904 4624 2121 4691 requiro
2152 4684 2188 4697 Α
2223 4616 2361 4677 sint.
2391 4626 2570 4671 tamen
2599 4632 2630 4671 a
2654 4632 2711 4672 se
2748 4618 2979 4673 invicem
3008 4621 3073 4673 ad
3104 4618 3345 4674 litteram
3392 4615 3582 4672 omnino
3606 4604 3713 4661 dissi-

528 4732 590 4775 ut
624 4736 832 4776 mecum
859 4719 1040 4776 animo
1065 4720 1289 4790 patienti
1327 4734 1474 4791 agas.
1507 4717 1641 4772 Nam
1669 4718 1712 4773 si
1740 4717 1930 4772 modus
1956 4715 2117 4771 alter-
2147 4684 2188 4742 ο
2224 4710 2371 4765 dent.
2414 4711 2826 4766 Sacramentum
2879 4725 3053 4767 sacra:
3106 4710 3180 4765 rei
3240 4710 3408 4764 latens
3442 4707 3613 4776 signum
3637 4706 3713 4749 ess!

532 4813 763 4869 cationis
796 4821 997 4869 nostrae
1034 4812 1079 4868 is
1118 4813 1419 4877 habeatur,
1456 4820 1516 4867 ut
1556 4811 1827 4866 concedas
1855 4809 2115 4880 quidquid
2225 4802 2499 4877 dii-imus]
2532 4804 2661 4858 Item
2708 4804 2912 4860 scimus
2950 4804 3075 4872 quia
3130 4803 3269 4858 dixit
3319 4801 3451 4855 Deus
3488 4795 3543 4850 ad
3565 4792 3709 4845 Adam:

534 4914 637 4960 tuae
666 4902 803 4974 legis
834 4902 1027 4975 pagina
1073 4910 1321 4967 testatur,
1358 4901 1439 4956 vel
1480 4902 1695 4956 ratione
1741 4909 1848 4955 tam
1879 4900 2114 4956 evidenti
2231 4904 2263 4947 ι
2291 4893 2430 4949 Ecce
2455 4893 2578 4948 dedi
2606 4892 2759 4948 vobis
2792 4907 3009 4948 onmem
3046 4890 3269 4947 herbam
3300 4888 3579 4975 aﬂerenletu
3606 4887 3713 4975 επρξτ

532 4965 955 5063 astruituur,‘ut"a
986 5007 1038 5052 te
1062 4994 1203 5052 nulla
1226 4965 1545 5052 evidentiori
1566 4992 1832 5049 refutetur
1857 5032 1872 5058 ,
1912 4998 2113 5064 praesto
2226 4996 2427 5043 terram
2461 4986 2503 5018 ¹⁸
2547 5000 2762 5049 semen,
2808 4994 2866 5040 et
2906 4984 3155 5040 universa
3201 4984 3341 5054 ligna
3369 4994 3479 5071 qua:
3505 4965 3708 5071 habent!

529 5102 648 5143 sum
679 5097 737 5144 ut
758 5087 827 5145 de
854 5087 936 5143 his
961 5096 1136 5143 tecum
1162 5100 1315 5158 agam
1334 5126 1349 5150 ,
1380 5094 1434 5142 et
1464 5080 1825 5158 undecunque
1855 5082 2112 5148 volueris,
2226 5075 2532 5147 semetipsis
2561 5086 2857 5132 sementem
2890 5076 2933 5107 "
2961 5075 3177 5146 generis
3206 5074 3309 5139 sui,
3345 5081 3403 5127 ut
3432 5068 3527 5124 sint
3546 5057 3656 5117 vobis
3674 5053 3708 5105 in

1811 5280 2045 5337 VARIE
2084 5279 2489 5339 LECTIONES.

604 5472 649 5506 ’θ
708 5469 846 5526 Vict.
897 5488 997 5526 non
1055 5471 1204 5525 habet
1237 5468 1449 5523 nomina
1474 5469 1585 5521 hmc
1610 5467 2063 5530 interlocutomm.
2093 5464 2331 5526 Judmus.
2363 5464 2726 5519 Christianus.
2835 5464 2875 5495 “
2920 5463 3020 5521 Hs.
3062 5464 3347 5527 Vict.,erit
3417 5446 3701 5530 ἐξήλειψε

535 5556 585 5602 et
614 5561 680 5600 ne
895 5514 1432 5597 aniino're'c'usemus.
1512 5538 1554 5570 ⁸³
1587 5537 1691 5592 ιιι.
1730 5535 1885 5602 Vict.,
1917 5514 2087 5592 vicem
2108 5537 2246 5637 pati.
2319 5514 2331 5526 ’
2357 5536 2399 5568 ⁸⁸
2438 5534 2569 5589 Mss.
2617 5534 2676 5589 γ.
2708 5544 2754 5589 et
2788 5533 2880 5602 IL,
2910 5550 3074 5590 causa
3105 5514 3245 5589 ﬁdei.
3298 5522 3301 5525 ⁷
3347 5532 3388 5562 ⁸⁵
3417 5526 3509 5583 Hs.
3537 5514 3704 5619 Sf?!»

552 5617 574 5637 ι
631 5617 703 5637 η-
754 5612 866 5637 ιη-.
949 5613 1290 5637 annuum---
1318 5610 1536 5637 Αωηεαλ
1637 5610 1677 5637 η
1721 5607 1797 5637 u-
1859 5606 1970 5637 17:...
2025 5604 2059 5637 ρ
2133 5622 2213 5637 Α..
2265 5607 2388 5637 Δια-ί,
2434 5606 2583 5637 ...υ-ἶ.
2605 5605 2806 5637 hui“...
2908 5605 2951 5637 ιι
2990 5605 3063 5637 ΙΙ.
3126 5602 3231 5637 νει..
3304 5604 3354 5637 ς..
3379 5611 3525 5637 una-
3630 5580 3669 5637 H

532 5617 574 5651 ⁸⁸
622 5617 726 5671 Ms.
754 5612 912 5681 νήτη
945 5613 1291 5671 distinctione
1316 5610 1556 5666 omnino.
1637 5610 1677 5641 "
1712 5607 1817 5666 Ms.
1859 5606 1994 5664 Vict.
2018 5604 2077 5661 S.
2108 5602 2230 5663 Ger.
2263 5607 2408 5662 omit.
2434 5606 2583 5661 uncis
2605 5605 2826 5661 inclusa.
2908 5605 2951 5642 “
2981 5605 3084 5661 Ms.
3126 5602 3277 5671 Vim,
3302 5604 3354 5658 in
3379 5611 3526 5655 terra.

541 5684 701 5753 Vim,
733 5701 937 5743 semen.
