3928 6298
245 398 383 461 τωο

1140 467 1182 477 η
1245 403 1653 475 DlSPUTATlO
1682 403 1899 460 ιυοΑῑι
1936 403 2081 463 cun
2116 401 2534 463 cumsuam

233 534 417 576 escam
446 518 603 589 (Gen.
632 535 670 586 I,
696 518 807 591 29).
846 538 863 571 ›
900 518 1014 588 Qua
1050 520 1214 590 igitur
1241 523 1450 576 ratione
1499 520 1649 575 dedit
1677 519 1819 575 Deus
1849 525 1896 584 Α
1925 520 2171 576 rietatem
2187 521 2437 589 videmus
2453 537 2470 586 ;
2496 519 2673 591 nisiea
2698 516 3025 589 competenti
3048 516 3504 575 sensuiuteilexe-

231 614 411 683 primo
463 613 668 668 homini
713 612 965 671 universa
1021 612 1165 685 ligna
1206 613 1261 668 in
1290 628 1507 678 escam,
1548 621 1605 668 et
1636 612 1818 668 statim

231 713 419 777 postea
450 704 726 775 prohibuit
756 720 823 759 ne
850 713 1033 759 sumat
1058 708 1124 759 de
1152 705 1296 777 ligno
1342 704 1581 776 scientiae
1608 704 1735 760 boni
1767 714 1821 763 et

231 793 360 850 mali
386 792 439 850 in
461 792 689 849 escam?
717 791 817 861 Ubi
841 793 1223 849 universaliter
1262 794 1406 866 ligna
1431 809 1690 850 concessa
1724 795 1822 851 ho-

230 884 369 940 mini
399 884 764 959 commendat,
810 884 1015 939 nullum
1071 894 1359 954 exceptum
1403 884 1572 941 fuisse
1617 886 1820 955 lignum

232 981 496 1037 insinuat.
532 977 645 1033 Non
677 978 841 1048 igitur
880 979 1084 1049 absque
1138 979 1399 1050 mysterio
1446 979 1500 1034 id
1550 979 1824 1048 accipien-

232 1074 362 1128 dum
390 1081 492 1127 est.
522 1071 582 1126 ln
606 1070 792 1125 Exodo
829 1070 971 1125 inter
1000 1070 1105 1124 alia
1143 1079 1412 1140 praecepta
1459 1069 1526 1124 de
1574 1068 1822 1125 faciendo

232 1165 393 1221 ultari
425 1164 685 1220 Dominus
723 1162 891 1235 Moysi
938 1163 1008 1218 ita
1064 1162 1323 1234 praecepit
1362 1180 1376 1215 :
1440 1180 1459 1213 ι
1517 1161 1707 1218 Altare
1758 1161 1823 1216 de

234 1266 381 1314 terra
416 1255 627 1312 facietis
668 1256 832 1321 mihi,
882 1263 937 1310 et
990 1254 1234 1313 oﬁ'eretis
1292 1269 1455 1325 super
1503 1254 1631 1309 illud
1672 1252 1824 1308 holo-

228 1357 420 1405 causta
466 1358 520 1405 et
546 1348 769 1419 paciﬁca
792 1356 970 1404 vestra
999 1346 1197 1419 (Exod.
1220 1364 1312 1415 xx,
1340 1347 1454 1414 24).
1488 1367 1505 1400 ι
1535 1346 1599 1401 Et
1625 1346 1690 1401 de
1715 1361 1823 1414 qua

230 1443 463 1497 materia
489 1441 662 1497 altare
688 1441 807 1496 ﬁeri
840 1440 1058 1507 liceret,
1082 1449 1139 1495 et
1164 1439 1526 1510 quomodoita
1548 1438 1821 1495 subdidit:

237 1553 260 1587 ε
295 1533 451 1602 Quod
469 1535 513 1589 si
537 1533 604 1589 de
637 1532 904 1603 lapidibus
933 1532 1060 1587 illud
1103 1532 1376 1589 mdiﬁcare
1403 1530 1716 1596 volueritis,
1758 1529 1824 1585 de

230 1642 343 1681 non
394 1626 557 1684 sectis
601 1624 869 1695 lapidibus
902 1624 1241 1681 :ediﬁcabitis
1270 1623 1400 1679 illud
1430 1623 1620 1696 (Ibid.,
1647 1623 1761 1695 25).
1799 1641 1818 1675 ι

230 1719 292 1774 lu
314 1718 623 1788 expletione
648 1725 830 1773 autem
866 1717 1197 1773 tabernaculi
1227 1758 1244 1784 ,
1297 1724 1352 1772 et
1400 1730 1656 1772 vasorum
1682 1755 1699 1780 ,
1734 1723 1817 1769 at-

230 1826 343 1881 que
392 1809 703 1866 utensilium
758 1808 1145 1875 tabernaculi,
1198 1808 1274 1864 ita
1327 1806 1566 1879 legitur:
1617 1823 1636 1857 ι
1673 1804 1824 1859 Fecit

1924 609 2117 665 rimus.
2156 610 2398 666 Discreto
2428 611 2610 681 itaque
2636 617 2694 663 et
2731 608 2915 671 divino
2957 622 3122 664 sensu
3166 608 3281 663 haec
3312 607 3509 661 intelli-

1923 701 2096 774 genda
2124 715 2180 757 et
2201 703 2538 758 discutienda
2568 711 2694 758 sunt
2715 744 2732 769 ,
2761 702 2888 773 quia
2923 700 3036 756 ﬁeri
3067 716 3171 756 non
3214 708 3392 771 potest
3449 712 3508 756 ut

1925 794 1995 850 ad
2028 794 2265 849 litteram
2296 804 2509 865 sumpta
2539 809 2601 851 ea
2632 795 2814 850 omnia
2872 794 3218 864 impleantur.
3270 792 3328 848 Si
3380 807 3509 848 vero

1924 884 2095 958 legem
2131 886 2311 942 debito
2340 888 2874 958 sensuaccipimus,
2935 886 3117 942 omnia
3169 885 3302 961 legis
3357 899 3514 940 man-

1926 978 2051 1033 data
2078 977 2257 1033 debita
2286 978 2670 1035 observatione
2691 980 2983 1034 observare
3007 978 3511 1050 poterimus,.quaa~
3550 1030 3553 1033 .

1925 1071 2047 1125 dam
2072 1070 2137 1124 ad
2165 1071 2405 1127 litteram
2431 1112 2448 1137 ,
2510 1079 2565 1127 et
2594 1072 2711 1127 sine
2743 1072 2852 1127 ullo
2895 1073 3188 1144 ﬁgurarum
3220 1073 3509 1143 profundo,

1924 1163 2170 1233 quaedam
2201 1163 2497 1235 ﬁgurarum
2534 1162 2806 1220 velamine
2840 1164 3157 1219 adumbrata
3197 1180 3318 1220 esse
3349 1164 3509 1219 intel-

1927 1252 2053 1324 ligo.
2106 1252 2361 1320 Quaedam
2427 1254 2494 1308 ad
2550 1262 2766 1325 tempus
2825 1254 3103 1309 observari
3148 1253 3297 1325 jussa
3352 1265 3511 1315 sunt.

1925 1344 2175 1414 qutedam
2210 1345 2327 1399 sine
2358 1343 2463 1399 ulla
2488 1353 2791 1415 temporum
2833 1345 3285 1401 determinatione
3327 1344 3513 1401 obser-

1926 1437 2102 1491 vanda
2128 1447 2273 1493 sunt.
2303 1436 2433 1504 Quae
2478 1438 2626 1494 enim
2677 1437 3007 1494 sacramenti
3034 1438 3078 1469 ἰ
3119 1436 3346 1507 alicujus
3376 1452 3523 1507 prae-7

1926 1530 2232 1585 nuntiativa
2267 1514 2464 1594 erant,
2516 1536 2571 1586 et
2627 1528 2879 1584 veritatis
2923 1528 3119 1584 futurm
3162 1529 3364 1605 ﬁgura,
3412 1543 3524 1583 suo.

1928 1632 2172 1694 tempore
2210 1622 2557 1679 manifestata
2593 1623 2671 1678 rei
2714 1630 2878 1694 atque
2909 1622 3158 1677 veritatis
3182 1620 3474 1692 prtesentia
3497 1662 3515 1684 ,

1928 1732 2035 1773 non
2067 1716 2306 1785 oportuit
2356 1723 2416 1789 ut
2441 1728 2628 1769 eorum
2680 1700 3421 1782 reinaneretopratnuntiatio
3458 1721 3512 1765 et

1930 1809 2122 1880 ﬁgura.
2165 1806 2342 1872 Num,
2390 1806 2533 1863 sicut
2578 1806 2695 1875 ipso
2741 1819 2841 1860 usu
2892 1803 3173 1875 loquendi.
3224 1802 3514 1860 verborum

230 1903 450 1974 Moyses
474 1901 647 1957 altare
675 1899 1048 1969 thymiamatis
1072 1899 1139 1955 de
1161 1897 1321 1970 lignis
1362 1897 1521 1953 selim
1547 1935 1562 1962 ,
1618 1895 1825 1952 habens
1857 1882 1901 1942 Β
1930 1900 2134 1955 utimur
2160 1897 2621 1954 vicissitudinibus
2649 1896 2878 1952 dicendo
2897 1937 2911 1960 ,
2964 1896 3067 1951 erit
3090 1935 3107 1963 ,
3154 1895 3396 1964 quandiu
3427 1898 3511 1951 lu-

230 2013 336 2069 per
364 1996 632 2066 quadrum
666 1992 907 2064 singulos
928 1992 1165 2058 cubitus,
1194 1999 1249 2046 et
1278 1990 1331 2045 in
1366 1988 1653 2069 altitudine
1689 1988 1824 2044 duos

231 2063 441 2163 (Exod.
487 2103 672 2144 xxxvii
698 2125 715 2151 ,
767 2063 886 2155 εδ).
948 2104 967 2139 ι
1021 2083 1090 2140 Et
1131 2092 1255 2154 post
1280 2063 1453 2153 pauca
1484 2100 1497 2136 :
1530 2100 1549 2134 ι
1578 2080 1729 2136 Fecit
1773 2088 1830 2135 et

230 2182 411 2237 altare
441 2175 741 2235 holocausti
767 2180 832 2231 de
861 2175 1019 2246 lignis
1048 2173 1230 2236 setim,
1254 2172 1494 2244 quinque
1515 2171 1820 2226 cubitorum

232 2286 336 2343 per
357 2271 641 2341 quadrum,
665 2267 794 2322 etin
823 2264 1107 2321 altitudine
1122 2262 1497 2337 trium(Ea:_od.
1516 2278 1671 2327 xvm,
1697 2262 1770 2332 1).
1801 2280 1819 2315 ι

232 2362 355 2431 Non
390 2359 675 2431 temerario
706 2357 924 2427 quidem
959 2372 1093 2412 ausu
1133 2370 1227 2411 seu
1270 2354 1690 2426 praesumptione
1731 2352 1829 2408 ﬁe-

232 2456 369 2517 bat.
420 2450 563 2523 quod
610 2460 722 2505 tam
755 2449 988 2511 discreta
1034 2447 1377 2502 dimensione
1431 2445 1738 2501 altitudinis
1773 2454 1829 2500 et

233 2544 589 2614 quadratum:
614 2540 795 2595 ﬁebat.
821 2538 954 2593 Item
975 2536 1382 2608 postaliquanta
1408 2552 1422 2590 :
1452 2552 1471 2586 ι
1494 2533 1828 2591 Fuditbases

233 2649 418 2690 asneas
445 2635 496 2688 in
523 2632 743 2687 introitu
776 2628 1145 2693 tabernaculi,
1173 2636 1229 2682 et
1256 2626 1427 2682 altare
1459 2639 1670 2681 aeneum
1702 2640 1825 2680 cum

235 2725 498 2781 craticula
530 2738 625 2779 sua
654 2722 846 2795 (Ibid.,
868 2720 960 2791 50)
992 2739 1011 2772 ι
1050 2719 1178 2776 Item
1215 2718 1267 2773 in
1298 2718 1443 2773 ﬁne:
1503 2737 1542 2787 ι,
1567 2716 1826 2774 Candela-

234 2819 399 2875 brum
426 2815 591 2871 stabit
610 2830 733 2869 cum
755 2813 993 2868 lucernis
1018 2814 1130 2868 suis
1151 2854 1167 2877 ,
1195 2822 1253 2868 et
1280 2812 1453 2868 altare
1475 2826 1701 2866 aureum
1723 2851 1738 2877 ,
1773 2811 1825 2864 in

232 2924 349 2982 quo
378 2907 621 2964 adoletur
642 2906 922 2962 incensum
940 2920 1123 2961 coram
1156 2920 1283 2960 arca
1307 2903 1601 2960 testimonii
1629 2902 1825 2973 (Exod.

236 3021 308 3060 xx.
334 3043 349 3068 .
391 3002 469 3071 5).
512 3020 531 3053 ι
570 3000 850 3067 Quomodo
895 3014 1025 3070 ergo
1078 2999 1232 3070 jubet
1280 2998 1425 3053 Deus
1462 3004 1523 3052 ut
1563 2996 1735 3050 altare
1762 2995 1828 3051 de

238 3103 388 3151 terra
420 3092 662 3155 faciatis,
697 3100 750 3147 et
780 3106 946 3159 super
967 3090 1095 3144 illud
1132 3089 1447 3144 holocausta
1486 3095 1665 3142 vestra
1690 3085 1828 3141 oﬁ'e-

241 3193 413 3257 ratis,
490 3198 714 3246 econtra
767 3187 977 3258 Moyses
1033 3186 1205 3240 altare
1266 3182 1635 3256 thymiamatis
1700 3181 1829 3237 fecit

235 3286 476 3356 ligneum
502 3324 517 3350 ,
565 3281 690 3336 fecit
730 3290 785 3334 et
832 3278 1003 3332 altare
1058 3275 1358 3335 holocausti
1401 3275 1666 3345 ligneum,
1702 3272 1830 3329 fecit

235 3376 414 3430 altare
446 3387 697 3436 aeneum,
737 3370 863 3424 fecit
913 3380 969 3424 et
1012 3382 1274 3434 aureum,
1331 3365 1461 3423 fecit
1519 3367 1685 3423 etiam
1739 3365 1833 3419 ali-

236 3466 461 3539 quando
500 3461 809 3535 lapideum?
845 3460 1067 3515 Multum
1093 3460 1585 3539 itaqueadversum
1618 3459 1832 3513 videtur

242 3537 306 3627 ut
337 3557 481 3613 aliud
500 3567 552 3611 et
580 3556 739 3610 aliter
759 3570 919 3625 quam
953 3553 1213 3609 Dominus
1252 3537 1348 3622 per
1380 3552 1616 3624 Moysem
1639 3550 1827 3621 jubet:

244 3652 322 3706 ab
356 3650 470 3719 ipso
515 3646 697 3719 Moyse
727 3654 921 3717 agatur
952 3643 1111 3698 aliter
1147 3658 1275 3713 ergo
1310 3658 1471 3712 quam
1524 3641 1701 3696 littera
1746 3657 1832 3698 so.

238 3752 339 3797 nat
368 3783 381 3807 ,
415 3750 467 3796 et
494 3739 593 3794 hoc
618 3737 789 3807 accipi
820 3745 1053 3807 oportet.
1105 3733 1341 3789 Rursum
1395 3750 1519 3789 cum
1553 3750 1615 3789 ea
1647 3735 1830 3789 omnia

234 3831 496 3888 immanis
526 3830 709 3885 usibus
739 3828 905 3883 Deum
936 3840 1152 3899 creasse
1176 3824 1386 3896 Moyses
1420 3826 1563 3880 dicat
1590 3867 1604 3893 ,
1661 3838 1832 3893 caque

234 3943 273 3979 ο
302 3925 423 3979 nnia
456 3922 656 3979 homini
690 3919 996 3976 subdidisse
1017 3926 1441 3982 commemoret,
1474 3937 1492 3969 ι
1536 3926 1593 3971 ut
1623 3904 1830 3988 praesit,

236 4016 450 4086 inquit,
482 4015 723 4085 piscibus
762 4013 970 4078 maris,
1018 4012 1325 4067 volatilibus
1367 4011 1524 4075 coeli,
1585 4012 1834 4065 animau-

237 4108 390 4165 tibus
420 4117 609 4173 terra},
639 4114 693 4161 et
732 4104 879 4162 omni
928 4104 1105 4175 reptili
1134 4103 1277 4174 quod
1320 4113 1565 4157 movetur
1607 4103 1659 4157 in
1690 4112 1831 4181 terra

239 4200 402 4273 (Cen.
435 4199 632 4270 1,26),
666 4218 685 4250 ι
739 4214 838 4253 cur
879 4207 1065 4268 postea
1108 4206 1253 4252 vetat
1299 4212 1367 4253 ne
1413 4197 1576 4251 homo
1621 4205 1741 4252 aret
1780 4197 1831 4253 in

243 4296 389 4348 bove
410 4300 463 4348 et
484 4291 639 4346 asino
663 4290 687 4343 ἳ
715 4305 854 4345 onus
884 4290 1133 4360 aliquod,
1185 4287 1542 4360 quodcunque
1581 4289 1678 4344 tibi
1713 4289 1833 4359 pla—

148 4380 151 4381 ⁷
238 4393 363 4451 cet,
395 4385 547 4441 asino
586 4385 863 4455 imponere
898 4383 1062 4449 licet,
1121 4391 1177 4439 et
1224 4397 1424 4452 ponere
1473 4383 1661 4453 jugmn
1709 4383 1833 4439 bovi

242 4495 373 4534 cum
400 4478 553 4533 asino
579 4492 747 4548 quare
777 4492 882 4539 non
907 4476 1067 4532 licet?
1090 4475 1167 4531 Ad
1197 4491 1401 4545 pascua
1423 4476 1621 4531 ducere
1641 4476 1832 4533 bovem

1934 2000 2118 2055 turum
2144 2000 2257 2057 est,
2293 1991 2576 2061 ipsumque
2604 1990 2748 2056 erit,
2804 2003 3027 2061 prorsus
3076 1988 3421 2052 amittentes,
3463 1987 3517 2042 in

1929 2084 2226 2155 praesenti,
2280 2091 2364 2138 est
2435 2082 2797 2148 assumimus,
2861 2081 3115 2151 quodque
3179 2080 3350 2149 ipsum
3399 2081 3515 2148 jam

1928 2174 2260 2247 praeteriisse
2310 2174 2712 2246 signiﬁcantes,
2746 2174 2948 2228 utimur
2977 2171 3118 2239 fuit,
3152 2171 3233 2227 sic
3268 2171 3321 2227 in
3356 2170 3518 2226 rebus

1928 2264 2367 2338 prtenuntiativis
2414 2256 3057 2336 alicujussacramenti,
3122 2261 3211 2318 ubi
3277 2275 3518 2331 praesens

1930 2359 2319 2416 manifestatur
2345 2368 2755 2415 sacramentum
2773 2399 2789 2425 ,
2819 2358 2935 2429 ejus
2954 2355 3072 2427 jam
3107 2356 3378 2427 superﬂuo
3403 2370 3519 2411 ser-

1930 2463 2153 2509 varetur
2173 2469 2270 2509 seu
2301 2454 2471 2523 ﬁgura
2503 2467 2598 2509 seu
2651 2452 2911 2522 signum?
2940 2450 3071 2518 Quae
3118 2464 3247 2505 vero
3290 2447 3520 2518 alicujus

1931 2544 2177 2617 mysterii
2223 2544 2589 2614 signiﬁcativa
2648 2558 2753 2598 non
2795 2549 2985 2607 erant,
3033 2541 3127 2601 sed
3188 2548 3374 2610 aperte
3424 2554 3518 2595 seu

1932 2637 2055 2693 ﬁdei
2083 2638 2369 2691 veritatem
2402 2636 2712 2699 insinuant,
2768 2649 2865 2690 seu
2896 2631 3183 2689 cbaritatis
3214 2633 3259 2663 "
3285 2631 3520 2689 aediﬁca-

1932 2730 2135 2786 tionem
2160 2729 2587 2794 commendant,
2616 2742 2681 2782 ea
2722 2736 2778 2782 et
2818 2742 2848 2781 a
2896 2726 3054 2783 nobis
3079 2736 3135 2782 et
3154 2742 3196 2799 ra
3225 2726 3380 2782 vobis
3410 2740 3520 2783 non

1930 2821 1997 2877 ad
2030 2831 2274 2890 tempus,
2307 2820 2403 2876 sed
2431 2818 2485 2874 in
2510 2828 2827 2891 perpetuum
2850 2818 3187 2875 observanda
3211 2827 3339 2874 sunt
3363 2858 3380 2895 ,
3426 2832 3519 2873 eoo

1932 2927 2161 2981 rumque
2196 2912 2558 2982 transgressio
2601 2911 2906 2966 nullatenus
2935 2924 3055 2966 esse
3090 2918 3272 2980 potest
3316 2908 3515 2982 inulta.
3576 2974 3585 2981 ,

1930 3001 2135 3057 Harum
2162 3018 2283 3072 qua:
2320 3003 2375 3057 in
2406 3003 2524 3071 lege
2569 3011 2726 3059 erant
2772 3002 3068 3072 ﬁgurarum
3104 3001 3311 3057 veritas
3336 3002 3518 3059 tanditt

1931 3105 1985 3150 et
2014 3110 2109 3165 per
2132 3104 2209 3150 tot
2237 3095 2435 3174 sarcula
2455 3104 2799 3167 exspectata,
2832 3095 3051 3151 tandem
3081 3103 3202 3151 erat
3222 3093 3517 3164 aliquando

1932 3188 2255 3244 exhibenda.
2306 3186 2554 3258 Nunquid
2610 3201 2825 3258 semper
2875 3186 3301 3257 promittendum
3356 3193 3516 3242 erat:

1940 3301 1958 3334 ι
1986 3282 2241 3353 Aperiam
2265 3282 2316 3337 in
2342 3281 2615 3352 parabolis
2634 3296 2697 3337 os
2719 3296 2935 3348 meum;
2979 3280 3173 3350 loquar
3200 3278 3523 3351 propositio-

1934 3390 2031 3431 nes
2059 3374 2127 3429 ab
2183 3374 2336 3430 initio
2366 3371 2538 3445 (Paul.
2575 3388 2794 3448 cxsvu,
2823 3373 2901 3444 2).
2940 3392 2959 3426 ι
3019 3371 3273 3442 Nunquid
3307 3385 3523 3443 semper

1934 3467 2173 3520 futurum
2195 3473 2314 3520 erat
2346 3483 2359 3519 :
2392 3482 2410 3517 ι
2440 3465 2619 3520 Donec
2648 3464 2828 3519 veniat
2859 3463 2950 3535 qui
2988 3463 3282 3519 mittendus
3317 3471 3403 3518 cst
3432 3502 3445 3528 ,
3468 3470 3523 3517 et

1935 3558 2049 3624 ipse
2090 3557 2194 3612 erit
2219 3557 2555 3628 exspectatio
2583 3556 2874 3628 gentium?
2911 3575 2931 3609 ο
2989 3554 3145 3627 (Gen.
3199 3573 3324 3611 xmx
3355 3596 3370 3622 ,
3412 3554 3521 3623 10.)

1934 3650 2175 3704 Tandem
2197 3664 2328 3720 ergo
2360 3649 2756 3720 praedestinatis
2791 3665 2822 3705 a
2854 3648 2963 3703 Deo
2991 3648 3322 3718 temporibus
3353 3648 3522 3714 venit,

1934 3742 2197 3797 Mcdiator
2225 3741 2320 3797 Dei
2347 3750 2403 3798 et
2423 3742 2702 3797 hominum
2720 3782 2735 3808 ,
2764 3742 2923 3796 homo
2942 3740 3189 3805 Christus
3205 3739 3362 3793 Jesus
3390 3753 3519 3807 ape-

1937 3835 2082 3891 riens
2108 3834 2265 3891 nobis
2293 3848 2544 3901 sensum,
2596 3833 3109 3903 ut-intelligeremus
3163 3830 3478 3901 Scripturas
3504 3871 3519 3893 .

1924 3928 2240 3997 dissolvens
2262 3927 2535 3997 profunda
2563 3926 2842 3997 mysteria,
2881 3940 3002 3995 quae
3028 3925 3095 3981 de
3122 3940 3189 3980 eo
3234 3924 3288 3978 iu
3328 3924 3443 3995 lege
3462 3933 3522 3979 et

1936 4020 2216 4093 prophetis
2257 4019 2458 4089 scripta
2507 4027 2699 4084 erant,
2755 4017 2810 4073 in
2841 4031 3001 4087 quem
3060 4024 3112 4070 te
3162 4022 3379 4084 oportet
3409 4029 3526 4069 cre-

1930 4115 2083 4169 .dere.

2612 4230 2844 4279 ιυυιυς.

2670 4339 2687 4361 ο
3108 4340 3111 4343 ’
3246 4358 3249 4363 ,

2011 4390 2068 4447 Si
2104 4390 2173 4446 ad
2206 4398 2418 4461 tempus
2457 4386 2563 4443 hoc
2594 4385 2677 4443 vel
2702 4384 2831 4441 illud
2866 4396 3047 4440 sermo
3081 4380 3175 4438 Dei
3227 4380 3529 4437 servandus
3562 4432 3567 4436 .

1924 4494 2023 4547 est
2047 4523 2062 4549 ,
2092 4498 2269 4553 eoque
2299 4491 2431 4555 tunc
2462 4478 2774 4543 anuullato,
2818 4478 2943 4533 item
2967 4475 3109 4531 alius
3136 4474 3203 4529 ad
3225 4473 3371 4528 aliud
3398 4483 3532 4528 tem-

239 4588 370 4627 cum
395 4572 547 4633 asino
581 4570 793 4634 licebit,
841 4579 897 4625 et
943 4570 995 4624 in
1052 4570 1268 4639 pascuis
1314 4585 1376 4624 ea
1424 4567 1586 4625 simul
1625 4585 1744 4626 esse
1778 4578 1833 4626 et
1864 4580 1911 4641 D
1937 4593 2038 4648 pus
2066 4576 2437 4633 observandas
2463 4583 2585 4639 est,
2620 4572 2806 4642 sicque
2844 4585 2939 4641 per
2975 4579 3275 4638 temporum
3318 4566 3531 4621 vicissi-

240 4664 519 4734 compasci
553 4663 635 4718 lex
668 4662 964 4732 permittit,
1010 4670 1063 4718 et
1089 4677 1246 4716 arare
1276 4674 1338 4715 ea
1372 4660 1534 4716 simul
1579 4662 1831 4731 prohibet

240 4766 303 4811 et
348 4754 640 4810 interdicit.
682 4755 741 4810 Si
774 4764 953 4810 autem
984 4762 1268 4824 propterea
1320 4754 1507 4819 venit,
1561 4753 1688 4825 quia
1732 4753 1835 4821 hoc

244 4845 588 4901 lnnuundum
609 4844 809 4898 animal
831 4844 916 4899 lex
936 4844 1089 4910 dicit,
1117 4858 1287 4914 quare
1311 4844 1457 4899 circa
1487 4843 1616 4898 illud
1639 4853 1834 4899 caetera

242 4952 370 5008 qua:
399 4937 540 4992 dicta
566 4936 993 5007 suntpermittit,
1025 4934 1198 4991 solum
1216 4950 1374 4989 arare
1395 4934 1629 5004 excipit?
1652 4934 1834 5004 Equus

244 5032 302 5085 in
335 5029 456 5100 lege
482 5027 815 5083 immttndum
852 5026 1052 5082 animal
1093 5041 1216 5083 esse
1245 5027 1563 5096 perhibetur
1584 5067 1597 5091 ,
1628 5036 1684 5080 et
1726 5025 1830 5081 alia

246 5122 450 5186 multa,
477 5134 576 5176 nec
614 5128 792 5176 tamen
839 5135 998 5177 arare
1047 5119 1240 5175 bovem
1288 5136 1410 5175 cum
1442 5134 1591 5191 equo.
1609 5120 1695 5175 vel
1727 5121 1835 5176 alio

244 5211 471 5268 uttimali
504 5211 785 5275 immundo
812 5213 1131 5282 prohibetur
1153 5214 1206 5268 in
1241 5212 1380 5283 lege.
1434 5212 1582 5269 lianc
1613 5229 1718 5269 non
1749 5228 1837 5275 so-

245 5304 361 5360 lum
395 5306 447 5360 in
479 5304 566 5361 his
587 5320 706 5374 qua:
726 5304 868 5359 dicta
897 5313 1020 5360 sunt
1051 5306 1323 5361 mandatis
1345 5348 1360 5372 ,
1411 5308 1505 5362 sed
1558 5306 1722 5362 etiam
1777 5307 1833 5381 in

247 5398 663 5471 quampluribus
712 5396 833 5454 aliis
870 5396 1131 5470 legalibus
1168 5400 1508 5455 cmrcmuuiis
1546 5400 1591 5432 ’θ
1622 5407 1836 5456 contra-

1944 4669 2188 4736 tudines,
2243 4668 2439 4723 divina:
2492 4667 2851 4719 immutantur
2889 4661 3229 4722 sanctiones,
3262 4656 3536 4725 quomodo

1943 4763 2108 4817 stabit
2142 4778 2160 4811 ι
2199 4758 2369 4813 semel
2398 4757 2609 4812 locutus
2660 4765 2743 4809 est
2785 4752 2967 4809 Deus?
3006 4770 3023 4829 ρ
3067 4746 3533 4824 (Psal._t.xt,12_)

1924 4854 2059 4920 .Quo
2089 4860 2248 4922 pacto
2272 4861 2446 4905 ratum
2470 4849 2575 4903 erit
2613 4866 2632 4899 ‹
2659 4847 2709 4901 in
2736 4854 3019 4909 aeternum,
3044 4841 3291 4909 Domine,
3310 4838 3531 4918 verbum

1926 4956 2092 5003 .tuum
2124 4952 2405 5017 permanet
2429 4942 2483 4997 in
2511 4940 2653 5011 cado
2676 4940 2699 4994 ?
2726 4957 2744 4990 ι
2779 4936 2953 5010 (Paul.
2977 4949 3143 4992 cxvm
3163 4974 3178 4999 ,
3205 4932 3320 5003 89.)
3353 4928 3491 4999 Quid
3515 4972 3530 4995 ,

1924 5050 2134 5106 ,qumso
2154 5074 2170 5101 ,
2199 5050 2316 5090 mea
2342 5033 2571 5101 interest
2594 5046 2691 5085 cur
2718 5029 2860 5101 Deus
2882 5028 2985 5083 hoc
3021 5022 3222 5081 animal
3248 5023 3529 5083 mundum,

1926 5126 2075 5185 .illud
2114 5124 2448 5181 immundum
2470 5121 2678 5193 judicet
2704 5161 2719 5185 ,
2748 5118 2853 5174 hoc
2880 5118 2957 5173 uti
2985 5116 3295 5188 permittat,
3337 5112 3430 5169 illo
3456 5114 3532 5167 uti

1944 5193 2275 5284 prohibeat?
2302 5212 2434 5280 Quis
2462 5212 2604 5267 enim
2641 5209 2849 5279 adjuvit
2877 5208 3136 5290 Spiritum
3172 5203 3407 5269 Domini,
3443 5212 3531 5258 aut

1945 5306 2066 5375 quis
2087 5305 2429 5361 consiliarius
2460 5302 2578 5375 ejus
2617 5303 2749 5367 fuit,
2795 5310 2855 5358 ut
2901 5290 3165 5371 istudiagi
3211 5298 3533 5369 permittat,

1949 5399 2080 5455 illud
2130 5399 2247 5454 ﬁeri
2286 5400 2592 5467 prohibeat.
2633 5396 2821 5452 .lussit.
2853 5389 3272 5465 Obsequcndum
3297 5390 3344 5423 ”
3371 5388 3545 5466 igitur

1544 5625 1774 5684 VARIA']
1810 5624 2214 5685 LECTIONES.

326 5783 370 5815 ’°
405 5781 518 5857 Ms.
543 5780 600 5839 S.
629 5783 779 5850 Gen,
822 5786 1100 5843 institutis.
1180 5789 1220 5821 "
1256 5788 1455 5844 3151‘s.
1485 5784 1632 5856 Gen,
1662 5784 1906 5857 quredam
1936 5788 2079 5844 enim
2117 5796 2476 5845 sacrauieuta.

248 5852 424 5917 Rem,
472 5856 890 5913 observandum.

2596 5790 2641 5822 ¹²
2668 5788 2770 5845 Ms.
2808 5784 2980 5855 Rem,
3016 5789 3277 5843 veritatis.
3316 5792 3325 5801 '
3355 5785 3404 5821 ⁸³
3428 5784 3549 5847 Μελ

3367 405 3513 461 1010
3610 460 3611 463 η
