3928 6298
509 376 646 440 ltili

1403 378 2138 439 GISLEBERTI‘CRISPINI
2179 380 2335 437 ABB.
2376 374 2887 441 WESTMONAST.

3600 394 3708 461 illi!

508 498 628 566 est,
664 499 829 570 eique
870 498 1094 569 obsequi
1152 510 1366 554 summa
1419 497 1591 555 virtus
1632 508 1738 555 est.
1789 497 2091 555 Prohibuit.
2124 505 2172 564 Α
2200 500 2395 557 diebus
2422 507 2761 570 praeparatus
2786 514 2943 556 mons
2965 496 3158 555 dm
3190 500 3403 558 θοωῖηῖ
3432 503 3481 560 in
3505 510 3709 568 καίω-

507 593 652 649 Fieri
700 593 863 665 igitur
892 591 1005 661 jam
1052 607 1163 649 non
1208 591 1368 659 licet;
1427 592 1591 663 idque
1633 591 1680 649 sl
1727 603 1915 663 postea
1968 593 2091 658 fiat,

504 694 786 757 peccatum
807 700 931 743 esse
954 686 1188 743 dicimus
1205 729 1220 751 ,
1261 700 1327 741 ac
1347 685 1527 741 debita
1549 700 1708 755 poena
1737 686 2090 755 puniendum.

505 777 579 834 Ut
607 791 740 849 ergo
780 792 1063 834 servemus
1117 778 1312 834 litterae
1350 777 1576 850 figuram
1601 819 1617 844 ,
1681 788 2095 834 contemnamus

502 867 739 924 litteram
763 868 789 923 ?
812 877 871 923 ut
893 883 1174 926 sanemus
1195 868 1426 925 alterum
1444 910 1460 933 .
1488 885 1612 941 qua
1642 870 1782 925 ratio
1819 878 1904 924 est
1940 870 2095 925 dam-

501 975 637 1017 nare
658 962 706 995 “
732 960 1002 1017 alterum?
1052 960 1345 1018 Servemus
1398 962 1658 1025 litteram.
1706 977 1987 1018 servemus
2039 971 2096 1018 et

502 1056 708 1113 littera
748 1057 998 1126 ﬁguram.
1023 1054 1239 1112 Maneat
1268 1071 1436 1125 parvo
1466 1058 1649 1111 sensui
1675 1065 1861 1111 nostro
1889 1056 2091 1124 littera,

500 1158 721 1205 maneat
742 1156 799 1203 et
832 1155 1017 1203 vestro
1038 1187 1052 1213 ,
1092 1154 1256 1217 atque
1284 1148 1518 1202 addatur
1542 1147 1841 1218 Spiritualis
1872 1155 1927 1202 et
1959 1162 2093 1203 cono

499 1250 654 1296 cessa
688 1240 848 1296 nobis
877 1241 924 1273 "
958 1255 989 1295 a
1022 1240 1135 1295 Deo
1160 1240 1404 1311 mysterii
1431 1241 1653 1296 latentis
1704 1241 2086 1312 intelligentia.

501 1333 899 1388 Abstineamus
925 1347 954 1388 a
985 1347 1149 1403 porco
1172 1374 1187 1397 .
1210 1334 1334 1403 quia
1367 1333 1453 1389 lex
1475 1333 1665 1403 jubet,
1713 1332 2089 1390 abstineamus

499 1432 557 1478 et
583 1425 653 1479 ab
678 1438 746 1479 eo
772 1424 815 1479 si
847 1426 992 1494 quod
1036 1433 1120 1480 est
1160 1423 1304 1495 quod
1329 1438 1427 1494 per
1450 1439 1676 1495 porcum
1710 1424 2050 1494 significatur
2074 1466 2091 1490 ,

498 1524 724 1584 peccato
757 1515 825 1568 ".
866 1515 980 1569 Non
1008 1529 1227 1570 aremus
1272 1515 1324 1569 in
1356 1516 1491 1571 bove
1533 1525 1590 1571 et
1630 1516 1815 1581 asino,
1861 1517 1989 1587 quia
2041 1516 2093 1571 id

499 1607 775 1677 legislator
805 1608 1101 1679 prohibuit,
1125 1616 1201 1674 et,
1225 1609 1270 1663 si
1295 1623 1399 1679 qua
1420 1608 2027 1665 evitanda'intellexeris
2047 1610 2092 1641 ’ν

500 1714 601 1770 per
654 1702 799 1756 hanc
850 1690 1025 1755 asini'
1048 1709 1102 1756 et
1132 1699 1287 1756 bovis
1312 1700 1583 1770 copulam,
1632 1700 1713 1756 fas
1744 1712 1825 1758 est
1848 1702 2054 1758 evitare
2075 1743 2088 1764 ,

500 1791 609 1846 imo
638 1802 917 1861 peccatum
947 1799 1031 1847 est
1069 1806 1173 1847 non
1205 1792 1430 1849 evitare.
1457 1792 1532 1847 ita
1561 1802 1616 1848 et
1654 1793 1721 1848 de
1750 1794 1985 1849 caeteris.
2017 1795 2090 1849 lta

496 1882 642 1938 enim
670 1882 755 1939 lex
778 1882 1121 1955 adimpletnr,
1167 1893 1223 1939 et
1246 1884 1590 1956 adimplenda
1638 1903 1757 1943 esse
1813 1899 2089 1945 censetur.

499 1976 609 2033 Sed
634 1977 708 2032 ita
741 1978 825 2032 his
854 1977 1147 2047 prmlibatis
1170 1978 1235 2030 ad
1262 1977 1539 2036 Christum
1574 1982 1881 2044 veniamus,
1912 1981 1964 2035 in
1986 1996 2097 2051 quo

497 2069 818 2138 quaestionis
840 2079 895 2125 et
925 2073 1313 2128 controversiae
1338 2087 1498 2129 causa
1530 2081 1636 2127 tota
1662 2074 1941 2139 consistit;
1970 2090 2093 2129 nam

498 2170 623 2215 eum
673 2161 798 2216 novi
843 2164 1056 2230 cultus,
1103 2180 1363 2220 novarum
1416 2165 1815 2221 institutionum
1864 2182 1928 2221 ac
1960 2166 2096 2237 legis

497 2266 725 2323 prorsus
764 2254 1066 2310 immutata:
1115 2256 1297 2312 dicitis
1336 2272 1433 2312 vos
1460 2257 1663 2314 habere
1704 2268 2011 2326 auctorem,
2041 2258 2096 2315 in

499 2358 664 2414 quem
695 2345 830 2401 dicis
858 2347 983 2415 quia
1004 2357 1220 2416 oportet
1244 2364 1331 2404 me
1357 2348 1600 2405 credere.
1631 2349 1908 2405 Christum
1935 2351 2098 2406 credo

496 2437 819 2506 prophetam
851 2438 1069 2508 quidem
1100 2439 1248 2495 omni
1285 2440 1547 2497 virtutum
1592 2443 1950 2513 praerogativa
1995 2458 2098 2499 ex-

499 2522 949 2584 cellentissimum
970 2568 985 2593 ,
1019 2538 1072 2585 et
1098 2528 1318 2587 Christo
1338 2534 1589 2597 credam;
1617 2536 1712 2589 sed
1739 2533 1791 2588 in
1821 2533 2096 2590 Christum

500 2630 680 2688 neque
710 2618 906 2683 credo,
940 2633 1116 2689 neque
1147 2620 1368 2675 credam
1388 2660 1404 2686 ,
1433 2620 1559 2692 quia
1590 2636 1695 2676 non
1726 2623 1891 2678 credo
1915 2623 2017 2678 nisi
2043 2623 2096 2678 in

500 2705 711 2776 Deum,
757 2718 813 2767 et
858 2710 911 2766 in
953 2725 1145 2767 unum.
1206 2730 1226 2764 ι
1269 2712 1442 2780 Audi,
1492 2712 1701 2787 inquit,
1734 2713 1925 2781 Israel,
1957 2715 2099 2771 Deus

499 2800 656 2868 tuus,
697 2800 841 2859 Deus
867 2819 1009 2860 unus
1037 2814 1121 2861 est
1148 2804 1331 2877 (Deut.
1363 2821 1453 2872 vr,
1484 2805 1569 2875 Al):
1601 2825 1619 2859 ι
1650 2822 1810 2873 unus,
1856 2822 1962 2862 non
2004 2807 2100 2861 tri-

497 2891 622 2961 plex
643 2935 657 2959 ,
687 2893 827 2949 sicut
856 2910 950 2950 vos
980 2895 1280 2952 Christiani
1324 2906 1379 2953 et
1418 2896 1667 2968 negando
1690 2896 1904 2963 dicitis,
1935 2904 1993 2952 et
2020 2896 2100 2953 dio

498 2986 674 3042 cendo
701 2986 929 3059 negatis.
964 2987 1155 3045 Dicitis
1177 2990 1347 3055 enim,
1373 2989 1517 3047 Deus
1537 2998 1619 3045 est
1643 2988 1822 3055 Pater,
1851 2989 1993 3046 Deus
2015 2997 2100 3046 est

499 3074 691 3143 Filius,
714 3079 881 3136 Deus
904 3090 988 3136 est
1032 3081 1267 3152 Spiritus
1296 3091 1549 3149 sanctus;
1578 3081 1716 3138 alius
1750 3081 1931 3149 Pater,
1960 3082 2100 3139 alius

496 3164 692 3261 Filius,
720 3164 858 3226 alius
880 3170 1116 3242 Spiritus
1139 3181 1395 3237 sanctus;
1429 3182 1484 3230 et
1506 3182 1689 3229 tamen
1719 3189 1825 3230 non
1856 3182 1965 3229 tres
1992 3175 2095 3241 Dii,
2125 3200 2170 3264 ο

500 3254 598 3317 sed
623 3276 765 3317 unus
787 3270 869 3319 est
894 3263 1057 3319 Dens.
1085 3261 1274 3320 Dicitis
1305 3272 1627 3337 utrumque:
1653 3265 1742 3335 qui
1775 3264 1886 3319 vult
1912 3265 2099 3321 credat

498 3348 593 3410 vel
619 3353 884 3421 alterum,
919 3355 1001 3412 vel
1038 3367 1353 3429 utrumque.
1381 3355 1547 3412 lsrael
1587 3371 1721 3413 vero
1751 3366 1937 3412 nostra
1968 3372 2101 3429 gens

499 3446 654 3501 audit
681 3454 738 3502 et
785 3448 961 3504 credit
994 3466 1009 3503 :
1040 3467 1061 3503 ι
1099 3448 1243 3504 Deus
1287 3459 1431 3515 tuus,
1462 3448 1606 3505 Deus
1630 3464 1774 3505 unus
1802 3457 1905 3515 est,
1937 3467 1955 3502 ι
1990 3465 2097 3504 non

500 3548 721 3596 creatus
739 3540 791 3597 in
830 3549 1105 3612 tempore,
1135 3558 1242 3598 non
1273 3541 1451 3598 factus
1477 3559 1542 3599 ex
1570 3542 1818 3607 muliere,
1844 3543 2097 3613 quoniam

501 3631 549 3688 si
575 3633 794 3704 proprie
822 3632 928 3689 dici
975 3642 1189 3706 posset,
1222 3644 1517 3705 antequam
1569 3644 1780 3706 tempus
1809 3633 1939 3702 fuit,
1986 3635 2101 3704 ipse

500 3724 631 3790 fuit;
662 3733 877 3798 tempus
904 3724 1021 3798 ipse
1060 3727 1299 3794 creavit,
1331 3736 1386 3783 et
1430 3726 1532 3783 sub
1582 3736 1828 3798 tempore
1870 3729 2097 3794 caelum,

500 3823 559 3871 et
578 3824 786 3871 terrain
823 3825 878 3873 et
909 3832 1028 3888 quae
1050 3818 1101 3873 in
1127 3819 1206 3875 eis
1229 3826 1355 3873 sunt
1380 3819 1561 3874 omnia
1588 3819 1703 3893 ipse
1731 3818 1957 3893 creavit.
1998 3815 2099 3874 Se-

500 3907 688 3977 quitur
717 3906 864 3963 aliud
887 3908 940 3963 in
968 3909 1237 3982 Decalogo
1280 3911 1595 3966 mandatum
1621 3890 1635 3964 ὲ
1666 3929 1686 3964 r
1714 3890 1832 3967 Non
1855 3926 2101 3968 assumes

503 4012 701 4052 nomen
733 3997 828 4053 Dei
864 3998 942 4056 tui
967 4001 1018 4054 in
1050 4015 1248 4055 vanum
1283 4000 1483 4071 (Exod.
1511 4018 1616 4069 xx,
1649 4003 1725 4072 7).
1762 4022 1781 4055 ι
1821 4002 1875 4057 In
1904 4017 2100 4058 vanum

502 4105 703 4145 nomen
736 4089 832 4147 Dei
878 4092 1143 4159 assumit,
1186 4094 1279 4165 qui
1324 4094 1529 4150 homini
1560 4110 1755 4151 nomen
1783 4094 2097 4167 cultumque

503 4182 807 4239 divinitatis
861 4186 1132 4242 attribuit.
1181 4186 1318 4243 Nam
1364 4187 1409 4244 si
1449 4188 1498 4221 "
1539 4188 1755 4244 vanitas
1798 4198 1882 4245 est
1925 4190 2103 4246 omnis

504 4273 670 4329 homo
700 4275 921 4348 vivens;
952 4278 1043 4347 qui
1073 4278 1358 4335 hominem
1396 4279 1566 4336 Deum
1610 4281 1815 4349 credit,
1843 4290 1898 4338 et
1932 4281 2100 4337 Deum

505 4366 783 4437 appellat,
810 4368 1015 4425 homini
1045 4385 1243 4426 nomen
1266 4371 1583 4447 cultumque
1616 4373 1916 4429 divinitatis
1945 4374 2104 4429 attri-

502 4455 646 4513 buit.
688 4454 804 4512 Non
858 4456 1023 4528 igitur
1069 4459 1235 4515 credo
1274 4461 1327 4516 in
1379 4461 1695 4528 Christum,
1754 4478 1933 4535 neque
1978 4478 2103 4535 spes

2196 592 2466 649 montium
2492 634 2509 661 ,
2556 603 2614 651 et
2642 590 2807 648 ﬂuent
2841 592 2911 649 ad
2941 607 3067 647 eum
3114 608 3304 650 omnes
3344 588 3549 665 gentes,
3572 611 3618 657 et
3650 603 3711 660 di.

2195 694 2351 743 cent:
2378 683 2593 751 Venite,
2617 683 2978 739 ascendamus
3004 685 3073 738 ad
3108 694 3343 741 montem
3372 686 3581 757 Domini,
3598 702 3643 746 et
3660 694 3711 749 ad

2195 775 2417 830 domum
2450 773 2542 829 Dei
2565 772 2733 829 Iacob
2756 772 2909 845 ((lsa.
2943 788 3013 839 tt,
3052 773 3110 839 2,
3170 773 3249 844 ὅ).
3308 792 3330 828 ι
3377 774 3433 830 Si
3456 792 3571 849 ergo
3590 778 3709 836 ciui.

2196 876 2319 922 stus
2339 864 2454 935 jam
2495 865 2677 931 venit,
2711 865 2801 921 ubi
2839 865 2891 921 in
2939 875 3050 920 toto
3074 863 3207 920 orbe
3253 874 3539 936 terrarum,
3566 880 3712 939 praeter

2194 957 2480 1031 pauculam
2529 964 2744 1025 gentem
2790 954 3135 1023 Judaeorum,
3178 954 3411 1021 dicitur:
3455 974 3473 1008 ι
3500 960 3711 1015 Asrenda-

2197 1064 2321 1105 mus
2350 1049 2417 1105 ad
2444 1049 2662 1104 domum
2693 1048 2789 1104 Dei
2827 1048 3035 1103 Iacob?
3068 1066 3087 1100 ι
3130 1048 3235 1102 Alii
3284 1058 3511 1105 vestrum
3548 1052 3710 1121 dicunt,

2195 1157 2389 1198 eamus
2438 1144 2506 1197 ad
2564 1143 2785 1197 domum
2830 1141 3009 1206 Petri,
3042 1141 3133 1196 alii
3176 1142 3241 1197 ad
3283 1143 3493 1198 domum
3534 1143 3710 1203 lartiui.

2195 1233 2334 1289 Nulli
2363 1249 2493 1288 vero
2513 1234 2701 1289 dicunt
2731 1250 2745 1287 :
2780 1232 2983 1288 Eamus
3014 1248 3035 1284 t
3072 1232 3139 1288 ad
3167 1232 3384 1289 domum
3418 1234 3502 1290 Dei
3525 1233 3669 1293 Iacob.
3694 1257 3708 1291 ι

2195 1324 2336 1381 Audi
2366 1324 2543 1380 adhuc
2589 1324 2657 1379 de
2706 1324 2940 1380 adventu
3011 1322 3217 1379 Christi
3266 1326 3578 1396 sequentia:
3621 1327 3713 1382 «Et

2195 1416 2522 1472 conﬂabunt
2543 1416 2753 1488 gladios
2777 1433 2904 1473 suos
2932 1418 2985 1473 in
3015 1433 3298 1483 vomeres,
3328 1424 3381 1475 et
3405 1417 3595 1475 lanceas
3625 1435 3713 1475 suas

2197 1508 2250 1563 in
2276 1506 2461 1562 falces.
2498 1505 2615 1561 Non
2646 1506 2848 1563 levabit
2883 1524 3014 1579 gens
3056 1517 3244 1562 contra
3276 1516 3483 1579 gentem
3518 1510 3711 1579 gladium,

2198 1612 2297 1652 nec
2317 1596 2719 1652 exercebuntnr
2741 1597 2885 1653 ultra
2910 1598 2978 1653 ad
3002 1598 3244 1669 praelium
3270 1597 3454 1669 (Ibid.,
3481 1599 3551 1671 ι).
3578 1600 3715 1657 illan.

2196 1689 2455 1760 quidnam
2482 1689 2618 1744 ordo
2648 1688 2909 1745 militaris
2934 1698 3118 1744 nostra
3151 1689 3257 1744 hac
3282 1699 3437 1745 aetate
3455 1690 3715 1763 conﬂatgla.

2197 1784 2315 1839 dios
2348 1799 2475 1839 suos
2500 1784 2551 1839 in
2584 1799 2838 1840 vomeres
2858 1825 2874 1850 ,
2900 1795 2957 1840 et
2983 1784 3205 1841 lanceas
3227 1786 3282 1840 in
3305 1785 3601 1842 falceSH’ix
3618 1786 3715 1842 fabri

2199 1875 2498 1941 sufﬁciunt,
2526 1876 2615 1932 vix
2641 1876 2850 1932 ferrum
2877 1876 3081 1933 sufficit
3107 1877 3439 1934 fabricandis
3464 1878 3716 1934 militaribus

2197 1970 2385 2024 armis.
2449 1968 2551 2024 Ubi
2585 1977 2859 2039 terrarum
2895 1970 3126 2026 inveniri
3155 1979 3367 2043 potest,
3412 1990 3429 2023 ι
3454 1988 3546 2026 non
3571 1971 3717 2027 levabit

2200 2076 2333 2133 gens
2355 2072 2544 2117 contra
2575 2072 2791 2133 gentem
2816 2062 3076 2134 gladium,
3108 2078 3209 2120 nec
3235 2065 3603 2129 exercebuntur
3616 2064 3715 2118 ultra

2198 2153 2264 2207 ad
2293 2151 2572 2230 prmlinm?
2600 2173 2619 2208 ι
2661 2153 2873 2225 Ubique
2903 2154 3056 2211 orbis
3102 2163 3374 2210 terrarum
3416 2155 3598 2210 vicinus
3626 2154 3716 2210 insi.

2200 2245 2381 2301 diatur
2412 2246 2623 2312 vicino,
2649 2246 2945 2316 opprimit,
2968 2254 3166 2313 necat;
3198 2262 3337 2317 gens
3362 2257 3534 2303 contra
3561 2254 3715 2317 gentem

2199 2339 2387 2394 elTusis
2414 2337 2620 2393 viribus
2660 2339 2962 2410 pneliatur,
3002 2353 3232 2412 regnum
3278 2340 3525 2395 adversus
3550 2353 3716 2411 regnum

2199 2434 2489 2497 excitatur,
2524 2440 2581 2487 et
2618 2434 2687 2488 ab
2718 2433 2940 2490 ineunte
2978 2433 3095 2506 ipsa
3144 2433 3343 2504 puerili
3385 2443 3530 2489 aetate
3550 2436 3718 2505 quisque

2199 2536 2487 2581 exercetur
2514 2526 2581 2581 ad
2612 2526 2883 2604 praelium.
2910 2527 3138 2584 Constat
3166 2542 3305 2599 ergo
3333 2528 3452 2599 quia
3485 2541 3567 2583 vos
3605 2525 3718 2582 Chri-

2201 2618 2362 2675 stiani
2382 2660 2397 2686 ,
2427 2617 2585 2693 longe
2615 2619 2682 2676 de
2707 2619 2922 2677 Christo
2949 2630 3006 2684 et
3039 2620 3105 2681 de
3133 2620 3256 2691 ejus
3276 2619 3500 2678 adventu
3525 2620 3691 2678 erratis.

2814 2774 3185 2824 ειιιιιετιιαυε.

2273 2894 2481 2950 Revera
2532 2895 2700 2952 semel
2751 2895 2965 2953 locutus
3014 2905 3098 2953 est
3144 2897 3317 2965 Deus,
3354 2908 3410 2954 et
3437 2894 3570 2977 nefas
3588 2902 3720 2950 estut

2201 3003 2441 3063 unquam
2471 2988 2611 3044 ullus
2636 3004 2819 3046 sermo
2848 2987 2943 3045 Dei
2971 2988 3313 3059 annulletur,
3343 2989 3523 3046 divina:
3546 2986 3719 3042 unctio-

2202 3096 2301 3137 nes
2345 3097 2450 3137 non
2488 3081 2846 3137 immutantur
2891 3097 2987 3154 per
3016 3082 3151 3139 ullas
3188 3090 3485 3154 temporum
3511 3079 3717 3136 vicissitu-

2202 3172 2378 3237 dines,
2409 3174 2536 3243 quia
2566 3172 2817 3229 Christus
2845 3189 2952 3229 non
2985 3174 3133 3229 venit
3183 3191 3205 3226 α
3247 3174 3416 3245 legem
3440 3167 3719 3237 solvere,setl

2205 3263 2523 3335 adimplere.
2539 3286 2559 3319 ι
2579 3296 2648 3306 -
2668 3265 2891 3331 «Amen,
2916 3265 3111 3335 inquit,
3135 3265 3262 3321 dico
3284 3265 3555 3331 vobis,iota
3580 3276 3717 3323 unum,

2204 3364 2297 3412 aut
2331 3372 2470 3412 unus
2498 3372 2659 3426 apex,
2686 3370 2797 3412 non
2838 3358 3137 3428 przeteribit
3170 3374 3202 3412 a
3238 3358 3378 3429 lege,
3407 3357 3559 3413 donec
3588 3353 3716 3409 omnia

2205 3451 2337 3505 flant
2388 3449 2629 3521 (Matth.
2675 3465 2740 3516 v,
2801 3449 2932 3521 18).
2979 3469 2999 3503 ι
3063 3449 3326 3523 Nunquid
3383 3449 3488 3504 vult
3533 3445 3717 3503 Christus

2202 3538 2375 3611 legem
2418 3539 2701 3606 damnare,
2750 3539 2841 3610 qui
2890 3540 3261 3596 comminatur
3307 3540 3556 3612 inquiens,
3595 3556 3610 3589 ι
3643 3536 3718 3589 iota

2205 3651 2372 3689 ιιιιυιη
2418 3643 2511 3689 aut
2556 3649 2696 3690 unus
2757 3648 2894 3705 apex
2936 3649 3042 3689 non
3084 3635 3391 3704 przeteribit
3425 3649 3452 3687 a
3480 3632 3578 3704 lege
3598 3629 3718 3684 donec

2203 3729 2387 3784 omnia
2448 3727 2613 3782 fiant?
2643 3747 2664 3782 ι
2704 3726 2821 3783 Non
2864 3742 2985 3783 eam
3036 3728 3203 3800 igitur
3256 3728 3376 3783 vult
3420 3728 3610 3787 solvere,
3652 3718 3716 3776 sed

2205 3817 2523 3890 adimplere.
2550 3817 2658 3873 Lex
2692 3818 2944 3889 prohibet
2973 3818 3353 3885 homicidium,
3380 3817 3600 3873 Christus
3624 3813 3715 3865 iram

2202 3922 2259 3969 et
2280 3911 2493 3975 odium;
2530 3911 2615 3967 lex
2654 3911 2905 3982 prohibet
2948 3910 3281 3966 adulterium
3322 3910 3512 3973 carnis,
3537 3904 3719 3961 Christus

2205 4006 2379 4076 ipsmn
2409 4004 2573 4058 etiam
2596 4002 2893 4074 appetitum
2925 4002 3109 4058 cordis
3138 4002 3206 4055 ”.
3238 3996 3406 4057 Vobis
3435 4000 3510 4054 lex
3533 3993 3717 4068 prohibet

2205 4095 2281 4149 uti
2320 4094 2596 4163 porcinam
2628 4100 2684 4148 et
2719 4106 2782 4148 ea
2813 4101 2941 4147 tunc
2978 4092 3046 4147 ab
3076 4105 3143 4146 eo
3166 4091 3445 4146 animante
3463 4080 3716 4143 abstinentia

2205 4184 2359 4238 vobis
2404 4181 2711 4237 necessaria
2765 4190 2886 4236 erat
2915 4180 2983 4249 ³ο,
3027 4181 3286 4252 quoniam
3324 4177 3551 4236 veritatis
3580 4173 3717 4227 ialm

2207 4272 2379 4342 figura
2425 4279 2568 4337 erat,
2600 4280 2654 4326 et
2691 4270 2861 4342 figura
2892 4270 3163 4326 servanda
3196 4279 3342 4338 erat,
3376 4270 3535 4324 donec
3562 4263 3717 4320 adesset

2205 4363 2321 4433 ipsa
2350 4361 2585 4417 Veritas.
2624 4361 2779 4416 Nunc
2798 4369 2978 4417 autem
3002 4359 3159 4417 nobis
3184 4376 3282 4417 seu
3304 4360 3453 4416 vobis
3483 4349 3715 4413 necessril

2209 4472 2316 4514 non
2358 4465 2465 4523 est,
2504 4455 2760 4526 quoniam
2816 4454 2931 4524 ipsa
2973 4453 3158 4524 ligurte
3184 4454 3389 4508 veritas
3422 4450 3523 4520 jam
3542 4452 3716 4517 presens

505 4562 629 4603 mea
654 4548 821 4631 estin
853 4548 1099 4616 Christo,
1149 4553 1409 4624 quoniam
1442 4571 1457 4609 :
1499 4574 1517 4607 ι
1550 4554 1750 4612 Beatus
1798 4558 1902 4623 vir,
1949 4557 2105 4624 cujus
2137 4556 2181 4612 Ι)
2210 4549 2384 4605 adest.
2422 4548 2684 4616 Quamvis
2724 4546 3000 4602 abstinere
3041 4545 3224 4612 liceat,
3271 4554 3327 4600 et
3366 4542 3508 4599 multi
3536 4544 3715 4631 nosti-unt

504 4651 590 4698 est
621 4656 817 4723 nomen
852 4641 1064 4701 Domini
1093 4660 1217 4716 spes
1240 4644 1357 4717 ejus
1381 4644 1558 4719 (Paul.
1599 4662 1762 4703 xxxix
1783 4691 1798 4716 ,
1823 4648 1901 4720 5).
1938 4668 1956 4700 ι
1995 4649 2103 4705 Sed

503 4732 785 4791 Christum
813 4736 979 4794 credo
1000 4776 1015 4803 ,
1056 4747 1112 4793 et
1139 4737 1360 4795 Christo
1405 4740 1626 4796 credam
1651 4780 1666 4806 ,
1694 4756 1815 4795 cum
1859 4742 2101 4809 venerit,

506 4826 764 4896 quoniam
825 4827 893 4883 de
952 4842 1018 4883 eo
1050 4828 1265 4902 Moyses
1310 4838 1539 4886 testatur
1567 4839 1623 4886 ct
1656 4831 1784 4886 dicit
1814 4846 1831 4886 :
1859 4831 2103 4904 PrOphe-

507 4928 617 4975 tam
647 4921 933 4976 suscitabit
964 4921 1115 4977 vobis
1140 4906 1284 4978 Deus
1324 4924 1390 4979 de
1416 4923 1676 4979 fratribus
1704 4924 1931 4991 vestris,
1978 4933 2102 4980 tan-

505 5027 669 5083 quam
695 5029 782 5070 me
802 5014 1036 5070 audietis
1054 5030 1178 5071 eum
1203 5014 1385 5087 (Deut.
1412 5032 1543 5073 xvtu
1568 5057 1584 5082 ,
1617 5016 1728 5086 15).
1754 5017 1820 5073 Et
1843 5018 2099 5088 quoniam

508 5105 651 5162 votis
679 5108 935 5164 omnibus
967 5110 1267 5182 optandum
1292 5118 1412 5164 erat
1438 5118 1501 5163 ut
1529 5108 1767 5178 veniret,
1796 5117 1852 5165 et
1890 5125 1997 5187 quo
2026 5109 2103 5165 si-

509 5214 615 5268 quo
647 5201 910 5267 adventus
932 5201 1050 5273 ejus
1079 5203 1321 5277 dig‘nosci
1370 5212 1582 5279 posset,
1626 5202 1751 5257 audi
1779 5202 1909 5273 quid
1939 5216 2105 5273 super

492 5292 618 5351 hoc
647 5292 816 5353 Isaias
841 5296 1104 5375 propheta
1137 5296 1418 5353 denuntiat
1452 5312 1465 5350 :
1512 5314 1530 5348 ι
1562 5295 1756 5352 Eritiu
1784 5294 2093 5353 novissimis

2209 4642 2519 4698 abstineant
2566 4655 2673 4695 non
2715 4639 2889 4695 solum
2936 4639 3006 4693 ab
3059 4655 3148 4703 ea,
3201 4652 3393 4693 verum
3434 4630 3577 4690 etab
3612 4619 3716 4681 omni

2211 4748 2378 4790 carne
2415 4731 2543 4797 alia,
2577 4745 2774 4802 magno
2818 4738 2874 4785 et
2925 4731 3115 4786 eodem
3160 4728 3368 4796 judice,
3414 4719 3622 4797 quisquis
3649 4727 3715 4768 ηο·

2209 4834 2381 4881 strum
2411 4840 2468 4880 se
2497 4831 2699 4878 tuetur.
2739 4821 2950 4893 Moyses
2976 4835 3198 4876 carnem
3225 4818 3436 4874 suillam
3459 4806 3713 4870 immundill

2212 4918 2469 4990 appellat,
2501 4926 2559 4972 ut
2588 4932 2651 4971 ea
2681 4914 2953 4987 prohibet,
2983 4922 3039 4968 et
3066 4920 3353 4984 propterea
3375 4905 3538 4997 dicitis
3560 4898 3717 4997 quia?

2212 5010 2289 5066 uti
2343 5024 2448 5065 non
2506 5008 2659 5063 licet.
2706 5004 2920 5077 Moyses
2976 5019 3081 5059 non
3144 5003 3302 5069 alius,
3362 5000 3454 5055 sed
3488 4996 3605 5052 idem
3641 4995 3719 5056 il!“

2214 5117 2436 5159 carnem
2501 5099 2715 5156 suillam
2788 5097 2921 5152 dicit
2971 5096 3224 5151 mundam
3272 5102 3330 5150 et
3373 5089 3518 5147 valde
3558 5085 3717 5138 bonan.

2211 5203 2267 5249 et
2308 5208 2429 5248 eam
2488 5191 2555 5246 ad
2594 5189 2918 5247 vescendam
2972 5188 3113 5243 sicut
3150 5196 3341 5242 cetera
3390 5176 3562 5238 scribit
3597 5172 3717 5227 Dea!

2216 5290 2409 5348 fecisse
2450 5291 2670 5354 bonam,
2731 5295 2786 5343 et
2821 5286 2941 5343 ideo
2984 5283 3213 5340 dicimus
3248 5280 3372 5353 quia
3412 5275 3487 5331 uti
3528 5286 3580 5328 ea
3613 5266 3715 5321 και

1809 5491 2045 5557 VARUS
2099 5489 2502 5553 LECTIONES.

581 5659 631 5695 ’δ
653 5658 756 5716 ιιι.
792 5657 951 5722 Vict,
979 5664 1041 5712 ut
1066 5654 1407 5713 damnemus.
1484 5656 1529 5688 ”
1560 5652 1665 5710 Ms.
1690 5634 1836 5709 lieni.
1866 5664 1915 5708 et
1940 5653 1997 5709 S.
2029 5651 2176 5719 Gen,
2209 5651 2393 5707 vobis.
2457 5650 2519 5722 __"
2549 5647 2653 5717 Ms.
2685 5647 2727 5703 Β
2755 5690 2770 5722 ,
2799 5647 2843 5704 si
2872 5645 3070 5722 quid...
3110 5657 3176 5722 pe

1178 5726 1289 5785 Ms.
1332 5726 1396 5785 S.
1428 5725 1554 5799 Ger.
1592 5726 1739 5778 omit.
1806 5724 1865 5781 N:
1890 5742 1942 5783 ιιι
1964 5728 2036 5782 si.
2114 5726 2158 5757 ’³
2185 5723 2312 5799 φειδ.
2347 5722 2408 5778 S.
2442 5720 2589 5781 Gen,
2623 5721 2827 5775 carnis.

485 5788 493 5798 ,
513 5730 972 5790 intellexerimus.
1042 5728 1095 5763 ”

516 5804 843 5861 abstinentia
886 5808 1017 5858 tunc
1067 5799 1220 5855 vobis
1258 5797 1572 5856 necessaria
1604 5808 1737 5850 erat.

3179 5639 3333 5698 ecati.
3406 5635 3449 5669 "
3484 5629 3575 5688 Ms.
3591 5624 3720 5705 ῌιιξιος

2932 5716 2976 5748 ³³
3017 5701 3125 5773 Mr:
3154 5712 3310 5777 νέαι,
3341 5701 3721 5771 επηενθιιίιηωί
