3928 6298
222 403 363 477 tota

1251 404 1662 465 DISPUTATIO
1691 407 1919 464 JUDJEI
1939 408 2084 467 CL‘M
2098 406 2545 469 ‘CIINSTIANO.
2600 468 2603 473 ,

3345 415 3483 474 κη

220 517 511 589 Postquam
546 532 689 573 enim
727 518 1102 575 enuntiarent
1141 521 1182 552 “
1220 521 1388 578 Deum
1428 538 1641 580 creasse
1679 524 1800 580 uni-
1828 530 1875 588 Α
1913 542 1930 575 ι
1966 527 2168 596 scripta
2209 536 2336 585 sunt
2369 537 2553 585 autem
2585 526 3079 600 adcorreptionem
3128 539 3393 599 nostram,
3426 536 3501 591 in»

219 625 405 679 versa,
437 611 612 681 pisces
641 611 828 677 maris,
846 610 1092 669 volucres
1115 612 1260 680 cceli,
1282 625 1475 671 cuncta
1503 617 1798 673 animantia

219 711 399 764 terra,
434 704 487 757 in
511 703 705 772 quibus
745 714 828 758 est
863 703 1043 760 anima
1079 706 1285 771 vivens,
1318 724 1421 762 non
1466 707 1619 779 longe
1659 710 1798 766 infra

216 794 461 849 subdidit
506 813 519 848 :
556 812 576 847 ι
626 794 770 851 Vidit
793 796 931 851 Deus
955 807 1150 854 cuncta
1173 814 1293 868 qua:
1321 798 1544 867 fecerat,
1568 810 1621 855 et
1648 811 1804 858 erant

217 884 378 939 valde
403 885 546 941 bona
582 884 739 956 (Cen.
766 903 804 952 ι,
826 888 940 956 31).
971 908 990 942 ι
1021 889 1173 956 Quod
1199 890 1350 945 valde
1380 891 1578 945 bonum
1608 901 1711 955 est,
1732 907 1797 947 ex

217 976 369 1032 nulla
424 986 576 1048 parte
615 978 813 1049 malum
853 988 958 1036 est.
999 980 1152 1048 Quod
1200 998 1325 1036 vero
1358 983 1498 1037 nulla
1529 1000 1597 1038 ex
1643 993 1802 1054 parte

218 1069 421 1125 malum
469 1081 584 1140 est,
633 1074 902 1143 quomodo
944 1073 1158 1129 .malum
1196 1085 1252 1129 et
1304 1076 1641 1132 immundum
1683 1061 1823 1133 est?”

217 1162 492 1233 Quidquid
536 1179 668 1236 ergo
713 1175 921 1219 naturae
959 1181 988 1220 a
1022 1166 1132 1221 Deo
1162 1166 1317 1223 factae
1353 1169 1405 1223 in
1442 1184 1605 1225 carne
1644 1169 1801 1225 suilla

218 1255 617 1321 consideratur,
650 1260 907 1311 mundum
955 1266 1013 1315 et
1060 1258 1216 1314 valde
1254 1260 1451 1316 bonum
1499 1273 1600 1329 est,
1638 1272 1802 1332 atque

218 1347 303 1401 nti
351 1347 497 1403 licet.
549 1347 685 1415 Quia
736 1365 865 1405 vero
908 1365 1005 1421 per
1052 1351 1155 1407 hoc
1209 1353 1431 1420 animal,
1463 1355 1707 1425 voluptas
1747 1364 1803 1412 et

216 1438 562 1511 inmunditia
596 1440 880 1511 figuratur,
913 1442 1270 1509 immundum,
1299 1456 1520 1517 propter
1548 1448 1671 1513 hoc,
1697 1448 1801 1504 hoc

214 1531 422 1586 animal
460 1548 579 1588 esse
623 1533 938 1605 designatur
986 1532 1055 1606 [“
1087 1545 1145 1589 ut
1171 1537 1358 1593 vitium
1383 1538 1485 1595 hoc
1508 1538 1801 1595 studiosius

215 1630 498 1689 caveatur,
540 1623 702 1679 etiam
746 1624 947 1680 animal
974 1627 1041 1680 ad
1075 1629 1396 1684 vescendum
1436 1628 1797 1697 interdicitur,

214 1728 318 1783 per
345 1714 486 1784 quod
508 1714 862 1789 designatur],
885 1726 939 1772 et
958 1733 1022 1773 ea
1046 1718 1381 1774 immunditia
1410 1721 1487 1776 uti
1514 1737 1619 1777 non
1649 1721 1796 1777 licet.

216 1806 284 1861 Si
309 1821 436 1876 ergo
468 1807 513 1838 ⁸³
539 1808 798 1863 mundum
829 1819 882 1865 et
912 1809 1245 1865 immundum
1287 1826 1408 1866 esse
1458 1812 1560 1869 hoc
1597 1812 1799 1868 animal

1903 633 2041 687 quos
2063 618 2197 680 lines
2226 621 2547 685 articulorum
2578 620 2928 688 devenerunt,
2958 640 2977 675 ι
3014 622 3156 679 sicut
3175 623 3308 680 dicit
3336 622 3513 685 Pan»,

1902 710 1987 765 lus
2018 726 2083 764 ex
2112 722 2285 769 vestra
2322 723 2483 784 gente
2521 722 2709 773 noster
2734 714 3019 784 apostolus
3043 714 3095 782 (1
3127 715 3249 775 Cor.
3280 732 3339 781 κ,
3368 718 3517 790 li).~

1903 800 2066 856 Fines
2118 803 2436 858 seculorum
2486 815 2610 861 sunt
2672 807 2947 861 novissimi
2996 807 3134 873 dies,
3172 807 3240 863 de
3281 809 3481 879 quibus

1902 891 2071 947 Isaias
2092 896 2440 963 praenuntiat,
2469 897 2654 953 dicens
2689 914 2704 951 :
2738 917 2756 951 ι
2792 899 2910 954 Erit
2949 899 2999 952 in
3027 898 3334 956 novissimis
3359 900 3477 955 die-

1854 1006 1867 1015 ο
1904 982 2003 1038 lius
2056 995 2391 1055 praeparatus
2445 1003 2601 1043 mons
2644 990 2835 1045 domus
2885 991 3093 1046 Domini
3160 992 3212 1046 in
3276 993 3479 1049 vertice

1905 1075 2167 1129 montium
2216 1075 2372 1145 (lsai.
2405 1093 2465 1141 ιι,
2500 1078 2576 1149 2),
2626 1099 2644 1131 ι
2681 1080 2748 1135 ad
2781 1098 2939 1151 quem
2987 1099 3172 1138 revera
3207 1083 3478 1141 continent

1902 1183 2092 1224 omnes
2122 1178 2329 1241 gentes,
2372 1172 2508 1227 sicut
2544 1171 2830 1229 Psalmista
2871 1193 3087 1247 quoque
3112 1179 3432 1247 praedixerat
3462 1198 3475 1233 :

1909 1282 1928 1315 ι
1967 1263 2420 1330 Reminiscentnr,
2450 1275 2503 1321 et
2529 1278 2916 1325 convertentur
2943 1272 3008 1325 ad
3040 1272 3324 1328 Dominum
3356 1273 3478 1327 uni«

1906 1354 2048 1407 versi
2093 1353 2228 1409 fines
2273 1365 2451 1424 terrm,
2498 1364 2553 1411 et
2594 1358 2900 1414 adorabunt
2954 1360 3007 1415 in
3045 1372 3337 1431 conspectu
3363 1362 3480 1429 ejus

1905 1443 2168 1501 universa:
2210 1446 2426 1503 familiae
2461 1448 2699 1519 gentium
2737 1448 2913 1519 (Psal.
2963 1466 3074 1515 xxt,
3100 1452 3214 1519 28).
3271 1473 3289 1505 ι
3347 1450 3480 1509 Uni-

1904 1534 2255 1591 versi”fines
2289 1545 2449 1593 teme
2480 1537 2833 1606 jamcredunt
2861 1541 2914 1596 in
2946 1541 3111 1596 Demn
3128 1543 3195 1610 “,
3217 1542 3329 1611 jam
3351 1544 3483 1599 adea

1902 1636 2025 1679 rant
2073 1624 2348 1682 Christum
2400 1629 2664 1686 universae
2712 1631 2927 1687 familia.-
2958 1634 3227 1705 gentium,
3269 1650 3375 1690 una
3427 1646 3493 1691 et.

1902 1719 2157 1773 concordi
2187 1734 2319 1775 voce
2358 1720 2563 1776 dicunt.
2587 1721 2787 1778 Eamus
2834 1742 2855 1775 ι
2902 1725 2975 1779 ad
2999 1734 3235 1781 montem
3267 1726 3497 1782 Domini,

1902 1816 1958 1861 et
1996 1807 2064 1861 ad
2100 1808 2316 1864 domum
2362 1809 2455 1865 Dei
2484 1808 2649 1867 Iacob
2683 1811 2856 1880 (Iani.
2882 1829 2943 1877 tt,
2972 1812 3052 1885 3),
3090 1833 3108 1865 ›
3152 1830 3258 1870 non
3289 1817 3355 1871 ad
3387 1816 3499 1870 do~.

214 1896 557 1968 intelligitur,
583 1908 636 1955 et
665 1915 730 1955 eo
758 1902 831 1956 uti
864 1910 1047 1957 etnon
1074 1902 1148 1956 uti
1181 1917 1212 1955 a
1242 1902 1354 1958 Deo
1382 1904 1538 1960 nobis
1568 1909 1794 1973 permit-

1905 1914 2051 1953 mum
2074 1898 2263 1966 Jacob,
2288 1902 2383 1956 sed
2415 1919 2432 1952 ι
2462 1901 2528 1956 ad
2559 1904 2776 1957 domum
2817 1903 2911 1958 Dei
2939 1903 3128 1972 Jacob,
3161 1924 3179 1959 ι
3234 1907 3337 1962 hoc
3376 1916 3480 1970 est,

214 1990 377 2056 titur,
410 1993 549 2047 unde
573 2002 628 2048 et
658 2009 812 2048 sacra
842 2002 1071 2049 testatur
1092 1996 1391 2050 auctoritas
1416 2013 1430 2049 :
1462 2014 1480 2047 ι
1516 1996 1631 2051 Non
1656 1999 1800 2069 quod

215 2081 390 2138 intrat
417 2084 470 2138 in
500 2098 584 2148 os,
623 2084 937 2155 coinquinat
978 2085 1249 2140 hominem
1276 2125 1290 2150 ,
1342 2086 1437 2141 sed
1472 2100 1590 2155 quae
1635 2087 1680 2119 ”
1732 2089 1800 2145 de

213 2178 384 2237 corde
420 2186 621 2233 exeunt
666 2178 1055 2235 fornicationes
1083 2190 1138 2235 et
1174 2190 1391 2243 caetera,
1425 2195 1546 2253 quae
1580 2189 1801 2236 enarrat

214 2269 377 2335 vitia,
415 2286 475 2325 ea
512 2270 866 2340 coinquinant
914 2272 1187 2327 hominem
1237 2272 1465 2344 (llatth.
1504 2290 1593 2337 xv,
1628 2274 1735 2343 il).
1774 2293 1793 2327 ι

212 2358 340 2416 Non
379 2361 560 2430 itaque
583 2377 710 2417 caro
732 2362 911 2429 suilla,
936 2378 1054 2433 qua!
1086 2364 1139 2418 in
1175 2380 1239 2420 os
1272 2367 1460 2428 intrat,
1486 2366 1803 2435 coinquinat

213 2450 519 2520 hominem,
554 2453 652 2517 sed
704 2452 971 2524 voluptas,
1021 2464 1078 2511 et
1117 2455 1393 2511 immunda
1438 2458 1481 2491 ³³
1514 2456 1801 2526 voluptatis

211 2544 517 2614 cujuslibet
531 2546 997 2617 concupiscentia,
1021 2563 1140 2617 qua:
1163 2549 1231 2605 de
1261 2550 1423 2605 corde
1449 2552 1713 2619 procedit,
1734 2564 1800 2605 ea

209 2635 535 2704 coinquinat
561 2636 857 2693 hominem.
891 2636 1120 2708 Propter
1146 2638 1250 2695 hoc
1283 2638 1558 2709 apostolus
1585 2655 1803 2710 quoque

209 2722 421 2778 Paulus
480 2725 555 2780 ait
595 2742 608 2779 :
654 2744 673 2778 ι
726 2724 941 2795 Omnia,
994 2744 1115 2799 qua:
1151 2728 1306 2784 vobis
1355 2739 1695 2799 apponuntur
1733 2730 1800 2785 ad

209 2819 567 2887 vescendum,
614 2821 814 2877 sumite
855 2836 980 2877 cum
1029 2822 1327 2893 gratiarum
1383 2823 1618 2886 actione,
1668 2823 1802 2878 nihil

212 2906 617 2979 interrogantes
639 2921 862 2982 propter
880 2913 1267 2970 conscientiam
1294 2915 1340 2946 “
1366 2913 1417 2987 (1
1442 2915 1564 2972 Cor.
1581 2918 1793 2985 x,27).i

212 2997 424 3054 Eadem
449 3002 657 3059 ratione
682 3003 807 3059 licet
831 3019 989 3061 arare
1013 3004 1066 3058 in
1095 3005 1230 3061 bove
1250 3020 1306 3062 et
1332 3007 1509 3072 asino,
1536 3017 1591 3062 et
1618 3009 1802 3079 prohi-

214 3090 384 3145 betur
413 3092 455 3123 "
493 3107 559 3148 ne
583 3109 800 3149 aremus
827 3094 880 3149 in
905 3094 1040 3150 bove
1075 3104 1132 3151 et
1167 3096 1343 3152 asino.
1389 3116 1407 3149 ι
1440 3097 1692 3169 Nunquid
1731 3098 1802 3153 do

210 3178 416 3245 bobus,
440 3189 498 3237 ut
538 3183 613 3237 ait
652 3183 924 3253 apostolus
944 3184 1166 3250 Paulus,
1192 3201 1324 3241 cura
1360 3196 1444 3244 est
1487 3187 1634 3243 Deo?
1674 3208 1693 3242 ι
1747 3186 1799 3261 (1

1904 1988 1971 2042 ad
2019 1987 2237 2043 domum
2281 1989 2373 2044 Dei
2417 2005 2577 2059 quem
2607 1991 2776 2047 coluit
2798 1993 3098 2057 Abraham,
3128 2011 3287 2065 quem
3318 1995 3495 2052 coluit.

1901 2077 2073 2144 lsaac,
2104 2094 2263 2150 quem
2305 2080 2473 2136 coluit
2501 2079 2697 2149 Jacob,
2719 2097 2878 2153 quem
2918 2085 3085 2140 coluit
3122 2085 3330 2158 Moyses
3357 2104 3497 2156 quin.

1902 2185 2009 2241 que
2039 2181 2094 2227 et
2138 2172 2347 2251 Aaron,
2399 2182 2456 2228 ut
2501 2175 2791 2231 ostendant
2836 2191 3001 2231 unum
3043 2176 3212 2233 Deum
3262 2194 3384 2235 esse
3428 2189 3498 2240 et.

1902 2276 2089 2320 eorum
2119 2264 2211 2335 qui
2241 2274 2367 2319 ante
2405 2264 2576 2337 legem
2611 2265 2798 2321 fideles
2839 2267 3081 2333 fuerunt,
3103 2278 3366 2324 eteorum
3391 2272 3497 2340 qui.

1901 2352 2002 2407 sub
2047 2353 2164 2425 lege
2209 2355 2560 2423 exstiterunt,
2592 2364 2648 2411 et
2685 2371 2873 2413 eorum
2919 2359 3012 2428 qui
3060 2374 3205 2414 nunc
3242 2361 3493 2415 existunt

1902 2446 2191 2503 credentes
2232 2448 2285 2502 in
2320 2448 2487 2504 Deum
2528 2449 2797 2504 universa;
2825 2450 3189 2507 multitudinis
3220 2452 3487 2523 gentium.

1903 2536 2055 2605 Quod
2095 2547 2275 2594 autem
2317 2540 2501 2597 dicere
2538 2556 2637 2596 nos
2662 2543 2887 2613 arguis:
2918 2542 3118 2598 Eamus
3158 2543 3225 2597 ad
3269 2544 3506 2617 domum

1901 2628 2271 2697 Petri,eamus
2296 2633 2363 2686 ad
2389 2633 2609 2688 domum
2638 2633 2788 2689 Pauli
2816 2643 2871 2690 et
2896 2636 2963 2690 ad
2985 2636 3203 2691 domum
3237 2635 3449 2693 Martini
3468 2677 3487 2705 ,

1902 2720 2102 2787 nullus,
2130 2723 2221 2792 qui
2269 2737 2403 2781 sane
2445 2725 2610 2795 sapit,
2646 2726 2750 2781 hoc
2788 2726 2861 2781 ita
2892 2726 3095 2782 dictum
3136 2742 3258 2784 esse
3292 2727 3486 2784 intelli-

1902 2815 1980 2885 git
2011 2829 2026 2869 :
2053 2816 2253 2872 nullam
2276 2818 2475 2890 quippe
2496 2819 2715 2874 domum
2735 2818 2898 2875 Petro
2916 2834 3011 2875 seu
3037 2818 3205 2875 Paulo
3233 2820 3513 2889 facimus,

1902 2907 1995 2960 sed
2042 2907 2095 2963 in
2139 2909 2400 2967 honorem
2445 2918 2609 2982 atque
2643 2911 2960 2967 memoriam
3000 2911 3147 2969 Petri
3196 2928 3292 2969 seu
3329 2913 3501 2981 Pauli

1901 2997 2013 3053 Deo
2037 3013 2157 3053 eam
2178 3001 2483 3059 condimus.
2506 3000 2617 3059 Nec
2637 3001 2726 3058 ulli
2751 3002 3067 3072 pontificum
3093 3003 3175 3060 fas
3195 3013 3282 3060 est
3306 3004 3505 3065 dicere.

1902 3088 1957 3143 in
1999 3092 2502 3148 consecrationibus
2546 3090 2907 3149 ecclesiarum
2945 3109 2960 3149 :
3007 3091 3128 3150 Tibi
3177 3092 3362 3162 Petro,
3392 3109 3505 3151 seu

1903 3178 2095 3250 Paulo,
2138 3183 2281 3240 hanc
2316 3184 2560 3252 domum,
2598 3184 2684 3240 vel
2720 3185 2823 3241 hoc
2869 3184 3045 3242 altare
3082 3201 3503 3245 consecraturos.»

211 3264 349 3323 Cor.
379 3284 454 3335 ix,
479 3271 557 3342 9.)
603 3274 687 3329 An
718 3286 938 3346 propter
974 3292 1073 3332 nos
1114 3277 1197 3333 lex
1223 3280 1326 3334 hoc
1355 3279 1642 3347 dictuqui
1674 3298 1802 3355 ergo
1830 3268 1876 3330 C
1908 3269 1997 3343 [⁵⁰
2030 3272 2135 3329 Sed
2179 3274 2273 3330 tibi
2324 3273 2436 3331 Deo
2473 3276 2527 3330 in
2574 3276 2778 3335 honore
2814 3275 2962 3333 Petri
3008 3291 3107 3333 seu
3152 3276 3304 3333 Pauli
3353 3276 3489 3334 hanc

211 3370 425 3417 terram
469 3363 617 3429 colt,
644 3377 761 3421 aret
805 3368 858 3422 in
897 3366 1031 3424 bove
1075 3379 1131 3425 et
1172 3371 1347 3437 asino,
1380 3373 1425 3428 si
1470 3374 1664 3431 melius
1693 3391 1802 3431 non

210 3463 425 3525 potest,
454 3458 579 3527 quia
612 3458 754 3514 Deus
785 3462 1072 3528 permittit,
1101 3464 1228 3533 quia
1260 3466 1442 3521 omnia
1469 3468 1583 3524 haec
1611 3470 1803 3525 huma-

213 3549 311 3604 nis
340 3547 524 3605 usibus
552 3553 773 3608 creavit.
809 3553 915 3609 Sed
948 3555 1073 3624 quia
1122 3556 1222 3613 bos
1259 3557 1516 3627 ungulam
1568 3559 1721 3616 findit
1747 3570 1804 3617 et

211 3642 481 3707 ruminat,
506 3653 561 3697 et
593 3646 660 3698 ad
698 3647 1051 3703 excolendam
1084 3659 1284 3705 terram
1325 3653 1548 3710 omnino
1571 3664 1656 3709 est
1682 3655 1801 3711 ido-

212 3747 386 3788 neum
418 3734 639 3802 animal,
667 3749 932 3795 rectorem
965 3740 1015 3795 in
1049 3741 1287 3797 Ecclesia
1318 3743 1564 3815 designat
1600 3746 1806 3803 discre-

222 3835 368 3889 tum,
397 3825 449 3879 in
480 3826 567 3882 his
594 3842 713 3897 qua:
744 3830 854 3900 agit
887 3846 1105 3887 sensum
1134 3833 1441 3900 habentem,
1473 3836 1564 3905 qui
1597 3847 1805 3893 rectum

212 3914 486 3970 discernit
514 3930 543 3969 a
573 3931 763 3985 pravo,
798 3929 854 3974 et
880 3935 969 3991 qut
1006 3922 1256 3978 mandata
1286 3924 1403 3991 Dei,
1428 3941 1548 3997 quae
1576 3927 1726 3982 audit
1750 3936 1807 3984 et

212 4022 346 4077 qum
383 4005 531 4077 legit,
559 4009 872 4077 meditatur,
897 4022 953 4068 et
981 4015 1291 4071 meditando
1314 4018 1553 4073 ruminat
1584 4021 1806 4089 apudse

215 4097 316 4151 die
353 4112 419 4153 ac
455 4108 637 4164 nocte,
674 4115 776 4157 nec
813 4103 983 4158 solum
1015 4105 1114 4159 sibi
1145 4106 1290 4169 utilis
1316 4107 1527 4176 existit,
1552 4109 1645 4164 sed
1672 4109 1807 4165 alios

215 4186 479 4253 ardificat,
504 4198 553 4242 et
586 4190 830 4246 docendo
866 4192 1103 4247 instruit.
1136 4193 1272 4249 iluic
1311 4204 1421 4251 tam
1450 4197 1645 4253 idoneo
1674 4214 1809 4268 pne-

219 4277 456 4347 dicatori
487 4295 593 4334 non
640 4290 722 4335 est
769 4281 1116 4337 associandus
1145 4285 1213 4338 ad
1250 4286 1652 4355 pradicandum
1684 4303 1805 4342 ver-

218 4372 353 4423 bum
404 4368 493 4424 Dei
544 4372 680 4426 alter
718 4372 960 4427 moribus
999 4372 1344 4441 indiscretus,
1384 4393 1479 4433 seu
1537 4379 1701 4434 idiota
1755 4388 1810 4435 et

218 4462 424 4528 litteris
452 4462 755 4533 imperitus,
789 4466 913 4534 quia
938 4481 1045 4520 non
1074 4467 1247 4523 solum
1277 4469 1378 4524 sibi
1409 4472 1548 4525 male
1579 4471 1810 4535 vivendo

1906 3364 2125 3421 domum
2155 3367 2239 3423 vel
2264 3368 2367 3425 hoc
2394 3368 2568 3425 altare
2590 3367 3024 3442 consecramus.]
3046 3368 3339 3441 Pr0pterea
3363 3383 3501 3425 vero

1904 3456 2022 3514 haec
2061 3459 2254 3516 domus
2281 3461 2622 3531 potissimum
2665 3460 2966 3532 appellatur
3010 3480 3029 3515 ι
3073 3461 3267 3517 domus
3287 3460 3380 3517 Dei
3406 3458 3491 3515 las
3523 3532 3529 3540 .

1905 3551 2028 3616 coli,
2067 3569 2086 3603 ι
2113 3567 2177 3608 ac
2215 3553 2529 3624 specialiter
2559 3554 2871 3609 nominatur
2897 3571 2916 3605 ι
2939 3551 3125 3616 Jacob,
3167 3570 3187 3605 ι
3215 3551 3342 3623 quia
3378 3551 3491 3621 pri-

1906 3658 2027 3698 mus
2068 3646 2309 3702 omnium
2353 3646 2552 3717 legitur
2602 3644 2772 3702 Jacob
2830 3647 2940 3702 Deo
2987 3645 3293 3701 instituisse
3349 3645 3492 3700 hanc

1906 3733 2146 3790 domum.
2177 3755 2196 3789 ι
2229 3738 2441 3805 Erexit,
2474 3739 2671 3810 inquit,
2701 3738 2870 3805 Jacob
2896 3738 3128 3808 lapidem
3169 3738 3223 3793 in
3251 3737 3493 3802 titulum,

1908 3825 2141 3883 fundens
2187 3828 2366 3885 oleum
2416 3829 2674 3899 desuper,
2719 3837 2775 3886 et
2813 3831 2973 3890 dixit.
3014 3845 3142 3885 vere
3187 3827 3343 3884 locus
3391 3830 3495 3885 iste

1906 3931 2131 3979 sanctus
2150 3929 2234 3976 est
2264 3918 2417 3993 (Gen.
2462 3936 2658 3985 xxvm,
2694 3920 2806 3991 i8),
2845 3939 2864 3974 ι
2904 3929 2960 3977 et
2998 3921 3329 3975 enumeratis
3359 3934 3483 3988 quat

1912 4016 2147 4081 viderat,
2179 4012 2493 4070 cmlestihus
2525 4012 2801 4082 mysteriis
2822 4010 3230 4080 obstupefactus
3250 4009 3490 4065 addidit:

1915 4124 1933 4159 ι
1962 4105 2136 4171 Quam
2176 4101 2438 4157 terribilis
2477 4108 2562 4155 est
2601 4100 2753 4155 locus
2790 4100 2913 4165 iste,
2945 4114 3049 4155 non
3089 4110 3174 4156 est
3222 4098 3311 4154 hic
3346 4097 3493 4153 aliud

1910 4196 2012 4253 nisi
2032 4196 2222 4250 domus
2241 4193 2332 4248 Dei
2360 4200 2416 4249 et
2443 4200 2594 4263 porta
2620 4191 2740 4247 coeli
2759 4190 2809 4248 (1
2816 4189 2945 4257 bid.,
2966 4191 3075 4260 17).
3097 4210 3115 4245 ι
3139 4192 3340 4247 Domus
3362 4204 3499 4261 ergo

1910 4288 2007 4343 Dei
2036 4286 2204 4343 nostri
2232 4293 2313 4341 est
2344 4285 2537 4340 domus
2569 4282 2661 4338 Dei
2700 4280 2891 4349 Jacob,
2923 4283 3051 4353 quia
3096 4283 3288 4348 Deuzn,
3330 4297 3494 4353 quem
3522 4318 3523 4321 η

1913 4381 2165 4444 colimus,
2193 4378 2357 4437 coluit
2384 4376 2681 4440 Abraham,
2715 4372 2868 4437 lsaac
2899 4390 3114 4446 quoque
3147 4382 3202 4429 et
3228 4371 3415 4432 Jacob.
3439 4372 3497 4430 ιιι

1912 4474 2017 4528 hac
2061 4473 2222 4527 domo
2277 4467 2369 4524 Dei
2423 4467 2662 4538 quotidie
2719 4467 2934 4523 divinus
2987 4481 3168 4523 sermo
3214 4466 3497 4533 recitatur,

217 4561 312 4609 cst
336 4552 559 4617 inutilis,
575 4555 668 4608 sed
686 4554 825 4609 malo
848 4571 946 4612 suo
961 4557 1206 4626 exemplo
1224 4568 1278 4613 et
1297 4560 1569 4616 immundo
1584 4561 1809 4617 vivendo
1845 4609 1889 4664 Β
1916 4564 2139 4635 populus
2157 4561 2486 4630 fidelis,qute
2509 4561 2645 4615 bona
2669 4567 2978 4629 appetat,et
2998 4573 3119 4628 quae
3142 4556 3279 4661 mala
3304 4556 3496 4661 fugiat,

224 4643 353 4707 aliis
386 4644 580 4699 noxius
602 4646 803 4702 existit.
838 4646 1007 4703 Porro
1034 4648 1148 4704 haec
1170 4650 1301 4705 vitia
1351 4666 1447 4721 per
1478 4652 1687 4707 asinum
1716 4653 1814 4708 de-

218 4737 535 4805 signantur,
568 4739 657 4809 qui
700 4754 874 4809 neque
926 4740 1179 4811 ungulam
1221 4743 1394 4808 findit,
1429 4758 1602 4814 neque
1641 4747 1810 4817 rumi-

221 4837 346 4893 nat,
375 4837 433 4884 et
466 4831 688 4885 omnino
722 4838 806 4901 est
850 4831 1238 4889 inertissimum
1268 4835 1490 4889 animal.
1529 4835 1657 4903 Quae
1685 4853 1813 4892 vero

225 4923 377 4991 dicta
421 4932 549 4978 sunt
598 4924 664 4977 de
717 4922 965 4978 faciendo
1016 4923 1196 4987 altari,
1245 4934 1300 4978 et
1345 4941 1513 4994 quare
1558 4928 1815 4984 Dominus

226 5013 512 5084 prohibuit
538 5029 603 5069 ne
627 5015 787 5070 homo
818 5014 1127 5069 comederet
1157 5013 1223 5069 de
1249 5014 1391 5086 ligno
1421 5017 1661 5073 scientia:
1688 5018 1811 5074 boni

225 5116 287 5161 et
324 5105 475 5169 mali,
508 5105 830 5177 profundum
876 5108 929 5163 in
977 5122 1035 5162 se
1080 5106 1321 5163 continet
1355 5113 1691 5181 mysterium,
1719 5110 1813 5167 sed

233 5196 376 5251 alias
416 5206 470 5252 et
510 5200 575 5252 ad
614 5199 751 5255 alios
788 5201 902 5256 haec
930 5198 1267 5255 discutienda
1307 5202 1599 5269 pertinent.
1632 5221 1649 5252 ι
1691 5200 1817 5257 11ωο

228 5290 461 5365 quidem
492 5292 546 5347 in
570 5291 737 5364 figura
766 5293 1203 5363 contingebant,»
1228 5292 1614 5349 etdicebantur
1632 5294 1814 5357 vobis;

1916 4658 2195 4721 edocetur,
2219 4672 2282 4711 ac
2316 4653 2477 4717 simul
2513 4668 2630 4723 qua:
2669 4651 3089 4722 appetendorum
3117 4649 3225 4711 sint
3251 4650 3496 4719 praemia,

1916 4760 1974 4806 et
2003 4765 2123 4820 qua:
2164 4748 2304 4804 mala
2346 4764 2466 4817 quae
2506 4755 2670 4814 agunt
2705 4760 2863 4814 pinna
2912 4743 3218 4799 comitetur.
3271 4741 3397 4801 lude
3444 4752 3501 4798 et

1917 4838 2164 4894 forenses
2200 4850 2375 4891 causa:
2419 4850 2450 4888 a
2500 4832 2829 4888 Christianis
2877 4840 3130 4903 aguntur,
3161 4848 3190 4886 a
3233 4831 3497 4901 proximis

1916 4929 2284 5001 proximorum
2316 4923 2599 4980 calumniae
2629 4924 2944 4987 audiuntur,
2984 4938 3049 4978 ac
3091 4922 3271 4978 debita
3301 4922 3499 4992 cuique

1920 5023 2096 5078 reatui
2138 5036 2298 5092 poena
2344 5019 2594 5075 infertur.
2640 5036 2659 5069 ι
2701 5015 2815 5071 Non
2858 5016 3093 5081 occides,
3134 5035 3153 5067 ι
3196 5016 3371 5086 inquit
3412 5015 3511 5075 lex,

1918 5113 2118 5185 (Exod.
2167 5129 2256 5177 xx,
2305 5109 2458 5179 13):
2507 5129 2524 5161 ‹
2557 5109 2647 5179 qui
2697 5117 2878 5163 autem
2908 5107 2951 5139 “
2985 5106 3277 5170 occiderit,
3315 5125 3334 5158 ι
3390 5105 3497 5161 ίιιιο

1917 5207 2057 5262 sicut
2107 5204 2353 5258 Christus
2406 5202 2521 5271 ipse
2574 5201 2792 5267 adjecit,
2840 5218 2858 5250 ι
2904 5200 2995 5268 qui
3041 5198 3296 5252 irascitur
3346 5196 3496 5252 fratri

1918 5313 2039 5360 suo,
2071 5310 2194 5351 reus
2228 5294 2333 5349 erit
2363 5293 2567 5364 judicio
2606 5290 2823 5363 (Matth.
2864 5306 2914 5355 v,
2943 5289 3058 5359 22).
3097 5308 3116 5342 ι
3158 5288 3255 5345 Cui
3299 5305 3427 5359 ergo
3454 5289 3499 5323 “

1495 5429 1724 5486 νΑιιιίΕ
1752 5430 2153 5488 LECTIONES.

309 5562 355 5638 ³ξ
384 5562 488 5617 Ms.
512 5562 570 5617 8.
592 5562 1114 5638 Ger._.uet_utmeravit.
1174 5564 1237 5638 _”
1260 5564 1364 5638 M43.
1383 5563 1444 5621 S.
1474 5564 1593 5619 Ger.
1618 5578 1663 5621 et
1688 5565 1752 5622 V.
1779 5538 1924 5623 omit.
1961 5560 2107 5622 nucis
2128 5567 2353 5638 inclusa.
2407 5566 2475 5638 _”
2495 5564 2596 5619 Ms.
2624 5563 2794 5638 Rem“
2822 5564 2898 5619 sic
2922 5582 3070 5638 ergo.
3151 5567 3194 5599 ”
3220 5565 3324 5619 Ms.
3359 5561 3494 5638 Vict.

236 5634 391 5689 οςιιίι.
439 5650 579 5702 qtae.
705 5635 749 5666 ³⁸
790 5634 893 5689 Ms.
946 5636 1013 5691 Β.

178 5720 199 5736 ο
237 5711 381 5765 cate,
412 5704 540 5756 nihil
573 5705 949 5771 interrogantes

237 5762 408 5827 Versi.
508 5773 554 5805 ”
596 5774 696 5827 Ms.
745 5762 783 5827 ν

243 5844 395 5907 omit.
434 5845 518 5899 cui
553 5860 699 5913 ergo.

1060 5635 1217 5694 et.S.
1278 5635 1422 5698 Cen,
1474 5646 1529 5692 et
1583 5637 1947 5693 itnmunditia.

1022 5716 1195 5776 νομιεῖ
1240 5706 1667 5777 conscientiam.~
1708 5709 1750 5741 ³⁷
1794 5707 1898 5763 Ms.
1943 5706 2000 5764 S.
2054 5706 2215 5777 Ger”,
2247 5705 2613 5777 prohibitum.
2672 5706 2732 5773 7“
2774 5705 2874 5761 Hs.
2907 5708 2970 5763 8.

792 5777 902 5843 ὅτι..
934 5770 1233 5832 Christum.
1262 5814 1263 5817 η
1309 5775 1381 5849 4⁸⁸
1421 5776 1525 5832 Ms.
1562 5774 1696 5834 Vict.
1727 5780 1872 5835 emit.
1898 5780 2045 5837 uncis
2067 5770 2287 5833 induto.
2366 5788 2369 5791 '
2402 5778 2440 5859 f‘
2476 5770 2589 5865 iis.
2617 5772 3017 5865 “monacham.
3096 5778 3141 5821 ν
3168 5770 3511 5867 Ηυξ-(ἷκε

2052 5638 2098 5670 ⁸⁸
2139 5636 2336 5708 Vulg.:
2389 5635 2555 5719 omne
2594 5637 2731 5706 quod
2781 5638 2919 5691 robis
2963 5635 3243 5759 a'rzionitur
3270 5635 3492 5721 mundu-

2054 5706 2200 5759 ὗεν..
2252 5707 2610 5759 nruhilumur.
2686 5706 2732 5739 ³⁸
2774 5705 2874 5759 Hs.
2907 5708 2970 5759 8.
3041 5707 3131 5759 'er.
3183 5715 3328 5757 omit.
3370 5703 3492 5756 Unt-

3056 5725 3131 5763 er.
3183 5725 3328 5757 cum.
3372 5725 3511 5756 υιιις
