3990 6310
581 369 728 428 {M5

1444 369 1850 426 CISLEBERTI
1890 367 2186 426 crustum
2225 365 2378 424 anu.
2416 347 2933 426 w‘ssmoaasr.

3649 373 3747 430 1018

580 491 662 544 ira
695 497 754 544 ei
781 487 964 544 tdium
1011 486 1240 552 tollitur,
1269 487 1348 542 uti
1377 465 1560 558 gladio
1597 499 1656 544 et
1689 487 1881 543 lancea
1909 501 2018 544 non
2051 477 2170 558 per-
2201 499 2248 557 Α
2273 489 2442 544 exiit:
2477 507 2496 540 ι
2525 489 2816 558 praedicam
2841 484 3188 556 Evangelium
3227 486 3368 540 omni
3395 495 3652 544 creatura:
3687 497 3748 560 qui

579 587 836 643 ittitut.
877 587 982 654 Qui
1031 586 1378 642 abrenuntiat
1419 585 1613 644 imi-et
1657 589 1812 652 odio,
1853 589 2169 656 facillimum

577 693 662 742 est
703 695 766 741 ut
799 677 1143 742 abrenuntiei
1183 685 1384 742 lanceae
1421 695 1476 742 et
1509 687 1711 759 gladio.
1755 687 1924 742 Multo
1973 687 2172 758 quippe

577 788 790 844 facilius
819 771 901 844 est
927 787 1166 844 conﬂare
1197 787 1432 859 gladium
1481 805 1638 844 suum
1691 789 1744 843 in‘
1786 803 2086 854 vomerem,
2119 795 2173 844 et

576 887 825 943 lanceam
856 903 1010 942 suam
1043 888 1094 942 in
1122 887 1340 954 falcem,
1370 905 1534 959 quam
1569 897 1785 944 tumore
1825 891 2005 945 cordis
2040 889 2168 944 sub-

575 983 769 1056 misso,
797 989 1056 1044 humilem
1089 991 1204 1047 fieri
1231 1007 1296 1047 ex
1329 993 1586 1064 superbo,
1613 1008 1827 1047 servum
1866 1007 1930 1047 cx
1963 991 2168 1055 libero;

579 1091 850 1164 abncgare
895 1108 1120 1149 uxorem
1149 1135 1164 1160 ,
1202 1093 1341 1150 filios
1368 1135 1383 1161 ,
1434 1097 1652 1151 domum
1681 1081 1708 1162 ,i
1743 1111 1893 1150 arma
1921 1139 1936 1164 ,
1989 1110 2170 1166 agros,

576 1210 769 1264 eqtms,
799 1205 854 1252 et
895 1197 1078 1252 omnia
1106 1213 1226 1268 qua:
1257 1199 1518 1272 possidet,
1564 1200 1738 1254 adlmc
1779 1207 1960 1252 autem
2015 1206 2072 1251 ut
2112 1209 2172 1250 se

575 1293 758 1365 ipsum
800 1277 1050 1368 abneget.
1085 1297 1238 1364 Quod
1271 1306 1448 1352 tamen
1477 1313 1848 1368 saepenumero
1875 1299 1991 1354 ﬁeri
2024 1299 2170 1356 vide-

579 1411 726 1462 mus,
756 1396 953 1452 videtis
984 1407 1038 1452 et
1071 1413 1186 1463 vos,
1210 1398 1336 1467 quia
1371 1398 1528 1454 multi
1558 1399 1688 1454 olim
1723 1401 1775 1456 in
1805 1403 1966 1456 rebus
1989 1402 2172 1458 smculi

577 1505 826 1568 agentes,
867 1497 1086 1566 superbi
1130 1507 1186 1552 et
1245 1507 1514 1568 potentes,
1561 1499 1632 1554 ad
1681 1500 1818 1556 bella
1867 1502 2176 1558 instructis-

577 1589 704 1644 simi
725 1597 782 1646 et
800 1605 1094 1659 pugnaces,
1123 1591 1398 1660 rapiendis
1425 1593 1656 1648 aliorum
1687 1593 1848 1648 rebus
1873 1593 2170 1656 inhiantes.

577 1689 802 1750 propter
839 1681 1008 1736 Deum
1051 1681 1332 1752 abnegatis
1367 1685 1622 1740 omnibus
1661 1687 1876 1754 pompis
1900 1684 2174 1741 saecularia

577 1769 704 1838 bus,
737 1772 1070 1841 pauperrimi
1118 1783 1311 1843 sponte
1359 1789 1458 1843 per
1495 1775 1712 1830 diversa
1759 1777 2172 1847 peregrinantes

2271 581 2564 636 crediderit
2588 589 2642 635 et
2659 580 2960 650 baptizatus
2983 575 3353 641 fuerit,salvus
3371 577 3466 631 erit
3485 577 3636 644 (Ibid.
3651 581 3748 650 16).»

2273 673 2329 728 lu
2351 689 2460 744 quo
2487 673 2776 741 Evangelia
2799 672 2914 726 vias
2957 685 3106 736 suas,
3137 671 3255 724 vias
3293 685 3450 724 novas
3476 673 3652 726 edocuit
3685 677 3751 732 υο.

2275 767 2474 831 minus,
2517 767 2620 820 vim
2665 773 2880 820 veteres
2929 764 3170 826 fuerunt,
3215 781 3232 814 ι
3277 761 3475 818 oculum
3517 777 3600 832 pro
3629 768 3752 831 oculo.

2275 859 2491 912 dentem
2523 873 2622 927 pro
2649 855 2811 911 dente
2841 855 3040 927 (Exod.
3069 871 3185 918 ut,
3205 854 3318 923 9.5).
3353 873 3368 906 I
3395 853 3498 908 Vite
3517 871 3636 910 novat
3651 867 3752 922 sunt,

2283 969 2301 1002 ι
2337 951 2382 1004 si
2409 951 2532 1020 quis
2560 959 2612 1004 te
2642 949 2974 1019 percusserit
3005 948 3058 1000 in
3087 963 3246 1000 uuam
3279 947 3550 1010 maxillam.
3571 949 3702 1017 prabe
3721 953 3752 1004 ei

2273 1055 2326 1102 ct
2373 1046 2630 1109 alteram;
2682 1044 2952 1099 auferenti
2999 1043 3262 1105 tunicam,
3305 1041 3500 1096 dimitte
3529 1043 3754 1110 etpalliun

2275 1137 2494 1210 (Matth.
2523 1152 2578 1201 ν,
2602 1137 2718 1206 '59).
2760 1155 2779 1188 ι
2813 1133 2926 1190 Vite
2951 1144 3162 1188 veteres
3195 1133 3426 1198 fuerunt,
3453 1152 3470 1184 ι
3495 1133 3649 1202 diliges
3667 1137 3754 1188 art-i-

2275 1245 2396 1283 cum
2431 1238 2601 1292 tuum,
2625 1235 2684 1281 et
2721 1227 2846 1282 odio
2891 1225 3121 1280 habebis
3158 1225 3430 1280 inimicum
3478 1231 3600 1278 tuum
3643 1224 3752 1294 (Ibid.

2273 1322 2387 1384 45).
2425 1341 2442 1372 ι
2481 1319 2592 1374 Viae
2629 1334 2782 1374 novae
2823 1327 2970 1382 sunt,
3009 1337 3028 1369 ι
3067 1318 3110 1372 si
3143 1316 3393 1371 esurie‘rit
3421 1315 3633 1370 inimicus
3661 1327 3752 1377 tuus,

2273 1410 2393 1465 ciba
2425 1410 2604 1472 illum;
2653 1410 2698 1466 si
2735 1410 2872 1472 sitit,
2911 1417 3100 1476 potum
3127 1407 3194 1460 da
3235 1405 3311 1459 illi
3349 1403 3514 1476 (Ilum.
3541 1421 3618 1464 xu.
3647 1403 3751 1472 10).:

2274 1501 2370 1557 lla:
2407 1511 2532 1557 sunt
2583 1504 2684 1556 viae
2718 1501 2951 1566 Domini,
2985 1501 3228 1556 hmsunt
3267 1497 3756 1565 setnitzc‘Domiui.pcr

2273 1607 2410 1663 quas
2433 1591 2654 1661 perfecti
2677 1589 2958 1646 ambulant
2983 1589 3281 1646 Christiani
3323 1588 3404 1660 [⁸⁷
3427 1588 3552 1642 hanc
3569 1586 3756 1642 Christia-

2273 1699 2358 1738 nre
2411 1679 2772 1738 institutionis
2819 1683 2990 1736 vitam
3043 1683 3170 1735 licet
3225 1695 3372 1734 nunc
3421 1678 3558 1747 pauci
3611 1687 3768 1750 servent.

2271 1774 2612 1846 Christiani],
2639 1773 2912 1844 quondam
2953 1771 3249 1828 servabant
3290 1785 3457 1841 reges,
3483 1777 3530 1822 et
3551 1769 3758 1840 cumregi-

575 1859 720 1926 loca,
765 1873 1081 1918 sanctorum
1131 1865 1394 1936 suifragia
1437 1868 1740 1937 requirunt,
1789 1878 1884 1924 aut
1929 1869 2168 1940 quolibet
2197 1861 2246 1922 Β
2275 1868 2376 1922 hus
2401 1867 2628 1924 subditae
2651 1867 2732 1921 eis
2753 1864 3180 1932 nationes.Quid
3205 1879 3338 1919 vero
3357 1866 3399 1918 si
3425 1851 3590 1933 potens
3609 1863 3756 1932 aliquis,

575 1953 772 2014 inclusi
815 1971 984 2027 specu
1017 1967 1186 2029 agunt
1209 1957 1376 2014 vitam
1418 1961 1518 2016 sub
1547 1961 1728 2032 aliquo
1759 1961 1806 1996 “
1835 1963 2080 2033 praelato.
2109 1964 2166 2019 In

574 2046 882 2116 hujusmodi
932 2065 1064 2106 vero
1107 2066 1390 2108 servorum
1423 2053 1518 2109 Dei
1555 2043 1963 2111 cohabitatione
1993 2055 2170 2110 adim-a

573 2140 754 2210 pietur
773 2143 938 2200 etiam
957 2143 1088 2200 illud
1110 2145 1486 2202 denuntiatum
1511 2161 1608 2216 per
1625 2146 1820 2203 Isaiam
1849 2147 2164 2218 prophetam

573 2233 900 2290 miraculum
936 2253 952 2289 :
987 2255 1008 2289 ι
1040 2236 1271 2301 Vitulus,
1299 2235 1384 2294 leo
1419 2245 1475 2292 et
1521 2237 1640 2293 ovis
1679 2239 1836 2292 simul
1877 2241 2168 2294 morabun-

574 2335 700 2387 tur;
755 2335 812 2382 et
865 2339 1001 2398 puer
1043 2328 1300 2398 parvulus
1337 2327 1581 2384 'minahit
1621 2343 1717 2384 eos
1751 2329 2017 2399 (Isai.‘xr,
2045 2329 2162 2400 6).»

573 2416 720 2472 Puer
754 2415 1014 2485 parvulus
1047 2413 1258 2474 leonem
1297 2427 1356 2473 et
1389 2433 1577 2474 ursum
1623 2434 1748 2475 cum
1787 2433 1928 2490 agno
1971 2422 2164 2486 minat,

572 2521 700 2562 cum
731 2507 980 2564 indomo
1017 2507 1112 2563 Dei
1165 2518 1353 2578 pastor
1387 2523 1541 2578 aeque
1581 2510 1746 2565 nobili
1794 2511 2063 2581 quondam
2112 2520 2167 2567 et

573 2597 826 2668 ignobili,
855 2599 1062 2670 potenti
1089 2599 1146 2655 et
1175 2599 1480 2671 impotenti,
1513 2601 1638 2656 forti
1665 2612 1720 2657 et
1749 2602 1964 2658 infirmo
1995 2604 2168 2674 impe¢

573 2699 684 2746 rat.
730 2689 876 2746 Puer
912 2706 1022 2746 non
1067 2705 1252 2756 sensu,
1281 2691 1404 2748 .sed
1453 2692 1694 2757 malitia;
1752 2693 2010 2763 parvulus
2057 2709 2168 2749 non

565 2781 716 2851 justo
745 2782 1026 2853 regiminis
1053 2782 1266 2854 vigore,
1295 2783 1390 2838 sed
1429 2782 1500 2838 ab
1535 2783 1684 2839 orum
1730 2783 1872 2840 fastu
1917 2787 2164 2842 saeculari

571 2882 666 2930 aut
695 2875 910 2946 generis
931 2874 1270 2945 indignitate.
1298 2875 1366 2932 Ut
1387 2875 1554 2946 igitur
1573 2876 1813 2932 breviter
1831 2879 2024 2944 dicam,
2051 2879 2170 2935 hinc

569 2977 658 3024 est
677 2969 948 3024 institutio
975 2969 1098 3024 vitae
1133 2969 1181 3002 “
1213 2969 1670 3036 Christianorum,
1700 2980 1760 3026 ut
1786 2971 2014 3040 quisque
2043 2972 2166 3028 dili-

571 3069 662 3130 gat
683 3060 1016 3131 proximum,
1047 3061 1194 3116 sicut
1222 3061 1480 3132 seipsum,
1511 3071 1570 3117 et
1591 3062 1738 3132 quod
1765 3063 1868 3118 sibi
1910 3063 2024 3119 fieri
2057 3079 2162 3118 non

567 3151 708 3218 vult,
741 3153 864 3208 aliis
907 3167 1014 3207 non
1059 3152 1247 3208 faciat.
1294 3151 1410 3206 lloc
1449 3161 1534 3207 est
1569 3151 1816 3219 verbum,
1845 3153 1914 3208 de
1947 3168 2054 3224 quo
2087 3155 2161 3210 ait

570 3243 852 3314 apostolus
894 3241 1134 3298 Paulus:
1171 3259 1190 3295 ι
1223 3239 1458 3298 Verbum
1483 3257 1866 3298 consummans
1891 3255 1947 3299 et
1971 3245 2168 3300 abbre-

568 3335 726 3390 vians
781 3334 840 3388 in
887 3333 1146 3404 aequitate
1203 3333 1388 3404 posuit
1434 3333 1694 3390 Dominus
1747 3349 1914 3404 super
1959 3325 2162 3392 terram

571 3427 748 3497 (Rom.
775 3443 854 3496 ιε,
881 3429 996 3500 ‘28).
1035 3449 1068 3482 ιι
1090 3429 1166 3483 De
1191 3429 1294 3483 hac
1317 3428 1470 3486 verbi
1497 3431 1964 3486 censummatione
2001 3430 2165 3486 lsaias

567 3521 834 3590 propheta
859 3521 1028 3575 dicit:
1060 3538 1078 3572 ι
1107 3515 1520 3575 Cousummatio
1544 3515 1852 3576 abbreviala
1880 3521 2165 3577 inundabit

539 3617 834 3686 justitiam
865 3615 1024 3687 (Isai.
1057 3631 1114 3682 κ,
1147 3615 1272 3688 29);
1310 3635 1330 3669 ι
1359 3617 1878 3672 consummationem
1925 3617 2068 3672 enim
2109 3623 2166 3671 et

570 3707 1037 3764 abbreviatiouem
1083 3705 1344 3763 Dominus
1383 3709 1526 3764 Deus
1552 3709 1886 3764 exercituum
1924 3709 2083 3764 faciet
2111 3708 2164 3762 in

567 3797 750 3856 medio
805 3808 982 3856 terrae.
1035 3800 1114 3856 De
1153 3799 1258 3856 hoc
1297 3801 1462 3856 etiam
1495 3801 1676 3857 Verbo
1721 3801 1862 3856 idem
1901 3801 2164 3872 propheta

565 3892 738 3948 lanius
773 3893 1142 3964 pratdixerat:
1185 3912 1203 3944 ‹
1243 3892 1450 3958 Venite,
1483 3893 1678 3962 inquit,
1705 3893 2068 3949 ascendamus
2097 3893 2164 3951 ad

566 3991 812 4036 montem
842 3981 1078 4046 Domini,
1103 3991 1157 4036 et
1183 3983 1249 4036 ad
1278 3984 1494 4038 domum
1524 3982 1616 4038 Dei
1643 3981 1842 4046 Jacob;
1869 3991 1924 4036 et
1949 3982 2166 4038 docebit

565 4087 672 4128 1305
703 4074 819 4128 vias
853 4085 988 4130 suas
1035 4076 1311 4140 Dominus,
1337 4083 1394 4130 et
1433 4069 1826 4131 ambul-abimus
1867 4075 1918 4129 in
1959 4075 2166 4131 semitis

565 4169 706 4229 eius,
731 4163 856 4232 quia
889 4163 955 4219 de
989 4164 1119 4220 Sion
1159 4165 1330 4220 exibit
1369 4165 1478 4228 lex,
1511 4173 1566 4222 et
1595 4164 1821 4221 verbum
1853 4164 2165 4226 Dominide

568 4253 874 4311 Jerusalem
905 4255 1065 4326 (Iani.
1099 4273 1160 4320 tt,
1182 4258 1258 4328 5).
1298 4277 1316 4310 ι
1349 4259 1500 4326 Qum,
1549 4259 1789 4329 inquant,
1840 4259 1926 4314 lex
1969 4258 2074 4314 alia
2098 4259 2166 4314 de

569 4343 704 4398 Sion
749 4344 960 4398 exitura
1007 4347 1374 4414 praedicatur?
1419 4347 1593 4415 Quod,
1647 4349 1890 4419 inquam,
1939 4349 2164 4405 vet-hum

565 4433 786 4490 Domini
833 4434 899 4490 de
931 4433 1234 4491 Jerusalem
1271 4439 1546 4494 exiturum
1569 4455 1692 4495 esse
1727 4441 2164 4510 praenuntiatum?

2270 1959 2315 2015 si
2337 1958 2600 2014 violentus
2631 1957 2826 2028 aliquis
2863 1971 3028 2027 prave
3057 1957 3192 2024 agit,
3213 1965 3272 2010 et
3299 1956 3488 2026 θοι·τῖμὶ
3547 1969 3631 2010 non
3654 1953 3758 2008 rultl

2274 2066 2294 2101 ι
2327 2047 2456 2102 Mihi
2491 2048 2813 2115 vindictam,
2845 2047 2980 2100 dicit
3019 2045 3302 2110 Demittns,
3339 2055 3392 2100 et
3435 2057 3526 2114 ego
3549 2044 3757 2098 retribuam

2270 2137 2458 2210 (Hebr.
2485 2155 2541 2207 κ,
2569 2138 2683 2208 30).
2723 2157 2741 2192 ›
2773 2138 2838 2192 Ει
2863 2148 3064 2208 quanta
3101 2138 3206 2193 erit
3251 2137 3342 2190 illa
3375 2137 3556 2192 divina:
3587 2135 3756 2189 animal-

2269 2229 2537 2285 versionis
2565 2229 2871 2284 severitas?
2899 2227 3038 2282 Audi
3083 2227 3426 2282 Psalmistam
3463 2243 3478 2280 :
3509 2246 3528 2278 ι
3560 2227 3757 2282 Densus:-

2269 2319 2470 2376 nifeste
2496 2319 2695 2385 veniet,
2733 2319 2876 2374 Deus
2905 2326 3108 2382 noster,
3149 2325 3204 2372 et
3245 2333 3352 2372 non
3383 2315 3564 2372 silebit.
3599 2314 3702 2388 ignis
3727 2313 3760 2366 il

2270 2421 2562 2484 conspectu
2602 2412 2722 2482 ejus
2767 2413 3116 2474 exardescet,
3141 2420 3198 2465 et
3237 2410 3290 2464 in
3329 2409 3544 2464 circuitu
3567 2409 3760 2476 ejusm-

2269 2515 2454 2576 pestas
2474 2503 2650 2559 valida
2693 2505 2712 2576 (
2741 2502 2890 2558 Paul.
2919 2517 3068 2566 χιιι,
3110 2503 3146 2558 '5
3167 2541 3182 2564 ,
3229 2502 3324 2569 4).
3355 2521 3374 2554 ι
3435 2500 3633 2563 Tamen,
3659 2497 3756 2554 circa

2269 2599 2564 2654 novissima
2593 2598 2802 2653 dierum
2835 2597 3076 2663 illorum,
3101 2596 3250 2652 circa
3287 2593 3470 2650 smculi
3511 2605 3764 2648 consumma-

2269 2691 2470 2748 tionem
2497 2692 2613 2746 ltrcc
2640 2690 2778 2746 mala
2811 2699 2865 2745 et
2894 2689 3064 2744 multo
3090 2687 3314 2744 duriora
3359 2685 3664 2756 praenuntiata
3683 2691 3764 2736 sunt

2267 2799 2296 2838 a
2329 2781 2572 2848 Christo,
2593 2789 2650 2837 et
2683 2795 2716 2834 a
2759 2779 3042 2850 prophetis
3079 2788 3222 2834 ante-
3243 2777 3536 2833 Christum.
3567 2793 3584 2825 ι
3615 2773 3762 2842 Surget,

2269 2874 2444 2945 inquit
2475 2874 2531 2928 in
2555 2872 2864 2944 Evangelia,
2891 2871 3024 2942 gens
3063 2879 3250 2926 contra
3285 2879 3523 2940 gentem,
3543 2877 3590 2920 et
3609 2879 3760 2934 regnum

2268 2966 2536 3021 adversus
2567 2979 2814 3036 regnum,
2848 2973 2900 3017 et
2939 2973 3100 3017 erunt
3139 2961 3463 3032 pestilentire
3489 2969 3534 3013 et
3573 2958 3766 3016 fatueut

2269 3058 2426 3128 signa
2457 3073 2653 3127 magna
2677 3066 2838 3110 erunt
2867 3054 3019 3125 (Luc.
3051 3069 3164 3116 xxi,
3199 3052 3322 3122 £0);
3353 3063 3406 3107 et
3431 3052 3527 3106 nisi
3551 3045 3763 3102 abbreviati

2270 3160 2456 3207 essent
2482 3152 2599 3206 dies
2627 3151 2724 3219 illi,
2751 3163 2856 3203 non
2891 3147 3042 3202 fieret
3083 3145 3232 3200 salva
3269 3145 3450 3198 omnis
3485 3137 3762 3206 camillum.

2269 3259 2424 3311 xxw,
2457 3241 2572 3314 22).
2609 3261 2628 3292 ι
2677 3239 2828 3296 Unde
2876 3239 2929 3292 itt
2977 3247 3252 3308 postrema
3290 3236 3494 3292 visione
3521 3227 3764 3287 Danielisde

2267 3345 2516 3391 extremo
2547 3344 2852 3402 temporum
2901 3339 2950 3385 et
3006 3328 3360 3384 tribulatione
3401 3326 3486 3380 illa
3533 3317 3764 3378 intolemiili

2267 3428 2410 3482 circa
2443 3426 2604 3482 finem
2643 3425 2824 3481 saeculi
2859 3425 2930 3478 ita
2966 3422 3198 3493 legitur:
3233 3439 3252 3470 ι
3283 3421 3354 3477 Ει
3379 3419 3530 3475 faciet
3559 3413 3764 3481 llcxjum

2269 3518 2602 3574 voluntatem
2645 3531 2802 3570 suam
2850 3524 2908 3570 et
2951 3513 3275 3576 elcvabitur,
3327 3521 3381 3567 et
3431 3505 3766 3578 magniﬁca‘uitct

2268 3611 2556 3666 adversum
2599 3623 2817 3664 omnem
2861 3607 3026 3662 Deum
3058 3605 3126 3671 ⁸⁸,
3153 3615 3210 3658 et
3231 3606 3493 3660 adversus
3519 3603 3654 3655 Deum
3681 3597 3766 3650 dco-

2269 3717 2390 3756 rum
2421 3719 2438 3755 :
2471 3701 2726 3772 loquetur
2773 3699 3060 3770 magnifica
3096 3715 3112 3752 :
3141 3709 3200 3753 et
3243 3700 3460 3770 diriget,
3499 3699 3644 3752 donec
3671 3705 3768 3745 com-

2267 3791 2478 3861 pleatur
2518 3791 2796 3846 iracundia
2847 3791 3010 3863 (Dan.
3042 3807 3119 3853 tu,
3143 3791 3256 3860 56).
3296 3811 3314 3842 ι
3359 3791 3424 3844 lit
3468 3795 3764 3858 πεμψας

2272 3901 2292 3935 ι
2333 3882 2542 3948 Veniet,
2583 3883 2780 3954 inquit,
2826 3892 3062 3951 tempus,
3095 3881 3254 3952 quale
3295 3897 3406 3934 non
3443 3880 3538 3934 fuit
3561 3876 3618 3930 ab
3649 3871 3764 3929 initio.

2269 3987 2442 4044 usque
2473 3973 2540 4026 ad
2569 3983 2780 4044 tempus
2821 3973 2948 4027 illud
2982 3973 3148 4042 (Dan.
3177 3987 3277 4034 χιι.
3319 3974 3390 4032 l).
3431 3991 3450 4022 ι
3477 3970 3544 4024 De
3566 3963 3766 4022 abbrevia-

2269 4065 2412 4118 tione
2439 4079 2656 4134 quoque
2679 4063 3046 4119 tribulationis
3077 4064 3150 4116 ita
3179 4063 3460 4118 subdidit:
3507 4079 3524 4112 ι
3559 4056 3768 4126 υείιυαιυο

2269 4162 2460 4216 horum
2503 4162 2626 4218 linis
2663 4161 3012 4216 ntirabilium.
3065 4159 3132 4214 Et
3177 4159 3362 4213 audivi
3393 4158 3577 4220 virum,
3601 4149 3672 4220 qui
3693 4153 3768 4200 εηι

2269 4256 2492 4310 indutus
2531 4253 2712 4322 lineis,
2739 4251 3015 4329 iurantem
3047 4267 3143 4322 per
3171 4250 3460 4306 Viventem
3493 4249 3540 4302 in
3563 4251 3766 4301 πιετηιιω-

2267 4351 2391 4420 qnia
2416 4347 2469 4402 in
2517 4358 2747 4417 tempus,
2776 4355 2834 4401 et
2871 4356 3138 4415 tempora,
3179 4351 3234 4399 ct
3287 4343 3559 4398 dimidium
3587 4329 3767 4400 teminris

2269 4441 2462 4514 (Ibid,
2489 4439 2548 4504 6,
2577 4441 2684 4509 7).»
2721 4440 2776 4493 1η
2807 4437 3117 4492 novissimis
3138 4451 3270 4506 ergo
3300 4435 3506 4495 diebus,
3531 4429 3576 4485 id
3595 4429 3770 4488 castus

565 4525 678 4591 lex,
709 4541 832 4596 quae
862 4539 961 4597 per
992 4527 1210 4599 Moysen
1249 4529 1370 4584 data
1413 4541 1516 4596 est,
1555 4546 1663 4586 non
1708 4547 1774 4587 ex
1821 4543 2004 4587 monte
2033 4532 2162 4588 Sion
2199 4557 2240 4612 ι)
2269 4542 2430 4602 gente
2457 4532 2642 4586 mundi
2673 4547 2922 4602 vespera,
2949 4531 3168 4601 quando
3209 4529 3362 4584 venit
3411 4521 3656 4597 plenitudo
3679 4525 3767 4568 temo

565 4621 722 4686 exiit,
747 4621 876 4691 quia
911 4635 1020 4678 non
1051 4622 1106 4676 in
1133 4629 1318 4678 monte
1339 4621 1470 4678 Sion
1493 4624 1618 4678 data
1647 4634 1750 4688 est,
1775 4625 1868 4694 sed
1897 4625 1948 4678 in
1983 4635 2162 4681 monte

567 4712 744 4768 Sinni.
785 4713 916 4782 Quae
963 4715 1134 4786 igitur
1172 4715 1256 4772 lex
1304 4715 1434 4772 exiit
1479 4717 1545 4772 de
1596 4715 1750 4780 Sion,
1779 4717 1880 4774 nisi
1913 4715 1997 4772 lex
2027 4716 2161 4772 Novi

565 4803 906 4860 Testamenti
949 4821 1048 4875 per
1084 4805 1360 4860 Christum
1391 4807 1536 4872 data,
1566 4823 1686 4877 qua:
1721 4809 1789 4864 de
1815 4817 2000 4864 monte
2027 4808 2160 4864 Sion

567 4895 723 4961 exiit,
743 4897 1000 4966 quoniam
1025 4897 1092 4952 de
1111 4905 1295 4954 monte
1321 4896 1452 4954 Sion
1481 4897 1732 4954 Christus
1753 4899 1950 4954 coelum
1973 4915 2166 4956 ascenq

567 5003 730 5044 eurus
767 4987 1048 5059 discipulis
1083 4987 1196 5044 suis
1227 4989 1398 5060 legem
1433 5003 1534 5060 per
1560 4990 1818 5046 mundum
1849 4993 2161 5048 universum

569 5078 976 5146 praedicandam
1005 5081 1448 5136 commendavit:
1485 5099 1504 5132 α
1539 5081 1744 5138 Enntes
1778 5083 1846 5149 ",
1885 5084 2082 5155 inquit,
2107 5084 2162 5138 in

2270 4627 2442 4696 poris,
2484 4626 2535 4678 in
2559 4640 2664 4693 qua
2693 4625 2843 4678 misit
2873 4623 3016 4677 Deus
3045 4622 3242 4677 Filittm
3275 4637 3434 4676 suum
3463 4621 3512 4674 itt
3539 4613 3683 4676 terris,
3703 4616 3766 4676 ΡΜ

2269 4720 2382 4785 illa,
2411 4718 2660 4788 superius
2689 4719 2856 4780 dicta,
2909 4717 2962 4770 in
3015 4715 3254 4770 Ecclesia
3300 4714 3396 4768 Dei
3433 4697 3767 4782 primititafnil.

2269 4811 2470 4879 diuque
2523 4810 2679 4880 longe
2729 4809 2946 4878 lateque
2999 4805 3318 4876 permansit.
3363 4803 3516 4858 Circa
3537 4791 3768 4852 verttlilltiin

2269 4899 2474 4964 saeculi,
2509 4899 2612 4954 hoc
2654 4908 2758 4965 est,
2789 4898 2936 4953 circa
2978 4897 3396 4952 uovissimorum
3439 4895 3586 4946 linem
3607 4886 3768 4940 dierum.

2271 4994 2542 5049 dissensio
2571 4992 2658 5048 illa
2696 5007 2794 5062 per
2824 4990 3108 5055 mundum,
3136 4997 3193 5045 et
3222 4987 3518 5050 tribulatio,
3543 4993 3641 5051 que
3663 4983 3770 5040 sui“?

2269 5087 2382 5140 rius
2405 5084 2450 5116 δ’
2483 5084 2626 5138 dicta
2665 5092 2770 5147 est,
2801 5083 3054 5147 cbulliet,
3105 5091 3160 5136 et
3183 5081 3498 5135 saevissima
3536 5075 3642 5136 erit,
3663 5073 3772 5133 amt16

571 5167 832 5223 mundum
890 5172 1207 5228 universum
1267 5173 1558 5242 pnedicate
1617 5173 1970 5246 Evangelium
2015 5175 2161 5230 omni
2261 5177 2374 5247 jam
2397 5175 2624 5231 ebullire
2651 5173 2838 5244 erepit.
2873 5174 3066 5230 Paucis
3102 5181 3160 5228 et
3205 5171 3480 5228 succincte
3508 5159 3770 5222 uuncaitiu

571 5264 840 5314 creaturae
870 5261 1064 5322 (Marc.
1089 5279 1244 5330 amv,
1269 5262 1384 5336 49).
1413 5282 1432 5317 ι
1465 5264 1576 5321 lloc
1616 5273 1702 5321 est
1725 5266 1920 5321 “illud
1960 5267 2166 5322 bonum

571 5347 825 5416 verbum,
869 5351 922 5406 id
973 5363 1078 5422 cst,
1141 5355 1532 5428 Evangelium,
1578 5358 1720 5426 quod
1761 5359 1827 5413 de
1865 5356 2162 5414 Ierusalem

2269 5283 2390 5336 σιιιω
2430 5267 2496 5322 de
2535 5267 2771 5322 adventu
2813 5265 3015 5321 Christi
3060 5262 3408 5334 proposuisti,
3461 5251 3772 5327 respondimus.

2269 5358 2587 5427 responsuri
2648 5355 2882 5429 plenius,
2940 5371 3064 5412 cum
3123 5356 3190 5411 ad
3241 5355 3294 5410 id
3331 5362 3386 5410 et
3425 5361 3618 5418 tempus
3640 5353 3713 5398 uos
3737 5343 3772 5386 (ι

1858 5471 2086 5527 vannis
2111 5471 2511 5542 LECTIONES.

644 5580 690 5616 ”
729 5579 836 5654 Ms.
874 5579 1030 5645 Vict.,
1058 5585 1330 5640 subditam
1367 5587 1469 5640 sub
1495 5584 1755 5654 quolibet.

1836 5584 1883 5615 “
1921 5583 2028 5640 Ms.
2058 5583 2122 5638 S.
2149 5581 2277 5638 Ger.
2313 5584 2461 5637 omit.
2493 5582 2640 5638 vitaz.
2719 5582 2765 5615 “
2807 5581 2939 5636 Mss.
2973 5579 3124 5636 Rem.
3148 5591 3196 5636 et
3229 5579 3290 5636 S.
3315 5577 3518 5640 Germ,
3545 5573 3674 5630 data,
3695 5575 3772 5640 qi}?

573 5655 645 5712 ab
689 5635 768 5708 eis
792 5635 1330 5723 Vlocisipertotitiii'
1355 5635 1850 5710 diiietil'Ea'r‘t-Entm
1878 5635 2236 5712 annuttiiatur
2257 5635 2496 5708 diifusa?
2535 5635 2745 5719 sedete,
2785 5635 3066 5722 inquinin
3103 5635 3327 5723 ciuitate,
3361 5635 3526 5723 donec
3559 5635 3776 5723 finitimi“

573 5727 764 5796 uirtute
791 5741 856 5796 ea:
879 5715 1165 5796 alto-(Luc.
1193 5741 1342 5790 μιν,
1363 5727 1490 5790 £9);
1515 5737 1570 5780 et
1599 5727 1722 5780 inde
1754 5741 2083 5796 ascensurus
2113 5727 2169 5780 in
2200 5723 2398 5782 caelum
2419 5726 2518 5790 ait,
2557 5715 2764 5796 euntes,
2783 5715 2891 5796 etc.
2914 5723 3014 5796 ﬂ“
3057 5723 3156 5780 Ms.
3190 5722 3249 5796 δ.
3271 5721 3418 5796 Cen,
3456 5721 3554 5796 hoc
3577 5715 3692 5796 enim
3709 5715 3772 5762 est.

575 5795 620 5826 "
664 5795 766 5849 Ms.
799 5793 919 5850 Ger.
962 5787 1106 5852 omit.
1159 5787 1574 5852 uncis—inclusa.
1653 5795 1698 5828 δα
1739 5795 1841 5850 Ms.
1883 5796 2054 5862 Rcm.,
2096 5811 2294 5851 nomen
2344 5787 2572 5850 Domini.
2651 5796 2695 5827 δ’
2739 5793 2868 5852 Mss.
2913 5793 3044 5848 Vict.
3089 5807 3134 5848 et
3185 5793 3242 5850 S.
3287 5791 3435 5856 Gen,
3465 5787 3684 5844 inferius.
