3990 6310
161 439 289 495 ίοῖτ

1182 426 1599 483 DlSPlj-TATIO
1640 426 1859 481 JliDJEI
1900 426 2044 482 CUM
2083 422 2525 483 (illRlSTHNO.

3289 428 3422 480 ιυιδ

159 553 291 607 ratio
319 548 655 627 perduxerit.
685 547 763 601 Ad
795 546 1073 603 Christum
1121 545 1432 608 redeamus,
1471 546 1523 599 in
1574 559 1732 614 quem
1763 557 1813 617 Α
1842 556 2005 612 atque
2047 556 2337 614 utrumque
2383 539 2635 613 populum
2664 540 2714 595 in
2738 520 2797 596 se
2824 554 2990 596 unum
3026 536 3253 601 faciens,
3289 536 3429 608 lapis

156 644 260 699 divi
290 654 344 698 et
369 642 487 697 dico
510 641 635 712 quia
664 649 878 711 oportet
905 649 955 694 te
986 639 1231 694 credere.

1839 638 2126 708 pretiosus,
2159 636 2285 711 quia
2312 636 2466 703 mors:
2487 634 2608 703 ejus
2633 633 2771 704 apud
2810 633 2979 687 Deum
3012 631 3146 685 tanti
3190 627 3422 693 exstitit,

224 733 480 801 Quamvis
516 733 661 788 enim
690 746 821 801 p:.ce
865 745 983 785 mea
1013 732 1255 787 concedo
1287 745 1409 787 esse
1432 731 1502 785 (lit
1522 740 1656 794 tum,
1683 739 1736 785 et
1833 738 1898 791 ut
1923 736 2145 798 peccata
2183 727 2349 781 totius
2390 726 2599 781 tolleret
2623 726 2829 779 mundi.
2855 723 2995 789 Sed,
3016 722 3264 793 quamvis
3288 720 3425 790 lapis

154 828 293 881 sulm
320 826 439 881 fidei
470 824 770 880 assertione
789 833 1068 880 contestor
1089 838 1210 878 esse
1231 824 1638 893 appruliaudum
1665 824 1733 887 ⁸ο,

153 920 272 988 quia
331 933 435 972 non
499 918 760 972 debemus
812 918 1037 970 credere
1084 915 1190 969 nisi
1242 916 1292 968 in
1356 915 1521 970 Deum
1574 924 1630 968 et
1681 914 1735 968 in

156 1023 337 1073 imum,
365 1009 545 1061 tamen
573 1006 683 1061 dixi
719 1015 775 1060 et
799 1005 920 1061 dico
957 1005 1164 1075 quiain
1191 1003 1463 1060 Christum
1498 1012 1550 1059 te
1578 1017 1740 1074 opor-

155 1110 225 1157 tet
251 1102 495 1157 crez’ere.

220 1193 426 1249 Nomen
454 1193 544 1247 Dei
571 1193 623 1246 in
651 1207 846 1246 vanum
870 1205 1211 1261 nequaquam
1242 1189 1590 1252 asSumim‘ns,
1610 1188 1735 1258 quia

154 1285 282 1341 nulli
312 1295 579 1340 creatura:
608 1300 803 1340 nomen
826 1285 1143 1354 cultumque
1167 1281 1468 1338 divinitatis
1490 1281 1738 1336 attribui-

150 1392 302 1439 mus;
350 1384 405 1430 et
441 1376 485 1431 si
529 1375 651 1446 quis
697 1375 1100 1429 attribuendam
1147 1374 1278 1428 dicit
1322 1388 1467 1439 esse,
1514 1373 1737 1428 omnino

150 1468 544 1538 mlarguimus.
588 1466 653 1520 Et
686 1474 866 1521 tamen
904 1465 1014 1519 dixi
1052 1473 1108 1520 et
1150 1466 1273 1519 dico
1305 1464 1430 1533 quia
1478 1464 1532 1519 in
1580 1462 1738 1518 Chri-

149 1562 293 1613 stum
332 1566 547 1630 Oportet
598 1566 651 1612 te
709 1557 959 1622 credere,
1014 1556 1144 1626 quia
1190 1557 1467 1611 Christum
1524 1562 1739 1609 constat

146 1652 318 1705 Deum
347 1657 403 1706 et
429 1651 699 1705 hominem
731 1665 874 1705 esse.
905 1649 1058 1705 Licet
1078 1648 1221 1704 enim
1252 1651 1538 1703 credamus
1566 1647 1735 1703 Deum

147 1744 506 1813 assumpsisse
532 1744 807 1799 hominem
837 1744 891 1798 in
924 1744 1185 1798 unitatem
1213 1757 1477 1812 personae,
1506 1750 1558 1795 et
1579 1740 1738 1795 Chri-

144 1848 287 1890 stum
318 1834 607 1892 credamus
632 1836 799 1891 Deum
829 1845 883 1891 et
908 1836 1181 1891 hominem
1208 1850 1352 1899 esse,
1382 1842 1563 1887 tamen
1603 1832 1753 1887 duas‘

1838 820 2116 891 probatus,
2154 820 2449 889 angularis,
2499 820 2770 888 pretiosus
2810 819 2995 885 fuerit,
3038 817 3227 873 nonin
3274 830 3422 877 eum,

1838 912 1931 967 sed
1962 912 2010 967 ei
2036 912 2213 965 debita
2246 910 2630 966 observatione
2675 910 2969 965 credimus.
3002 908 3139 974 Quia
3185 915 3241 961 et
3284 906 3426 959 Deus

1838 1014 1922 1060 est
1956 1005 2121 1075 (unde
2168 1012 2223 1059 et
2263 1003 2658 1072 consequitur:
2691 1022 2709 1054 ι
2742 1004 2833 1073 qui
2880 1001 3171 1057 crediderit
3207 1000 3260 1053 in
3302 1013 3424 1053 eum

1838 1111 1946 1152 non
1974 1095 2337 1151 confundetur
2362 1093 2409 1157 ι)
2436 1101 2492 1149 et
2519 1094 2567 1147 ei
2601 1102 2655 1147 et
2682 1094 2733 1147 in
2771 1108 2892 1147 eum
2916 1092 3097 1147 debito
3128 1089 3429 1145 divinitatis

1837 1188 1983 1242 cultu
2013 1187 2306 1242 credimus.
2338 1184 2492 1253 Quod
2525 1193 2706 1239 autem
2734 1183 2780 1216 ⁵³
2807 1183 2943 1238 dicis
2972 1192 3026 1239 et
3056 1198 3155 1237 nos
3177 1179 3428 1250 negando

1839 1279 2042 1345 dicere,
2075 1286 2130 1332 et
2156 1277 2386 1332 dicendo
2426 1289 2629 1346 negare
2656 1290 2821 1329 unum
2851 1281 2906 1329 et
2935 1272 3203 1342 triplicem
3233 1271 3451 1335 Deum,

1840 1373 2017 1428 modis
2061 1372 2317 1426 omnibus
2369 1385 2628 1441 negamus
2676 1384 2843 1424 unum
2891 1378 2947 1424 et
2992 1366 3257 1437 triplicem
3296 1366 3425 1431 dici,

1839 1467 1966 1536 quia
2030 1465 2082 1519 in
2133 1465 2244 1519 Deo
2299 1464 2502 1519 nullam
2565 1463 2796 1518 dicimus
2847 1460 3212 1531 triplicitatem
3246 1497 3261 1521 ,
3329 1458 3449 1512 sed,

1840 1574 2005 1612 unum
2037 1557 2239 1611 trinum
2288 1556 2540 1619 dicimus,
2572 1554 2700 1624 quia
2737 1555 2789 1608 in
2818 1552 3038 1608 deitatis
3068 1550 3278 1605 unitate
3305 1562 3430 1618 per-

1839 1662 2097 1704 sonarum
2147 1647 2423 1703 credimus
2479 1646 2801 1700 trinitatem.
2852 1644 3032 1711 Quare
3080 1652 3260 1697 autem
3321 1641 3427 1695 dici

1840 1754 1947 1794 non
1980 1739 2139 1793 debet
2176 1736 2485 1806 triplicitas,
2516 1744 2572 1790 et
2604 1750 2778 1805 quare
2826 1734 2929 1789 dici
2978 1741 3156 1802 potest
3188 1731 3429 1796 trinitas,

1840 1847 1940 1887 suo
1975 1832 2093 1887 loco
2120 1831 2398 1895 dicemus,
2425 1838 2482 1885 et
2509 1829 2651 1899 quod
2684 1829 2948 1894 dicemus,
2979 1826 3189 1881 ratione
3234 1832 3292 1880 et
3330 1838 3429 1878 au-

149 1936 374 1980 uaturas
398 1926 451 1981 in
477 1940 544 1980 eo
568 1927 874 1991 credimus,
891 1936 946 1982 et
974 1927 1196 1981 omnino
1234 1927 1498 1981 discretas
1531 1926 1735 1979 utrius-
1766 1908 1811 1969 Β
1839 1925 2096 1981 ctoritate
2118 1932 2447 1978 astruemus.

151 2033 253 2087 que
288 2028 499 2073 naturae
548 2020 905 2089 proprietates
942 2020 1255 2075 asserimus.
1286 2018 1508 2073 Manens
1535 2018 1734 2088 quippe
1785 2023 1790 2027 ’
1836 2032 1869 2089 ξ’
1890 2024 1929 2059 '91

147 2102 672 2167 lncommutabiliter
717 2112 859 2167 Deus
927 2112 982 2167 id
1035 2112 1178 2182 quod
1231 2118 1388 2176 erat,
1437 2110 1734 2180 assumpsit

146 2205 286 2271 quod
318 2219 425 2259 non
475 2203 874 2259 eratherbum
904 2205 1044 2274 quod
1068 2213 1186 2259 erat
1219 2205 1271 2258 in
1302 2202 1567 2274 principio
1591 2203 1737 2273 apud

151 2296 342 2363 Deum,
383 2297 480 2365 per
509 2297 651 2366 quod
686 2297 867 2351 omnia
919 2296 1062 2352 facta
1116 2306 1261 2361 sunt,
1290 2307 1343 2353 et
1373 2298 1491 2352 sine
1518 2310 1625 2366 quo
1654 2295 1747 2349 fao‘

147 2394 290 2439 ctum
330 2395 412 2440 est
446 2385 597 2451 nihil,
630 2396 761 2441 earo
790 2385 991 2441 factum
1019 2394 1125 2451 est,
1172 2395 1228 2440 et
1270 2384 1534 2440 habitavit
1557 2385 1610 2439 in
1635 2399 1731 2439 no-

150 2477 439 2546 bis(Joan.
486 2495 524 2542 ι,
578 2479 629 2543 1,
684 2477 796 2549 14).
840 2478 974 2546 Quia
1006 2493 1136 2549 ergo
1165 2478 1414 2534 Christus
1454 2480 1596 2534 Deus
1625 2486 1728 2544 est,

144 2570 313 2635 Filius
342 2571 435 2625 Dei
468 2576 547 2625 est
573 2571 799 2634 virtute,
836 2585 943 2625 non
970 2571 1165 2641 gratia,
1196 2571 1347 2625 Patri
1373 2571 1751 2625 consubstan-‘

145 2660 307 2725 tialis,
341 2664 515 2729 paret
537 2670 861 2722 cozetcruus,
910 2670 1037 2714 ante
1079 2661 1259 2713 omnia
1311 2659 1551 2714 existens
1594 2669 1749 2715 tem-

143 2767 294 2821 pora,
324 2760 378 2805 et
418 2751 472 2805 in
510 2756 630 2805 eum
683 2751 975 2806 credimus.
1004 2750 1083 2822 [‘“
1114 2748 1249 2817 Quia
1276 2749 1433 2821 vero]
1464 2749 1642 2804 factus
1676 2749 1728 2802 in

143 2854 409 2915 tempore,
442 2845 606 2898 homo
643 2852 743 2909 est,
782 2844 951 2899 Filius
990 2844 1082 2897 Dei
1113 2854 1219 2905 est,
1252 2860 1358 2897 non
1388 2844 1609 2906 virtute,
1634 2842 1730 2897 sed

143 2937 336 3007 gratia,
379 2935 485 2989 Deo
532 2936 776 3002 inferior,
820 2937 1123 2990 minoratus
1171 2937 1335 2990 etiam
1368 2936 1527 3005 paulo
1552 2935 1729 2988 minus

145 3026 209 3079 ab
238 3024 471 3094 angelis,
498 3025 598 3078 sub
626 3016 874 3094 tempore.
898 3024 1096 3090 factus,
1130 3035 1288 3079 natus
1316 3041 1382 3078 ex
1412 3025 1637 3078 muliere
1658 3024 1726 3087 "’,

141 3124 193 3170 et
225 3117 279 3170 in
316 3131 438 3170 eum
470 3116 677 3170 scilicet
717 3116 993 3171 hominem
1027 3124 1360 3186 assumptum
1401 3131 1507 3169 non
1555 3114 1733 3168 credi-

145 3225 283 3263 mus.
320 3207 450 3262 Item
479 3226 491 3263 :
523 3209 647 3278 quia
682 3208 823 3263 Deus
864 3218 967 3272 est,
1008 3225 1109 3264 nec
1137 3206 1294 3273 mori,
1330 3223 1427 3261 nec
1470 3207 1602 3276 pati,
1629 3220 1728 3260 nec

143 3302 290 3356 nasci
320 3300 518 3371 potuit;
554 3303 677 3371 quia
703 3303 862 3356 homo
889 3310 993 3367 est,
1018 3311 1071 3356 et
1100 3303 1232 3356 mori
1255 3312 1309 3356 ct
1333 3302 1464 3371 pati,
1490 3311 1544 3354 et
1576 3300 1739 3354 nasci

142 3396 342 3465 potuit,
371 3404 424 3449 et
451 3395 654 3460 voluit;
700 3402 749 3449 et
782 3409 879 3464 per
906 3395 1177 3465 passionis
1211 3409 1326 3449 sua:
1356 3393 1669 3463 mysterium
1698 3407 1743 3446 at

140 3499 321 3541 morte
368 3502 463 3541 nos
518 3488 765 3542 redemit.
804 3487 1071 3557 Propheta
1112 3490 1226 3553 ipse
1277 3488 1440 3543 Isaias
1480 3486 1647 3540 Deum
1678 3493 1731 3539 et

140 3580 437 3635 hominem
457 3578 697 3633 futurum
730 3594 852 3635 esse
875 3580 1151 3634 Christum
1180 3580 1572 3649 prmnuutians,
1612 3578 1688 3629 ait
1715 3594 1728 3630 :

145 3689 171 3723 r
213 3672 401 3736 Ecce,
455 3671 629 3740 inquit
674 3669 972 3737 Dominus,
1010 3686 1208 3738 ponam
1264 3672 1317 3725 in
1366 3668 1741 3724 fundamentis

138 3766 267 3822 Sion
329 3765 559 3833 lapidem
610 3766 936 3835 probatum,
996 3765 1336 3834 angularem,
1397 3765 1725 3833 pretiosum;

137 3861 225 3928 qui
258 3856 559 3914 crediderit
582 3856 632 3910 in
664 3870 810 3921 eum,
834 3870 939 3911 non
972 3856 1337 3910 confundetur
1363 3857 1381 3923 (
1407 3852 1538 3907 lsai.
1570 3870 1729 3919 xvm,

135 3950 246 4019 16).
293 3969 311 4002 ι
352 3948 611 4017 Lapidem
644 3948 795 4011 dicit,
827 3955 883 4002 et
936 3955 1120 4016 aperte
1168 3945 1551 4015 subsequitur,
1585 3963 1604 3997 ‹
1639 3946 1729 4014 qui

138 4042 441 4098 crediderit
486 4041 537 4095 in
585 4055 732 4105 eum,
762 4054 867 4093 non
894 4038 1273 4093 confundetur.
1316 4057 1334 4089 ι
1374 4037 1421 4077 ⁵³
1459 4036 1563 4091 Per
1600 4037 1733 4107 lapi-

138 4134 261 4186 dem
318 4131 503 4199 itaque
553 4130 633 4184 sic
669 4129 981 4199 probatum,
1033 4128 1373 4197 angularem,
1408 4127 1727 4196 pretiosum,

132 4238 414 4277 summum
465 4222 729 4292 aliquem,
770 4222 1058 4276 Christum
1108 4222 1296 4290 utique
1350 4220 1600 4288 designat
1640 4219 1733 4273 lm-

134 4318 364 4371 minem.
410 4315 544 4381 Sed,
581 4316 625 4369 si
653 4316 815 4368 homo
848 4323 1054 4368 tantum
1094 4323 1259 4375 esset,
1294 4311 1538 4382 profecto
1563 4311 1733 4365 idolo-

134 4409 355 4462 latriam
400 4417 454 4462 et
498 4405 771 4475 profanari
804 4405 1063 4474 propheta
1097 4404 1375 4471 suaderet,
1411 4404 1501 4471 qui
1534 4404 1585 4458 iu
1628 4404 1727 4457 lto—

136 4499 343 4551 miucm
372 4498 519 4551 credi
557 4504 812 4565 oportere
840 4510 937 4549 nos
976 4495 1252 4550 admonet.
1303 4494 1438 4561 Quia
1467 4508 1594 4548 vero
1623 4509 1726 4549 non

1952 2070 1959 2073 .
2505 2029 2739 2069 100.803.

1844 2054 1857 2175 ξ
1906 2110 2038 2178 Qum
2056 2123 2142 2164 me
2176 2108 2315 2162 ratio
2338 2108 2409 2173 ",
2441 2121 2562 2177 quae
2590 2121 2676 2161 me
2707 2104 3118 2173 Scripturarum
3151 2100 3296 2171 cogit
3328 2112 3424 2153 au-

1835 2180 2074 2277 ctoritas,
2114 2208 2173 2253 ut
2203 2200 2423 2254 credam
2453 2198 2595 2269 quod
2625 2198 2766 2252 Deus
2793 2196 2958 2251 homo
2984 2194 3097 2249 fieri
3128 2199 3313 2261 queat,
3342 2187 3427 2244 vel

1837 2290 1999 2363 homo
2031 2295 2207 2349 factus
2245 2292 2359 2361 jatn
2398 2290 2637 2347 existat?
2675 2289 2732 2346 Si
2780 2286 2927 2349 nulla
2967 2285 3108 2356 apud
3143 2285 3310 2339 Deum
3342 2288 3429 2336 est

1835 2370 2257 2448 lransmutatio,
2313 2396 2417 2437 nec
2470 2382 2575 2436 ulla
2624 2377 3016 2435 vicissitudinis
3081 2374 3425 2430 obumbratio

1835 2478 1977 2549 (Jac.
2014 2493 2054 2541 ι,
2088 2477 2200 2546 l7),
2235 2474 2511 2545 quomodo
2547 2487 2714 2544 penes
2748 2476 2871 2525 eum
2918 2477 3065 2523 tanta
3097 2478 3279 2521 rerum
3307 2462 3425 2519 ﬁeri

1835 2582 2012 2645 potest
2036 2573 2288 2627 alteratio
2308 2573 2378 2637 ",
2408 2581 2467 2625 ut
2498 2572 2640 2627 Deus
2667 2572 2831 2626 homo
2863 2567 2978 2630 fiat,
3012 2564 3244 2619 Creator
3270 2576 3428 2617 crea-

1836 2676 1981 2731 tura,
2030 2674 2086 2720 et
2133 2664 2564 2734 incorruptibilis
2616 2662 2874 2718 credatur
2920 2659 3096 2712 factus
3143 2670 3266 2711 esse
3305 2668 3428 2710 cor-

1835 2758 2081 2831 ruptela?
2109 2756 2410 2824 Quomodo,
2437 2769 2642 2826 qtneso,
2668 2754 2933 2822 accipitur
2957 2768 2970 2803 :
3002 2767 3019 2800 ι
3046 2750 3104 2803 In
3134 2748 3423 2818 principio,

1836 2851 2082 2915 Domine,
2114 2860 2315 2903 terram
2348 2847 2615 2910 fundasti,
2654 2853 2707 2899 et
2740 2859 2903 2914 opera
2951 2858 3177 2898 manum
3206 2849 3443 2895 tuarum:

1835 2956 1961 3000 sunt
1990 2944 2137 2998 εαξη.
2168 2943 2265 3012 Ipsi
2294 2942 2580 3011 peribunt;
2622 2948 2675 2995 tu
2704 2946 2883 2994 autem
2913 2935 3277 3008 permanebis.
3311 2933 3426 2986 Mua

1835 3036 1975 3091 tabis
2023 3051 2146 3099 eos,
2197 3044 2252 3089 et
2299 3035 2688 3098 mutabuntur;
2723 3042 2777 3087 tu
2810 3040 2991 3087 autem
3036 3045 3252 3100 semper
3282 3028 3422 3082 idem

1833 3129 1948 3197 ipse
1972 3128 2063 3182 es?
2091 3152 2109 3179 ο
2133 3126 2305 3197 (Paul.
2333 3143 2408 3191 cr,
2432 3126 2524 3192 26,
2550 3125 2663 3190 27.)
2690 3123 2971 3191 Quomodo
2989 3123 3131 3176 Deus
3164 3142 3182 3173 ι
3210 3134 3426 3189 semper

1836 3218 1977 3273 idem
2005 3218 2116 3286 ipse
2144 3226 2260 3279 est,
2291 3237 2309 3268 ι
2345 3214 2388 3271 si
2427 3217 2692 3271 alteratus
2736 3216 2900 3269 homo
2951 3213 3067 3267 ﬁeri
3118 3211 3330 3281 p0'est?
3375 3210 3421 3265 si

1836 3312 1981 3365 Deus
2001 3320 2083 3365 est
2110 3313 2428 3375 immensus,
2458 3310 2730 3377 quomodo
2752 3310 2841 3364 vili
2882 3318 2938 3363 et
2966 3321 3131 3377 parva
3154 3305 3422 3359 humano-

1838 3420 1957 3459 rum
1994 3404 2333 3460 dimensione
2366 3403 2731 3457 membrorum
2778 3401 2955 3473 potuit
2999 3400 3281 3455 dimensus
3316 3396 3426 3452 cir—

1836 3495 2165 3550 cumscribi?
2210 3494 2254 3547 si
2301 3493 2442 3547 Deus
2481 3504 2565 3547 est
2607 3491 3140 3559 incircumscriptus,
3190 3503 3301 3557 quo
3338 3502 3428 3541 ar-

1835 3586 2261 3657 gumentationis
2291 3599 2491 3654 genere
2526 3584 2739 3638 dicetur
2768 3583 2910 3653 quod
2938 3582 3275 3636 dimensione
3304 3593 3427 3633 cor-

1836 3693 1997 3748 porea
2022 3676 2470 3745 circumscriptus
2502 3684 2646 3731 totus
2666 3675 2766 3729 sub
2790 3683 3023 3743 angusto
3054 3672 3247 3726 matris
3271 3680 3427 3725 utero

1835 3772 2010 3844 potuit
2037 3768 2463 3839 comprehensus
2521 3766 2727 3822 teneri?
2774 3766 2855 3819 Ad
2890 3766 3025 3829 haec,
3076 3765 3119 3819 si
3156 3763 3299 3817 Deus
3341 3771 3429 3816 est

1835 3880 1942 3934 quo
1983 3862 2119 3918 nihil
2164 3858 2340 3928 majus
2390 3859 2505 3914 sive
2549 3856 2907 3912 sullicientius
2948 3852 3175 3924 cogitari
3220 3859 3424 3921 potest,

1835 3970 1940 4025 qua
1968 3955 2298 4010 necessitate
2342 3958 2564 4008 coactus
2603 3949 2852 4004 humana:
2890 3944 3221 4000 calamitatis
3252 3941 3426 4010 parti-

1835 4063 1983 4115 ceps,
2022 4055 2074 4102 et
2108 4056 2379 4100 tantorum
2420 4044 2595 4098 factus
2619 4050 2705 4097 est
2732 4054 2958 4096 consors
2983 4045 3037 4092 et
3070 4036 3283 4106 patiens
3312 4049 3427 4090 ma-

1837 4135 2049 4190 lorum?
2078 4134 2320 4203 Denique
2354 4136 2399 4189 si
2428 4135 2570 4188 Deus
2612 4135 2774 4188 homo
2810 4131 2987 4186 factus
3013 4137 3117 4193 est,
3151 4125 3426 4197 quomodo

1835 4228 2001 4283 stabit
2047 4228 2190 4297 quod
2228 4227 2344 4296 ipse
2396 4226 2609 4283 locutus
2656 4228 2724 4280 ad
2775 4225 2995 4296 Moysen
3044 4223 3217 4278 dixit:
3256 4240 3275 4273 ι
3306 4220 3424 4275 Non

1834 4320 1977 4374 enim
2009 4317 2203 4373 videbit
2236 4332 2322 4373 me
2344 4318 2599 4381 homo,et
2624 4317 2831 4371 VlVCl?)
2863 4316 3063 4383 (Exod.
3088 4330 3281 4373 χχχιιι.
3304 4312 3425 4384 20.)

1834 4410 2058 4464 Multum
2112 4423 2417 4481 repugnare
2468 4411 2683 4465 videtur
2733 4417 2794 4464 ut
2841 4408 2984 4464 Deus
3030 4409 3194 4463 homo
3249 4408 3427 4462 factus

1832 4504 1904 4558 sit
1926 4503 1971 4534 ⁵⁷
2001 4511 2059 4557 et
2083 4502 2152 4557 ab
2174 4502 2396 4559 homine
2424 4504 2508 4559 vel
2540 4503 2609 4560 ab
2631 4503 2746 4575 ipsa
2776 4512 2952 4558 matre
2983 4517 3080 4575 sua
3112 4501 3281 4555 videri
3314 4516 3427 4556 non

129 4602 216 4647 est
279 4594 447 4646 homo
483 4601 715 4656 tantum,
758 4607 948 4647 verum
993 4599 1049 4646 et
1088 4589 1250 4654 Deus,
1277 4588 1362 4641 cui
1414 4588 1465 4641 in
1515 4574 1726 4658 psalmo
1763 4618 1810 4676 η
1835 4598 2092 4669 poluerit,
2128 4598 2283 4653 Αὺείι
2329 4598 2475 4653 enim
2516 4608 2575 4652 ιιι
2619 4574 2764 4652 οἰκ-(ια
2806 4596 2978 4651 Deum
3018 4574 3223 4663 aliquid
3252 4593 3425 4660 phan.

128 4684 337 4739 dicitur
369 4702 383 4739 :
421 4703 438 4735 ι
470 4685 562 4754 qui
592 4687 859 4740 sustinent
891 4695 961 4750 te,
996 4700 1103 4739 non
1126 4680 1522 4737 confundcntur
1552 4679 1724 4748 (Paul.

127 4792 280 4837 XXIV,
321 4777 402 4849 5),
443 4796 462 4829 ι
520 4777 639 4831 ideo
686 4778 912 4841 addidit,
970 4794 989 4826 ι
1020 4777 1109 4843 qui
1165 4774 1457 4828 crediderit
1489 4773 1541 4826 in
1575 4788 1724 4838 eum,

130 4884 241 4923 non
275 4868 658 4924 confundetur.
691 4888 709 4921 ›
754 4869 921 4939 igitur
950 4868 1220 4931 Christus,
1254 4865 1378 4935 quia
1413 4866 1572 4918 homo
1616 4873 1735 4931 est,

128 4962 349 5029 positus
384 4971 467 5015 est
521 4962 572 5015 in
602 4960 731 5017 Sion
781 4960 916 5030 lapis
944 4960 1220 5030 probatus,
1272 4957 1569 5028 augularis,
1602 4962 1735 5027 pre-‘

128 5053 330 5116 tiosns,
382 5052 520 5123 lapis
568 5054 857 5123 probatus;
904 5050 1030 5121 quia
1082 5058 1363 5120 peccatmn
1414 5065 1520 5104 non
1570 5048 1722 5114 fecit,

125 5159 230 5199 nec
264 5144 524 5199 inventus
552 5155 638 5199 est
676 5144 830 5199 dolus
876 5144 927 5197 in
956 5155 1050 5196 ore
1085 5142 1224 5210 ejus,
1262 5142 1398 5211 lapis
1422 5142 1720 5208 angularia,

123 5236 260 5305 quia
306 5236 778 5291 circumcisionem
818 5236 1082 5305 justificat
1129 5251 1195 5289 ex
1242 5236 1368 5301 fide,
1418 5246 1475 5291 et
1518 5252 1727 5307 praepu-

127 5331 269 5382 tium
308 5344 405 5398 per
433 5327 615 5394 fidem,
645 5337 934 5398 utrumque
964 5327 1224 5397 parietem
1266 5328 1319 5381 in
1353 5344 1412 5383 se
1438 5328 1719 5398 colligens,

1839 4690 2092 4744 tasticum
2140 4688 2308 4744 fuisse
2360 4690 2597 4745 dixeris!
2642 4688 2796 4744 Unde
2844 4688 3083 4743 fatemur
3115 4686 3239 4754 quia
3276 4683 3425 4739 nullo

1834 4782 1999 4835 modo
2031 4781 2115 4834 fas
2144 4790 2228 4835 est
2255 4778 2322 4836 de
2350 4781 2459 4835 Deo
2487 4780 2611 4835 talia
2639 4780 2981 4851 excogitare,
3013 4776 3210 4833 nedum
3241 4775 3426 4829 dicere

1835 4880 1930 4925 aut
1959 4870 2281 4940 praedicare,
2311 4873 2563 4940 quoniam
2595 4888 2692 4929 nec
2728 4872 2865 4926 ratio
2909 4872 2958 4925 id
3003 4884 3164 4941 posse
3210 4866 3322 4921 fieri
3350 4866 3422 4919 si-

1833 4962 1942 5025 nit,
1997 4975 2098 5015 nec
2151 4960 2256 5013 tilla
2303 4960 2599 5031 Scriptura:
2648 4962 2947 5018 auctoritas
2992 4959 3253 5025 occurrit,
3302 4972 3425 5027 quae

1833 5052 1958 5107 huic
1994 5053 2169 5107 errori
2215 5062 2399 5107 vestro
2443 5064 2768 5109 asseutanea
2806 5070 2901 5109 seu
2946 5054 3120 5107 vicina
3162 5051 3253 5107 sit.
3286 5049 3423 5105 Nam

1836 5146 1967 5201 illud
1999 5147 2148 5202 Isaia:
2194 5148 2535 5214 vaticinium,
2566 5149 2708 5221 quod
2740 5148 2806 5203 ad
2836 5158 3071 5202 vestrum
3103 5144 3425 5217 accipiendo

1832 5251 2055 5291 sensum
2090 5237 2234 5291 male
2256 5239 2483 5294 omnino
2508 5240 2855 5311 depravatis:
2894 5258 2915 5290 ο
2938 5239 3082 5295 Ecce
3113 5238 3266 5308 virgo
3291 5252 3420 5291 con-
3460 5270 3463 5273 λ

1831 5329 1996 5397 cipiet
2021 5339 2072 5383 et
2102 5329 2279 5399 pariet
2305 5330 2506 5398 filium;
2538 5342 2592 5387 et
2614 5336 2896 5389 vocabitur
2928 5349 3118 5389 nomen
3145 5330 3262 5401 ejus
3294 5331 3417 5386 Em-

1467 5439 1700 5496 VARIAE
1743 5440 2148 5499 LECTIONES.

200 5532 252 5565 “
302 5533 432 5590 )Iss.
474 5534 609 5589 Vict.
633 5543 682 5604 et
710 5532 770 5589 S.
800 5531 923 5587 Ger.
956 5535 1333 5604 approbatum.

1411 5536 1452 5567 ⁸¹
1500 5536 1628 5590 Mss.
1667 5534 1809 5588 Rem.
1836 5548 1882 5591 et
1914 5537 1974 5593 S.
1999 5538 2122 5594 σεῖ’.
2149 5541 2273 5593 omit
2300 5542 2447 5597 nucis
2479 5541 2700 5597 inclusa.

2778 5544 2823 5575 "
2866 5542 2994 5598 Mss.
3030 5543 3147 5601 V.et
3178 5547 3237 5602 S.
3263 5547 3414 5609 σίν..

124 5604 357 5689 femina.
434 5607 482 5689 _”
515 5605 615 5689 dis.
647 5603 796 5689 Rcui.
820 5606 968 5689 omit.
994 5603 1113 5689 par.
1190 5606 1235 5636 “
1278 5604 1424 5689 Mss;
1442 5605 1593 5661 Rem.
1623 5616 1671 5661 et
1799 5609 1950 5689 fieri,
1981 5610 2432 5689 quamvisitaque
2464 5614 2841 5689 (enimjltomo
2872 5615 3034 5671 fuerit
3067 5618 3200 5686 lapis
3221 5603 3416 5687 proba;

123 5685 239 5747 tus,
284 5677 583 5747 angularia,
639 5677 927 5747 pretiosus.
955 5686 1009 5729 et
1042 5677 1094 5728 in
1133 5692 1253 5729 eum
1280 5678 1585 5740 credimus;
1626 5679 1776 5747 quia,
1808 5689 1866 5734 ut
1891 5677 2024 5745 dixi,
2059 5677 2532 5736 Clu'istunrDeu'tu
2582 5691 2636 5738 et
2662 5685 2932 5741 hominem
2966 5702 3085 5741 esse
3120 5677 3413 5742 credimus.

120 5746 270 5818 Quia
293 5745 380 5818 get'
404 5749 549 5818 Deus,
583 5757 665 5799 est
705 5745 868 5811 (unde
913 5748 1294 5818 consequitur;
1330 5748 1417 5815 qui
1456 5745 1735 5802 crediderit
1776 5749 1829 5802 in
1871 5768 2008 5813 eum,
2056 5768 2156 5804 non
2198 5752 2602 5818 confundetur).
2647 5757 2933 5814 credentes
2975 5757 3025 5811 in
3056 5773 3203 5817 eum,
3231 5758 3417 5810 debito

120 5816 439 5884 divinitatis
471 5816 645 5877 cultu,
681 5831 783 5867 non
815 5815 1237 5872 confumientur.
1265 5817 1418 5884 Quod
1453 5828 1654 5874 autem.

119 5885 167 5917 "
211 5883 323 5940 Hs.
356 5884 412 5942 S.
450 5887 624 5942 Germ.
660 5886 817 5940 homo
850 5888 940 5950 sit,
974 5899 1080 5943 etc.

1762 5819 1804 5850 "
1848 5820 1951 5875 Ms.
2003 5819 2173 5887 ΒΗΛ,
2209 5821 2479 5879 alteratio.

2558 5818 2629 5855 τ’
2674 5826 2776 5881 Ms.
2830 5826 2963 5884 Vict.
3044 5826 3411 5884 obuutbt'atio.
