3990 6310
539 390 676 450 1019

1469 388 1874 447 σιειειιειιτι
1917 388 2209 447 (ΣΒΙΞΙῚΝΙ
2250 392 2408 450 ABB.
2453 393 2954 453 WLSTSIONAST.

535 505 770 569 mamel.
809 504 911 561 hoc
936 512 1041 571 est,
1073 504 1350 561 nobiscum
1398 504 1574 559 Deus!
1610 524 1628 557 ι
1680 504 1839 575 (Ιεαί.
1864 522 1964 579 vn,
2007 506 2119 577 14.)
2154 511 2407 589 Αηηιίιιιιε
2438 512 2577 569 Dens
2615 513 2779 570 Israel
2810 515 3086 587 ingressus
3110 522 3195 570 est
3239 527 3338 583 per
3375 524 3522 574 eam,
3550 514 3609 561 et
3632 519 3819 559 causa

535 600 673 668 Quid
708 600 775 654 ad
807 614 917 653 rem
950 598 1089 652 unde
1110 598 1356 668 agimus?
1378 597 1617 667 nunquid
1645 598 1714 653 ab
1737 597 1957 653 homine
1984 615 2123 653 nun-

2227 605 2354 659 erit.
2388 624 2405 656 ι
2439 604 2555 672 Ipse
2587 605 2843 662 Dominus
2888 608 3027 662 Deus
3064 604 3229 661 Israel
3279 606 3561 675 ingressus
3599 606 3698 654 est
3732 612 3823 665 per

533 705 695 760 quam
721 698 973 758 corrupta
993 728 1009 753 ,
1036 676 1129 743 sed
1155 688 1271 743 viro
1299 697 1487 757 nupta,
1514 688 1666 759 virgo
1687 688 1866 744 adhuc
1887 690 2127 745 existens
2225 712 2369 760 eam,
2418 696 2597 751 factus
2620 697 2785 753 homo
2830 699 2969 754 sicut
3001 696 3241 767 psalmus
3268 696 3441 752 dicit:
3476 713 3499 746 ι
3516 690 3821 758 Tanquam

534 780 807 850 concipiet
828 789 884 834 et
922 781 1095 849 pariet
1125 778 1330 834 lilium?
1361 779 1559 833 Animo
1598 778 1786 834 lihcnti
1819 782 2116 850 accipimus

534 873 600 927 de
612 873 828 927 Christo
842 873 1161 935 dictttm,¢et
1180 872 1461 942 vocahitur
1478 887 1672 927 nomen
1693 871 1830 938 ejus,
1845 871 2125 926 nobiscum

536 968 700 1031 Deus,
732 985 751 1020 ι
784 967 885 1021 Ιιοε
907 975 1012 1031 εει,
1044 974 1206 1021 tanta:
1233 966 1514 1035 dignitatis
1538 975 1593 1020 et
1633 965 1824 1036 gratia:
1853 966 1959 1020 erit
1984 964 2125 1034 apud

538 1059 728 1123 Deum,
761 1066 821 1111 ut
869 1057 921 1112 itt
948 1073 1012 1114 eo
1039 1068 1093 1113 et
1122 1074 1218 1128 per
1244 1076 1366 1114 eum
1400 1057 1677 1121 Dominus,
1706 1057 1755 1113 id
1778 1068 1880 1123 est,
1916 1056 2125 1111 Domini

535 1139 708 1207 vilius
752 1153 826 1208 sit
861 1152 1163 1209 nobiscum.
1194 1152 1444 1222 Nunquid
1487 1152 1698 1220 quoties
1727 1152 1794 1207 ad
1824 1162 2125 1207 vestrarum

534 1244 796 1301 solemnia
830 1244 1117 1300 missarum
1144 1238 1327 1300 dicitis
1355 1261 1368 1298 :
1417 1263 1436 1297 ι
1469 1244 1728 1299 Dominus
1767 1243 2072 1306 vobiscum,
2102 1260 2121 1294 ι

536 1339 720 1393 statim
734 1339 1085 1408 consequitur
1100 1349 1158 1393 ut
1171 1339 1310 1395 Deus
1325 1339 1485 1394 homo
1502 1339 1617 1405 liat,
1632 1339 1713 1395 vel
1732 1341 1783 1393 in
1801 1340 1955 1393 turba
1969 1338 2127 1392 homo

537 1431 712 1486 lactus
755 1433 1020 1487 consistat
1038 1432 1119 1486 ”?
1163 1432 1427 1501 Propheta
1467 1433 1630 1503 igitttr
1678 1448 1792 1487 rem
1840 1446 2055 1487 sacram
2080 1430 2127 1462 "

536 1539 1021 1589 commemorans,
1094 1535 1149 1579 et
1208 1524 1470 1579 nascituri
1524 1523 1725 1578 Christi
1779 1522 2127 1577 eminentiam

534 1616 931 1685 pnenttntians,
983 1615 1114 1670 nihil
1166 1616 1232 1670 de
1265 1631 1332 1670 eo
1379 1616 1720 1681 absurdum,
1772 1615 1905 1669 nihil
1958 1615 2025 1669 de
2052 1630 2122 1669 eo

536 1716 726 1761 contra
777 1716 1028 1760 naturam
1080 1705 1216 1759 dixit
1262 1722 1382 1761 esse
1428 1707 1702 1769 futurum,
1763 1704 1894 1759 nihil
1950 1719 2130 1775 prava:

536 1796 923 1867 snspicationis
954 1796 1269 1867 relinquens
1297 1815 1310 1850 :
1349 1814 1366 1848 ι
1397 1797 1556 1862 Ecce,
1587 1796 1782 1866 inquit,
1816 1796 1970 1866 virgo
2000 1810 2131 1849 con-

535 1890 722 1960 cipiet.
747 1909 765 1942 ι
802 1889 916 1957 Qua
972 1906 1104 1959 ergo
1151 1890 1477 1944 temeritatis
1513 1889 1938 1960 praesumptione
1980 1887 2129 1958 quis-

535 1997 697 2048 quam
753 1980 1036 2034 hominum
1081 1980 1245 2034 audet
1292 1981 1536 2035 scribere
1588 1979 1730 2048 quod
1778 1978 1926 2033 nullo
1970 1980 2128 2032 modo

537 2073 638 2126 luit
673 2074 934 2144 prOpheta
982 2089 1149 2128 ausus
1174 2073 1379 2137 dicere,
1428 2073 1571 2143 quod
1602 2072 1669 2127 de
1698 2073 1807 2125 Dco
1830 2072 1874 2103 °°
1924 2070 2127 2125 femina

533 2164 875 2234 conciperet,
922 2175 977 2218 et
1027 2173 1350 2234 conceptum
1404 2164 1470 2217 de
1499 2179 1565 2218 eo
1588 2162 1628 2194 ⁸⁸
1680 2161 1848 2223 lilium
1889 2169 2125 2231 pareret.

542 2257 811 2326 Propheta
855 2257 1014 2323 dixit,
1062 2275 1079 2309 t
1111 2258 1358 2328 concepit
1406 2266 1461 2311 et
1509 2257 1719 2327 peperit
1765 2252 2127 2327 ﬁliumUsai.

538 2364 653 2413 vin,
685 2349 762 2419 5),
788 2367 806 2401 ι
831 2364 928 2402 vos
957 2364 1021 2402 ex
1049 2361 1233 2404 vestro
1260 2365 1422 2403 sensu
1452 2348 1741 2418 eonjicitis,
1769 2355 1822 2400 et
1850 2361 2128 2402 commen-

539 2452 709 2497 tatum
756 2458 1144 2512 usquequaque
1192 2442 1523 2511 divulgatis:
1581 2458 1601 2491 ι
1636 2441 1700 2494 I‘Zt
1748 2448 1868 2510 post
1915 2448 2129 2507 partum

534 2532 689 2605 virgo
714 2535 1062 2606 permansit,»
1097 2534 1239 2604 quod
1275 2550 1540 2604 nusquam
1582 2549 1610 2586 a
1638 2532 1899 2603 propheta
1926 2531 2128 2586 dictum

540 2628 786 2696 accipitis
810 2628 876 2681 “.
926 2625 1248 2695 Injuriosum
1302 2627 1468 2698 igitur
1513 2636 1596 2680 cst
1636 2626 1778 2694 quod
1806 2622 1987 2681 fronte
2019 2633 2128 2679 tam

540 2718 835 2787 impudenti
871 2733 1026 2773 sacra
1057 2718 1445 2788 prophetarum
1470 2716 1709 2786 eloquia,
1745 2716 1812 2770 ad
1844 2714 2125 2769 hominum

538 2810 875 2866 voluntatem
905 2812 1354 2876 commentando,
1384 2810 1457 2864 ita
1488 2806 1945 2880 interpretatnini.

1146 2921 1517 2962 CHRISTIANUS.

608 2996 820 3052 Nullam
863 2997 915 3052 in
959 2997 1063 3053 hoc
1095 3007 1437 3053 sacramento
1484 2995 1897 3067 repugnantiam
1948 3008 2129 3050 rerum

539 3092 859 3157 metuimus,
891 3091 1092 3146 nullam
1121 3092 1527 3162 Scripturarum
1556 3089 1943 3144 dissonantium
1976 3100 2133 3141 vere-

2228 802 2460 857 Sponsus
2488 791 2793 859 procedens
2820 792 2888 847 de
2914 791 3154 845 thalamo
3180 804 3285 845 suo
3304 784 3480 846 (Ρεαι.
3505 798 3653 839 mu
3710 781 3820 834 δι..

2231 879 2295 933 Ει
2334 881 2584 949 quamvis
2623 882 2810 945 homo,
2844 892 3022 938 tamen
3058 882 3336 953 princeps.
3380 878 3449 933 Et.
3486 876 3648 933 sicut
3690 872 3826 927 aliis

2230 973 2469 1041 psalmus
2497 977 2629 1031 dicit
2652 990 2668 1030 :
2707 994 2725 1026 ι
2760 974 2911 1029 Ιιιιει·
2940 983 3183 1029 mortuos
3211 972 3350 1027 liber
3370 966 3545 1039 (ιιωι.
3568 980 3825 1025 unm,

2230 1065 2285 1131 6)
2363 1066 2612 1133 sedebit,
2673 1078 2732 1121 ut
2792 1066 3042 1122 comedat
3096 1078 3316 1134 pancm'
3346 1075 3533 1123 coram
3586 1055 3827 1111 Domino

2230 1155 2447 1225 (Ezech.
2482 1170 2624 1217 χιιι.
2676 1160 2755 1228 5).
2786 1177 2807 1212 ι
2861 1158 3035 1225 Quem
3076 1155 3307 1227 panem?
3342 1172 3363 1206 ι
3395 1167 3573 1217 me“.
3626 1150 3827 1219 Wo

2229 1251 2381 1327 cilius
2413 1262 2518 1315 εει,
2561 1261 2616 1305 ιιι
2651 1250 2848 1327 faciam
2880 1249 3210 1306 voluntatem
3248 1246 3429 1302 Patris
3473 1242 3609 1307 mei.
3655 1242 3745 1311 qui
3776 1241 3824 1294 in

2230 1342 2383 1398 ctrlis
2410 1354 2492 1399 est
2516 1343 2697 1412 (Joan.
2734 1358 2810 1407 tv,
2835 1340 2949 1412 54).
2970 1359 2991 1393 ι
3026 1339 3319 1395 Nobiscum
3351 1339 3522 1402 Deus,
3550 1350 3670 1391 non
3696 1335 3826 1387 sicut

2231 1436 2297 1492 ad
2322 1434 2906 1514 missarumsolemnia
2926 1474 2942 1499 ,
2982 1433 3245 1496 dicimus,
3289 1450 3311 1483 ι
3346 1428 3619 1484 Dominus
3650 1427 3825 1480 vobis-

2230 1542 2409 1589 cum,»
2438 1528 2555 1592 sed,
2582 1528 2723 1582 sicut
2744 1527 2986 1597 apertius
3006 1525 3134 1580 alibi
3157 1523 3324 1579 Isaias
3351 1521 3487 1577 dicit
3514 1538 3528 1573 :
3556 1519 3611 1593 [ι
3633 1521 3683 1552 τ’
3697 1518 3827 1573 Puer

2230 1626 2392 1672 natus
2414 1625 2499 1672 est
2525 1617 2682 1673 nobis
2705 1627 2761 1673 et
2791 1617 2934 1672 Illius
2969 1618 3126 1672 datus
3146 1624 3234 1671 εει
3269 1613 3449 1677 nobis,
3479 1608 3574 1682 et]
3610 1609 3823 1667 vocabi-

2232 1716 2321 1760 tur
2369 1722 2565 1761 nomen
2618 1707 2736 1777 ejus
2768 1706 3154 1769 Adtnirahilis,
3198 1702 3599 1765 Consiliarius,
3666 1700 3827 1763 Dus,

2232 1800 2388 1856 l'ortis
2408 1842 2421 1865 ,
2454 1800 2615 1855 Pater
2641 1801 2809 1855 futuri
2840 1800 3045 1866 saeculi,
3069 1798 3331 1868 Princeps
3357 1796 3517 1868 pacis
3562 1794 3727 1866 (Ιδαὶο
3750 1810 3831 1857 ιι.

2162 1868 2342 1963 B6‘2).
2376 1912 2395 1946 ι
2444 1892 2581 1960 Quia
2627 1902 2925 1963 conceptus
2970 1890 3064 1946 ille
3114 1904 3287 1945 novus
3330 1904 3435 1945 nec
3480 1887 3832 1947 usitatus,et

2231 2002 2438 2057 magna:
2468 1988 2545 2041 rei
2595 1988 2913 2058 mysterium
2943 1993 3098 2049 erat;
3132 1984 3340 2038 idcirco
3386 1980 3667 2050 propheta
3706 1992 3833 2048 pra-

2231 2081 2430 2136 misit:
2497 2079 2776 2151 «Propter
2829 2080 2934 2134 hoc
2983 2076 3134 2132 dahit
3183 2075 3451 2130 Dominus
3510 2073 3636 2141 ipse
3691 2070 3833 2123 vobis

2230 2173 2445 2245 signum
2473 2190 2487 2228 :
2520 2172 2659 2227 Ecce
2686 2173 2841 2243 virgo
2872 2169 3165 2239 concipiet,
3191 2177 3244 2221 et
3268 2165 3448 2237 pariet
3478 2163 3656 2218 lilium
3680 2159 3831 2231 (lui.

2230 2281 2330 2331 vn,
2375 2264 2487 2334 14).
2518 2284 2537 2317 ι
2593 2263 2742 2318 Illam
2787 2263 2944 2323 enim
2981 2259 3383 2316 absurditatem
3429 2269 3613 2311 sensu
3664 2262 3831 2307 vestro

2230 2368 2549 2428 conceptam
2579 2366 2636 2411 et
2682 2357 3053 2417 adinventam,
3095 2351 3240 2422 quod
3280 2350 3349 2405 de
3398 2348 3498 2404 Dei
3532 2345 3833 2402 substantia

2230 2451 2563 2521 conceperit,
2586 2448 2716 2504 nulli
2743 2447 2981 2502 ﬁdelium
3011 2444 3093 2499 fas
3120 2452 3205 2497 est
3230 2440 3419 2497 dicere
3449 2437 3542 2493 vel
3599 2437 3833 2509 cogitare

2234 2545 2313 2618 [⁷³
2341 2544 2465 2614 quia
2498 2543 2565 2598 de
2606 2543 2751 2606 Deo,
2785 2542 2888 2595 hoc
2919 2546 3004 2593 est
3032 2523 3279 2607 petentia
3305 2531 3379 2594 ⁷⁸,
3411 2538 3473 2585 ει
3506 2530 3713 2585 virtute

2231 2617 2511 2704 concepit,
2537 2632 2795 2701 quoniam
2827 2644 2933 2684 non
2964 2629 3207 2682 humano
3234 2639 3333 2679 usu
3355 2622 3427 2686 ",
3460 2636 3568 2676 nec
3598 2619 3711 2672 nilo
3739 2617 3831 2671 viti

2232 2729 2441 2784 semine
2489 2721 2784 2796 concepit].
2835 2722 2937 2789 Qui
2989 2719 3135 2775 enim
3191 2717 3311 2791 sine
3358 2715 3470 2770 viri
3516 2711 3727 2768 semine
3772 2724 3834 2763 ει

2232 2822 2404 2877 nihilo
2447 2820 2681 2890 primum
2723 2816 2932 2871 creavit
2978 2812 3288 2875 hominem,
3318 2809 3445 2863 sine
3472 2805 3583 2863 viri
3608 2802 3833 2864 semine,

2233 2929 2297 2969 ex
2322 2912 2525 2981 aliquo,
2547 2911 2599 2965 id
2624 2919 2726 2973 est,
2749 2924 2815 2963 ex
2843 2906 3037 2961 matris
3058 2917 3225 2958 carne
3248 2901 3536 2957 hominem
3558 2897 3831 2952 Christum
3884 2940 3887 2947 .

2233 3019 2424 3062 creare
2449 3002 2645 3075 potuit.
2678 3001 2745 3056 Et
2771 3000 3029 3071 quoniam
3062 2992 3303 3051 humano
3326 3008 3429 3047 usu
3462 2998 3784 3059 conceptus,
3806 3004 3835 3040 a

2232 3090 2460 3169 peccato
2505 3093 2757 3165 originali
2808 3090 3068 3147 immunis
3112 3103 3222 3143 non
3270 3086 3504 3149 fuisset,
3554 3099 3664 3139 nec
3702 3082 3833 3138 inter

540 3200 682 3239 mur.
724 3185 831 3240 Sed
867 3184 1274 3254 Scripturarum
1331 3182 1548 3238 interim
1574 3181 1619 3213 ⁸³
1667 3180 1984 3235 omittamus
2032 3194 2132 3232 an—
2159 3212 2202 3269 c
2235 3198 2477 3244 πιοιοιηοε
2502 3187 2659 3249 liber,
2684 3194 2743 3240 ιιι
2767 3185 2912 3240 inter
2940 3192 3186 3238 mou-mos
3210 3180 3360 3236 solus
3382 3179 3528 3233 liber
3552 3177 3667 3240 sit,
3696 3175 3829 3231 sicut

542 3278 861 3344 ctoritates,
916 3278 1147 3346 quilms,
1205 3277 1315 3331 Deo
1367 3274 1658 3341 adiuvante
1692 3273 1758 3337 “,
1808 3271 2135 3326 omnimodis

542 3376 852 3422 astruemns
877 3368 1003 3437 quia
1050 3368 1192 3422 Deus
1237 3367 1399 3421 homo
1434 3365 1611 3420 factus
1642 3372 1745 3428 est,
1776 3362 1927 3419 etab
1963 3363 2134 3418 homi-

542 3459 704 3514 nilms
734 3459 883 3512 visus
920 3467 1022 3513 est.
1068 3458 1202 3512 Nam
1238 3465 1425 3527 aperte
1452 3455 1670 3511 exclusa
1711 3454 1855 3509 onmi
1896 3455 2135 3524 aequivo-

541 3550 776 3605 cationis
815 3538 1201 3617 ambiguitate,
1245 3548 1319 3602 ita
1353 3547 1397 3579 ⁸⁸
1438 3545 1702 3603 Jcremias
1743 3545 2005 3616 propheta
2037 3543 2137 3597 de-

545 3642 762 3697 nuntiat
790 3661 805 3696 :
844 3661 862 3694 ι
897 3641 994 3696 Hic
1024 3650 1110 3696 est
1142 3643 1282 3696 Deus
1311 3650 1519 3705 noster,
1553 3649 1608 3695 et
1636 3655 1743 3694 non
1772 3639 2136 3694 :estimahitnr

544 3735 684 3799 alius
709 3735 776 3789 ad
810 3735 854 3767 ⁸⁵
891 3750 1034 3789 eum.
1072 3734 1171 3789 IIie
1216 3735 1498 3790 adinvenit
1535 3750 1751 3791 omnem
1794 3736 1938 3789 viam
1970 3734 2136 3789 disci-

545 3826 723 3897 plima,
755 3835 811 3881 et
852 3826 996 3881 dedit
1020 3826 1063 3858 "
1115 3842 1235 3880 eam
1268 3825 1439 3881 Jacoh
1482 3843 1648 3897 puero
1699 3842 1820 3892 suo,
1868 3835 1923 3879 et
1965 3825 2132 3880 Israel

547 3918 722 3974 electo
738 3919 781 3952 “
804 3934 927 3985 suo,
945 3918 1013 3993 [⁸⁸
1044 3939 1061 3970 ι
1085 3919 1213 3973 Post
1242 3920 1355 3974 lucc
1379 3920 1430 3973 in
1452 3919 1611 3974 terris
1640 3919 1786 3974 visus
1811 3926 1912 3983 est,
1930 3926 1984 3971 et
2009 3932 2136 3971 cum

546 4012 860 4068 hominibus
908 4022 1261 4068 conversatus
1310 4021 1392 4067 εει
1436 4011 1691 4081 (Barttclt.
1739 4027 1824 4074 ιιι,
1868 4010 2079 4080 56-38).
2108 4030 2130 4064 ι

546 4105 677 4161 Post
723 4107 867 4168 ltzec,
917 4113 1039 4175 post
1085 4104 1289 4176 legem,
1338 4104 1542 4174 iuqttit,
1575 4104 1775 4165 datam,
1829 4112 1951 4172 post
1992 4103 2134 4158 viam

547 4195 847 4267 disciplina:
888 4197 1069 4251 datam
1105 4196 1273 4252 Jacoh
1318 4212 1487 4266 puero
1522 4212 1643 4260 suo,
1674 4203 1730 4250 et
1765 4194 1931 4251 Israel
1964 4195 2137 4251 electo

549 4286 706 4359 suo.)
756 4287 899 4343 Dens
954 4289 1118 4343 homo
1170 4288 1346 4343 factus
1394 4298 1498 4355 est,
1554 4298 1609 4342 et
1657 4303 1779 4343 cum
1828 4287 2136 4343 hominibus

549 4385 912 4432 conversatus
966 4384 1085 4441 est,
1132 4386 1291 4431 natus
1333 4393 1397 4431 ex
1445 4378 1688 4447 virgine’,
1725 4378 1910 4433 clauso
1946 4378 2137 4433 matris

550 4478 743 4534 utero,
801 4467 950 4523 salva
996 4468 1144 4523 omni
1201 4470 1478 4539 dignitatis
1502 4470 1551 4501 ⁷⁸
1598 4470 1929 4537 integritate.
1980 4468 2136 4526 Unde

2240 3281 2527 3337 Psalmista
2557 3277 2712 3342 dicit,
2753 3287 2808 3333 et
2850 3293 2880 3331 a
2913 3283 3142 3345 peccato
3191 3270 3485 3334 immunis,
3537 3270 3668 3324 ideo
3716 3282 3833 3320 eum

2235 3373 2387 3429 nasci
2415 3374 2534 3427 sine
2554 3377 2802 3439 peccato,
2836 3369 2940 3423 hoc
2964 3375 3053 3422 est
3079 3366 3199 3420 sine
3218 3362 3321 3416 viri
3350 3362 3507 3416 coitu
3531 3375 3603 3414 ex
3632 3358 3835 3427 virgine

2237 3465 2496 3535 oportuit.
2539 3461 2611 3518 Ut
2661 3476 2792 3531 ergo
2828 3461 2944 3516 hare
2979 3459 3099 3514 sine
3141 3453 3464 3527 praeiudicio
3511 3453 3665 3508 dicta
3709 3450 3832 3510 sint.

2236 3558 2361 3628 quia
2409 3555 2814 3625 Scripturarum
2859 3549 3169 3605 testimonia
3219 3563 3319 3602 suo
3372 3547 3497 3601 Ioco
3556 3555 3835 3599 servamus

2236 3648 2507 3721 ponenda,
2524 3646 2825 3703 necessitas
2846 3658 3064 3713 quoque
3088 3656 3299 3696 summa
3327 3650 3383 3694 et
3411 3640 3559 3695 ratio
3581 3650 3836 3705 exposce-

2236 3742 2331 3798 hat
2373 3749 2434 3794 ιιι
2482 3740 2626 3794 Deus
2658 3739 2822 3794 homo
2854 3736 3030 3799 ﬁeret,
3081 3742 3136 3790 et
3186 3749 3285 3802 per
3328 3732 3695 3788 humanitatis
3730 3742 3834 3784 ιη

2237 3833 2553 3904 mysterium
2595 3831 2661 3885 ad
2706 3830 2874 3883 vitam
2926 3842 3026 3882 nos
3063 3826 3396 3881 restitueret.
3450 3823 3633 3877 Homo
3676 3821 3832 3889 igitur

2238 3930 2415 3981 factus
2442 3934 2549 3989 est,
2588 3939 2696 3979 non
2747 3922 2799 3977 id
2843 3921 3100 3976 desinens
3142 3935 3264 3975 esse
3309 3919 3456 3990 quod
3483 3926 3629 3979 erat.
3665 3914 3757 3971 sed
3782 3913 3833 3967 id

2238 4032 2521 4074 assumens
2542 4017 2684 4086 quod
2708 4031 2813 4069 non
2842 4022 2981 4069 erat.
3008 4011 3126 4067 Non
3150 4012 3515 4067 conversione
3536 4008 3833 4064 divinitatis

2238 4106 2291 4161 in
2322 4120 2565 4169 carnem,
2617 4104 2713 4159 sed
2749 4103 3121 4173 assumptione
3169 4101 3531 4157 humanitatis
3560 4100 3618 4155 in
3648 4101 3829 4161 Deum,
3868 4134 3871 4135 ν

2238 4198 2469 4253 dicimus
2500 4196 2666 4251 Deum
2696 4196 2972 4251 hominem
3001 4194 3224 4248 factum.
3260 4193 3327 4247 Et
3354 4195 3500 4247 sicut
3528 4194 3713 4247 anima
3744 4205 3827 4244 ra-

2240 4290 2457 4346 tionalis
2504 4298 2558 4344 et
2606 4304 2759 4353 caro,
2792 4296 3017 4359 propter
3058 4287 3326 4340 unitatem
3378 4301 3653 4355 persona,
3701 4299 3833 4339 una

2237 4391 2321 4438 est
2345 4383 2508 4437 homo
2532 4381 2601 4449 ",
2651 4380 2905 4450 quamvis
2952 4379 3181 4434 omnino
3224 4378 3455 4433 alterius
3496 4387 3589 4432 est
3634 4387 3833 4432 natura

2241 4473 2422 4527 anima
2459 4482 2513 4527 et
2548 4471 2775 4526 alterius
2824 4484 2979 4535 caro,
3028 4483 3130 4525 nec
3176 4470 3358 4524 anima
3399 4470 3745 4525 convertitur
3781 4467 3830 4521 ia

550 4580 671 4637 pro.
693 4564 817 4619 heta
849 4562 1099 4618 Ezechiel
1129 4562 1300 4618 dicit:
1338 4582 1355 4614 ι
1378 4562 1445 4617 Et
1469 4562 1603 4617 dixit
1634 4562 1896 4618 Dominus
1923 4564 1989 4616 ad
2013 4578 2128 4629 me;
2162 4578 2212 4639 υ
2239 4581 2484 4628 carnem,
2515 4580 2610 4620 seu
2643 4564 2695 4618 in
2727 4563 2962 4618 animam
2992 4577 3141 4626 caro,
3176 4562 3293 4626 sed,
3328 4572 3585 4617 manente
3612 4572 3831 4630 utraque

548 4666 703 4728 porta
746 4656 859 4710 haec
891 4654 1073 4711 clausa
1109 4653 1246 4719 erit.
1278 4662 1335 4708 et
1364 4670 1467 4708 non
1498 4654 1802 4724 aperietur;
1833 4662 1887 4707 et
1922 4653 2004 4707 vir
2030 4670 2135 4709 non

551 4744 806 4800 transibit
842 4758 938 4814 per
976 4758 1093 4797 eam
1148 4740 1227 4815 [τι
1256 4744 1350 4799 sed
1385 4742 1645 4798 Dominus
1692 4743 1833 4798 Deus
1862 4742 2023 4797 Israel
2057 4744 2138 4799 in-

550 4853 769 4910 gressus
798 4845 883 4891 est
919 4851 1016 4905 per
1052 4851 1193 4899 eam,
1239 4846 1295 4891 et
1327 4836 1512 4891 clausa
1544 4836 1649 4891 crit
1690 4835 1940 4905 principi.
1974 4834 2135 4890 Prin-

548 4946 677 4999 ceps
707 4929 822 5000 ipse
868 4929 1081 4983 sedebit
1128 4929 1179 4983 in
1216 4943 1314 4990 ea,
1367 4936 1425 4983 ut
1466 4928 1716 5009 cotnedat
1756 4943 1947 4997 panem
1979 4944 2135 4983 suum

550 5035 735 5075 coram
770 5019 1000 5075 Domino
1028 5020 1245 5089 (Ezech.
1274 5036 1422 5083 xuv,
1450 4996 1529 5089 εἴ.
1562 5040 1581 5072 ι
1622 5020 1785 5089 Virgo
1810 5021 1976 5091 igitur
2004 5037 2135 5077 con-

551 5111 714 5177 cepit,
761 5110 887 5180 quia
935 5120 1091 5179 porta
1134 5110 1315 5168 clausa
1361 5111 1486 5175 erit,
1533 5120 1590 5165 et
1619 5111 1704 5164 vir
1740 5128 1844 5165 non
1885 5112 2138 5166 transibit

555 5216 651 5270 per
679 5201 847 5273 eam].
876 5200 1004 5257 Post
1033 5213 1246 5273 partum
1278 5203 1428 5273 virgo
1458 5203 1785 5274 permansit,
1821 5204 1948 5273 quia
1980 5220 2001 5253 ι
2029 5203 2137 5257 Do-

2240 4666 2455 4723 natnra,
2489 4670 2737 4725 personae
2764 4663 3123 4710 conservatur
3150 4653 3355 4709 unitas.
3389 4653 3533 4707 Deus
3564 4664 3621 4707 et
3653 4654 3827 4713 homo,

2237 4758 2460 4819 pr0pter
2482 4748 2746 4802 unitatem
2773 4762 3035 4817 personae.
3070 4762 3211 4802 unus
3230 4755 3313 4802 est
3339 4746 3622 4804 Christus:
3648 4760 3831 4814 quiam-

2240 4843 2320 4896 vis
2366 4837 2505 4896 Deus
2535 4856 2636 4896 nec
2679 4841 2731 4895 in
2779 4841 3052 4896 hominem
3088 4855 3388 4895 conversus
3419 4839 3606 4901 luerit,
3638 4853 3739 4892 nec
3775 4836 3825 4889 ia

2238 4932 2409 4988 Deum
2458 4933 2654 4997 homo;
2688 4931 2783 4986 sed
2816 4932 2990 4986 divisa
3018 4931 3064 4963 ⁷⁷
3096 4930 3189 4985 Dei
3235 4939 3292 4985 et
3344 4929 3585 4984 hominis
3615 4939 3827 4989 natura,

2244 5024 2474 5078 indivisa
2521 5023 2614 5078 Dei
2661 5033 2718 5079 et
2747 5022 2985 5077 hominis
3030 5036 3277 5092 personae
3323 5029 3687 5075 conservatur
3705 5016 3829 5070 "et

2243 5118 2507 5173 odoratur
2558 5117 2760 5173 unitas.
2812 5117 2998 5187 Neque
3056 5116 3203 5171 enim
3250 5115 3435 5169 omnia
3483 5128 3604 5183 qua
3652 5111 3830 5178 aliqua

2246 5211 2406 5264 modo
2434 5210 2569 5264 liunt
2595 5209 2739 5264 aliud
2766 5223 2927 5278 quam
2958 5214 3147 5271 erant,
3176 5204 3435 5260 desinunt
3459 5217 3583 5259 esse
3605 5201 3663 5257 id
3692 5200 3829 5270 qm

1862 5312 2095 5370 VAIiIIE
2132 5315 2533 5377 LECTIONES.

627 5406 673 5439 ⁸⁸
718 5404 819 5460 Ms.
854 5376 1027 5467 Rem"
1053 5405 1270 5459 cxistat.
1349 5405 1394 5437 ’τ’
1416 5402 1518 5459 Ms.
1557 5403 1694 5458 Vict.
1725 5414 1770 5459 et
1800 5402 1858 5458 S.
1887 5403 2089 5472 Germ.,
2131 5424 2308 5465 sacre.
2386 5412 2430 5444 ⁶⁰
2453 5411 2556 5466 Ms.
2584 5409 2715 5466 Sun.
2752 5407 2876 5464 Ger.
2909 5423 2993 5460 eo.
3070 5404 3114 5437 ⁶¹
3139 5404 3243 5460 Ms.
3290 5404 3430 5460 Vict.
3462 5404 3603 5457 omit.
3637 5400 3821 5472 tilium.

554 5479 599 5549 ’γ’
648 5474 951 5549 Μδηνὸειη
988 5490 1251 5549 nusquam
1294 5476 1351 5549 it_!
1377 5492 1405 5528 a
1440 5476 1702 5546 propheta
1743 5475 1950 5549 dictum
1979 5467 2244 5549 accipitis.
2293 5482 2394 5536 Ms.
2441 5481 2500 5536 S.
2544 5480 2667 5537 Ger.
2704 5478 2948 5548 nunquid
2980 5477 3030 5549 id
3064 5492 3091 5529 a
3129 5478 3392 5549 pmphela
3411 5518 3437 5549 ,_
3453 5486 3558 5529 etc.
3598 5472 3685 5549 _"
3723 5467 3824 5525 Hs.

568 5548 722 5607 Vict,
764 5547 979 5601 iterum.
1060 5544 1106 5575 ⁸⁸
1158 5545 1259 5599 Ms.
1314 5544 1482 5610 Rcm.,
1536 5544 1828 5601 annuente.

1907 5546 1951 5616 (ξ’
2006 5546 2137 5602 Mss.
2202 5550 2338 5606 Vict.
2388 5563 2435 5606 et
2483 5551 2542 5606 S.
2589 5550 2738 5616 Ger.,
2794 5546 3160 5603 invocatione.

3239 5544 3296 5616 ’ξ
3332 5546 3509 5616 Vulg.,
3531 5544 3670 5616 raalvt
3690 5554 3823 5616 rsus.

557 5618 602 5651 "
656 5616 834 5687 Vulg.,
873 5615 1117 5670 tradidit.
1192 5616 1237 5647 ⁸⁸
1288 5608 1723 5687 Vulgq'dilccto.
1790 5614 1979 5687 “7H3.
2015 5616 2167 5674 Rem.
2214 5624 2358 5675 omil,
2412 5623 2561 5676 uncis
2597 5608 2822 5674 inclusa.
2898 5619 2944 5650 7°
2986 5616 3093 5671 Ms.
3148 5616 3209 5672 S,
3258 5608 3462 5680 Germ...
3507 5608 3825 5687 divinitatis.

556 5691 600 5722 ’ί
645 5686 947 5751 Μείνιειη
976 5686 1123 5741 omit.
1151 5687 1296 5740 uncis
1325 5687 1553 5742 inclusa.
1623 5688 1669 5717 "
1702 5686 1803 5740 ills.
1852 5686 2015 5751 I"ict.,
2051 5691 2198 5746 omit.
2256 5693 2402 5747 uncis
2450 5693 2674 5745 inclusa.

1626 5759 1671 5793 ⁷⁸
1716 5757 1815 5811 Ms.
1860 5756 2009 5813 Rem.
2050 5774 2235 5819 sensu.

560 5763 607 5795 "
648 5760 749 5813 Ms.
794 5758 964 5823 Item,
1006 5758 1119 5812 lucc
1170 5758 1405 5826 potentia
1446 5767 1548 5812 est.

557 5828 603 5857 ’⁸
645 5829 747 5888 ιιι.
777 5829 947 5899 (iam,
975 5837 1343 5885 conservatur.

2752 5690 2800 5722 τ³
2864 5689 2963 5743 Ms.
3023 5686 3185 5747 Vim.
3238 5688 3386 5741 omit.
3419 5684 3566 5739 uncis
3596 5682 3824 5735 indue.

2315 5764 2359 5795 7“
2400 5763 2504 5819 Ms.
2560 5763 2689 5817 I'ict.
2721 5761 2804 5815 hic
2853 5759 3047 5813 deﬁcit.
3125 5757 3317 5811 "Hs.
3367 5757 3537 5817 Rem,
3587 5754 3822 5807 ὤκνει.
