3990 6310
152 402 293 461 lim

148 525 332 572 erant.
367 514 423 573 lu
444 518 813 577 accidentium
837 536 983 595 enim
1006 530 1363 596 quorumdam
1391 532 1731 601 alteratione,

147 615 207 660 ut
230 622 355 663 cum
383 607 547 664 homo
572 610 729 682 niger
754 613 815 669 iit
840 614 1015 682 albus,
1040 632 1134 672 seu
1154 619 1308 678 albus
1332 624 1506 695 niger,
1546 642 1735 697 super-

145 696 400 753 veniente
425 698 617 765 altero,
634 704 782 772 petit
804 705 1026 762 omnino
1048 709 1298 768 alterum.
1326 715 1396 769 At
1423 732 1546 773 cum
1577 696 1739 777 homo

141 785 203 841 lit
236 798 504 856 armatus,
557 792 674 848 sive
704 807 1049 866 exarmatus,
1085 802 1165 857 vel
1195 818 1261 859 ex
1304 807 1451 863 nudo
1488 800 1741 881 indutus,-

136 891 239 931 seu
264 894 332 934 ex
377 880 569 937 induto
593 886 794 951 nudus,
829 889 963 945 nihil
989 907 1217 961 prorsus
1243 897 1301 952 in
1327 914 1386 953 se
1416 900 1495 955 sic
1528 901 1733 957 altera-

140 975 228 1023 tus
257 969 421 1025 homo
439 973 525 1027 vel
544 975 765 1046 accipit,
798 978 882 1034 vel
907 982 1131 1038 amittit.
1157 984 1409 1057 Suscepit
1431 1005 1559 1061 ergo
1588 990 1733 1050 Deus

138 1059 415 1119 hominem
470 1065 526 1121 in
579 1070 844 1128 unitatem
894 1089 1165 1145 personae,
1201 1080 1440 1153 ingenita
1488 1059 1733 1144 bonitate

136 1166 257 1219 sua,
290 1171 396 1211 non
425 1168 630 1227 nostra,
669 1173 724 1217 et
754 1166 923 1223 multa
953 1172 1278 1229 necessitate
1299 1214 1316 1241 ,
1346 1190 1452 1231 non
1488 1192 1608 1246 sua,
1633 1181 1730 1235 sed

136 1257 358 1312 nostra,
395 1258 450 1306 et
476 1252 698 1310 ratione.
730 1272 960 1329 magna,
1002 1254 1209 1334 tibique
1250 1269 1633 1338 approbanda,
1680 1274 1728 1329 si

134 1337 317 1392 audita
351 1340 435 1396 vis
470 1341 554 1398 vel
587 1346 931 1406 rationaliter
959 1351 1283 1423 admittere,
1316 1357 1400 1413 vel
1431 1337 1728 1419 rationabi-

135 1428 260 1485 liter
296 1432 607 1492 excludere.
662 1438 1069 1512 Scripturarum
1110 1462 1238 1503 vero
1266 1452 1566 1508 auctoritas
1592 1468 1726 1509 exa-

132 1523 290 1577 cto"
352 1540 514 1582 sensu
575 1529 973 1602 interpretata,
1032 1539 1127 1594 sed
1186 1549 1295 1595 tam
1353 1544 1577 1600 evidens
1629 1547 1725 1603 tibi

131 1628 434 1687 apponetur
456 1621 536 1693 ”,
566 1633 625 1678 nt
659 1626 739 1686 nil
780 1633 1091 1703 excogitare
1118 1651 1309 1706 queas,
1338 1641 1483 1710 quod
1528 1652 1720 1700 contra

130 1719 433 1777 apponatur
456 1711 522 1767 “.
574 1714 725 1772 Nosti
783 1722 1039 1789 quoniam
1093 1725 1323 1784 Genesis
1371 1733 1721 1801 apertissime

130 1802 474 1859 commendat
508 1809 742 1876 qualiter
770 1811 931 1867 homo
961 1815 1170 1884 primus
1202 1819 1273 1873 sit
1304 1821 1578 1888 conditus,
1611 1839 1717 1893 qua

130 1891 393 1961 dignitate
424 1897 505 1953 sui
541 1909 839 1968 praestans,
868 1913 923 1959 et
952 1922 1056 1976 qua
1090 1910 1384 1967 eminentia
1417 1929 1582 1985 supra
1750 1912 1793 1968 B

132 1990 242 2037 tcra
276 1993 438 2042 terrae
476 1990 777 2048 animantia
825 2006 946 2053 erat
987 2001 1214 2070 positus.
1271 2022 1291 2056 ι
1328 2004 1713 2077 Dominamini,

129 2074 320 2145 inquit,
357 2077 597 2147 piscibus
635 2085 832 2154 maris,
878 2098 936 2145 et
979 2093 1290 2153 volatilibus
1331 2099 1478 2165 cmli,
1522 2074 1715 2158 bestiis

132 2172 285 2220 terra:
314 2178 374 2223 et
403 2172 550 2226 omni
587 2177 766 2246 reptili
801 2182 944 2249 quod
984 2197 1235 2241 movetur
1264 2191 1318 2243 in
1368 2199 1513 2247 terra
1556 2191 1711 2266 (Gen.

130 2272 164 2321 ι,
190 2258 301 2330 28).
337 2280 359 2312 ι
396 2261 547 2321 Unde
568 2269 779 2340 accepit
808 2287 836 2325 a
865 2272 975 2330 Deo
1006 2277 1161 2332 vetiti
1190 2282 1505 2338 mandatum
1534 2258 1605 2339 τ’(
1631 2288 1710 2342 Ex

128 2350 283 2418 omni,
320 2350 520 2423 inquit,
546 2355 693 2429 ligno
718 2365 1237 2438 paradisicomede;
1267 2373 1332 2428 de
1357 2373 1502 2445 ligno
1530 2387 1711 2433 autem

128 2442 366 2500 scientiae
410 2447 535 2505 boui
589 2461 645 2507 et
681 2456 805 2510 mali
855 2474 927 2515 ne
970 2466 1245 2521 comedas.
1299 2466 1355 2522 In
1391 2484 1712 2541 quacunque

128 2533 207 2590 die
230 2539 542 2598 comederis
566 2560 630 2599 ex
663 2562 728 2601 eo
757 2550 821 2615 ³³,
860 2562 1034 2608 morte
1064 2557 1314 2614 morieris
1338 2558 1493 2630 (Gen.
1524 2578 1589 2630 II,
1619 2563 1708 2630 16,

129 2628 227 2698 l7).
257 2649 277 2685 ι
311 2630 436 2688 Non
466 2635 660 2694 leviter
686 2642 808 2696 erat
836 2644 1213 2714 accipiendum
1249 2628 1391 2719 quod
1423 2652 1522 2707 sub
1560 2628 1710 2712 tanto

128 2720 442 2781 invectionis
486 2729 778 2787 maledicto
840 2737 1069 2793 vetitum
1118 2750 1259 2797 erat.
1316 2741 1471 2799 Nulla
1526 2755 1707 2805 tamen

128 2815 443 2873 necessitate
469 2830 716 2889 coactus,
747 2824 841 2880 sed
864 2829 1085 2898 propria
1116 2832 1394 2891 voluntate
1423 2837 1704 2908 subactus,

130 2919 316 2963 rnorem
348 2925 547 2981 gerens
597 2916 775 2981 uxori,
826 2919 1051 2978 obedire
1100 2924 1292 2981 maluit
1342 2931 1498 2985 uxori
1540 2949 1702 3003 quam

130 3007 378 3087 praecepto
406 3001 524 3057 Dei.
552 3004 833 3075 Tetigerat
880 3009 1007 3078 illa,
1058 3022 1113 3069 et
1160 3018 1508 3087 comederat;
1556 3001 1705 3079 dedit

131 3085 264 3155 viro,
317 3100 375 3146 et
429 3096 693 3163 comedit;
748 3109 806 3155 et
836 3102 1053 3174 utrique
1103 3109 1403 3166 mordendo
1449 3114 1699 3184 vetitum,

129 3182 298 3236 martis
324 3192 380 3238 et
412 3184 775 3248 damnationis
800 3193 1084 3253 subierunt
1109 3198 1479 3259 maledictum.
1511 3182 1702 3262 lnobe-

2396 3267 2406 3280 .
2446 3267 2451 3268 κ
2617 3267 2627 3269 -
2682 3267 2689 3269 .
2826 3267 3032 3281 ---η-ν.
3080 3267 3205 3275 η--
3253 3267 3395 3292 ..-ν-

130 3270 263 3327 diens
296 3272 411 3330 Deo
436 3277 608 3333 Adam
653 3281 880 3340 ell'ectus
926 3296 1041 3355 est,
1083 3289 1332 3359 protinus
1381 3310 1698 3353 concessum
1729 3267 1776 3329 ς
1808 3298 2094 3355 Psalmista
2136 3301 2447 3357 addidit":
2486 3322 2503 3354 ι
2528 3303 2845 3361 Ascendens
2881 3307 2936 3361 in
2974 3307 3195 3373 altum,
3226 3312 3400 3380 capti-

131 3377 268 3421 omne
301 3367 397 3435 jus
446 3372 648 3442 amisit,
696 3390 988 3435 excussum
1037 3382 1261 3440 ditionis
1288 3401 1400 3441 suae
1430 3388 1620 3459 jugum
1667 3406 1699 3445 a

130 3459 320 3515 ueteris
353 3464 729 3524 animantibus
762 3472 953 3537 sensit,
1002 3482 1059 3529 et
1091 3474 1409 3547 dignitatem
1458 3482 1539 3535 sui
1584 3483 1697 3554 jam

130 3550 430 3621 amittendo,
470 3559 771 3616 nuditatem
803 3579 957 3619 suam
1004 3568 1239 3635 erubuit,
1282 3582 1337 3626 et
1372 3588 1601 3631 currens
1629 3577 1697 3631 ad

130 3637 237 3697 folia
276 3644 386 3711 ﬁci,
423 3649 728 3718 pudendam
752 3658 1120 3720 membrorum
1155 3662 1294 3733 turpi
1322 3680 1356 3719 II
1380 3663 1540 3720 fidem
1569 3682 1700 3737 ope-

129 3731 237 3826 ruit.
264 3735 343 3791 Ab
372 3738 531 3796 hoste
559 3742 725 3813 igitur
750 3747 993 3815 seducti,
1028 3731 1279 3822 hostique
1315 3754 1543 3826 tuipiter
1572 3731 1698 3813 sub-

129 3823 234 3889 acti,
263 3842 384 3885 mox
417 3829 485 3887 de
511 3848 577 3903 ra
610 3851 643 3891 a
664 3837 764 3894 liso
789 3840 1102 3911 voluptatis,
1128 3845 1179 3900 in
1208 3862 1316 3916 quo
1347 3823 1525 3916 erant,
1566 3860 1695 3906 sunt

128 3919 334 3986 expulsi,
366 3922 658 3983 obseratus
706 3941 792 3986 est
835 3936 1074 4004 paradisi
1114 3938 1311 4006 aditus,
1353 3944 1559 4012 positus
1588 3954 1691 4014 est,

128 4008 184 4060 ad
215 4014 616 4074 custodiendam
646 4021 790 4077 viam
818 4025 942 4095 ligni
970 4028 1115 4095 vitae,
1141 4030 1354 4101 gladius
1384 4035 1475 4090 ille
1506 4053 1696 4094 versa-

130 4096 222 4198 tilis
246 4114 296 4157 et
323 4103 628 4198 ﬂammeus.
658 4111 874 4172 Gratias
900 4118 1009 4175 Deo
1036 4096 1170 4191 quia
1208 4125 1336 4180 licet
1371 4126 1461 4183 ille
1483 4128 1692 4198 gladius

129 4183 386 4249 ﬂammeus
409 4194 457 4227 “
491 4208 644 4266 erat,
686 4218 793 4259 non
842 4216 1025 4263 tamen
1064 4212 1117 4266 in
1163 4224 1482 4285 perpetuum
1526 4221 1690 4288 lixas,

127 4279 205 4375 sed
252 4288 523 4344 versatilis
568 4303 725 4359 erat,
770 4297 895 4366 quia
947 4279 1276 4375 quandoque
1316 4309 1690 4368 misericordia

129 4366 206 4424 Dei
229 4384 342 4430 erat
375 4384 763 4441 removendus.
803 4366 1052 4449 Infelices
1089 4366 1274 4466 itaque
1300 4409 1357 4454 et
1384 4400 1567 4457 miseri
1597 4420 1689 4473 pa-

128 4470 286 4550 rentes
312 4480 620 4535 genuerunt
658 4473 798 4531 lilios
843 4480 945 4535 sub
989 4483 1179 4539 eadem
1211 4488 1401 4544 mortis
1442 4499 1498 4545 et
1524 4470 1690 4550 mise.

1120 414 1534 477 DISPUTA'l'lO
1566 394 1787 479 tum
1822 424 1969 483 cun
2007 429 2442 491 cumsmxo.

1832 1000 2107 1059 Christum
2138 1005 2207 1060 ad
2236 1022 2461 1078 superos
2509 1010 2563 1064 in
2611 1012 2810 1067 coelum
2851 1018 3033 1073 revehi
3064 1032 3424 1079 mererentur.

1830 1095 1969 1150 Audi
2025 1096 2217 1154 Patres
2266 1099 2729 1159 eminentissimos
2780 1106 2829 1158 id
2876 1120 3065 1177 aperta
3117 1127 3247 1166 voce
3297 1098 3539 1170 eoat-ﬂ“

1833 1192 2138 1245 testantes:
2200 1210 2217 1242 ι
2251 1191 2625 1261 Descendam,
2670 1197 2845 1267 inquit
2889 1198 3059 1257 Jacob
3090 1206 3425 1275 patriarcha,

1829 1277 2019 1351 lugens
2048 1281 2217 1337 lilium
2247 1301 2426 1341 meum
2462 1287 2514 1341 in
2548 1287 2817 1346 infernum
2842 1291 2999 1360 (Gen.
3035 1312 3241 1357 xxxv".
3274 1299 3442 1369 35)...

1828 1370 1895 1426 Et
1924 1371 2052 1428 alibi
2075 1374 2142 1428 ad
2174 1375 2314 1432 lilios
2341 1392 2507 1434 suos:
2543 1399 2562 1432 ι
2594 1381 2885 1439 Deducetis
2918 1401 3087 1441 canos
3116 1404 3265 1444 meos
3298 1408 3422 1449 cum

1827 1461 2013 1518 dolore
2060 1467 2128 1521 ad
2167 1466 2372 1523 inferos
2402 1468 2556 1541 (Gen.
2592 1466 2726 1539 χιιι,
2758 1474 2872 1543 58).
2906 1496 2925 1529 ι
2964 1476 3117 1534 Unde
3146 1490 3194 1521 οε
3226 1481 3419 1538 beatus

1823 1553 1947 1623 Job,
1997 1559 2370 1621 cui,Domiuo
2420 1572 2715 1622 attestante
2779 1567 2849 1637 ⁸⁸,
2914 1571 2999 1624 vir
3039 1587 3147 1627 non
3203 1586 3319 1630 erat
3366 1575 3421 1631 in

1825 1655 1969 1703 terra
1999 1650 2192 1707 similis
2222 1650 2344 1724 (Job
2403 1670 2443 1722 I,
2481 1657 2582 1728 8):
2620 1679 2637 1711 ι
2681 1659 2951 1729 Infernus,
3002 1664 3192 1734 inquiI,
3225 1650 3421 1725 domus

1821 1754 1943 1795 mea
1975 1751 2079 1808 est,
2115 1746 2258 1800 etin
2305 1748 2543 1805 tenebris
2590 1753 2758 1807 stravi
2810 1754 3009 1809 lectum
3060 1773 3240 1814 meum
3289 1760 3416 1831 (Job

1820 1846 1958 1901 xvrI,
1993 1833 2103 1904 15).
2138 1854 2157 1888 ι
2191 1836 2394 1894 Tamen
2434 1840 2771 1898 liberationis
2812 1860 2907 1915 spe
2954 1859 3226 1918 arreptus,
3257 1852 3425 1928 paulo.

1820 1934 1941 1994 post
1988 1928 2239 1984 addidit:
2287 1950 2305 1982 ι
2338 1931 2466 1988 Scio
2497 1934 2639 2004 quod
2686 1934 3019 2009 Redemptor
3066 1956 3220 1999 mens
3260 1944 3434 2020 vivit.)

1818 2026 1875 2070 et
1914 2016 1969 2072 in
1998 2020 2296 2077 novissimo
2326 2024 2411 2078 die
2450 2025 2517 2080 de
2576 2035 2719 2081 terra
2753 2039 3099 2087 surrecturus
3134 2048 3252 2087 sum
3287 2033 3409 2104 (Job

1818 2122 1932 2172 XIX,
1969 2108 2084 2182 25).
2114 2129 2133 2163 ι
2180 2112 2282 2180 Qui
2326 2113 2740 2185 Redemptorcrn
2776 2126 3085 2190 attestatur,
3128 2108 3431 2203 venunda—i

1818 2207 1931 2255 tum
1958 2216 2052 2256 seu
2076 2204 2406 2273 captiiatum
2444 2222 2503 2262 se
2531 2207 2699 2263 fuisse
2720 2209 2792 2276 ⁸⁸,
2824 2220 2878 2264 et
2915 2214 3256 2286 redemptum
3286 2232 3410 2275 esse

1815 2303 1921 2343 non
1968 2290 2262 2347 inliciazur.
2294 2294 2431 2349 Audi
2474 2305 2528 2351 et
2569 2297 2787 2352 beatum
2821 2300 3031 2356 David:
3090 2321 3109 2354 ι
3147 2305 3287 2362 Deus
3327 2323 3410 2367 re-

1816 2378 1987 2434 dimet
2014 2381 2255 2436 animam
2286 2400 2463 2439 meam
2513 2387 2578 2440 de
2610 2403 2773 2443 manu
2805 2388 2987 2459 inferi,
3027 2408 3151 2448 cum
3184 2410 3413 2469 accepe-

1814 2470 1889 2524 rit
1927 2487 2012 2526 me
2048 2471 2239 2541 (l’sal.
2271 2491 2462 2542 XLVIII,
2515 2477 2643 2550 16);
2679 2497 2702 2533 ι
2745 2492 2799 2537 et
2848 2496 3126 2553 acceptam
3168 2487 3300 2542 dicit
3338 2489 3413 2547 ab.

1813 2558 2004 2616 inferis
2049 2563 2288 2620 animam
2344 2583 2497 2622 suam
2549 2579 2610 2647 et,
2657 2572 3028 2630 redimendam
3077 2576 3147 2632 ab
3201 2579 3402 2638 infero.

1815 2649 1968 2707 Unde
1996 2660 2052 2707 et
2098 2653 2228 2709 alibi
2280 2657 2560 2714 exsultans
2606 2661 2780 2717 dicit:
2832 2681 2851 2715 ι
2890 2666 3136 2733 Domine,
3167 2669 3406 2726 eduxisti

1810 2740 1881 2796 ab
1926 2741 2138 2800 inferno
2170 2747 2420 2804 animam
2453 2766 2653 2817 meam,
2687 2754 2912 2812 salvasti
2960 2772 3050 2813 me
3098 2773 3130 2812 a
3174 2760 3421 2829 descen-~

1810 2836 2061 2893 dentibus
2115 2838 2170 2893 in
2225 2838 2402 2895 lacum
2456 2839 2646 2915 (Prol.
2701 2860 2856 2913 nix,
2907 2846 2984 2918 5).
3015 2866 3035 2901 ι
3089 2848 3187 2904 Cui
3245 2851 3413 2921 dicit,

1814 2946 1832 2980 ι
1866 2930 2118 2995 eduxisti,
2148 2931 2393 3000 salvasti,
2415 2954 2433 2987 ›
2457 2934 2562 2991 nisi
2589 2936 2640 2991 ei
2662 2936 2708 2968 "
2735 2938 2801 2993 de
2831 2940 3015 3008 quoin
3052 2940 3160 2997 alio
3190 2945 3401 3019 psalmo

1809 3021 1979 3077 dicit:
2015 3043 2034 3075 ι
2065 3023 2172 3078 lter
2199 3024 2365 3081 facite
2390 3028 2439 3083 ei
2463 3068 2477 3091 ,
2506 3028 2596 3096 qui
2632 3030 2878 3086 ascendit
2916 3049 3082 3104 super
3120 3050 3397 3101 occasum,

1806 3114 2070 3173 Dominus
2108 3133 2307 3173 nomen
2354 3120 2430 3175 illi
2465 3119 2642 3191 (Paul.
2674 3138 2847 3192 van,
2880 3123 2951 3195 5).
2977 3144 2998 3178 ι
3040 3126 3106 3181 Et
3136 3131 3394 3207 quoniam

1806 3206 1954 3262 solus
1993 3210 2288 3265 ascendere
2325 3226 2491 3280 super
2537 3228 2792 3269 occasum
2825 3216 3032 3281 noluit,
3079 3220 3205 3275 audi
3250 3206 3405 3292 qued:

1803 3406 1925 3446 vam
1956 3392 2111 3447 duxit
2138 3393 2512 3464 captivitatem
2547 3394 2723 3466 (Paul.
2756 3415 2925 3467 LXVII,
2953 3400 3052 3465 l9;
3091 3401 3281 3473 Epiros.
3314 3420 3396 3470 Iv,

1802 3483 1880 3553 8).
1911 3504 1930 3538 ι
1964 3485 2227 3541 Ezechias
2256 3501 2471 3559 quoque
2501 3491 2809 3547 moriturus
2839 3494 2953 3547 ait:
2989 3513 3007 3544 ι
3032 3494 3145 3564 Ego
3189 3496 3298 3550 dixi
3341 3498 3393 3550 in

1802 3573 2027 3631 dimidio
2073 3577 2281 3632 dierum
2320 3595 2608 3651 meorum:
2645 3580 2845 3637 Vadam
2892 3585 2959 3639 ad
3001 3596 3188 3656 portas
3234 3586 3393 3643 inferi

1801 3663 1959 3733 (lsai.
1987 3682 2218 3732 xxxvnr,
2246 3668 2355 3739 18).
2382 3689 2399 3722 ι
2431 3670 2497 3724 Et
2522 3680 2707 3741 postea
2736 3675 2974 3729 subdidit
3003 3694 3015 3730 :
3055 3695 3075 3727 ι
3104 3678 3181 3731 Tu
3206 3688 3391 3731 autem

1798 3755 1989 3811 eruisti
2022 3758 2260 3814 animam
2293 3775 2494 3826 meam,
2537 3774 2596 3818 ut
2639 3781 2745 3819 non
2778 3768 2979 3835 periret
3007 3768 3195 3840 (lbid.,
3226 3770 3338 3839 l7).
3362 3790 3383 3824 ι

1798 3844 1945 3915 llaec,
1978 3848 2222 3919 inquant,
2253 3867 2377 3922 Spes
2410 3851 2683 3920 iustorum
2723 3866 2841 3910 erat
2883 3868 3011 3913 tunc
3039 3862 3386 3918 morientium

1797 3955 1958 3994 nemo
1983 3956 2113 4012 ergo
2158 3942 2212 3997 iu
2250 3944 2483 4011 caelum;
2523 3950 2616 4001 sed
2643 3964 2855 4016 omnes,
2893 3950 2985 4020 qui
3020 3959 3146 4007 tunc
3180 3955 3387 4011 morie-

1795 4032 2020 4098 bantur,
2061 4034 2470 4092 descendebant
2518 4039 2570 4092 in
2620 4040 2910 4098 infernum.
2953 4042 3243 4115 Originalis
3284 4029 3388 4102 i'ta-

1795 4141 1903 4196 que
1936 4126 1982 4158 °‘
2021 4126 2204 4182 delicti
2247 4130 2651 4198 expiationem,
2694 4142 2751 4188 et
2794 4133 3058 4190 malorum
3111 4145 3385 4192 tantorum

1794 4219 2208 4275 evacuationem
2255 4219 2375 4275 ﬁeri
2405 4223 2725 4291 oportebat,
2767 4223 2916 4280 nullo
2950 4226 3170 4295 quidem
3210 4229 3384 4284 orem

1795 4310 2030 4366 hominis
2072 4310 2288 4379 merito,
2330 4311 2425 4367 sed
2464 4313 2701 4384 ingenita
2741 4317 2931 4388 Optimi
2965 4316 3245 4375 Crtetoris
3287 4319 3385 4375 bo~

1793 4404 1965 4459 nitate
1990 4412 2045 4459 et
2083 4403 2281 4475 gratia.
2311 4405 2389 4460 Ne
2420 4422 2551 4478 ergo
2584 4408 2637 4462 in
2671 4418 2934 4466 aeternum
2966 4413 3129 4470 homo
3154 4415 3380 4482 periret,

1794 4495 2008 4551 restitui
2051 4497 2328 4553 hominem
2380 4501 2720 4571 oportebat:
2776 4502 2989 4559 restitui
3043 4513 3224 4559 autem
3273 4520 3381 4560 non

1645 4548 1653 4550 ,
1834 4548 1875 4550 ρ
1910 4548 1923 4550 -
2386 4548 2671 4571 ,τη-η---
2707 4548 2720 4556 .
2776 4548 2989 4559 ---...-.
3043 4548 3224 4559 -.ην-.-
3273 4548 3381 4560 ην..

129 4548 308 4671 Iriaruru
336 4560 649 4619 conditione
675 4567 907 4637 genitos.
957 4572 1039 4628 Ad
1079 4576 1318 4634 laborem
1361 4583 1690 4642 nascebatur
1716 4610 1766 4671 υ
1794 4598 2029 4659 poterat,
2052 4589 2157 4645 nisi
2181 4589 2326 4646 licus
2352 4592 2625 4647 hominem
2651 4607 2976 4661 assumeret,
3000 4597 3381 4652 necessitatem

144 4653 264 4671 lﬂm‘
332 4647 397 4671 --Ι
445 4648 673 4671 I,-L-__,,
867 4659 879 4671 ο
920 4659 933 4671 ι
1125 4666 1137 4671 -
1369 4669 1377 4671 -

126 4636 289 4713 homo,
331 4647 397 4702 ad
443 4636 693 4709 laborem?
744 4659 1079 4717 moriebatur
1124 4666 1315 4735 homo;
1366 4669 1419 4724 in
1450 4672 1687 4741 peccatis

126 4734 530 4805 concipiebatur,
562 4741 616 4797 in
645 4744 921 4805 doloribus
962 4734 1389 4825 parturiebatur,
1420 4734 1587 4817 miser
1615 4765 1683 4819 ad

125 4831 370 4881 aerumnas
397 4838 453 4885 et
486 4830 699 4891 labores
727 4838 1074 4899 nascebatur.
1112 4863 1130 4898 ι
1169 4846 1227 4902 in
1275 4852 1472 4908 sudore
1503 4854 1684 4911 vultus

128 4912 249 5015 l‘tli,:t
278 4919 435 4977 dixit
459 4924 721 4985 Dominus
752 4934 820 4988 ad
854 4934 1046 5004 Adam,
1084 4955 1104 4990 ι
1135 4943 1368 4998 vesceris
1394 4960 1534 5015 pane
1566 4956 1679 5014 tuo,

125 5000 276 5062 donec
306 5017 599 5073 revertaris
622 5020 690 5075 ad
720 5029 923 5081 terram
952 5026 1019 5083 de
1033 5000 1145 5100 qua
1177 5000 1425 5104 sumptus
1447 5051 1528 5103 es,
1551 5000 1680 5108 quia

126 5100 251 5201 terra
296 5116 375 5167 cs,
426 5115 481 5161 et
529 5109 583 5165 in
636 5120 837 5171 terram
892 5124 1181 5179 reverteris
1211 5100 1365 5192 (Gen.
1403 5100 1628 5201 III,
1658 5151 1677 5185 ι

126 5182 261 5295 Iliade
283 5205 337 5295 et
369 5195 560 5258 beatus
587 5203 689 5261 Job
716 5208 795 5263 ait
825 5228 840 5269 :
878 5230 898 5263 ι
928 5211 1122 5284 Homo,
1152 5182 1316 5275 natus
1339 5221 1406 5278 de
1431 5182 1681 5295 muliere,

1104 5275 1118 5284 .
1348 5275 1400 5278 κ-

125 5275 253 5335 brevi
283 5285 466 5347 vivens
496 5301 762 5366 tempore,
802 5303 1040 5373 repletur
1073 5308 1255 5365 multis
1280 5312 1552 5381 miseriis;
1586 5316 1678 5387 qui

126 5372 257 5437 quasi
300 5375 397 5433 llos
435 5386 733 5458 egreditur,
783 5404 840 5449 et
866 5372 1209 5467 (conteritur,
1249 5412 1305 5458 et
1353 5403 1488 5476 fugit
1536 5372 1682 5465 velut

1795 4689 2037 4736 nostram
2070 4682 2298 4751 subiret,
2330 4694 2519 4737 noster
2541 4685 2849 4740 Causidicns
2889 4695 3081 4741 contra
3124 4689 3382 4741 adversa-

1794 4770 1934 4825 rium
1966 4772 2081 4841 ipse
2109 4772 2294 4837 ﬁeret,
2321 4782 2375 4825 et
2401 4782 2603 4828 nostrze
2629 4776 2861 4830 actionis
2886 4778 3158 4846 negotium
3188 4792 3377 4849 agens,

1793 4876 1900 4916 non
1928 4862 2203 4917 suadendo
2223 4862 2291 4926 ",
2325 4866 2417 4917 sed
2443 4863 2595 4932 justo
2632 4865 2860 4920 rationis
2891 4866 3098 4935 judicio
3124 4868 3381 4924 adversa-

1792 4954 1931 5009 rium
1961 4954 2275 5021 excludens,
2308 4972 2529 5011 causam
2560 4969 2805 5013 nostram
2836 4959 3037 5015 ﬁniret.
3066 4958 3381 5015 Restitueno

1790 5046 1890 5101 dus
1920 5047 2102 5116 itaque
2130 5046 2239 5103 Deo
2268 5050 2428 5104 homo
2453 5059 2590 5119 erat,
2623 5066 2685 5106 ac
2712 5066 2810 5122 per
2838 5052 3110 5108 hominem
3143 5056 3234 5123 qui
3264 5053 3379 5111 Deo

1788 5139 2138 5209 semetipsum
2184 5140 2503 5195 abstulerat.
2556 5141 2691 5209 Quis
2738 5152 2920 5199 autem
2972 5145 3248 5199 hominum
3306 5145 3377 5200 dc

1789 5231 2064 5285 communi
2093 5246 2270 5285 massa
2298 5234 2619 5300 perditionis
2650 5244 2809 5291 natus
2837 5235 2887 5291 id
2920 5236 3140 5306 explere
3168 5248 3371 5308 posset,

1786 5333 1848 5376 ut
1900 5322 2161 5391 reliquam
2212 5323 2432 5378 humani
2483 5326 2699 5395 generis
2743 5343 2977 5382 massam
3023 5329 3374 5386 restitueret?

1788 5415 1890 5470 Vix
1920 5415 2062 5470 enim
2093 5414 2193 5470 sibi
2218 5415 2427 5485 justitia
2464 5418 2724 5489 cujusque
2752 5418 2983 5488 snllicit;
3019 5437 3123 5477 non
3154 5433 3238 5479 cst
3271 5424 3371 5478 im-

1380 5517 1613 5578 γΑιιιΑῖ
1651 5524 2055 5582 LECTIONES.

183 5582 223 5660 ’ξ
272 5586 373 5643 Ms.
405 5594 575 5659 liem..
610 5614 715 5655 non
744 5612 958 5660 exacto.

1064 5608 1109 5685 '.°
1152 5606 1256 5685 ἐνδυ
1288 5608 1463 5685 Rem”
1499 5625 1861 5685 opponentur.

1966 5618 2007 5651 ”
2054 5615 2255 5689 MsaS.
2294 5616 2441 5680 Gen,
2481 5630 2804 5689 apponatur.
2906 5623 2951 5656 ⁸⁸
2993 5624 3096 5679 Ms.
3137 5624 3194 5678 S.
3239 5623 3366 5681 Ger.

204 5651 213 5661 σ
564 5651 574 5659 ν
748 5651 958 5660 ν--ντν-
1152 5651 1256 5663 ι--υσ
1288 5651 1463 5674 ..υ-η..
1499 5651 1861 5685 υνγυηιπηιι...
2054 5651 2157 5672 λυ..
2195 5651 2255 5671 υ.
2294 5651 2441 5680 ιη...
2481 5651 2804 5689 "plnum"...
2909 5651 2950 5656 ς-
2993 5651 3096 5709 ΜΞ..
3137 5651 3194 5678 ο,
3239 5651 3365 5707 ως,

125 5659 583 5763 ξῗιξίξ“εὲῗ;..-ἶ³
624 5669 822 5763 θίέίὲ·
857 5674 1006 5763 φναν
1048 5679 1256 5761 ε¹³ίὲίυδ
1295 5680 1767 5763 ΞῖεεὲᾸιειιιιιηουει
1828 5690 1874 5763 δέ
1916 5688 2019 5763 ινδ·
2057 5687 2300 5763 Sat-'61.»
2338 5689 2630 5763 υβυξυειυ·
2709 5692 2755 5723 ⁸³
2798 5692 2898 5747 Ms-
2932 5695 2990 5748 S-
3020 5696 3166 5753 (πετο.
3197 5706 3365 5763 θηρη-

127 5728 234 5807 ξιηιὶ
264 5744 319 5781 se
349 5731 568 5807 fugisse.

654 5741 699 5774 ⁸⁸
740 5742 843 5801 Ms.
880 5741 1187 5815 Hcm.,"cui.

129 5800 219 5847 ηυιὶ
262 5814 351 5855 sua
404 5800 595 5867 dando.

1292 5753 1335 5785 ⁸⁷
1380 5753 1509 5812 Mss.
1544 5753 2032 5827 Ccrm.,sul:didit.
2114 5760 2158 5793 ⁸⁸
2204 5758 2304 5813 Ms.
2352 5760 2409 5814 δ.
2453 5758 2592 5828 Cen,
2627 5779 2879 5827 namque.

2958 5766 3002 5797 δ’
3047 5764 3150 5819 Ms.
3187 5764 3366 5832 Rem”

3292 447 3435 508 1092

1763 556 1811 613 Α
1842 540 2055 607 umbra,
2085 553 2140 599 et
2177 562 2453 617 nunquam
2489 548 2541 605 iu
2573 550 2762 619 eodem
2788 562 2932 609 statu
2975 568 3253 625 permanet
3310 562 3434 634 (In

1847 646 1956 694 XIV,
2000 632 2056 697 l,
2084 634 2163 703 2).
2196 656 2214 686 ι
2253 636 2379 692 Post
2420 639 2562 697 hanc
2615 640 2848 712 denique
2887 632 3326 721 qualemcunque
3352 651 3436 709 vi-

1842 731 1974 789 tam,
2011 725 2308 782 morientes
2352 746 2462 798 quo
2492 740 2628 788 tunc
2677 734 2875 799 ibant?
2907 736 3077 792 Nemo
3121 740 3173 794 in
3210 742 3447 811 uelum,
3532 744 3541 813 ﬁ

1835 817 1930 871 sed
1974 831 2167 873 omnes
2231 819 2284 873 in
2347 820 2653 890 infernum;
2705 834 2883 882 tamen
2943 828 3072 897 justi
3135 847 3229 902 spe
3291 833 3429 909 bona

1834 910 1979 978 quod
2027 911 2098 966 ab
2149 911 2338 967 inferis
2392 904 2490 984 per
2534 918 2811 975 Christqu
2854 936 3196 994 eruerentur,
3228 938 3283 982 et
3333 945 3431 997 per
3532 932 3536 1007 ξ

3586 4366 3597 4447 ξ

3586 4448 3594 4491 l

3582 4498 3591 4523 ξ
