3990 6310
640 349 780 404 {6‘23

1566 343 1972 402 ClSLEBl-Lll'l’l
2010 342 2298 399 (:ltlSPlNl
2340 341 2495 396 sua.
2543 336 3056 422 \vssrnomsr.
3697 359 3779 416 κη,

640 467 819 516 munis
851 474 877 512 ιι
927 465 1154 524 peccato
1205 455 1404 519 Infans,
1452 455 1606 526 cuius
1634 456 1744 510 vita
1791 464 1874 510 est
1920 458 2080 509 unius
2120 455 2225 510 dici
2259 462 2305 517 Λ
2337 454 2555 526 regibus
2586 467 2754 523 regno
2783 451 3000 520 fugatis,
3033 452 3276 520 captivis,
3309 455 3625 518 exhzeredatts
3650 467 3780 528 irtlsln

641 564 804 623 super
861 551 1082 604 terram.
1138 547 1291 614 Quod
1340 549 1384 603 si
1436 563 1627 613 novus,
1665 547 1751 602 vel
1799 547 2016 602 aliunde
2065 551 2224 602 natus

641 641 806 699 homo
837 638 907 711 l”
950 655 1046 694 seu
1077 640 1303 712 angelus
1336 639 1512 695 lactus
1557 640 1746 713 homo]
1780 640 2054 695 hominem
2093 638 2226 694 lihe-

641 744 821 790 raret'
867 748 974 788 non
1024 733 1104 788 sic
1148 733 1214 787 ad
1264 734 1553 804 pristinum
1574 733 1620 765 "
1651 732 1927 804 dignitatis
1973 733 2226 803 ingenita:

641 837 842 884 statum
872 825 1087 882 restitui
1126 832 1329 895 posset.
1361 825 1494 881 Cum
1525 823 1671 880 enim
1705 824 1911 896 angelis
1939 824 2098 878 honzo
2129 835 2228 892 par

640 928 876 986 creatus,
903 935 1006 974 non
1041 927 1257 982 natura,
1295 919 1388 982 sed
1425 916 1654 970 rationis
1682 925 1738 970 et
1768 928 2040 970 concessae
2068 913 2230 967 libera

642 1013 769 1069 tatis
799 1013 998 1083 gratia,
1046 1011 1142 1067 soli
1191 1011 1301 1066 Deo
1344 1008 1588 1064 Creatori
1632 1008 1698 1063 ad
1734 1007 2074 1063 serviendum
2107 1017 2225 1060 erat

640 1109 948 1172 obnoxius,
989 1105 1056 1160 ad
1106 1103 1354 1158 eumdem
1405 1101 1677 1157 libertatis
1723 1111 1945 1164 statum,
1992 1113 2085 1153 seu
2129 1111 2228 1167 per

639 1195 936 1256 hominem.
969 1210 1064 1250 seu
1095 1207 1188 1264 per
1219 1192 1466 1261 angelum
1499 1192 1709 1246 restitui
1752 1205 1882 1244 non.
1906 1188 2140 1242 valebat.
2176 1187 2218 1242 A

636 1301 746 1356 quo
774 1290 918 1342 enim
967 1284 1089 1356 quis
1136 1300 1166 1338 a
1212 1285 1476 1339 servitute
1505 1281 1818 1346 redimitur,
1866 1280 1915 1334 ei
1960 1277 2226 1333 obnoxius

637 1391 761 1433 esse
803 1377 870 1430 ad
898 1373 1242 1430 serviendum
1268 1373 1569 1443 judicatur.
1603 1371 1738 1439 Quia
1772 1385 1903 1441 ergo
1933 1385 2031 1439 per
2059 1369 2223 1424 alium

638 1462 799 1532 plena
829 1461 1067 1515 hominis
1110 1461 1380 1515 restitutio
1412 1459 1528 1514 lieri
1571 1473 1676 1514 non
1718 1457 1953 1523 valebat,
2003 1471 2225 1512 necesse

641 1552 741 1609 fuit
798 1562 854 1608 ut
915 1552 1144 1608 Creator
1196 1559 1460 1607 creatura:
1517 1549 1864 1611 subveniret,
1919 1558 2222 1603 creaturam

638 1645 866 1700 Creator
891 1645 1122 1710 subiret,
1139 1655 1198 1699 ut
1222 1659 1318 1714 per
1345 1644 1518 1714 ipsum
1540 1643 1854 1699 Creatorem
1883 1642 2046 1696 homo
2070 1640 2227 1694 resti-

639 1743 810 1800 tutus,
842 1733 940 1787 soli
969 1732 1213 1788 Creatori
1253 1733 1321 1787 ad
1353 1732 1697 1789 serviendum
1738 1733 2004 1787 obnoxius
2051 1747 2224 1784 rema-

637 1835 812 1894 neret,
838 1837 892 1883 et
919 1826 1089 1882 hostis
1110 1825 1232 1895 jure
1254 1826 1510 1881 ditionem
1535 1841 1698 1896 supra
1726 1840 1896 1896 genus
1920 1825 2220 1879 humanum
2259 1803 2296 1858 Β

635 1918 881 1973 habitam
948 1917 1246 1973 amitteret.
1299 1915 1444 1973 Nihil
1494 1917 1636 1972 enim
1687 1917 1740 1971 in
1792 1916 2011 1972 Christo
2064 1929 2220 1969 suum

635 2010 809 2066 hostis
846 2009 1166 2076 invenerat,
1209 2012 1320 2080 qui,
1354 2025 1528 2079 neque
1583 2010 1635 2064 in
1673 2009 2046 2080 iniquitatibus
2095 2023 2224 2063 con-

633 2112 824 2173 ceptus
852 2112 995 2170 erat,
1023 2115 1200 2173 neque
1228 2104 1282 2158 in
1313 2103 1553 2172 peccatis
1578 2107 1790 2173 partus
1817 2101 2015 2166 fuerat,
2049 2116 2235 2170 neque

634 2193 800 2249 ullam
824 2209 1048 2263 prorsus
1075 2194 1280 2263 peccati
1303 2194 1570 2248 mat-uiam
1595 2191 1829 2247 vivendd
1853 2199 2222 2246 contraxerat.

634 2283 756 2352 Qua
803 2285 969 2356 igitur
999 2285 1422 2356 prmsumptione
1466 2285 1667 2353 injusta
1711 2298 1858 2338 mors
1893 2284 1944 2336 in
1977 2297 2099 2337 eum
2147 2281 2224 2336 fe-

637 2376 828 2432 riendo
857 2377 1112 2447 deliquit,
1161 2377 1216 2430 in
1249 2391 1356 2447 quo
1387 2375 1521 2430 nihil
1563 2390 1719 2429 suum
1763 2381 2062 2444 repererat,
2091 2372 2222 2428 nihil

632 2469 858 2526 omnino
896 2469 1035 2540 juris
1066 2467 1319 2531 habebat,
1346 2467 1468 2539 jure
1515 2466 1701 2522 amisit
1727 2481 1848 2522 eam
1879 2465 2223 2535 iurisdictio-

635 2573 786 2624 netu,
813 2575 977 2632 quam
1006 2568 1234 2631 peccato
1261 2558 1421 2630 primi
1455 2558 1690 2614 hominis
1722 2558 1774 2612 in
1805 2557 2078 2613 hominem
2109 2557 2222 2628 pri-

619 2665 783 2728 ;mum
819 2650 1045 2720 ejusque
1088 2651 1462 2721 posteritatem
1504 2649 1840 2705 obtinuerat.
1869 2647 2012 2703 Mors
2043 2650 2226 2720 itaque

543 2730 614 2838 β
635 2742 860 2806 Christi,
894 2751 952 2797 et
978 2741 1264 2813 originalis
1297 2741 1506 2812 peccati
1538 2741 1679 2812 apud
1711 2739 1930 2794 Patrem
1965 2741 2142 2821 hostia
2170 2751 2238 2796 et-

535 2831 547 2918 ξ
636 2833 952 2918 μιαρέ-Ἦρα
975 2833 1098 2899 fuit,
1121 2841 1286 2902 atque
1314 2832 1532 2887 humani
1557 2832 1774 2904 generis
1803 2831 1958 2902 plena
1989 2833 2226 2902 integra-

683 2921 696 2925 Δ,
709 2917 716 2922 .
727 2907 904 2922 ,σου-μην*

615 2923 740 3004 que
787 2925 1058 2990 restitutio
1106 2923 1338 2979 exstitit.
1389 2923 1688 2979 Reseratus
1715 2933 1801 2978 est
1831 2925 1884 2978 in
1925 2923 2042 2993 ejus
2073 2927 2221 2981 obitu

637 3015 873 3085 paradisi
903 3013 1104 3081 aditus,
1134 3022 1376 3070 remotus
1406 3026 1490 3068 est
1517 3013 1726 3083 gladius
1755 3013 1843 3068 ille
1870 3015 2145 3070 versatilis
2167 3024 2224 3070 et

2295 547 2533 601 .mentio
2582 532 2686 599 ulla
2731 544 3045 599 haberetur.
3086 542 3141 596 In
3181 545 3392 600 Christo
3426 548 3582 616 itaque
3609 567 3782 617 rosum

2326 641 2445 695 [me
2472 638 2868 711 intelligantur,
2897 647 2952 691 et
2978 635 3244 691 intellcma
3267 640 3502 696 omnibus
3524 647 3662 702 mollis
3678 652 3782 707 adita

2325 732 2594 803 pleantur.

2329 830 2506 848 "’”"’
2669 855 2702 861 ——
3005 837 3234 879 ποετις.

2402 913 2724 969 Violentiam
2764 912 3060 982 Scriptura‘.
3110 913 3294 975 infers,
3347 922 3399 967 ct
3446 917 3505 969 ad
3534 915 3631 971 lidei
3661 935 3783 976 restra-

2328 1006 2684 1061 assertionem
2743 1004 3058 1073 Scripturas
3105 1003 3400 1072 intorques.
3452 1003 3568 1060 Nam
3623 1007 3784 1066 Ezechiel

2327 1099 2586 1169 prepheta
2618 1106 2804 1165 aperte
2827 1097 2874 1128 "
2897 1106 3107 1166 portam
3160 1095 3412 1166 appellat,
3443 1107 3493 1151 ct
3527 1098 3582 1154 de
3611 1113 3718 1170 porta
3742 1104 3785 1156 lo-

2327 1189 2541 1258 quitur;
2571 1197 2624 1241 tu
2654 1187 2912 1242 feminam
2955 1187 3192 1257 appellas
3213 1229 3226 1252 ,
3259 1195 3314 1240 et
3354 1188 3418 1240 de
3465 1186 3630 1242 femina
3659 1191 3704 1244 ad
3729 1198 3785 1247 ξο-

2325 1281 2586 1336 luntatem
2611 1291 2756 1334 tuam
2774 1280 3016 1350 disputas
3053 1278 3253 1333 Resbae
3275 1279 3486 1334 omnino
3507 1291 3610 1335 sunt
3626 1294 3783 1346 remota,

2326 1384 2381 1429 et
2440 1373 2580 1428 ttulla
2633 1371 2735 1428 sibi
2789 1372 3018 1427 invicem
3077 1371 3422 1426 similitudine
3473 1385 3581 1428 sunt
3623 1377 3783 1432 admota.

2327 1465 2441 1521 Hoc
2468 1465 2698 1535 denique
2726 1463 2915 1517 ultimo
2936 1463 3181 1533 exemplo
3205 1463 3396 1532 aperte
3415 1472 3513 1518 tota
3541 1474 3612 1518 tua
3634 1466 3681 1520 de
3693 1467 3788 1521 Chri-

2327 1560 2394 1615 sti
2456 1569 2578 1613 ortu
2624 1556 2889 1612 refellitur
2937 1555 3246 1624 disputatio.
3299 1554 3428 1609 Nam
3474 1553 3594 1610 Deus
3632 1558 3726 1612 dixit
3749 1559 3787 1612 ad

2325 1652 2600 1706 Abraham
2631 1666 2644 1702 :
2675 1647 2741 1702 In
2765 1646 2961 1700 semine
2983 1656 3094 1709 tuo,
3121 1645 3223 1700 hoc
3252 1655 3358 1708 est,
3387 1645 3436 1699 itt
3463 1645 3657 1707 Christo.
3674 1649 3733 1716 qui
3751 1650 3789 1703 tle

2327 1742 2535 1797 semine
2569 1740 2686 1811 ejus
2715 1736 2980 1793 oriundus
3009 1744 3148 1801 erat,
3179 1736 3533 1790 benedicentur
3556 1753 3690 1790 onmrs
3712 1756 3787 1806 gn.

2326 1848 2402 1892 tes
2453 1847 2606 1891 terra:
2644 1833 2798 1906 (Cen.
2845 1848 2981 1897 xm,
3039 1833 3115 1901 8).
3164 1831 3306 1885 Deus
3349 1830 3477 1885 dixit
3520 1831 3724 1884 Christum
3750 1834 3788 1883 de

2325 1930 2534 1985 semine
2554 1927 2785 1980 Abraltte
2812 1923 3117 1988 oriundum,
3146 1933 3196 1976 tu
3226 1923 3364 1976 dicis
3383 1937 3496 1976 eum
3520 1921 3616 1975 sine
3636 1921 3711 1974 ullo
3729 1922 3788 1975 uri

2325 2022 2532 2077 semine
2574 2019 2740 2074 fuisse
2781 2026 2983 2074 ortum.
3032 2013 3137 2069 Sed
3164 2015 3405 2085 procede
3441 2015 3502 2068 ad
3525 2015 3682 2083 reliqua
3703 2013 3790 2068 Scri-

2325 2125 2607 2186 pturarunt
2633 2109 2899 2179 exempla,
2930 2118 3110 2164 utrum
3137 2108 3318 2178 aliqua
3345 2108 3564 2177 apertius
3588 2107 3693 2160 dicta
3727 2107 3790 2160 sint

2325 2217 2381 2263 et
2425 2208 2471 2238 "
2547 2204 2829 2260 sententia:
2885 2211 3049 2274 atque
3097 2200 3221 2258 lidci
3272 2211 3464 2257 vestrae
3511 2201 3647 2272 magis
3678 2214 3791 2253 assea-

2327 2307 2507 2354 tanca.
3089 2310 3093 2318 '
3295 2315 3298 2318 ’

2393 2395 2396 2398 ’
2930 2401 3304 2444 cnntsrtttsvs.

2397 2477 2690 2536 Commode
2730 2476 2799 2533 ad
2832 2477 3074 2546 opposita
3115 2475 3425 2542 respondet,
3459 2475 3661 2546 quisquis
3683 2475 3792 2528 vicino

2327 2572 2464 2641 pede
2491 2570 2838 2641 prosequitur
2861 2576 3022 2637 atque
3054 2566 3366 2636 respondet.
3398 2566 3607 2622 Dicimus
3630 2557 3796 2620 Ezechie-

2326 2665 2428 2720 lem
2462 2663 2780 2734 prophetam
2811 2662 3037 2732 figurate
3057 2648 3244 2714 fuisse
3265 2658 3495 2714 locutum
3523 2659 3579 2712 de
3601 2667 3709 2726 porta
3730 2657 3793 2714 ἱὲιι,

2327 2756 2580 2826 quoniam
2617 2753 2762 2808 nullo
2791 2751 2950 2808 modo
2980 2753 3047 2806 ad
3076 2751 3318 2806 litteram
3348 2750 3507 2821 accipi
3538 2759 3707 2820 possunt
3726 2762 3795 2815 qua

2329 2847 2540 2901 locutus
2568 2855 2651 2902 est
2672 2846 2740 2900 de
2763 2855 2914 2914 porta
2947 2844 3036 2898 illa
3065 2861 3079 2897 :
3111 2859 3130 2894 ι
3162 2842 3233 2897 Et
3259 2841 3414 2906 dixit,
3439 2841 3607 2912 inquit,
3629 2839 3796 2894 Dominus

2326 2942 2393 2996 ad
2421 2956 2544 2995 me:
2579 2938 2737 2993 Porta
2765 2938 2880 2992 haec
2916 2935 3096 2991 clausa
3137 2935 3266 3000 erit,
3300 2943 3354 2988 et
3394 2950 3491 2988 non
3521 2931 3796 3002 aperietur;et

2327 3031 2411 3085 vir
2435 3045 2540 3084 non
2583 3027 2837 3083 transibit
2878 3039 2976 3098 per
3020 3041 3161 3090 cum,
3192 3023 3448 3095 quoniam
3494 3018 3796 3076 Dominusllm

635 3105 936 3160 ﬂammeus.
961 3103 1080 3160 Jam
1111 3104 1166 3159 in
1193 3105 1375 3160 crucis
1401 3103 1643 3174 patibulo
1672 3103 1865 3160 alIixus
1896 3114 1953 3160 et
1983 3105 2222 3162 moriens
2251 3144 2297 3206 Ο
2329 3120 2493 3176 “met
2521 3120 2792 3189 ingressus
2820 3125 2902 3171 es;
2940 3131 3036 3186 per
3069 3130 3212 3179 eam,
3241 3123 3297 3169 et
3323 3113 3426 3168 erit
3456 3111 3612 3167 etans;
3635 3105 3794 3178 principi.

495 3257 517 3279 κ
549 3227 551 3230 ⁴
637 3202 714 3262 ait
746 3199 813 3253 ad
839 3199 1173 3255 Latronem:
1216 3219 1235 3252 ι
1268 3199 1443 3256 Hodie
1471 3214 1683 3254 mecum
1730 3201 1841 3256 eris
1884 3201 1936 3255 in
1973 3207 2226 3270 paradiso

639 3293 792 3366 (Luc.
848 3308 1008 3357 χχιιι,
1057 3292 1175 3346 ιὸὶ.
1211 3311 1230 3344 ι
1282 3292 1437 3347 Tunc
1480 3305 1696 3362 quoque
1744 3292 2094 3363 adimpletum
2144 3303 2229 3349 est

637 3384 781 3455 quo-.1
822 3391 918 3454 per
957 3382 1096 3438 Osee
1146 3383 1462 3454 prophetam
1512 3382 1714 3438 dictum
1751 3393 1877 3438 est:
1918 3402 1937 3434 ι
1961 3382 2005 3439 Ο
2055 3400 2224 3452 mors,

638 3489 734 3529 ero
765 3489 912 3529 mors
951 3483 1072 3537 tua;
1115 3489 1329 3528 morsus
1370 3482 1491 3528 tuus
1525 3488 1643 3537 ero,
1682 3473 1892 3529 inferne
1924 3473 2072 3544 (Ose.
2102 3491 2226 3542 xm,

641 3564 750 3633 M).
790 3582 810 3616 ι
858 3561 1226 3634 llujusigitur
1259 3574 1465 3638 nostrae.
1507 3563 1868 3620 restitutionis
1911 3580 2223 3622 sacramen-

638 3663 778 3739 tum,
807 3656 860 3711 in
885 3657 1167 3727 prophetis
1197 3657 1530 3713 habebamus
1558 3641 2228 3728 promissun‘t,ialiquando

786 3749 988 3820 figuras
1034 3763 1242 3815 rerum,
1295 3749 1588 3818 aliquando
1635 3764 1732 3820 per
1768 3751 2063 3806 verborum
2089 3753 2228 3807 ami-

638 3847 840 3906 gunata,
891 3837 1183 3909 aliquando
1231 3837 1468 3893 evidenti
1522 3839 1889 3908 promissione
1931 3850 1986 3896 et
2015 3852 2240 3911 aperta-

638 3924 838 3982 Primis
876 3926 979 3982 illis
1010 3928 1345 4000 temporibus
1397 3928 1623 3998 loqucns
1677 3929 1817 3985 Dens
1855 3931 1922 3985 ad
1952 3931 2227 3986 Abraham

638 4017 706 4073 de
740 4020 843 4075 hoc
887 4029 1230 4096 sactjantcnlo
1260 4022 1338 4074 ait
1364 4039 1376 4074 :
1417 4041 1435 4073 ι
1465 4023 1518 4076 In
1550 4024 1758 4078 semine
1789 4033 1880 4079 tuo
1905 4022 2230 4080 benedicen-

641 4117 731 4163 tur
782 4126 972 4166 ontnes
1024 4121 1213 4182 gentes
1268 4122 1426 4168 terra:
1472 4111 1626 4178 (Gen.
1679 4130 1832 4178 xxvi,
1877 4114 1954 4186 4).
1988 4134 2008 4168 ι
2066 4113 2227 4187 [”Ιιι

640 4201 859 4258 Christo
905 4205 1083 4272 enim,
1124 4206 1215 4274 qui
1258 4206 1326 4261 de
1359 4207 1569 4262 semine
1618 4207 1734 4278 ejus
1773 4208 2037 4263 oriundus
2084 4217 2225 4274 erat,

642 4293 1027 4349 benedicentur
1074 4306 1264 4351 omnes
1294 4307 1483 4366 gentes
1519 4299 1723 4372 ternm]
1779 4299 2228 4369 Quandoquidem

645 4383 962 4439 universum
1015 4401 1186 4455 genus
1235 4389 1530 4445 humanum
1579 4393 1680 4446 sub
1729 4392 2020 4449 maledicto
2067 4393 2226 4462 primi

2331 3208 2588 3280 Princeps
2609 3210 2722 3279 ipse
2749 3207 2959 3264 sedebit
2979 3207 3034 3260 in
3053 3221 3141 3269 ea,
3163 3214 3225 3258 ut
3249 3203 3491 3260 comedat
3507 3215 3664 3272 panem
3684 3210 3795 3252 conta

2329 3302 2576 3356 Domino.
2607 3301 2710 3355 Per
2729 3298 2871 3354 viam
2892 3298 3143 3353 vestibuli
3173 3307 3346 3368 porta:
3374 3294 3675 3365 ingredietur,
3690 3298 3728 3344 et
3741 3302 3797 3356 pri

2328 3393 2470 3448 \a’am
2521 3393 2640 3461 ejus
2686 3389 2995 3460 egredietur
3019 3388 3242 3457 (Ezech.
3285 3401 3430 3452 xciv,
3456 3383 3616 3448 l-5).'i
3647 3377 3732 3431 llzec
3760 3375 3798 3424 ad

2329 3483 2564 3539 litteram
2592 3497 2750 3536 neruo
2776 3480 2990 3550 explere
3019 3485 3217 3549 potest,
3253 3491 3386 3531 nam
3413 3475 3454 3530 si
3491 3471 3696 3528 Dominus
3716 3466 3800 3519 Dem

2328 3573 2514 3640 Israel,
2545 3575 2637 3645 qui
2688 3589 2783 3644 per
2824 3573 3142 3644 prophetam
3181 3569 3427 3638 loquitur
3453 3581 3468 3620 :
3499 3582 3518 3618 ι
3543 3562 3700 3618 Ctrlnm
3721 3555 3799 3609 milii

2327 3669 2485 3724 sedes
2513 3677 2616 3731 est,
2654 3673 2710 3720 et
2754 3673 2895 3720 terra
2934 3661 3225 3718 scabellum
3268 3661 3464 3731 pedum
3493 3665 3689 3712 meontm
3714 3648 3798 3715 (Art-

2329 3774 2423 3821 vtt,
2450 3757 2578 3826 4.9);
2616 3775 2640 3808 ιη
2664 3763 2718 3809 et
2746 3753 2872 3808 alibi
2905 3769 2935 3805 επ
2957 3769 2979 3805 ι
3019 3751 3226 3806 Caelum
3275 3759 3335 3804 et
3370 3759 3555 3803 terram
3579 3756 3659 3812 ego
3679 3737 3801 3826 iml'“?

2331 3847 2466 3920 (ler.
2501 3824 2656 3912 ιιςιιι,
2687 3845 2802 3914 24),
2848 3863 2866 3897 ι
2903 3844 2971 3906 εἰ,
2999 3844 3242 3912 inquam,
3277 3840 3528 3895 Dominus
3567 3835 3677 3888 Deus
3703 3824 3802 3882 hnd

2331 3947 2473 3997 tutus
2504 3937 2703 4007 ubique
2740 3944 2844 4002 est,
2885 3935 3028 3989 unde
3064 3933 3348 4003 ingressus
3375 3941 3455 3987 est
3484 3944 3568 4000 per
3589 3924 3802 3994 portant.“

2328 4046 2435 4101 (illo
2463 4044 2715 4100 egressus
2743 4037 2826 4084 est
2855 4043 2951 4099 per
2978 4035 3186 4095 portam
3213 4025 3406 4078 illam?
3449 4023 3501 4078 Si
3539 4021 3655 4074 Deus
3679 4010 3801 4101 estinf

2327 4099 2798 4194 circumscriptus,
2848 4120 3120 4191 quomodo
3163 4133 3291 4175 eum
3333 4119 3387 4173 in
3421 4124 3562 4186 porta
3599 4099 3800 4194 sedari]

2328 4215 2562 4271 litteram
2592 4190 2764 4282 ac—cipi
2792 4190 3002 4280 potest?
3026 4208 3302 4278 quomodo
3320 4206 3425 4261 erit
3445 4205 3606 4260 clausa
3631 4190 3799 4266 Ρτὶητίρίι

2327 4308 2372 4361 si
2403 4307 2654 4376 princeps
2691 4303 2806 4373 ipse
2842 4301 3099 4356 Dominus
3132 4299 3274 4354 Deus
3310 4295 3472 4351 Israel
3506 4294 3721 4362 ingressus
3742 4291 3803 4376 tl“

2328 4370 2448 4454 eam
2476 4370 2687 4452 sedebit
2713 4370 2776 4449 in
2815 4409 2904 4460 ea,
2948 4402 3008 4447 ut
3045 4390 3300 4447 comedat
3347 4401 3531 4459 partem
3576 4389 3715 4436 coram
3740 4370 3802 4422 00'

644 4475 886 4565 parentis
920 4491 1272 4546 oppressum.
1325 4495 1422 4549 per
1458 4497 1583 4535 eum
1607 4483 1654 4514 ³³
1697 4484 1765 4537 ab
1802 4484 1892 4539 illo
1939 4460 2227 4540 maledicto
2255 4504 2305 4565 ι)
2331 4487 2517 4543 mino?
2545 4486 2712 4553 Quem
2758 4500 2980 4555 panem,
3029 4482 3111 4538 vel
3147 4479 3449 4551 cujus-modi
3495 4485 3684 4547 panem.

644 4564 966 4631 absolvitur,
995 4573 1049 4622 et
1078 4567 1446 4624 bcnedictioni
1475 4579 1638 4640 atque
1661 4572 1850 4642 gratia:
1875 4575 2036 4642 priori
2062 4575 2223 4631 resti-

645 4657 833 4713 tuitur.
873 4657 1005 4713 Nam
1046 4659 1099 4714 in
1145 4660 1300 4716 Isaae
1341 4677 1472 4732 gens
1504 4664 1649 4719 nulla
1682 4665 2042 4734 benedicitur,
2075 4668 2224 4724 nulla

642 4767 778 4823 gens
825 4750 943 4822 ejus
978 4755 1420 4812 ditionisubacta
1473 4759 1640 4816 fuisse
1690 4761 1904 4831 legitur.
1953 4761 2008 4815 In
2061 4761 2224 4816 David

641 4857 776 4900 vero
801 4853 856 4898 et
898 4845 1190 4903 Salomone
1235 4851 1332 4920 ‘qui
1361 4865 1545 4921 regum
1589 4862 1751 4907 terra:
1797 4853 1938 4909 illius
1971 4853 2238 4908 fortiores.

643 4935 767 4992 aliis
789 4945 844 4992 et
871 4941 1201 5008 potentiores
1225 4943 1506 5010 exstitere,
1528 4946 1798 5014 quomodo
1819 4959 2008 5001 omnes
2036 4954 2225 5016 gentes

643 5025 1078 5097 benedicuntur;
1129 5043 1252 5087 cum
1301 5049 1495 5091 omnes
1543 5037 1984 5107 circumquaque,
2031 5046 2226 5108 praeter

644 5113 949 5186 Iudaicam,
981 5132 1174 5193 gentes
1202 5127 1282 5182 eis
1307 5127 1355 5161 ’δ
1384 5127 1627 5182 adversae
1651 5136 1706 5183 et
1736 5138 1923 5182 contra
1947 5144 2043 5184 eos
2069 5131 2115 5163 ⁸³
2139 5129 2240 5183 (Ιίο,

648 5205 908 5264 micantes
959 5227 1176 5284 semper
1227 5216 1394 5273 fuere.
1451 5219 1526 5273 De
1576 5219 1984 5276 successoribus
2033 5234 2222 5275 eormn

2331 4577 2559 4643 factum,
2586 4577 2671 4631 vel
2713 4554 2854 4630 unde
2903 4574 3138 4630 delatum
3187 4571 3439 4627 comedat
3483 4554 3801 4643 Dominam}

2331 4667 2518 4731 Israel,
2545 4641 2601 4720 et
2627 4679 2815 4720 coram
2862 4662 3108 4718 Domino.
3139 4660 3272 4728 Quis
3303 4666 3390 4713 est
3429 4653 3556 4708 alios
3592 4649 3670 4702 iste

2333 4773 2457 4821 nus,
2501 4728 2567 4809 ut
2609 4769 2793 4810 coram
2837 4767 2903 4808 eo
2944 4766 3139 4822 panem
3181 4747 3433 4805 comedat
3485 4728 3801 4798 Domiuslltls

2333 4847 2531 4904 Israel?
2557 4846 2694 4913 Quia
2729 4859 2862 4914 ergo
2896 4844 3011 4898 hare
3040 4843 3106 4896 ad
3137 4841 3372 4895 litteram
3417 4832 3575 4902 accipi
3612 4841 3692 4882 non

2331 4949 2496 5005 sunt;
2547 4912 2642 5004 per
2691 4912 2900 5004 portam
2942 4934 3087 4988 illud
3140 4929 3366 5002 intelligi
3421 4930 3627 4996 oportet,
3657 4923 3702 4967 Ill
3732 4912 3802 4962 ω

2330 5032 2513 5098 omnia
2540 5028 2978 5091 considerentur,
3009 5033 3065 5081 et
3090 5025 3424 5079 considerata
3455 5015 3561 5073 ﬁeri
3586 5011 3803 5098 posse

2330 5127 2626 5181 venienter.
2662 5119 3050 5191 intelligantur.
3094 5117 3352 5174 Dominus
3389 5128 3514 5182 ergo
3555 5108 3670 5162 0605

2332 5219 2610 5288 ingressus
2636 5230 2737 5285 per
2763 5189 2972 5284 portam
3022 5213 3166 5266 illam
3184 5234 3206 5274 ,:
3237 5206 3310 5265 ad
3342 5219 3441 5264 nos
3473 5205 3684 5271 egressus
3704 5189 3802 5238 ubi.

1955 5398 2040 5451 VA
2053 5396 2187 5450 “le
2222 5392 2622 5452 LECTIONES.

716 5566 763 5600 ‘°
804 5563 902 5621 Hs.
945 5567 1088 5624 Rem.
1137 5575 1280 5628 nniit.
1312 5577 1456 5629 uncis
1498 5577 1719 5632 inclusa.

641 5637 844 5705 Germ,
870 5641 939 5694 ei.
1030 5642 1071 5674 θ’
1117 5641 1194 5695 ,υτ
1248 5645 1307 5699 S.
1337 5644 1481 5711 Cen,
1515 5649 1584 5702 ci.

1802 5577 1842 5607 ⁰¹
1889 5575 1990 5629 Ms.
2028 5573 2171 5630 Rem.
2205 5575 2464 5642 pristiam.

1697 5647 1740 5680 "
1785 5646 1882 5704 Ms.
1918 5646 2083 5714 Iit-nn,
2107 5641 2315 5731 omnes.
2394 5644 2438 5676 "
2468 5643 2574 5700 Ms.
2605 5641 2662 5699 S.
2697 5642 2843 5708 (ἔθη,
2872 5652 3016 5698 ante.

2569 5575 2614 5608 "
2656 5573 2754 5628 illa.
2783 5571 2928 5626 Rem.
2963 5571 3108 5626 omit.
3145 5568 3288 5624 uncis
3313 5563 3532 5621 inclusa.
3598 5553 3646 5635 ”_
3670 5531 3799 5603 115.5.

2569 5684 2574 5692 .
2605 5641 2662 5692 S.
2697 5642 2843 5692 (Iern
2872 5652 3016 5692 ante.
3121 5641 3166 5671 ’⁷
3196 5639 3294 5692 M5.
3325 5635 3388 5692 δ.
3420 5631 3534 5686 Ger.
3558 5633 3678 5682 οιιυι.
3705 5623 3756 5671 οι·

3196 5656 3294 5693 πε,
3325 5656 3388 5692 Α),
3420 5656 3534 5686 υΕΪο
3558 5656 3678 5682 νηυοο
