  <div class='ocr_page' id='page_1' title='image "/cluster/home/n/w/nwhite01/storage/ocr_20150623/159/hvd.32044024236648/520.png"; bbox 0 0 3990 6310; ppageno 0'>
   <div class='ocr_carea' id='block_1_1' title="bbox 157 355 289 411">
    <p class='ocr_par' dir='ltr' id='par_1_1' title="bbox 157 355 289 411">
     <span class='ocr_line' id='line_1_1' title="bbox 157 355 289 411; baseline -0.023 0"><span class='ocrx_word' id='word_1_1' title='bbox 157 360 173 411; x_wconf 79' lang='grc'><strong>1</strong></span> <span class='ocrx_word' id='word_1_2' title='bbox 186 355 289 409; x_wconf 70' lang='lat'><strong>025</strong></span> 
     </span>
    </p>
   </div>
   <div class='ocr_carea' id='block_1_2' title="bbox 1049 312 2435 407">
    <p class='ocr_par' dir='ltr' id='par_1_2' title="bbox 1049 312 2435 407">
     <span class='ocr_line' id='line_1_2' title="bbox 1049 312 2435 407; baseline -0.007 1"><span class='ocrx_word' id='word_1_3' title='bbox 1049 359 1059 367; x_wconf 65' lang='grc' dir='ltr'><strong><em>ο</em></strong></span> <span class='ocrx_word' id='word_1_4' title='bbox 1124 350 1537 407; x_wconf 69' lang='lat' dir='ltr'><strong>etsctz&#39;n&#39;rto</strong></span> <span class='ocrx_word' id='word_1_5' title='bbox 1574 348 1791 404; x_wconf 66' lang='lat' dir='ltr'><strong>tum</strong></span> <span class='ocrx_word' id='word_1_6' title='bbox 1833 346 1977 404; x_wconf 74' lang='lat' dir='ltr'><strong>cun</strong></span> <span class='ocrx_word' id='word_1_7' title='bbox 2017 312 2435 401; x_wconf 69' lang='lat' dir='ltr'><strong>CI‘IRISTIANO</strong></span> 
     </span>
    </p>
   </div>
   <div class='ocr_carea' id='block_1_3' title="bbox 3284 336 3425 392">
    <p class='ocr_par' dir='ltr' id='par_1_3' title="bbox 3284 336 3425 392">
     <span class='ocr_line' id='line_1_3' title="bbox 3284 336 3425 392; baseline 0 -1"><span class='ocrx_word' id='word_1_8' title='bbox 3284 336 3425 392; x_wconf 74' lang='lat' dir='ltr'><strong>I026</strong></span> 
     </span>
    </p>
   </div>
   <div class='ocr_carea' id='block_1_4' title="bbox 148 452 3424 542">
    <p class='ocr_par' dir='ltr' id='par_1_4' title="bbox 148 452 3424 542">
     <span class='ocr_line' id='line_1_4' title="bbox 148 452 3424 542; baseline -0.004 -16"><span class='ocrx_word' id='word_1_9' title='bbox 148 470 272 542; x_wconf 87' lang='lat' dir='ltr'><strong>quia</strong></span> <span class='ocrx_word' id='word_1_10' title='bbox 300 468 440 523; x_wconf 74' lang='lat' dir='ltr'><strong>Deus</strong></span> <span class='ocrx_word' id='word_1_11' title='bbox 474 467 635 521; x_wconf 89' lang='lat' dir='ltr'><strong>homo</strong></span> <span class='ocrx_word' id='word_1_12' title='bbox 671 466 847 521; x_wconf 79' lang='lat' dir='ltr'><strong>factus</strong></span> <span class='ocrx_word' id='word_1_13' title='bbox 890 468 943 521; x_wconf 91' lang='lat' dir='ltr'><strong>in</strong></span> <span class='ocrx_word' id='word_1_14' title='bbox 985 476 1139 522; x_wconf 90' lang='lat' dir='ltr'><strong>utero</strong></span> <span class='ocrx_word' id='word_1_15' title='bbox 1177 466 1421 537; x_wconf 70' lang='lat' dir='ltr'><strong>virginis,</strong></span> <span class='ocrx_word' id='word_1_16' title='bbox 1457 481 1523 519; x_wconf 80' lang='lat' dir='ltr'><strong>ex</strong></span> <span class='ocrx_word' id='word_1_17' title='bbox 1568 475 1732 521; x_wconf 78' lang='lat' dir='ltr'><strong>carne</strong></span> <span class='ocrx_word' id='word_1_18' title='bbox 1762 464 1807 522; x_wconf 82' lang='grc' dir='ltr'>Α</span> <span class='ocrx_word' id='word_1_19' title='bbox 1840 462 2041 514; x_wconf 80' lang='lat' dir='ltr'><strong>Inenlio</strong></span> <span class='ocrx_word' id='word_1_20' title='bbox 2090 468 2145 514; x_wconf 77' lang='lat' dir='ltr'><strong>et</strong></span> <span class='ocrx_word' id='word_1_21' title='bbox 2194 475 2372 514; x_wconf 68' lang='lat' dir='ltr'><strong>sermo</strong></span> <span class='ocrx_word' id='word_1_22' title='bbox 2422 458 2669 511; x_wconf 69' lang='lat' dir='ltr'><strong>habelut‘.</strong></span> <span class='ocrx_word' id='word_1_23' title='bbox 2717 454 2855 523; x_wconf 75' lang='lat' dir='ltr'><strong>Quia</strong></span> <span class='ocrx_word' id='word_1_24' title='bbox 2898 468 3027 509; x_wconf 63' lang='lat' dir='ltr'><strong>vero</strong></span> <span class='ocrx_word' id='word_1_25' title='bbox 3060 452 3293 524; x_wconf 64' lang='lat' dir='ltr'><strong>Spiritus</strong></span> <span class='ocrx_word' id='word_1_26' title='bbox 3330 454 3424 508; x_wconf 78' lang='lat' dir='ltr'><strong>Del</strong></span> 
     </span>
    </p>
   </div>
   <div class='ocr_carea' id='block_1_5' title="bbox 149 557 1737 630">
    <p class='ocr_par' dir='ltr' id='par_1_5' title="bbox 149 557 1737 630">
     <span class='ocr_line' id='line_1_5' title="bbox 149 557 1737 630; baseline 0.003 -19"><span class='ocrx_word' id='word_1_27' title='bbox 149 560 395 629; x_wconf 70' lang='lat' dir='ltr'><strong>virginis.</strong></span> <span class='ocrx_word' id='word_1_28' title='bbox 427 557 557 612; x_wconf 77' lang='lat' dir='ltr'><strong>Nam</strong></span> <span class='ocrx_word' id='word_1_29' title='bbox 590 557 746 614; x_wconf 80' lang='lat' dir='ltr'><strong>aliter</strong></span> <span class='ocrx_word' id='word_1_30' title='bbox 772 560 839 613; x_wconf 89' lang='lat' dir='ltr'><strong>ab</strong></span> <span class='ocrx_word' id='word_1_31' title='bbox 874 558 1125 629; x_wconf 81' lang='lat' dir='ltr'><strong>originali</strong></span> <span class='ocrx_word' id='word_1_32' title='bbox 1166 571 1386 630; x_wconf 87' lang='lat' dir='ltr'><strong>peccato</strong></span> <span class='ocrx_word' id='word_1_33' title='bbox 1437 576 1541 614; x_wconf 91' lang='lat' dir='ltr'><strong>non</strong></span> <span class='ocrx_word' id='word_1_34' title='bbox 1586 560 1737 615; x_wconf 82' lang='lat' dir='ltr'><strong>ﬁeret</strong></span> 
     </span>
    </p>
   </div>
   <div class='ocr_carea' id='block_1_6' title="bbox 153 649 1739 729">
    <p class='ocr_par' dir='ltr' id='par_1_6' title="bbox 153 649 1739 729">
     <span class='ocr_line' id='line_1_6' title="bbox 153 649 1739 729; baseline 0.002 -24"><span class='ocrx_word' id='word_1_35' title='bbox 153 650 431 729; x_wconf 87' lang='lat' dir='ltr'><strong>immunis,</strong></span> <span class='ocrx_word' id='word_1_36' title='bbox 459 649 599 705; x_wconf 91' lang='lat' dir='ltr'><strong>sicut</strong></span> <span class='ocrx_word' id='word_1_37' title='bbox 628 650 678 704; x_wconf 93' lang='lat' dir='ltr'><strong>in</strong></span> <span class='ocrx_word' id='word_1_38' title='bbox 707 649 914 720; x_wconf 79' lang='lat' dir='ltr'><strong>psalmo</strong></span> <span class='ocrx_word' id='word_1_39' title='bbox 939 651 1173 722; x_wconf 85' lang='lat' dir='ltr'><strong>legitur:</strong></span> <span class='ocrx_word' id='word_1_40' title='bbox 1206 670 1224 702; x_wconf 72' lang='grc' dir='ltr'><strong><em>ι</em></strong></span> <span class='ocrx_word' id='word_1_41' title='bbox 1263 651 1540 721; x_wconf 83' lang='lat' dir='ltr'><strong>Tanquam</strong></span> <span class='ocrx_word' id='word_1_42' title='bbox 1579 669 1739 724; x_wconf 53' lang='lat' dir='ltr'><strong>spone</strong></span> 
     </span>
    </p>
   </div>
   <div class='ocr_carea' id='block_1_7' title="bbox 147 740 1779 815">
    <p class='ocr_par' dir='ltr' id='par_1_7' title="bbox 147 740 1779 815">
     <span class='ocr_line' id='line_1_7' title="bbox 147 740 1779 815; baseline 0.003 -18"><span class='ocrx_word' id='word_1_43' title='bbox 147 757 241 797; x_wconf 80' lang='lat' dir='ltr'><strong>sus</strong></span> <span class='ocrx_word' id='word_1_44' title='bbox 276 741 573 811; x_wconf 91' lang='lat' dir='ltr'><strong>procedens</strong></span> <span class='ocrx_word' id='word_1_45' title='bbox 598 740 663 796; x_wconf 93' lang='lat' dir='ltr'><strong>de</strong></span> <span class='ocrx_word' id='word_1_46' title='bbox 692 740 926 795; x_wconf 90' lang='lat' dir='ltr'><strong>thalamo</strong></span> <span class='ocrx_word' id='word_1_47' title='bbox 967 757 1065 798; x_wconf 90' lang='lat' dir='ltr'><strong>suo</strong></span> <span class='ocrx_word' id='word_1_48' title='bbox 1105 740 1275 813; x_wconf 83' lang='lat' dir='ltr'><strong>(Psal.</strong></span> <span class='ocrx_word' id='word_1_49' title='bbox 1308 760 1465 808; x_wconf 78' lang='lat' dir='ltr'><strong>xvttt,</strong></span> <span class='ocrx_word' id='word_1_50' title='bbox 1490 744 1567 815; x_wconf 86' lang='lat'><strong>6).</strong></span> <span class='ocrx_word' id='word_1_51' title='bbox 1601 765 1619 799; x_wconf 73' lang='grc' dir='ltr'><strong><em>ι</em></strong></span> <span class='ocrx_word' id='word_1_52' title='bbox 1658 744 1736 802; x_wconf 84' lang='lat' dir='ltr'><strong>Ad</strong></span> <span class='ocrx_word' id='word_1_53' title='bbox 1771 779 1779 785; x_wconf 79' lang='lat'><strong>~</strong></span> 
     </span>
    </p>
   </div>
   <div class='ocr_carea' id='block_1_8' title="bbox 144 826 1740 902">
    <p class='ocr_par' dir='ltr' id='par_1_8' title="bbox 144 826 1740 902">
     <span class='ocr_line' id='line_1_8' title="bbox 144 826 1740 902; baseline 0.006 -14"><span class='ocrx_word' id='word_1_54' title='bbox 144 850 249 891; x_wconf 85' lang='lat' dir='ltr'><strong>nos</strong></span> <span class='ocrx_word' id='word_1_55' title='bbox 279 836 439 889; x_wconf 92' lang='lat' dir='ltr'><strong>homo</strong></span> <span class='ocrx_word' id='word_1_56' title='bbox 464 832 596 888; x_wconf 78' lang='lat' dir='ltr'><strong>exiit</strong></span> <span class='ocrx_word' id='word_1_57' title='bbox 616 843 801 902; x_wconf 85' lang='lat' dir='ltr'><strong>atque,</strong></span> <span class='ocrx_word' id='word_1_58' title='bbox 826 832 1058 889; x_wconf 83' lang='lat' dir='ltr'><strong>Jeremia</strong></span> <span class='ocrx_word' id='word_1_59' title='bbox 1087 844 1243 901; x_wconf 83' lang='lat' dir='ltr'><strong>teste,</strong></span> <span class='ocrx_word' id='word_1_60' title='bbox 1274 856 1291 888; x_wconf 87' lang='grc'><strong><em>‹</em></strong></span> <span class='ocrx_word' id='word_1_61' title='bbox 1326 838 1380 892; x_wconf 91' lang='lat' dir='ltr'><strong>in</strong></span> <span class='ocrx_word' id='word_1_62' title='bbox 1413 838 1569 894; x_wconf 90' lang='lat' dir='ltr'><strong>terris</strong></span> <span class='ocrx_word' id='word_1_63' title='bbox 1593 826 1740 898; x_wconf 80' lang='lat' dir='ltr'><strong>visus</strong></span> 
     </span>
    </p>
   </div>
   <div class='ocr_carea' id='block_1_9' title="bbox 136 924 1736 998">
    <p class='ocr_par' dir='ltr' id='par_1_9' title="bbox 136 924 1736 998">
     <span class='ocr_line' id='line_1_9' title="bbox 136 924 1736 998; baseline 0.003 -19"><span class='ocrx_word' id='word_1_64' title='bbox 136 932 251 988; x_wconf 83' lang='lat' dir='ltr'><strong>est,</strong></span> <span class='ocrx_word' id='word_1_65' title='bbox 291 933 346 980; x_wconf 90' lang='lat' dir='ltr'><strong>et</strong></span> <span class='ocrx_word' id='word_1_66' title='bbox 374 939 495 978; x_wconf 90' lang='lat' dir='ltr'><strong>cum</strong></span> <span class='ocrx_word' id='word_1_67' title='bbox 530 924 836 978; x_wconf 89' lang='lat' dir='ltr'><strong>hominibus</strong></span> <span class='ocrx_word' id='word_1_68' title='bbox 864 935 1218 981; x_wconf 84' lang='lat' dir='ltr'><strong>conversatus</strong></span> <span class='ocrx_word' id='word_1_69' title='bbox 1260 937 1339 982; x_wconf 91' lang='lat' dir='ltr'><strong>est</strong></span> <span class='ocrx_word' id='word_1_70' title='bbox 1372 925 1626 998; x_wconf 79' lang='lat' dir='ltr'><strong>(Bttruch,</strong></span> <span class='ocrx_word' id='word_1_71' title='bbox 1657 946 1736 997; x_wconf 87' lang='lat' dir='ltr'><strong>ut,</strong></span> 
     </span>
    </p>
   </div>
   <div class='ocr_carea' id='block_1_10' title="bbox 146 1016 1741 1087">
    <p class='ocr_par' dir='ltr' id='par_1_10' title="bbox 146 1016 1741 1087">
     <span class='ocr_line' id='line_1_10' title="bbox 146 1016 1741 1087; baseline 0.003 -15"><span class='ocrx_word' id='word_1_72' title='bbox 146 1018 262 1087; x_wconf 83' lang='grc'><strong>58).</strong></span> <span class='ocrx_word' id='word_1_73' title='bbox 305 1036 324 1070; x_wconf 71' lang='grc' dir='ltr'><strong><em>ι</em></strong></span> <span class='ocrx_word' id='word_1_74' title='bbox 359 1016 521 1071; x_wconf 84' lang='lat' dir='ltr'><strong>Porta</strong></span> <span class='ocrx_word' id='word_1_75' title='bbox 548 1016 729 1071; x_wconf 84' lang='lat' dir='ltr'><strong>clausa</strong></span> <span class='ocrx_word' id='word_1_76' title='bbox 766 1017 888 1081; x_wconf 88' lang='lat' dir='ltr'><strong>erit,</strong></span> <span class='ocrx_word' id='word_1_77' title='bbox 915 1018 1040 1086; x_wconf 88' lang='lat' dir='ltr'><strong>qttia</strong></span> <span class='ocrx_word' id='word_1_78' title='bbox 1068 1016 1186 1072; x_wconf 88' lang='lat' dir='ltr'><strong>viro</strong></span> <span class='ocrx_word' id='word_1_79' title='bbox 1211 1018 1393 1074; x_wconf 90' lang='lat' dir='ltr'><strong>clausa</strong></span> <span class='ocrx_word' id='word_1_80' title='bbox 1416 1019 1461 1053; x_wconf 75' lang='grc'><strong>⁸³</strong></span> <span class='ocrx_word' id='word_1_81' title='bbox 1483 1033 1607 1086; x_wconf 89' lang='lat' dir='ltr'><strong>ertt,</strong></span> <span class='ocrx_word' id='word_1_82' title='bbox 1642 1037 1741 1077; x_wconf 89' lang='lat' dir='ltr'><strong>nec</strong></span> 
     </span>
    </p>
   </div>
   <div class='ocr_carea' id='block_1_11' title="bbox 148 1106 1743 1179">
    <p class='ocr_par' dir='ltr' id='par_1_11' title="bbox 148 1106 1743 1179">
     <span class='ocr_line' id='line_1_11' title="bbox 148 1106 1743 1179; baseline 0.004 -18"><span class='ocrx_word' id='word_1_83' title='bbox 148 1109 235 1163; x_wconf 76' lang='lat' dir='ltr'><strong>vir</strong></span> <span class='ocrx_word' id='word_1_84' title='bbox 269 1109 518 1164; x_wconf 87' lang='lat' dir='ltr'><strong>transibit</strong></span> <span class='ocrx_word' id='word_1_85' title='bbox 546 1123 641 1177; x_wconf 88' lang='lat' dir='ltr'><strong>per</strong></span> <span class='ocrx_word' id='word_1_86' title='bbox 666 1122 806 1162; x_wconf 88' lang='lat' dir='ltr'><strong>eam.</strong></span> <span class='ocrx_word' id='word_1_87' title='bbox 836 1106 1030 1165; x_wconf 87' lang='lat' dir='ltr'><strong>Clausa</strong></span> <span class='ocrx_word' id='word_1_88' title='bbox 1058 1110 1286 1179; x_wconf 85' lang='lat' dir='ltr'><strong>principi</strong></span> <span class='ocrx_word' id='word_1_89' title='bbox 1316 1111 1640 1178; x_wconf 87' lang='lat' dir='ltr'><strong>servabitur,</strong></span> <span class='ocrx_word' id='word_1_90' title='bbox 1682 1124 1743 1168; x_wconf 87' lang='lat' dir='ltr'><strong>ut</strong></span> 
     </span>
    </p>
   </div>
   <div class='ocr_carea' id='block_1_12' title="bbox 147 1199 1741 1270">
    <p class='ocr_par' dir='ltr' id='par_1_12' title="bbox 147 1199 1741 1270">
     <span class='ocr_line' id='line_1_12' title="bbox 147 1199 1741 1270; baseline 0.003 -18"><span class='ocrx_word' id='word_1_91' title='bbox 147 1216 247 1270; x_wconf 85' lang='lat' dir='ltr'><strong>per</strong></span> <span class='ocrx_word' id='word_1_92' title='bbox 276 1216 394 1256; x_wconf 86' lang='lat' dir='ltr'><strong>eam</strong></span> <span class='ocrx_word' id='word_1_93' title='bbox 434 1201 788 1269; x_wconf 81' lang='lat' dir='ltr'><strong>ingrediatur,</strong></span> <span class='ocrx_word' id='word_1_94' title='bbox 815 1201 938 1270; x_wconf 83' lang='lat' dir='ltr'><strong>quia</strong></span> <span class='ocrx_word' id='word_1_95' title='bbox 982 1199 1240 1256; x_wconf 85' lang='lat' dir='ltr'><strong>Dominus</strong></span> <span class='ocrx_word' id='word_1_96' title='bbox 1276 1202 1416 1257; x_wconf 87' lang='lat' dir='ltr'><strong>Deus</strong></span> <span class='ocrx_word' id='word_1_97' title='bbox 1455 1202 1617 1255; x_wconf 81' lang='lat' dir='ltr'><strong>Isracl</strong></span> <span class='ocrx_word' id='word_1_98' title='bbox 1663 1205 1741 1257; x_wconf 89' lang='lat' dir='ltr'><strong>itt-</strong></span> 
     </span>
    </p>
   </div>
   <div class='ocr_carea' id='block_1_13' title="bbox 146 1293 1740 1368">
    <p class='ocr_par' dir='ltr' id='par_1_13' title="bbox 146 1293 1740 1368">
     <span class='ocr_line' id='line_1_13' title="bbox 146 1293 1740 1368; baseline 0.006 -25"><span class='ocrx_word' id='word_1_99' title='bbox 146 1309 370 1363; x_wconf 62' lang='lat' dir='ltr'><strong>gressus</strong></span> <span class='ocrx_word' id='word_1_100' title='bbox 396 1301 479 1349; x_wconf 89' lang='lat' dir='ltr'><strong>est</strong></span> <span class='ocrx_word' id='word_1_101' title='bbox 505 1310 599 1363; x_wconf 88' lang='lat' dir='ltr'><strong>per</strong></span> <span class='ocrx_word' id='word_1_102' title='bbox 628 1310 767 1348; x_wconf 89' lang='lat' dir='ltr'><strong>eam.</strong></span> <span class='ocrx_word' id='word_1_103' title='bbox 798 1293 981 1364; x_wconf 85' lang='lat' dir='ltr'><strong>Neque</strong></span> <span class='ocrx_word' id='word_1_104' title='bbox 1008 1297 1151 1351; x_wconf 90' lang='lat' dir='ltr'><strong>cnitn</strong></span> <span class='ocrx_word' id='word_1_105' title='bbox 1179 1305 1304 1351; x_wconf 86' lang='lat' dir='ltr'><strong>ante</strong></span> <span class='ocrx_word' id='word_1_106' title='bbox 1331 1299 1740 1368; x_wconf 79' lang='lat' dir='ltr'><strong>conceptionem</strong></span> 
     </span>
    </p>
   </div>
   <div class='ocr_carea' id='block_1_14' title="bbox 145 1386 1741 1461">
    <p class='ocr_par' dir='ltr' id='par_1_14' title="bbox 145 1386 1741 1461">
     <span class='ocr_line' id='line_1_14' title="bbox 145 1386 1741 1461; baseline 0.003 -22"><span class='ocrx_word' id='word_1_107' title='bbox 145 1396 203 1439; x_wconf 87' lang='lat' dir='ltr'><strong>et</strong></span> <span class='ocrx_word' id='word_1_108' title='bbox 252 1394 466 1455; x_wconf 90' lang='lat' dir='ltr'><strong>partum</strong></span> <span class='ocrx_word' id='word_1_109' title='bbox 509 1386 708 1440; x_wconf 86' lang='lat' dir='ltr'><strong>Christi</strong></span> <span class='ocrx_word' id='word_1_110' title='bbox 759 1400 932 1441; x_wconf 87' lang='lat' dir='ltr'><strong>mater</strong></span> <span class='ocrx_word' id='word_1_111' title='bbox 968 1389 1086 1459; x_wconf 87' lang='lat' dir='ltr'><strong>ejus</strong></span> <span class='ocrx_word' id='word_1_112' title='bbox 1132 1390 1249 1443; x_wconf 90' lang='lat' dir='ltr'><strong>viro</strong></span> <span class='ocrx_word' id='word_1_113' title='bbox 1285 1390 1330 1422; x_wconf 81' lang='lat'><strong>”</strong></span> <span class='ocrx_word' id='word_1_114' title='bbox 1359 1391 1577 1461; x_wconf 82' lang='lat' dir='ltr'><strong>cognita</strong></span> <span class='ocrx_word' id='word_1_115' title='bbox 1621 1391 1741 1461; x_wconf 81' lang='lat' dir='ltr'><strong>fuit,</strong></span> 
     </span>
    </p>
   </div>
   <div class='ocr_carea' id='block_1_15' title="bbox 144 1479 1743 1556">
    <p class='ocr_par' dir='ltr' id='par_1_15' title="bbox 144 1479 1743 1556">
     <span class='ocr_line' id='line_1_15' title="bbox 144 1479 1743 1556; baseline 0.006 -25"><span class='ocrx_word' id='word_1_116' title='bbox 144 1479 407 1547; x_wconf 88' lang='lat' dir='ltr'><strong>quoniam</strong></span> <span class='ocrx_word' id='word_1_117' title='bbox 450 1487 604 1549; x_wconf 89' lang='lat' dir='ltr'><strong>porta</strong></span> <span class='ocrx_word' id='word_1_118' title='bbox 649 1479 833 1534; x_wconf 89' lang='lat' dir='ltr'><strong>clausa</strong></span> <span class='ocrx_word' id='word_1_119' title='bbox 887 1482 1013 1544; x_wconf 86' lang='lat' dir='ltr'><strong>erit,</strong></span> <span class='ocrx_word' id='word_1_120' title='bbox 1071 1490 1234 1551; x_wconf 89' lang='lat' dir='ltr'><strong>atque</strong></span> <span class='ocrx_word' id='word_1_121' title='bbox 1283 1484 1467 1538; x_wconf 86' lang='lat' dir='ltr'><strong>clausa</strong></span> <span class='ocrx_word' id='word_1_122' title='bbox 1514 1485 1743 1556; x_wconf 85' lang='lat' dir='ltr'><strong>principi</strong></span> 
     </span>
    </p>
   </div>
   <div class='ocr_carea' id='block_1_16' title="bbox 148 1570 1748 1639">
    <p class='ocr_par' dir='ltr' id='par_1_16' title="bbox 148 1570 1748 1639">
     <span class='ocr_line' id='line_1_16' title="bbox 148 1570 1748 1639; baseline 0.006 -15"><span class='ocrx_word' id='word_1_123' title='bbox 148 1570 513 1624; x_wconf 55' lang='lat' dir='ltr'><strong>servabitur.</strong></span> <span class='ocrx_word' id='word_1_124' title='bbox 546 1570 608 1623; x_wconf 79' lang='lat' dir='ltr'><strong>Et</strong></span> <span class='ocrx_word' id='word_1_125' title='bbox 664 1571 918 1639; x_wconf 89' lang='lat' dir='ltr'><strong>quoniam</strong></span> <span class='ocrx_word' id='word_1_126' title='bbox 971 1582 1143 1627; x_wconf 92' lang='lat' dir='ltr'><strong>totum</strong></span> <span class='ocrx_word' id='word_1_127' title='bbox 1200 1574 1303 1629; x_wconf 91' lang='lat' dir='ltr'><strong>hoc</strong></span> <span class='ocrx_word' id='word_1_128' title='bbox 1357 1575 1748 1635; x_wconf 87' lang='lat' dir='ltr'><strong>Incarnationis</strong></span> 
     </span>
    </p>
   </div>
   <div class='ocr_carea' id='block_1_17' title="bbox 148 1660 1745 1731">
    <p class='ocr_par' dir='ltr' id='par_1_17' title="bbox 148 1660 1745 1731">
     <span class='ocr_line' id='line_1_17' title="bbox 148 1660 1745 1731; baseline 0.005 -15"><span class='ocrx_word' id='word_1_129' title='bbox 148 1660 448 1716; x_wconf 64' lang='lat' dir='ltr'><strong>Dominicte</strong></span> <span class='ocrx_word' id='word_1_130' title='bbox 473 1662 789 1731; x_wconf 88' lang='lat' dir='ltr'><strong>mysterium</strong></span> <span class='ocrx_word' id='word_1_131' title='bbox 813 1661 923 1716; x_wconf 87' lang='lat' dir='ltr'><strong>sola</strong></span> <span class='ocrx_word' id='word_1_132' title='bbox 948 1662 1150 1719; x_wconf 82' lang='lat' dir='ltr'><strong>virtute</strong></span> <span class='ocrx_word' id='word_1_133' title='bbox 1171 1664 1351 1719; x_wconf 85' lang='lat' dir='ltr'><strong>divina</strong></span> <span class='ocrx_word' id='word_1_134' title='bbox 1374 1668 1491 1721; x_wconf 89' lang='lat' dir='ltr'><strong>sine</strong></span> <span class='ocrx_word' id='word_1_135' title='bbox 1511 1669 1745 1724; x_wconf 88' lang='lat' dir='ltr'><strong>humano</strong></span> 
     </span>
    </p>
   </div>
   <div class='ocr_carea' id='block_1_18' title="bbox 147 1752 1743 1827">
    <p class='ocr_par' dir='ltr' id='par_1_18' title="bbox 147 1752 1743 1827">
     <span class='ocr_line' id='line_1_18' title="bbox 147 1752 1743 1827; baseline 0.005 -20"><span class='ocrx_word' id='word_1_136' title='bbox 147 1753 410 1822; x_wconf 77' lang='lat' dir='ltr'><strong>centagio</strong></span> <span class='ocrx_word' id='word_1_137' title='bbox 449 1762 726 1822; x_wconf 85' lang='lat' dir='ltr'><strong>peractum</strong></span> <span class='ocrx_word' id='word_1_138' title='bbox 776 1763 878 1819; x_wconf 84' lang='lat' dir='ltr'><strong>est,</strong></span> <span class='ocrx_word' id='word_1_139' title='bbox 912 1752 1035 1808; x_wconf 82' lang='lat' dir='ltr'><strong>alibi</strong></span> <span class='ocrx_word' id='word_1_140' title='bbox 1067 1757 1330 1827; x_wconf 84' lang='lat' dir='ltr'><strong>propheta</strong></span> <span class='ocrx_word' id='word_1_141' title='bbox 1372 1758 1534 1813; x_wconf 89' lang='lat' dir='ltr'><strong>Isaias</strong></span> <span class='ocrx_word' id='word_1_142' title='bbox 1576 1760 1743 1815; x_wconf 87' lang='lat' dir='ltr'><strong>dicit:</strong></span> 
     </span>
    </p>
   </div>
   <div class='ocr_carea' id='block_1_19' title="bbox 1841 544 3427 618">
    <p class='ocr_par' dir='ltr' id='par_1_19' title="bbox 1841 544 3427 618">
     <span class='ocr_line' id='line_1_19' title="bbox 1841 544 3427 618; baseline -0.003 -15"><span class='ocrx_word' id='word_1_143' title='bbox 1841 567 1945 609; x_wconf 79' lang='lat' dir='ltr'><strong>non</strong></span> <span class='ocrx_word' id='word_1_144' title='bbox 1986 562 2067 605; x_wconf 90' lang='lat' dir='ltr'><strong>est</strong></span> <span class='ocrx_word' id='word_1_145' title='bbox 2116 550 2339 605; x_wconf 85' lang='lat' dir='ltr'><strong>alterius</strong></span> <span class='ocrx_word' id='word_1_146' title='bbox 2384 548 2697 604; x_wconf 80' lang='lat' dir='ltr'><strong>substantia:</strong></span> <span class='ocrx_word' id='word_1_147' title='bbox 2743 562 2904 618; x_wconf 90' lang='lat' dir='ltr'><strong>quam</strong></span> <span class='ocrx_word' id='word_1_148' title='bbox 2940 548 3099 612; x_wconf 89' lang='lat' dir='ltr'><strong>Deus,</strong></span> <span class='ocrx_word' id='word_1_149' title='bbox 3131 545 3223 599; x_wconf 86' lang='lat' dir='ltr'><strong>sed</strong></span> <span class='ocrx_word' id='word_1_150' title='bbox 3266 544 3427 599; x_wconf 77' lang='lat' dir='ltr'><strong>unius</strong></span> 
     </span>
    </p>
   </div>
   <div class='ocr_carea' id='block_1_20' title="bbox 1839 636 3426 712">
    <p class='ocr_par' dir='ltr' id='par_1_20' title="bbox 1839 636 3426 712">
     <span class='ocr_line' id='line_1_20' title="bbox 1839 636 3426 712; baseline -0.006 -14"><span class='ocrx_word' id='word_1_151' title='bbox 1839 642 2187 712; x_wconf 73' lang='lat' dir='ltr'><strong>ejusdemque.</strong></span> <span class='ocrx_word' id='word_1_152' title='bbox 2218 642 2436 697; x_wconf 91' lang='lat' dir='ltr'><strong>omnino</strong></span> <span class='ocrx_word' id='word_1_153' title='bbox 2463 640 2780 697; x_wconf 67' lang='lat' dir='ltr'><strong>substantiae</strong></span> <span class='ocrx_word' id='word_1_154' title='bbox 2811 648 2895 693; x_wconf 91' lang='lat' dir='ltr'><strong>est</strong></span> <span class='ocrx_word' id='word_1_155' title='bbox 2928 638 3066 692; x_wconf 89' lang='lat' dir='ltr'><strong>Deus</strong></span> <span class='ocrx_word' id='word_1_156' title='bbox 3108 646 3160 691; x_wconf 91' lang='lat' dir='ltr'><strong>et</strong></span> <span class='ocrx_word' id='word_1_157' title='bbox 3190 636 3426 706; x_wconf 84' lang='lat' dir='ltr'><strong>Spiritus</strong></span> 
     </span>
    </p>
   </div>
   <div class='ocr_carea' id='block_1_21' title="bbox 1840 729 3430 804">
    <p class='ocr_par' dir='ltr' id='par_1_21' title="bbox 1840 729 3430 804">
     <span class='ocr_line' id='line_1_21' title="bbox 1840 729 3430 804; baseline -0.006 -13"><span class='ocrx_word' id='word_1_158' title='bbox 1840 734 1977 803; x_wconf 64' lang='lat' dir='ltr'><strong>ejus,</strong></span> <span class='ocrx_word' id='word_1_159' title='bbox 2004 750 2248 804; x_wconf 86' lang='lat' dir='ltr'><strong>compar,</strong></span> <span class='ocrx_word' id='word_1_160' title='bbox 2292 745 2594 789; x_wconf 72' lang='lat' dir='ltr'><strong>comternus</strong></span> <span class='ocrx_word' id='word_1_161' title='bbox 2632 741 2686 788; x_wconf 91' lang='lat' dir='ltr'><strong>et</strong></span> <span class='ocrx_word' id='word_1_162' title='bbox 2727 729 3225 794; x_wconf 90' lang='lat' dir='ltr'><strong>consubstantialis,</strong></span> <span class='ocrx_word' id='word_1_163' title='bbox 3271 730 3430 801; x_wconf 89' lang='lat' dir='ltr'><strong>quid-</strong></span> 
     </span>
    </p>
   </div>
   <div class='ocr_carea' id='block_1_22' title="bbox 1840 823 3426 900">
    <p class='ocr_par' dir='ltr' id='par_1_22' title="bbox 1840 823 3426 900">
     <span class='ocr_line' id='line_1_22' title="bbox 1840 823 3426 900; baseline -0.006 -18"><span class='ocrx_word' id='word_1_164' title='bbox 1840 829 1969 900; x_wconf 75' lang='lat' dir='ltr'><strong>quid</strong></span> <span class='ocrx_word' id='word_1_165' title='bbox 2006 827 2147 882; x_wconf 90' lang='lat' dir='ltr'><strong>enim</strong></span> <span class='ocrx_word' id='word_1_166' title='bbox 2191 826 2256 880; x_wconf 89' lang='lat' dir='ltr'><strong>de</strong></span> <span class='ocrx_word' id='word_1_167' title='bbox 2297 827 2406 881; x_wconf 84' lang='lat' dir='ltr'><strong>Deo</strong></span> <span class='ocrx_word' id='word_1_168' title='bbox 2456 824 2812 881; x_wconf 86' lang='lat' dir='ltr'><strong>substantiale</strong></span> <span class='ocrx_word' id='word_1_169' title='bbox 2860 833 2964 890; x_wconf 89' lang='lat' dir='ltr'><strong>est,</strong></span> <span class='ocrx_word' id='word_1_170' title='bbox 2993 839 3155 877; x_wconf 92' lang='lat' dir='ltr'><strong>unum</strong></span> <span class='ocrx_word' id='word_1_171' title='bbox 3199 831 3253 877; x_wconf 88' lang='lat' dir='ltr'><strong>et</strong></span> <span class='ocrx_word' id='word_1_172' title='bbox 3286 823 3426 878; x_wconf 91' lang='lat' dir='ltr'><strong>idem</strong></span> 
     </span>
    </p>
   </div>
   <div class='ocr_carea' id='block_1_23' title="bbox 1842 917 3427 991">
    <p class='ocr_par' dir='ltr' id='par_1_23' title="bbox 1842 917 3427 991">
     <span class='ocr_line' id='line_1_23' title="bbox 1842 917 3427 991; baseline -0.005 -15"><span class='ocrx_word' id='word_1_173' title='bbox 1842 922 2064 977; x_wconf 73' lang='lat' dir='ltr'><strong>omnino</strong></span> <span class='ocrx_word' id='word_1_174' title='bbox 2092 932 2199 986; x_wconf 87' lang='lat' dir='ltr'><strong>cst;</strong></span> <span class='ocrx_word' id='word_1_175' title='bbox 2231 937 2259 975; x_wconf 90' lang='lat' dir='ltr'><strong>a</strong></span> <span class='ocrx_word' id='word_1_176' title='bbox 2293 935 2398 991; x_wconf 92' lang='lat' dir='ltr'><strong>quo</strong></span> <span class='ocrx_word' id='word_1_177' title='bbox 2425 921 2568 975; x_wconf 88' lang='lat' dir='ltr'><strong>enim</strong></span> <span class='ocrx_word' id='word_1_178' title='bbox 2608 919 2753 974; x_wconf 90' lang='lat' dir='ltr'><strong>Deus</strong></span> <span class='ocrx_word' id='word_1_179' title='bbox 2777 918 2976 988; x_wconf 89' lang='lat' dir='ltr'><strong>aliquid</strong></span> <span class='ocrx_word' id='word_1_180' title='bbox 3009 936 3038 973; x_wconf 89' lang='lat' dir='ltr'><strong>a</strong></span> <span class='ocrx_word' id='word_1_181' title='bbox 3069 932 3126 971; x_wconf 89' lang='lat' dir='ltr'><strong>se</strong></span> <span class='ocrx_word' id='word_1_182' title='bbox 3154 917 3427 971; x_wconf 88' lang='lat' dir='ltr'><strong>diversum</strong></span> 
     </span>
    </p>
   </div>
   <div class='ocr_carea' id='block_1_24' title="bbox 1843 1006 3429 1081">
    <p class='ocr_par' dir='ltr' id='par_1_24' title="bbox 1843 1006 3429 1081">
     <span class='ocr_line' id='line_1_24' title="bbox 1843 1006 3429 1081; baseline -0.003 -16"><span class='ocrx_word' id='word_1_183' title='bbox 1843 1012 2147 1081; x_wconf 72' lang='lat' dir='ltr'><strong>ate‘perct?</strong></span> <span class='ocrx_word' id='word_1_184' title='bbox 2176 1010 2321 1079; x_wconf 91' lang='lat' dir='ltr'><strong>quia,</strong></span> <span class='ocrx_word' id='word_1_185' title='bbox 2367 1010 2611 1079; x_wconf 90' lang='lat' dir='ltr'><strong>inquam,</strong></span> <span class='ocrx_word' id='word_1_186' title='bbox 2644 1010 2716 1064; x_wconf 91' lang='lat' dir='ltr'><strong>ita</strong></span> <span class='ocrx_word' id='word_1_187' title='bbox 2763 1017 2863 1073; x_wconf 83' lang='lat' dir='ltr'><strong>cst,</strong></span> <span class='ocrx_word' id='word_1_188' title='bbox 2909 1007 3260 1078; x_wconf 71' lang='lat' dir='ltr'><strong>consthtitur</strong></span> <span class='ocrx_word' id='word_1_189' title='bbox 3303 1006 3429 1075; x_wconf 85' lang='lat' dir='ltr'><strong>quia</strong></span> 
     </span>
    </p>
   </div>
   <div class='ocr_carea' id='block_1_25' title="bbox 1844 1096 3428 1168">
    <p class='ocr_par' dir='ltr' id='par_1_25' title="bbox 1844 1096 3428 1168">
     <span class='ocr_line' id='line_1_25' title="bbox 1844 1096 3428 1168; baseline -0.001 -15"><span class='ocrx_word' id='word_1_190' title='bbox 1844 1096 1986 1153; x_wconf 91' lang='lat' dir='ltr'><strong>Deus</strong></span> <span class='ocrx_word' id='word_1_191' title='bbox 2014 1109 2097 1155; x_wconf 90' lang='lat' dir='ltr'><strong>est</strong></span> <span class='ocrx_word' id='word_1_192' title='bbox 2123 1099 2301 1164; x_wconf 89' lang='lat' dir='ltr'><strong>Pater,</strong></span> <span class='ocrx_word' id='word_1_193' title='bbox 2339 1100 2480 1154; x_wconf 89' lang='lat' dir='ltr'><strong>Deus</strong></span> <span class='ocrx_word' id='word_1_194' title='bbox 2516 1098 2709 1165; x_wconf 82' lang='lat' dir='ltr'><strong>Filius,</strong></span> <span class='ocrx_word' id='word_1_195' title='bbox 2748 1098 2890 1153; x_wconf 87' lang='lat' dir='ltr'><strong>Deus</strong></span> <span class='ocrx_word' id='word_1_196' title='bbox 2919 1098 3155 1168; x_wconf 85' lang='lat' dir='ltr'><strong>Spiritus</strong></span> <span class='ocrx_word' id='word_1_197' title='bbox 3186 1107 3428 1163; x_wconf 89' lang='lat' dir='ltr'><strong>sanctus,</strong></span> 
     </span>
    </p>
   </div>
   <div class='ocr_carea' id='block_1_26' title="bbox 1846 1190 3431 1258">
    <p class='ocr_par' dir='ltr' id='par_1_26' title="bbox 1846 1190 3431 1258">
     <span class='ocr_line' id='line_1_26' title="bbox 1846 1190 3431 1258; baseline -0.001 -12"><span class='ocrx_word' id='word_1_198' title='bbox 1846 1202 1899 1246; x_wconf 88' lang='lat' dir='ltr'><strong>et</strong></span> <span class='ocrx_word' id='word_1_199' title='bbox 1932 1200 2112 1248; x_wconf 88' lang='lat' dir='ltr'><strong>tamen</strong></span> <span class='ocrx_word' id='word_1_200' title='bbox 2139 1209 2243 1245; x_wconf 91' lang='lat' dir='ltr'><strong>non</strong></span> <span class='ocrx_word' id='word_1_201' title='bbox 2274 1203 2385 1247; x_wconf 90' lang='lat' dir='ltr'><strong>tres</strong></span> <span class='ocrx_word' id='word_1_202' title='bbox 2422 1193 2528 1253; x_wconf 86' lang='lat' dir='ltr'><strong>dii;</strong></span> <span class='ocrx_word' id='word_1_203' title='bbox 2558 1193 2649 1248; x_wconf 88' lang='lat' dir='ltr'><strong>sed</strong></span> <span class='ocrx_word' id='word_1_204' title='bbox 2682 1208 2821 1246; x_wconf 89' lang='lat' dir='ltr'><strong>unus</strong></span> <span class='ocrx_word' id='word_1_205' title='bbox 2851 1200 2932 1247; x_wconf 91' lang='lat' dir='ltr'><strong>est</strong></span> <span class='ocrx_word' id='word_1_206' title='bbox 2966 1192 3127 1256; x_wconf 91' lang='lat' dir='ltr'><strong>Deus,</strong></span> <span class='ocrx_word' id='word_1_207' title='bbox 3160 1190 3339 1258; x_wconf 83' lang='lat' dir='ltr'><strong>Pater,</strong></span> <span class='ocrx_word' id='word_1_208' title='bbox 3376 1201 3431 1244; x_wconf 89' lang='lat' dir='ltr'><strong>et</strong></span> 
     </span>
    </p>
   </div>
   <div class='ocr_carea' id='block_1_27' title="bbox 1845 1280 3433 1351">
    <p class='ocr_par' dir='ltr' id='par_1_27' title="bbox 1845 1280 3433 1351">
     <span class='ocr_line' id='line_1_27' title="bbox 1845 1280 3433 1351; baseline -0.001 -15"><span class='ocrx_word' id='word_1_209' title='bbox 1845 1280 2035 1350; x_wconf 82' lang='lat' dir='ltr'><strong>Filius,</strong></span> <span class='ocrx_word' id='word_1_210' title='bbox 2068 1292 2124 1336; x_wconf 90' lang='lat' dir='ltr'><strong>et</strong></span> <span class='ocrx_word' id='word_1_211' title='bbox 2151 1282 2386 1351; x_wconf 82' lang='lat' dir='ltr'><strong>Spiritus</strong></span> <span class='ocrx_word' id='word_1_212' title='bbox 2412 1293 2654 1337; x_wconf 86' lang='lat' dir='ltr'><strong>sanctus.</strong></span> <span class='ocrx_word' id='word_1_213' title='bbox 2688 1282 2896 1336; x_wconf 85' lang='lat' dir='ltr'><strong>Nullam</strong></span> <span class='ocrx_word' id='word_1_214' title='bbox 2936 1298 3064 1336; x_wconf 87' lang='lat' dir='ltr'><strong>vero</strong></span> <span class='ocrx_word' id='word_1_215' title='bbox 3118 1282 3170 1335; x_wconf 92' lang='lat' dir='ltr'><strong>in</strong></span> <span class='ocrx_word' id='word_1_216' title='bbox 3217 1282 3433 1336; x_wconf 84' lang='lat' dir='ltr'><strong>deitatis</strong></span> 
     </span>
    </p>
   </div>
   <div class='ocr_carea' id='block_1_28' title="bbox 1845 1371 3434 1442">
    <p class='ocr_par' dir='ltr' id='par_1_28' title="bbox 1845 1371 3434 1442">
     <span class='ocr_line' id='line_1_28' title="bbox 1845 1371 3434 1442; baseline -0.001 -16"><span class='ocrx_word' id='word_1_217' title='bbox 1845 1372 2054 1426; x_wconf 88' lang='lat' dir='ltr'><strong>unitate</strong></span> <span class='ocrx_word' id='word_1_218' title='bbox 2096 1372 2384 1442; x_wconf 84' lang='lat' dir='ltr'><strong>recipimus</strong></span> <span class='ocrx_word' id='word_1_219' title='bbox 2417 1372 2807 1441; x_wconf 85' lang='lat' dir='ltr'><strong>triplicitatcm,</strong></span> <span class='ocrx_word' id='word_1_220' title='bbox 2852 1372 3104 1440; x_wconf 89' lang='lat' dir='ltr'><strong>quoniam</strong></span> <span class='ocrx_word' id='word_1_221' title='bbox 3149 1371 3434 1439; x_wconf 87' lang='lat' dir='ltr'><strong>triplicitas</strong></span> 
     </span>
    </p>
   </div>
   <div class='ocr_carea' id='block_1_29' title="bbox 1847 1462 3436 1532">
    <p class='ocr_par' dir='ltr' id='par_1_29' title="bbox 1847 1462 3436 1532">
     <span class='ocr_line' id='line_1_29' title="bbox 1847 1462 3436 1532; baseline -0.001 -15"><span class='ocrx_word' id='word_1_222' title='bbox 1847 1462 1982 1517; x_wconf 86' lang='lat' dir='ltr'><strong>tollit</strong></span> <span class='ocrx_word' id='word_1_223' title='bbox 2025 1464 2276 1517; x_wconf 76' lang='lat' dir='ltr'><strong>essetttim</strong></span> <span class='ocrx_word' id='word_1_224' title='bbox 2330 1462 2725 1531; x_wconf 84' lang='lat' dir='ltr'><strong>simplicitatem</strong></span> <span class='ocrx_word' id='word_1_225' title='bbox 2761 1480 2773 1514; x_wconf 92' lang='lat'>:</span> <span class='ocrx_word' id='word_1_226' title='bbox 2826 1464 3073 1529; x_wconf 84' lang='lat' dir='ltr'><strong>quamvis</strong></span> <span class='ocrx_word' id='word_1_227' title='bbox 3110 1462 3436 1532; x_wconf 79' lang='lat' dir='ltr'><strong>recipiamus</strong></span> 
     </span>
    </p>
   </div>
   <div class='ocr_carea' id='block_1_30' title="bbox 1849 1551 3434 1624">
    <p class='ocr_par' dir='ltr' id='par_1_30' title="bbox 1849 1551 3434 1624">
     <span class='ocr_line' id='line_1_30' title="bbox 1849 1551 3434 1624; baseline 0.001 -21"><span class='ocrx_word' id='word_1_228' title='bbox 1849 1569 2204 1624; x_wconf 75' lang='lat' dir='ltr'><strong>personarum</strong></span> <span class='ocrx_word' id='word_1_229' title='bbox 2238 1554 2555 1617; x_wconf 88' lang='lat' dir='ltr'><strong>trinitatem,</strong></span> <span class='ocrx_word' id='word_1_230' title='bbox 2589 1552 2841 1623; x_wconf 84' lang='lat' dir='ltr'><strong>quoniam</strong></span> <span class='ocrx_word' id='word_1_231' title='bbox 2875 1566 3226 1621; x_wconf 86' lang='lat' dir='ltr'><strong>personarum</strong></span> <span class='ocrx_word' id='word_1_232' title='bbox 3278 1551 3434 1605; x_wconf 85' lang='lat' dir='ltr'><strong>trini-</strong></span> 
     </span>
    </p>
   </div>
   <div class='ocr_carea' id='block_1_31' title="bbox 1850 1630 3437 1702">
    <p class='ocr_par' dir='ltr' id='par_1_31' title="bbox 1850 1630 3437 1702">
     <span class='ocr_line' id='line_1_31' title="bbox 1850 1630 3437 1702; baseline -0.003 0"><span class='ocrx_word' id='word_1_233' title='bbox 1850 1630 1930 1702; x_wconf 84' lang='lat' dir='ltr'><strong>tas</strong></span> <span class='ocrx_word' id='word_1_234' title='bbox 1960 1645 2208 1702; x_wconf 71' lang='lat' dir='ltr'><strong>essentia:</strong></span> <span class='ocrx_word' id='word_1_235' title='bbox 2238 1661 2341 1698; x_wconf 91' lang='lat' dir='ltr'><strong>non</strong></span> <span class='ocrx_word' id='word_1_236' title='bbox 2374 1645 2561 1698; x_wconf 82' lang='lat' dir='ltr'><strong>atlintit</strong></span> <span class='ocrx_word' id='word_1_237' title='bbox 2590 1646 2879 1699; x_wconf 87' lang='lat' dir='ltr'><strong>unitatem.</strong></span> <span class='ocrx_word' id='word_1_238' title='bbox 2922 1644 3271 1698; x_wconf 83' lang='lat' dir='ltr'><strong>Commodius</strong></span> <span class='ocrx_word' id='word_1_239' title='bbox 3304 1658 3437 1697; x_wconf 87' lang='lat' dir='ltr'><strong>vero</strong></span> 
     </span>
    </p>
   </div>
   <div class='ocr_carea' id='block_1_32' title="bbox 1849 1720 3439 1810">
    <p class='ocr_par' dir='ltr' id='par_1_32' title="bbox 1849 1720 3439 1810">
     <span class='ocr_line' id='line_1_32' title="bbox 1849 1720 3439 1810; baseline -0.003 -16"><span class='ocrx_word' id='word_1_240' title='bbox 1849 1740 1954 1795; x_wconf 86' lang='lat' dir='ltr'><strong>dici</strong></span> <span class='ocrx_word' id='word_1_241' title='bbox 1986 1748 2161 1810; x_wconf 88' lang='lat' dir='ltr'><strong>potest</strong></span> <span class='ocrx_word' id='word_1_242' title='bbox 2208 1754 2562 1808; x_wconf 87' lang='lat' dir='ltr'><strong>personarum</strong></span> <span class='ocrx_word' id='word_1_243' title='bbox 2611 1738 2848 1802; x_wconf 80' lang='lat' dir='ltr'><strong>trinitas,</strong></span> <span class='ocrx_word' id='word_1_244' title='bbox 2894 1752 3053 1807; x_wconf 85' lang='lat' dir='ltr'><strong>quam</strong></span> <span class='ocrx_word' id='word_1_245' title='bbox 3080 1720 3439 1805; x_wconf 80' lang='lat' dir='ltr'><strong>personarum</strong></span> 
     </span>
    </p>
   </div>
   <div class='ocr_carea' id='block_1_33' title="bbox 151 1826 3440 1922">
    <p class='ocr_par' dir='ltr' id='par_1_33' title="bbox 151 1826 3440 1922">
     <span class='ocr_line' id='line_1_33' title="bbox 151 1826 3440 1922; baseline -0.002 -35"><span class='ocrx_word' id='word_1_246' title='bbox 151 1870 170 1901; x_wconf 61' lang='grc' dir='ltr'>ς</span> <span class='ocrx_word' id='word_1_247' title='bbox 210 1850 437 1915; x_wconf 56' lang='lat' dir='ltr'><strong>“male,</strong></span> <span class='ocrx_word' id='word_1_248' title='bbox 469 1848 612 1914; x_wconf 59' lang='grc' dir='ltr'><strong>ςωιί,</strong></span> <span class='ocrx_word' id='word_1_249' title='bbox 649 1848 912 1919; x_wconf 49' lang='lat' dir='ltr'><strong>desuper,</strong></span> <span class='ocrx_word' id='word_1_250' title='bbox 959 1859 1015 1905; x_wconf 64' lang='grc' dir='ltr'><strong>ει</strong></span> <span class='ocrx_word' id='word_1_251' title='bbox 1061 1826 1233 1907; x_wconf 63' lang='lat' dir='ltr'><strong>nubes</strong></span> <span class='ocrx_word' id='word_1_252' title='bbox 1273 1852 1457 1922; x_wconf 67' lang='grc' dir='ltr'><strong>ριυηηι</strong></span> <span class='ocrx_word' id='word_1_253' title='bbox 1499 1853 1741 1922; x_wconf 54' lang='lat' dir='ltr'><strong>justum;</strong></span> <span class='ocrx_word' id='word_1_254' title='bbox 1780 1837 1823 1896; x_wconf 77' lang='grc' dir='ltr'><strong><em>Β</em></strong></span> <span class='ocrx_word' id='word_1_255' title='bbox 1852 1831 2168 1898; x_wconf 89' lang='lat' dir='ltr'><strong>triplicitas,</strong></span> <span class='ocrx_word' id='word_1_256' title='bbox 2219 1845 2286 1884; x_wconf 91' lang='lat' dir='ltr'><strong>ne</strong></span> <span class='ocrx_word' id='word_1_257' title='bbox 2331 1845 2667 1922; x_wconf 61' lang='lat' dir='ltr'><strong>unaquaeque</strong></span> <span class='ocrx_word' id='word_1_258' title='bbox 2720 1844 2947 1922; x_wconf 81' lang='lat' dir='ltr'><strong>persona</strong></span> <span class='ocrx_word' id='word_1_259' title='bbox 3003 1826 3440 1922; x_wconf 79' lang='lat' dir='ltr'><strong>stthintelligatnr</strong></span> 
     </span>
    </p>
   </div>
   <div class='ocr_carea' id='block_1_34' title="bbox 147 1940 1743 2015">
    <p class='ocr_par' dir='ltr' id='par_1_34' title="bbox 147 1940 1743 2015">
     <span class='ocr_line' id='line_1_34' title="bbox 147 1940 1743 2015; baseline 0.004 -22"><span class='ocrx_word' id='word_1_260' title='bbox 147 1940 435 2011; x_wconf 81' lang='lat' dir='ltr'><strong>aperiatur</strong></span> <span class='ocrx_word' id='word_1_261' title='bbox 459 1949 623 2003; x_wconf 88' lang='lat' dir='ltr'><strong>terra,</strong></span> <span class='ocrx_word' id='word_1_262' title='bbox 650 1949 701 1994; x_wconf 85' lang='lat' dir='ltr'><strong>et</strong></span> <span class='ocrx_word' id='word_1_263' title='bbox 731 1941 999 2008; x_wconf 77' lang='lat' dir='ltr'><strong>germlnet</strong></span> <span class='ocrx_word' id='word_1_264' title='bbox 1025 1940 1361 1998; x_wconf 86' lang='lat' dir='ltr'><strong>Salvatorem</strong></span> <span class='ocrx_word' id='word_1_265' title='bbox 1387 1945 1525 2015; x_wconf 77' lang='lat' dir='ltr'><strong>(lsa.</strong></span> <span class='ocrx_word' id='word_1_266' title='bbox 1551 1962 1671 2012; x_wconf 68' lang='lat' dir='ltr'><strong>xcv,</strong></span> <span class='ocrx_word' id='word_1_267' title='bbox 1691 1947 1743 2013; x_wconf 81' lang='lat'><strong>7,</strong></span> 
     </span>
    </p>
   </div>
   <div class='ocr_carea' id='block_1_35' title="bbox 148 2033 1747 2102">
    <p class='ocr_par' dir='ltr' id='par_1_35' title="bbox 148 2033 1747 2102">
     <span class='ocr_line' id='line_1_35' title="bbox 148 2033 1747 2102; baseline 0.003 -13"><span class='ocrx_word' id='word_1_268' title='bbox 148 2035 235 2097; x_wconf 78' lang='lat'><strong>8}.</strong></span> <span class='ocrx_word' id='word_1_269' title='bbox 272 2054 289 2085; x_wconf 75' lang='grc' dir='ltr'><strong><em>ι</em></strong></span> <span class='ocrx_word' id='word_1_270' title='bbox 321 2033 483 2097; x_wconf 78' lang='lat' dir='ltr'><strong>Rere,</strong></span> <span class='ocrx_word' id='word_1_271' title='bbox 526 2034 735 2102; x_wconf 89' lang='lat' dir='ltr'><strong>inquit,</strong></span> <span class='ocrx_word' id='word_1_272' title='bbox 781 2042 834 2088; x_wconf 89' lang='lat' dir='ltr'><strong>et</strong></span> <span class='ocrx_word' id='word_1_273' title='bbox 883 2035 1025 2090; x_wconf 86' lang='lat' dir='ltr'><strong>nube</strong></span> <span class='ocrx_word' id='word_1_274' title='bbox 1070 2036 1311 2102; x_wconf 81' lang='lat' dir='ltr'><strong>caelesti,</strong></span> <span class='ocrx_word' id='word_1_275' title='bbox 1357 2039 1461 2094; x_wconf 89' lang='lat' dir='ltr'><strong>hoc</strong></span> <span class='ocrx_word' id='word_1_276' title='bbox 1498 2049 1583 2094; x_wconf 91' lang='lat' dir='ltr'><strong>est</strong></span> <span class='ocrx_word' id='word_1_277' title='bbox 1632 2039 1747 2095; x_wconf 87' lang='lat' dir='ltr'><strong>sola</strong></span> 
     </span>
    </p>
   </div>
   <div class='ocr_carea' id='block_1_36' title="bbox 146 2126 1748 2202">
    <p class='ocr_par' dir='ltr' id='par_1_36' title="bbox 146 2126 1748 2202">
     <span class='ocr_line' id='line_1_36' title="bbox 146 2126 1748 2202; baseline 0.004 -21"><span class='ocrx_word' id='word_1_278' title='bbox 146 2126 434 2181; x_wconf 68' lang='lat' dir='ltr'><strong>creatione</strong></span> <span class='ocrx_word' id='word_1_279' title='bbox 465 2134 517 2181; x_wconf 89' lang='lat' dir='ltr'><strong>et</strong></span> <span class='ocrx_word' id='word_1_280' title='bbox 548 2127 863 2195; x_wconf 82' lang='lat' dir='ltr'><strong>operatione</strong></span> <span class='ocrx_word' id='word_1_281' title='bbox 913 2128 1027 2193; x_wconf 90' lang='lat' dir='ltr'><strong>Dei,</strong></span> <span class='ocrx_word' id='word_1_282' title='bbox 1071 2130 1210 2184; x_wconf 83' lang='lat' dir='ltr'><strong>sicut</strong></span> <span class='ocrx_word' id='word_1_283' title='bbox 1255 2132 1413 2202; x_wconf 87' lang='lat' dir='ltr'><strong>paulo</strong></span> <span class='ocrx_word' id='word_1_284' title='bbox 1458 2143 1579 2202; x_wconf 83' lang='lat' dir='ltr'><strong>post</strong></span> <span class='ocrx_word' id='word_1_285' title='bbox 1620 2135 1748 2188; x_wconf 91' lang='lat' dir='ltr'><strong>sub-</strong></span> 
     </span>
    </p>
   </div>
   <div class='ocr_carea' id='block_1_37' title="bbox 150 2217 1747 2291">
    <p class='ocr_par' dir='ltr' id='par_1_37' title="bbox 150 2217 1747 2291">
     <span class='ocr_line' id='line_1_37' title="bbox 150 2217 1747 2291; baseline 0.006 -22"><span class='ocrx_word' id='word_1_286' title='bbox 150 2217 297 2271; x_wconf 75' lang='lat' dir='ltr'><strong>didit</strong></span> <span class='ocrx_word' id='word_1_287' title='bbox 321 2237 334 2272; x_wconf 92' lang='lat'>:</span> <span class='ocrx_word' id='word_1_288' title='bbox 355 2237 371 2269; x_wconf 83' lang='lat' dir='ltr'><strong>t</strong></span> <span class='ocrx_word' id='word_1_289' title='bbox 390 2217 504 2287; x_wconf 83' lang='lat' dir='ltr'><strong>Ego</strong></span> <span class='ocrx_word' id='word_1_290' title='bbox 533 2217 796 2272; x_wconf 90' lang='lat' dir='ltr'><strong>Dominus</strong></span> <span class='ocrx_word' id='word_1_291' title='bbox 822 2220 1000 2273; x_wconf 79' lang='lat' dir='ltr'><strong>creavi</strong></span> <span class='ocrx_word' id='word_1_292' title='bbox 1032 2236 1150 2274; x_wconf 87' lang='lat' dir='ltr'><strong>cum</strong></span> <span class='ocrx_word' id='word_1_293' title='bbox 1178 2236 1193 2275; x_wconf 88' lang='lat'><strong>:</strong></span> <span class='ocrx_word' id='word_1_294' title='bbox 1226 2240 1244 2272; x_wconf 72' lang='grc' dir='ltr'><strong><em>ι</em></strong></span> <span class='ocrx_word' id='word_1_295' title='bbox 1263 2232 1445 2291; x_wconf 88' lang='lat' dir='ltr'><strong>aperta</strong></span> <span class='ocrx_word' id='word_1_296' title='bbox 1474 2233 1549 2276; x_wconf 88' lang='lat' dir='ltr'><strong>est</strong></span> <span class='ocrx_word' id='word_1_297' title='bbox 1585 2234 1747 2289; x_wconf 86' lang='lat' dir='ltr'><strong>terra,</strong></span> 
     </span>
    </p>
   </div>
   <div class='ocr_carea' id='block_1_38' title="bbox 148 2305 1749 2381">
    <p class='ocr_par' dir='ltr' id='par_1_38' title="bbox 148 2305 1749 2381">
     <span class='ocr_line' id='line_1_38' title="bbox 148 2305 1749 2381; baseline 0.006 -22"><span class='ocrx_word' id='word_1_298' title='bbox 148 2316 348 2361; x_wconf 83' lang='lat' dir='ltr'><strong>uterus</strong></span> <span class='ocrx_word' id='word_1_299' title='bbox 402 2305 650 2362; x_wconf 78' lang='lat' dir='ltr'><strong>videlicet</strong></span> <span class='ocrx_word' id='word_1_300' title='bbox 716 2307 938 2379; x_wconf 81' lang='lat' dir='ltr'><strong>virginis</strong></span> <span class='ocrx_word' id='word_1_301' title='bbox 970 2350 983 2372; x_wconf 84' lang='lat'><strong>,</strong></span> <span class='ocrx_word' id='word_1_302' title='bbox 1048 2319 1102 2365; x_wconf 90' lang='lat' dir='ltr'><strong>et</strong></span> <span class='ocrx_word' id='word_1_303' title='bbox 1153 2312 1374 2381; x_wconf 90' lang='lat' dir='ltr'><strong>protulit</strong></span> <span class='ocrx_word' id='word_1_304' title='bbox 1417 2312 1749 2369; x_wconf 88' lang='lat' dir='ltr'><strong>Salvatorem</strong></span> 
     </span>
    </p>
   </div>
   <div class='ocr_carea' id='block_1_39' title="bbox 149 2397 1749 2475">
    <p class='ocr_par' dir='ltr' id='par_1_39' title="bbox 149 2397 1749 2475">
     <span class='ocr_line' id='line_1_39' title="bbox 149 2397 1749 2475; baseline 0.004 -24"><span class='ocrx_word' id='word_1_305' title='bbox 149 2397 373 2467; x_wconf 80' lang='lat' dir='ltr'><strong>(Ibid.).</strong></span> <span class='ocrx_word' id='word_1_306' title='bbox 439 2397 696 2467; x_wconf 83' lang='lat' dir='ltr'><strong>Princeps</strong></span> <span class='ocrx_word' id='word_1_307' title='bbox 726 2400 838 2469; x_wconf 88' lang='lat' dir='ltr'><strong>ipse</strong></span> <span class='ocrx_word' id='word_1_308' title='bbox 870 2401 1081 2455; x_wconf 85' lang='lat' dir='ltr'><strong>sedebit</strong></span> <span class='ocrx_word' id='word_1_309' title='bbox 1128 2402 1178 2455; x_wconf 88' lang='lat' dir='ltr'><strong>itt</strong></span> <span class='ocrx_word' id='word_1_310' title='bbox 1211 2418 1294 2465; x_wconf 86' lang='lat' dir='ltr'><strong>ea,</strong></span> <span class='ocrx_word' id='word_1_311' title='bbox 1319 2405 1569 2475; x_wconf 89' lang='lat' dir='ltr'><strong>quoniam</strong></span> <span class='ocrx_word' id='word_1_312' title='bbox 1602 2406 1655 2459; x_wconf 89' lang='lat' dir='ltr'><strong>itt</strong></span> <span class='ocrx_word' id='word_1_313' title='bbox 1688 2420 1749 2460; x_wconf 89' lang='lat' dir='ltr'><strong>ea</strong></span> 
     </span>
    </p>
   </div>
   <div class='ocr_carea' id='block_1_40' title="bbox 150 2488 1748 2563">
    <p class='ocr_par' dir='ltr' id='par_1_40' title="bbox 150 2488 1748 2563">
     <span class='ocr_line' id='line_1_40' title="bbox 150 2488 1748 2563; baseline 0.004 -20"><span class='ocrx_word' id='word_1_314' title='bbox 150 2504 375 2560; x_wconf 89' lang='lat' dir='ltr'><strong>quoque</strong></span> <span class='ocrx_word' id='word_1_315' title='bbox 400 2489 757 2558; x_wconf 87' lang='lat' dir='ltr'><strong>humanitate,</strong></span> <span class='ocrx_word' id='word_1_316' title='bbox 781 2506 942 2559; x_wconf 91' lang='lat' dir='ltr'><strong>quam</strong></span> <span class='ocrx_word' id='word_1_317' title='bbox 969 2491 1215 2547; x_wconf 88' lang='lat' dir='ltr'><strong>Christus</strong></span> <span class='ocrx_word' id='word_1_318' title='bbox 1239 2509 1334 2563; x_wconf 89' lang='lat' dir='ltr'><strong>pro</strong></span> <span class='ocrx_word' id='word_1_319' title='bbox 1359 2495 1514 2549; x_wconf 88' lang='lat' dir='ltr'><strong>nobis</strong></span> <span class='ocrx_word' id='word_1_320' title='bbox 1538 2488 1748 2550; x_wconf 62' lang='lat' dir='ltr'><strong>assum4</strong></span> 
     </span>
    </p>
   </div>
   <div class='ocr_carea' id='block_1_41' title="bbox 149 2580 1753 2654">
    <p class='ocr_par' dir='ltr' id='par_1_41' title="bbox 149 2580 1753 2654">
     <span class='ocr_line' id='line_1_41' title="bbox 149 2580 1753 2654; baseline 0.003 -19"><span class='ocrx_word' id='word_1_321' title='bbox 149 2581 290 2650; x_wconf 83' lang='lat' dir='ltr'><strong>psit,</strong></span> <span class='ocrx_word' id='word_1_322' title='bbox 316 2580 495 2635; x_wconf 90' lang='lat' dir='ltr'><strong>omnia</strong></span> <span class='ocrx_word' id='word_1_323' title='bbox 528 2581 627 2636; x_wconf 84' lang='lat' dir='ltr'><strong>sibi</strong></span> <span class='ocrx_word' id='word_1_324' title='bbox 668 2581 882 2636; x_wconf 88' lang='lat' dir='ltr'><strong>subdita</strong></span> <span class='ocrx_word' id='word_1_325' title='bbox 917 2582 1143 2652; x_wconf 89' lang='lat' dir='ltr'><strong>accepit.</strong></span> <span class='ocrx_word' id='word_1_326' title='bbox 1172 2581 1323 2638; x_wconf 86' lang='lat' dir='ltr'><strong>Unde</strong></span> <span class='ocrx_word' id='word_1_327' title='bbox 1364 2594 1418 2638; x_wconf 91' lang='lat' dir='ltr'><strong>ct</strong></span> <span class='ocrx_word' id='word_1_328' title='bbox 1463 2585 1513 2638; x_wconf 87' lang='lat' dir='ltr'><strong>in</strong></span> <span class='ocrx_word' id='word_1_329' title='bbox 1546 2586 1753 2654; x_wconf 87' lang='lat' dir='ltr'><strong>psalmo</strong></span> 
     </span>
    </p>
   </div>
   <div class='ocr_carea' id='block_1_42' title="bbox 149 2673 1753 2749">
    <p class='ocr_par' dir='ltr' id='par_1_42' title="bbox 149 2673 1753 2749">
     <span class='ocr_line' id='line_1_42' title="bbox 149 2673 1753 2749; baseline 0.003 -21"><span class='ocrx_word' id='word_1_330' title='bbox 149 2674 403 2730; x_wconf 83' lang='lat' dir='ltr'><strong>dicitur:</strong></span> <span class='ocrx_word' id='word_1_331' title='bbox 435 2692 455 2725; x_wconf 73' lang='grc' dir='ltr'>ι</span> <span class='ocrx_word' id='word_1_332' title='bbox 486 2673 725 2730; x_wconf 79' lang='grc' dir='ltr'><strong>Μίηιιίειί</strong></span> <span class='ocrx_word' id='word_1_333' title='bbox 758 2690 880 2730; x_wconf 91' lang='lat' dir='ltr'><strong>eum</strong></span> <span class='ocrx_word' id='word_1_334' title='bbox 908 2676 1067 2745; x_wconf 90' lang='lat' dir='ltr'><strong>paulo</strong></span> <span class='ocrx_word' id='word_1_335' title='bbox 1098 2676 1274 2731; x_wconf 92' lang='lat' dir='ltr'><strong>minus</strong></span> <span class='ocrx_word' id='word_1_336' title='bbox 1299 2680 1365 2731; x_wconf 91' lang='lat' dir='ltr'><strong>ah</strong></span> <span class='ocrx_word' id='word_1_337' title='bbox 1391 2678 1613 2747; x_wconf 79' lang='lat' dir='ltr'><strong>angelis,</strong></span> <span class='ocrx_word' id='word_1_338' title='bbox 1637 2680 1753 2749; x_wconf 79' lang='lat' dir='ltr'><strong>glo-</strong></span> 
     </span>
    </p>
   </div>
   <div class='ocr_carea' id='block_1_43' title="bbox 153 2769 1753 2829">
    <p class='ocr_par' dir='ltr' id='par_1_43' title="bbox 153 2769 1753 2829">
     <span class='ocr_line' id='line_1_43' title="bbox 153 2769 1753 2829; baseline 0.001 -4"><span class='ocrx_word' id='word_1_339' title='bbox 153 2770 248 2825; x_wconf 92' lang='lat' dir='ltr'><strong>ria</strong></span> <span class='ocrx_word' id='word_1_340' title='bbox 287 2777 345 2823; x_wconf 84' lang='lat' dir='ltr'><strong>et</strong></span> <span class='ocrx_word' id='word_1_341' title='bbox 393 2769 599 2823; x_wconf 87' lang='lat' dir='ltr'><strong>honore</strong></span> <span class='ocrx_word' id='word_1_342' title='bbox 646 2770 924 2823; x_wconf 88' lang='lat' dir='ltr'><strong>coronasti</strong></span> <span class='ocrx_word' id='word_1_343' title='bbox 952 2784 1095 2829; x_wconf 82' lang='lat' dir='ltr'><strong>eum.</strong></span> <span class='ocrx_word' id='word_1_344' title='bbox 1149 2779 1203 2824; x_wconf 90' lang='lat' dir='ltr'><strong>et</strong></span> <span class='ocrx_word' id='word_1_345' title='bbox 1252 2771 1582 2825; x_wconf 85' lang='lat' dir='ltr'><strong>constituisti</strong></span> <span class='ocrx_word' id='word_1_346' title='bbox 1630 2787 1753 2827; x_wconf 87' lang='lat' dir='ltr'><strong>eum</strong></span> 
     </span>
    </p>
   </div>
   <div class='ocr_carea' id='block_1_44' title="bbox 146 2861 1757 2935">
    <p class='ocr_par' dir='ltr' id='par_1_44' title="bbox 146 2861 1757 2935">
     <span class='ocr_line' id='line_1_44' title="bbox 146 2861 1757 2935; baseline -0.001 -15"><span class='ocrx_word' id='word_1_347' title='bbox 146 2876 326 2933; x_wconf 72' lang='lat' dir='ltr'><strong>super</strong></span> <span class='ocrx_word' id='word_1_348' title='bbox 350 2877 515 2933; x_wconf 85' lang='lat' dir='ltr'><strong>Opera</strong></span> <span class='ocrx_word' id='word_1_349' title='bbox 541 2876 798 2918; x_wconf 88' lang='lat' dir='ltr'><strong>manuum</strong></span> <span class='ocrx_word' id='word_1_350' title='bbox 841 2870 1054 2917; x_wconf 86' lang='lat' dir='ltr'><strong>tuarum</strong></span> <span class='ocrx_word' id='word_1_351' title='bbox 1082 2861 1254 2935; x_wconf 83' lang='lat' dir='ltr'><strong>(Psal.</strong></span> <span class='ocrx_word' id='word_1_352' title='bbox 1288 2877 1403 2925; x_wconf 85' lang='lat' dir='ltr'><strong>vnt,</strong></span> <span class='ocrx_word' id='word_1_353' title='bbox 1448 2863 1525 2919; x_wconf 72' lang='lat'><strong>6‘.</strong></span> <span class='ocrx_word' id='word_1_354' title='bbox 1567 2884 1584 2915; x_wconf 84' lang='grc'><strong>›</strong></span> <span class='ocrx_word' id='word_1_355' title='bbox 1605 2863 1757 2919; x_wconf 85' lang='lat' dir='ltr'><strong>Com-</strong></span> 
     </span>
    </p>
   </div>
   <div class='ocr_carea' id='block_1_45' title="bbox 150 2954 1757 3030">
    <p class='ocr_par' dir='ltr' id='par_1_45' title="bbox 150 2954 1757 3030">
     <span class='ocr_line' id='line_1_45' title="bbox 150 2954 1757 3030; baseline 0.001 -19"><span class='ocrx_word' id='word_1_356' title='bbox 150 2955 277 3011; x_wconf 84' lang='lat' dir='ltr'><strong>edit</strong></span> <span class='ocrx_word' id='word_1_357' title='bbox 303 2970 493 3030; x_wconf 57' lang='lat' dir='ltr'><strong>pm</strong></span> <span class='ocrx_word' id='word_1_358' title='bbox 512 2971 694 3011; x_wconf 89' lang='lat' dir='ltr'><strong>coram</strong></span> <span class='ocrx_word' id='word_1_359' title='bbox 716 2955 963 3019; x_wconf 89' lang='lat' dir='ltr'><strong>Domino,</strong></span> <span class='ocrx_word' id='word_1_360' title='bbox 994 2954 1197 3012; x_wconf 77' lang='lat' dir='ltr'><strong>faciens</strong></span> <span class='ocrx_word' id='word_1_361' title='bbox 1226 2957 1555 3012; x_wconf 88' lang='lat' dir='ltr'><strong>voluntatem</strong></span> <span class='ocrx_word' id='word_1_362' title='bbox 1579 2957 1757 3013; x_wconf 85' lang='lat' dir='ltr'><strong>Patris</strong></span> 
     </span>
    </p>
   </div>
   <div class='ocr_carea' id='block_1_46' title="bbox 151 3048 1758 3118">
    <p class='ocr_par' dir='ltr' id='par_1_46' title="bbox 151 3048 1758 3118">
     <span class='ocr_line' id='line_1_46' title="bbox 151 3048 1758 3118; baseline -0.001 -14"><span class='ocrx_word' id='word_1_363' title='bbox 151 3050 269 3112; x_wconf 73' lang='lat' dir='ltr'><strong>sui,</strong></span> <span class='ocrx_word' id='word_1_364' title='bbox 294 3049 385 3118; x_wconf 93' lang='lat' dir='ltr'><strong>qui</strong></span> <span class='ocrx_word' id='word_1_365' title='bbox 418 3062 541 3103; x_wconf 84' lang='lat' dir='ltr'><strong>eum</strong></span> <span class='ocrx_word' id='word_1_366' title='bbox 584 3048 735 3104; x_wconf 84' lang='lat' dir='ltr'><strong>misit</strong></span> <span class='ocrx_word' id='word_1_367' title='bbox 776 3049 841 3101; x_wconf 87' lang='lat' dir='ltr'><strong>ad</strong></span> <span class='ocrx_word' id='word_1_368' title='bbox 880 3062 998 3103; x_wconf 89' lang='lat' dir='ltr'><strong>nos.</strong></span> <span class='ocrx_word' id='word_1_369' title='bbox 1032 3049 1105 3103; x_wconf 87' lang='lat' dir='ltr'><strong>De</strong></span> <span class='ocrx_word' id='word_1_370' title='bbox 1136 3049 1239 3104; x_wconf 90' lang='lat' dir='ltr'><strong>hoc</strong></span> <span class='ocrx_word' id='word_1_371' title='bbox 1272 3049 1519 3113; x_wconf 88' lang='lat' dir='ltr'><strong>Domino,</strong></span> <span class='ocrx_word' id='word_1_372' title='bbox 1564 3057 1618 3103; x_wconf 90' lang='lat' dir='ltr'><strong>et</strong></span> <span class='ocrx_word' id='word_1_373' title='bbox 1657 3049 1758 3102; x_wconf 86' lang='lat' dir='ltr'><strong>Do-</strong></span> 
     </span>
    </p>
   </div>
   <div class='ocr_carea' id='block_1_47' title="bbox 152 3141 1756 3213">
    <p class='ocr_par' dir='ltr' id='par_1_47' title="bbox 152 3141 1756 3213">
     <span class='ocr_line' id='line_1_47' title="bbox 152 3141 1756 3213; baseline -0.001 -14"><span class='ocrx_word' id='word_1_374' title='bbox 152 3144 332 3206; x_wconf 86' lang='lat' dir='ltr'><strong>mino,</strong></span> <span class='ocrx_word' id='word_1_375' title='bbox 375 3143 427 3197; x_wconf 89' lang='lat' dir='ltr'><strong>itt</strong></span> <span class='ocrx_word' id='word_1_376' title='bbox 468 3142 679 3213; x_wconf 86' lang='lat' dir='ltr'><strong>psalmo</strong></span> <span class='ocrx_word' id='word_1_377' title='bbox 724 3142 966 3197; x_wconf 87' lang='lat' dir='ltr'><strong>dicitur:</strong></span> <span class='ocrx_word' id='word_1_378' title='bbox 1004 3162 1022 3194; x_wconf 71' lang='grc' dir='ltr'>ε</span> <span class='ocrx_word' id='word_1_379' title='bbox 1066 3141 1209 3197; x_wconf 80' lang='lat' dir='ltr'><strong>Dixit</strong></span> <span class='ocrx_word' id='word_1_380' title='bbox 1240 3143 1497 3197; x_wconf 79' lang='lat' dir='ltr'><strong>Dominus</strong></span> <span class='ocrx_word' id='word_1_381' title='bbox 1528 3145 1756 3198; x_wconf 84' lang='lat' dir='ltr'><strong>Domino</strong></span> 
     </span>
    </p>
   </div>
   <div class='ocr_carea' id='block_1_48' title="bbox 1854 1918 3440 1993">
    <p class='ocr_par' dir='ltr' id='par_1_48' title="bbox 1854 1918 3440 1993">
     <span class='ocr_line' id='line_1_48' title="bbox 1854 1918 3440 1993; baseline -0.004 -15"><span class='ocrx_word' id='word_1_382' title='bbox 1854 1923 2136 1993; x_wconf 75' lang='lat' dir='ltr'><strong>tripliciter</strong></span> <span class='ocrx_word' id='word_1_383' title='bbox 2164 1934 2403 1992; x_wconf 84' lang='lat' dir='ltr'><strong>accepta.</strong></span> <span class='ocrx_word' id='word_1_384' title='bbox 2454 1921 2561 1977; x_wconf 89' lang='lat' dir='ltr'><strong>Sed</strong></span> <span class='ocrx_word' id='word_1_385' title='bbox 2601 1921 2854 1990; x_wconf 88' lang='lat' dir='ltr'><strong>quoniam</strong></span> <span class='ocrx_word' id='word_1_386' title='bbox 2898 1922 3036 1974; x_wconf 89' lang='lat' dir='ltr'><strong>inter</strong></span> <span class='ocrx_word' id='word_1_387' title='bbox 3069 1919 3251 1974; x_wconf 83' lang='lat' dir='ltr'><strong>lidelcs</strong></span> <span class='ocrx_word' id='word_1_388' title='bbox 3297 1918 3440 1973; x_wconf 88' lang='lat' dir='ltr'><strong>solos</strong></span> 
     </span>
    </p>
   </div>
   <div class='ocr_carea' id='block_1_49' title="bbox 1852 2008 3443 2083">
    <p class='ocr_par' dir='ltr' id='par_1_49' title="bbox 1852 2008 3443 2083">
     <span class='ocr_line' id='line_1_49' title="bbox 1852 2008 3443 2083; baseline -0.006 -13"><span class='ocrx_word' id='word_1_389' title='bbox 1852 2016 1918 2070; x_wconf 92' lang='lat' dir='ltr'><strong>de</strong></span> <span class='ocrx_word' id='word_1_390' title='bbox 1943 2016 2151 2069; x_wconf 90' lang='lat' dir='ltr'><strong>unitate</strong></span> <span class='ocrx_word' id='word_1_391' title='bbox 2181 2014 2400 2069; x_wconf 89' lang='lat' dir='ltr'><strong>deitatis</strong></span> <span class='ocrx_word' id='word_1_392' title='bbox 2431 2029 2493 2068; x_wconf 90' lang='lat' dir='ltr'><strong>ac</strong></span> <span class='ocrx_word' id='word_1_393' title='bbox 2524 2024 2890 2083; x_wconf 85' lang='lat' dir='ltr'><strong>personarum</strong></span> <span class='ocrx_word' id='word_1_394' title='bbox 2912 2012 3154 2065; x_wconf 90' lang='lat' dir='ltr'><strong>trinitate</strong></span> <span class='ocrx_word' id='word_1_395' title='bbox 3184 2008 3237 2064; x_wconf 92' lang='lat' dir='ltr'><strong>in</strong></span> <span class='ocrx_word' id='word_1_396' title='bbox 3271 2010 3443 2065; x_wconf 77' lang='lat' dir='ltr'><strong>deita-</strong></span> 
     </span>
    </p>
   </div>
   <div class='ocr_carea' id='block_1_50' title="bbox 1855 2096 3441 2173">
    <p class='ocr_par' dir='ltr' id='par_1_50' title="bbox 1855 2096 3441 2173">
     <span class='ocr_line' id='line_1_50' title="bbox 1855 2096 3441 2173; baseline -0.004 -12"><span class='ocrx_word' id='word_1_397' title='bbox 1855 2107 1923 2161; x_wconf 91' lang='lat' dir='ltr'><strong>tis</strong></span> <span class='ocrx_word' id='word_1_398' title='bbox 1950 2108 2177 2171; x_wconf 88' lang='lat' dir='ltr'><strong>unitate,</strong></span> <span class='ocrx_word' id='word_1_399' title='bbox 2210 2123 2390 2162; x_wconf 89' lang='lat' dir='ltr'><strong>sermo</strong></span> <span class='ocrx_word' id='word_1_400' title='bbox 2421 2106 2701 2161; x_wconf 88' lang='lat' dir='ltr'><strong>habendus</strong></span> <span class='ocrx_word' id='word_1_401' title='bbox 2730 2113 2833 2167; x_wconf 89' lang='lat' dir='ltr'><strong>cst,</strong></span> <span class='ocrx_word' id='word_1_402' title='bbox 2880 2104 3007 2173; x_wconf 88' lang='lat' dir='ltr'><strong>quia</strong></span> <span class='ocrx_word' id='word_1_403' title='bbox 3056 2103 3173 2157; x_wconf 91' lang='lat' dir='ltr'><strong>sine</strong></span> <span class='ocrx_word' id='word_1_404' title='bbox 3202 2096 3441 2172; x_wconf 88' lang='lat' dir='ltr'><strong>periculo</strong></span> 
     </span>
    </p>
   </div>
   <div class='ocr_carea' id='block_1_51' title="bbox 1853 2195 3445 2268">
    <p class='ocr_par' dir='ltr' id='par_1_51' title="bbox 1853 2195 3445 2268">
     <span class='ocr_line' id='line_1_51' title="bbox 1853 2195 3445 2268; baseline -0.003 -16"><span class='ocrx_word' id='word_1_405' title='bbox 1853 2198 2074 2265; x_wconf 89' lang='lat' dir='ltr'><strong>dicitur,</strong></span> <span class='ocrx_word' id='word_1_406' title='bbox 2130 2198 2388 2268; x_wconf 79' lang='lat' dir='ltr'><strong>quidquid</strong></span> <span class='ocrx_word' id='word_1_407' title='bbox 2444 2198 2752 2252; x_wconf 87' lang='lat' dir='ltr'><strong>vetttilando</strong></span> <span class='ocrx_word' id='word_1_408' title='bbox 2798 2196 2862 2227; x_wconf 72' lang='grc'><strong>’⁸⁸</strong></span> <span class='ocrx_word' id='word_1_409' title='bbox 2912 2195 3224 2260; x_wconf 85' lang='lat' dir='ltr'><strong>discutitur,</strong></span> <span class='ocrx_word' id='word_1_410' title='bbox 3281 2202 3445 2265; x_wconf 80' lang='lat' dir='ltr'><strong>atque</strong></span> 
     </span>
    </p>
   </div>
   <div class='ocr_carea' id='block_1_52' title="bbox 1854 2285 3446 2356">
    <p class='ocr_par' dir='ltr' id='par_1_52' title="bbox 1854 2285 3446 2356">
     <span class='ocr_line' id='line_1_52' title="bbox 1854 2285 3446 2356; baseline -0.001 -14"><span class='ocrx_word' id='word_1_411' title='bbox 1854 2290 2194 2342; x_wconf 86' lang='lat' dir='ltr'><strong>auctoritatis</strong></span> <span class='ocrx_word' id='word_1_412' title='bbox 2224 2288 2530 2342; x_wconf 87' lang='lat' dir='ltr'><strong>testimonio</strong></span> <span class='ocrx_word' id='word_1_413' title='bbox 2573 2285 2845 2356; x_wconf 80' lang='lat' dir='ltr'><strong>dirigitur,</strong></span> <span class='ocrx_word' id='word_1_414' title='bbox 2888 2286 2930 2340; x_wconf 92' lang='lat' dir='ltr'><strong>si</strong></span> <span class='ocrx_word' id='word_1_415' title='bbox 2960 2285 3059 2347; x_wconf 87' lang='lat' dir='ltr'><strong>vis,</strong></span> <span class='ocrx_word' id='word_1_416' title='bbox 3087 2285 3446 2356; x_wconf 85' lang='lat' dir='ltr'><strong>procedamus</strong></span> 
     </span>
    </p>
   </div>
   <div class='ocr_carea' id='block_1_53' title="bbox 1854 2372 3443 2449">
    <p class='ocr_par' dir='ltr' id='par_1_53' title="bbox 1854 2372 3443 2449">
     <span class='ocr_line' id='line_1_53' title="bbox 1854 2372 3443 2449; baseline -0.003 -16"><span class='ocrx_word' id='word_1_417' title='bbox 1854 2379 1923 2433; x_wconf 90' lang='lat' dir='ltr'><strong>ad</strong></span> <span class='ocrx_word' id='word_1_418' title='bbox 1985 2380 2190 2449; x_wconf 89' lang='lat' dir='ltr'><strong>reliqua</strong></span> <span class='ocrx_word' id='word_1_419' title='bbox 2246 2380 2311 2435; x_wconf 86' lang='lat' dir='ltr'><strong>de</strong></span> <span class='ocrx_word' id='word_1_420' title='bbox 2363 2377 2581 2432; x_wconf 89' lang='lat' dir='ltr'><strong>Christo</strong></span> <span class='ocrx_word' id='word_1_421' title='bbox 2640 2377 3046 2446; x_wconf 77' lang='lat' dir='ltr'><strong>Scripturarum</strong></span> <span class='ocrx_word' id='word_1_422' title='bbox 3116 2372 3443 2430; x_wconf 90' lang='lat' dir='ltr'><strong>testimonia.</strong></span> 
     </span>
    </p>
   </div>
   <div class='ocr_carea' id='block_1_54' title="bbox 1857 2467 3449 2543">
    <p class='ocr_par' dir='ltr' id='par_1_54' title="bbox 1857 2467 3449 2543">
     <span class='ocr_line' id='line_1_54' title="bbox 1857 2467 3449 2543; baseline -0.003 -19"><span class='ocrx_word' id='word_1_423' title='bbox 1857 2470 2046 2524; x_wconf 77' lang='lat' dir='ltr'><strong>Postea</strong></span> <span class='ocrx_word' id='word_1_424' title='bbox 2086 2476 2151 2525; x_wconf 88' lang='lat' dir='ltr'><strong>ad</strong></span> <span class='ocrx_word' id='word_1_425' title='bbox 2192 2473 2324 2536; x_wconf 70' lang='grc' dir='ltr'><strong>Ιιεῑρ,</strong></span> <span class='ocrx_word' id='word_1_426' title='bbox 2362 2481 2517 2543; x_wconf 90' lang='lat' dir='ltr'><strong>prout</strong></span> <span class='ocrx_word' id='word_1_427' title='bbox 2554 2470 2872 2541; x_wconf 86' lang='lat' dir='ltr'><strong>poterimus,</strong></span> <span class='ocrx_word' id='word_1_428' title='bbox 2902 2467 3234 2523; x_wconf 88' lang='lat' dir='ltr'><strong>discutienda</strong></span> <span class='ocrx_word' id='word_1_429' title='bbox 3271 2480 3449 2520; x_wconf 89' lang='lat' dir='ltr'><strong>rever-</strong></span> 
     </span>
    </p>
   </div>
   <div class='ocr_carea' id='block_1_55' title="bbox 1860 2559 3451 2634">
    <p class='ocr_par' dir='ltr' id='par_1_55' title="bbox 1860 2559 3451 2634">
     <span class='ocr_line' id='line_1_55' title="bbox 1860 2559 3451 2634; baseline -0.002 -19"><span class='ocrx_word' id='word_1_430' title='bbox 1860 2572 2055 2616; x_wconf 90' lang='lat' dir='ltr'><strong>temur.</strong></span> <span class='ocrx_word' id='word_1_431' title='bbox 2086 2562 2345 2630; x_wconf 83' lang='lat' dir='ltr'><strong>Qnantvis</strong></span> <span class='ocrx_word' id='word_1_432' title='bbox 2384 2565 2525 2618; x_wconf 90' lang='lat' dir='ltr'><strong>enim</strong></span> <span class='ocrx_word' id='word_1_433' title='bbox 2557 2563 2659 2619; x_wconf 91' lang='lat' dir='ltr'><strong>hoc</strong></span> <span class='ocrx_word' id='word_1_434' title='bbox 2690 2562 3004 2634; x_wconf 81' lang='lat' dir='ltr'><strong>mysterium</strong></span> <span class='ocrx_word' id='word_1_435' title='bbox 3036 2560 3180 2615; x_wconf 89' lang='lat' dir='ltr'><strong>nulla</strong></span> <span class='ocrx_word' id='word_1_436' title='bbox 3211 2559 3451 2613; x_wconf 88' lang='lat' dir='ltr'><strong>humana</strong></span> 
     </span>
    </p>
   </div>
   <div class='ocr_carea' id='block_1_56' title="bbox 1860 2652 3453 2730">
    <p class='ocr_par' dir='ltr' id='par_1_56' title="bbox 1860 2652 3453 2730">
     <span class='ocr_line' id='line_1_56' title="bbox 1860 2652 3453 2730; baseline -0.001 -24"><span class='ocrx_word' id='word_1_437' title='bbox 1860 2654 2001 2707; x_wconf 87' lang='lat' dir='ltr'><strong>ratio</strong></span> <span class='ocrx_word' id='word_1_438' title='bbox 2049 2665 2226 2724; x_wconf 87' lang='lat' dir='ltr'><strong>potest</strong></span> <span class='ocrx_word' id='word_1_439' title='bbox 2278 2656 2758 2730; x_wconf 82' lang='lat' dir='ltr'><strong>comprehendere,</strong></span> <span class='ocrx_word' id='word_1_440' title='bbox 2793 2664 2968 2708; x_wconf 91' lang='lat' dir='ltr'><strong>tamen</strong></span> <span class='ocrx_word' id='word_1_441' title='bbox 3003 2671 3020 2703; x_wconf 87' lang='grc'><em>‹</em></span> <span class='ocrx_word' id='word_1_442' title='bbox 3060 2652 3308 2705; x_wconf 81' lang='lat' dir='ltr'><strong>videmus</strong></span> <span class='ocrx_word' id='word_1_443' title='bbox 3354 2664 3453 2719; x_wconf 86' lang='lat' dir='ltr'><strong>per</strong></span> 
     </span>
    </p>
   </div>
   <div class='ocr_carea' id='block_1_57' title="bbox 1859 2741 3454 2816">
    <p class='ocr_par' dir='ltr' id='par_1_57' title="bbox 1859 2741 3454 2816">
     <span class='ocr_line' id='line_1_57' title="bbox 1859 2741 3454 2816; baseline -0.003 -17"><span class='ocrx_word' id='word_1_444' title='bbox 1859 2744 2133 2813; x_wconf 87' lang='lat' dir='ltr'><strong>speculum</strong></span> <span class='ocrx_word' id='word_1_445' title='bbox 2168 2746 2219 2799; x_wconf 92' lang='lat' dir='ltr'><strong>in</strong></span> <span class='ocrx_word' id='word_1_446' title='bbox 2251 2746 2537 2816; x_wconf 63' lang='lat' dir='ltr'><strong>aenigmate</strong></span> <span class='ocrx_word' id='word_1_447' title='bbox 2566 2744 2618 2815; x_wconf 90' lang='grc'><strong>(1</strong></span> <span class='ocrx_word' id='word_1_448' title='bbox 2640 2744 2761 2799; x_wconf 86' lang='lat' dir='ltr'><strong>Cor.</strong></span> <span class='ocrx_word' id='word_1_449' title='bbox 2792 2761 2911 2809; x_wconf 75' lang='lat' dir='ltr'><strong>xttt,</strong></span> <span class='ocrx_word' id='word_1_450' title='bbox 2946 2742 3054 2812; x_wconf 67' lang='lat'><strong>12),</strong></span> <span class='ocrx_word' id='word_1_451' title='bbox 3093 2760 3233 2795; x_wconf 74' lang='lat'><strong>)-—(</strong></span> <span class='ocrx_word' id='word_1_452' title='bbox 3268 2741 3454 2796; x_wconf 85' lang='lat' dir='ltr'><strong>invisi-</strong></span> 
     </span>
    </p>
   </div>
   <div class='ocr_carea' id='block_1_58' title="bbox 1861 2835 3455 2913">
    <p class='ocr_par' dir='ltr' id='par_1_58' title="bbox 1861 2835 3455 2913">
     <span class='ocr_line' id='line_1_58' title="bbox 1861 2835 3455 2913; baseline -0.002 -23"><span class='ocrx_word' id='word_1_453' title='bbox 1861 2836 1985 2891; x_wconf 77' lang='lat' dir='ltr'><strong>hilia</strong></span> <span class='ocrx_word' id='word_1_454' title='bbox 2011 2838 2155 2892; x_wconf 89' lang='lat' dir='ltr'><strong>enim</strong></span> <span class='ocrx_word' id='word_1_455' title='bbox 2181 2839 2294 2905; x_wconf 84' lang='lat' dir='ltr'><strong>Dci,</strong></span> <span class='ocrx_word' id='word_1_456' title='bbox 2328 2854 2425 2908; x_wconf 89' lang='lat' dir='ltr'><strong>per</strong></span> <span class='ocrx_word' id='word_1_457' title='bbox 2450 2854 2511 2893; x_wconf 90' lang='lat' dir='ltr'><strong>ea</strong></span> <span class='ocrx_word' id='word_1_458' title='bbox 2530 2854 2649 2909; x_wconf 74' lang='lat' dir='ltr'><strong>qua:</strong></span> <span class='ocrx_word' id='word_1_459' title='bbox 2678 2837 2816 2893; x_wconf 89' lang='lat' dir='ltr'><strong>facta</strong></span> <span class='ocrx_word' id='word_1_460' title='bbox 2843 2849 2987 2913; x_wconf 88' lang='lat' dir='ltr'><strong>sunt,</strong></span> <span class='ocrx_word' id='word_1_461' title='bbox 3024 2835 3291 2890; x_wconf 86' lang='lat' dir='ltr'><strong>intellecta</strong></span> <span class='ocrx_word' id='word_1_462' title='bbox 3325 2850 3455 2889; x_wconf 62' lang='lat' dir='ltr'><strong>corr</strong></span> 
     </span>
    </p>
   </div>
   <div class='ocr_carea' id='block_1_59' title="bbox 1860 2928 3453 3007">
    <p class='ocr_par' dir='ltr' id='par_1_59' title="bbox 1860 2928 3453 3007">
     <span class='ocr_line' id='line_1_59' title="bbox 1860 2928 3453 3007; baseline -0.001 -24"><span class='ocrx_word' id='word_1_463' title='bbox 1860 2929 2185 2999; x_wconf 86' lang='lat' dir='ltr'><strong>spicittutur,</strong></span> <span class='ocrx_word' id='word_1_464' title='bbox 2215 2932 2544 3007; x_wconf 83' lang='lat' dir='ltr'><strong>sempiterna</strong></span> <span class='ocrx_word' id='word_1_465' title='bbox 2577 2948 2793 3003; x_wconf 91' lang='lat' dir='ltr'><strong>quoque</strong></span> <span class='ocrx_word' id='word_1_466' title='bbox 2818 2932 2935 3002; x_wconf 82' lang='lat' dir='ltr'><strong>ejus</strong></span> <span class='ocrx_word' id='word_1_467' title='bbox 2962 2932 3136 2986; x_wconf 90' lang='lat' dir='ltr'><strong>virtus</strong></span> <span class='ocrx_word' id='word_1_468' title='bbox 3166 2940 3219 2999; x_wconf 84' lang='lat' dir='ltr'><strong>et</strong></span> <span class='ocrx_word' id='word_1_469' title='bbox 3252 2928 3453 2983; x_wconf 84' lang='lat' dir='ltr'><strong>divini-</strong></span> 
     </span>
    </p>
   </div>
   <div class='ocr_carea' id='block_1_60' title="bbox 1863 3022 3453 3095">
    <p class='ocr_par' dir='ltr' id='par_1_60' title="bbox 1863 3022 3453 3095">
     <span class='ocr_line' id='line_1_60' title="bbox 1863 3022 3453 3095; baseline -0.003 -16"><span class='ocrx_word' id='word_1_470' title='bbox 1863 3033 1946 3079; x_wconf 64' lang='lat' dir='ltr'><strong>tas</strong></span> <span class='ocrx_word' id='word_1_471' title='bbox 1977 3023 2151 3095; x_wconf 84' lang='lat' dir='ltr'><strong>(Rom.</strong></span> <span class='ocrx_word' id='word_1_472' title='bbox 2182 3040 2221 3090; x_wconf 90' lang='lat' dir='ltr'><strong>t,</strong></span> <span class='ocrx_word' id='word_1_473' title='bbox 2246 3026 2361 3095; x_wconf 70' lang='lat'><strong>‘20).</strong></span> <span class='ocrx_word' id='word_1_474' title='bbox 2401 3045 2419 3077; x_wconf 73' lang='grc' dir='ltr'><strong><em>ι</em></strong></span> <span class='ocrx_word' id='word_1_475' title='bbox 2452 3026 2593 3079; x_wconf 88' lang='lat' dir='ltr'><strong>Illud.</strong></span> <span class='ocrx_word' id='word_1_476' title='bbox 2614 3040 2830 3095; x_wconf 89' lang='lat' dir='ltr'><strong>quoque</strong></span> <span class='ocrx_word' id='word_1_477' title='bbox 2858 3025 2924 3054; x_wconf 80' lang='grc'><strong>¹⁰⁹</strong></span> <span class='ocrx_word' id='word_1_478' title='bbox 2952 3024 3095 3078; x_wconf 90' lang='lat' dir='ltr'><strong>aliud</strong></span> <span class='ocrx_word' id='word_1_479' title='bbox 3123 3022 3453 3091; x_wconf 72' lang='lat' dir='ltr'><strong>exemplum,</strong></span> 
     </span>
    </p>
   </div>
   <div class='ocr_carea' id='block_1_61' title="bbox 1861 3112 3455 3193">
    <p class='ocr_par' dir='ltr' id='par_1_61' title="bbox 1861 3112 3455 3193">
     <span class='ocr_line' id='line_1_61' title="bbox 1861 3112 3455 3193; baseline -0.003 -23"><span class='ocrx_word' id='word_1_480' title='bbox 1861 3118 2003 3187; x_wconf 90' lang='lat' dir='ltr'><strong>quod</strong></span> <span class='ocrx_word' id='word_1_481' title='bbox 2032 3117 2325 3173; x_wconf 86' lang='lat' dir='ltr'><strong>refellendo</strong></span> <span class='ocrx_word' id='word_1_482' title='bbox 2358 3119 2604 3193; x_wconf 56' lang='lat' dir='ltr'><strong>posuisti,</strong></span> <span class='ocrx_word' id='word_1_483' title='bbox 2646 3117 2775 3171; x_wconf 85' lang='lat' dir='ltr'><strong>nihil</strong></span> <span class='ocrx_word' id='word_1_484' title='bbox 2822 3132 2919 3171; x_wconf 89' lang='lat' dir='ltr'><strong>nos</strong></span> <span class='ocrx_word' id='word_1_485' title='bbox 2952 3116 3194 3193; x_wconf 81' lang='lat' dir='ltr'><strong>impedit.</strong></span> <span class='ocrx_word' id='word_1_486' title='bbox 3222 3114 3277 3168; x_wconf 90' lang='lat' dir='ltr'><strong>Si</strong></span> <span class='ocrx_word' id='word_1_487' title='bbox 3309 3112 3455 3168; x_wconf 88' lang='lat' dir='ltr'><strong>enim</strong></span> 
     </span>
    </p>
   </div>
   <div class='ocr_carea' id='block_1_62' title="bbox 154 3204 3457 3304">
    <p class='ocr_par' dir='ltr' id='par_1_62' title="bbox 154 3204 3457 3304">
     <span class='ocr_line' id='line_1_62' title="bbox 154 3204 3457 3304; baseline -0.003 -38"><span class='ocrx_word' id='word_1_488' title='bbox 154 3250 287 3290; x_wconf 68' lang='lat' dir='ltr'><strong>meo</strong></span> <span class='ocrx_word' id='word_1_489' title='bbox 364 3204 505 3290; x_wconf 47' lang='grc' dir='ltr'><strong>θυαε</strong></span> <span class='ocrx_word' id='word_1_490' title='bbox 534 3249 563 3287; x_wconf 61' lang='grc' dir='ltr'>η</span> <span class='ocrx_word' id='word_1_491' title='bbox 595 3233 800 3288; x_wconf 56' lang='lat' dir='ltr'><strong>dextris</strong></span> <span class='ocrx_word' id='word_1_492' title='bbox 831 3233 965 3287; x_wconf 60' lang='lat' dir='ltr'><strong>meis</strong></span> <span class='ocrx_word' id='word_1_493' title='bbox 992 3230 1165 3303; x_wconf 49' lang='grc' dir='ltr'><strong>(ρδηι,</strong></span> <span class='ocrx_word' id='word_1_494' title='bbox 1191 3248 1303 3300; x_wconf 49' lang='lat' dir='ltr'><strong>cm</strong></span> <span class='ocrx_word' id='word_1_495' title='bbox 1336 3232 1412 3304; x_wconf 51' lang='grc' dir='ltr'><strong>ί).</strong></span> <span class='ocrx_word' id='word_1_496' title='bbox 1445 3254 1462 3286; x_wconf 68' lang='lat'><strong>,</strong></span> <span class='ocrx_word' id='word_1_497' title='bbox 1493 3233 1624 3300; x_wconf 64' lang='lat' dir='ltr'><strong>Quis</strong></span> <span class='ocrx_word' id='word_1_498' title='bbox 1654 3233 1758 3289; x_wconf 67' lang='grc' dir='ltr'><strong>οο,</strong></span> <span class='ocrx_word' id='word_1_499' title='bbox 1786 3204 1830 3264; x_wconf 88' lang='lat' dir='ltr'><strong>C</strong></span> <span class='ocrx_word' id='word_1_500' title='bbox 1865 3219 2040 3264; x_wconf 88' lang='lat' dir='ltr'><strong>mater</strong></span> <span class='ocrx_word' id='word_1_501' title='bbox 2068 3209 2296 3304; x_wconf 84' lang='lat' dir='ltr'><strong>Christi,</strong></span> <span class='ocrx_word' id='word_1_502' title='bbox 2326 3209 2578 3304; x_wconf 79' lang='lat' dir='ltr'><strong>decujus</strong></span> <span class='ocrx_word' id='word_1_503' title='bbox 2602 3209 2854 3304; x_wconf 36' lang='lat' dir='ltr'><strong>carne-iu</strong></span> <span class='ocrx_word' id='word_1_504' title='bbox 2879 3207 2999 3304; x_wconf 69' lang='lat' dir='ltr'><strong>ejus</strong></span> <span class='ocrx_word' id='word_1_505' title='bbox 3024 3204 3457 3304; x_wconf 59' lang='lat' dir='ltr'><strong>uteroChristus</strong></span> 
     </span>
    </p>
   </div>
   <div class='ocr_carea' id='block_1_63' title="bbox 157 3324 1760 3381">
    <p class='ocr_par' dir='ltr' id='par_1_63' title="bbox 157 3324 1760 3381">
     <span class='ocr_line' id='line_1_63' title="bbox 157 3324 1760 3381; baseline 0 0"><span class='ocrx_word' id='word_1_506' title='bbox 157 3327 348 3381; x_wconf 85' lang='lat' dir='ltr'><strong>minus</strong></span> <span class='ocrx_word' id='word_1_507' title='bbox 382 3326 487 3381; x_wconf 90' lang='lat' dir='ltr'><strong>hoc</strong></span> <span class='ocrx_word' id='word_1_508' title='bbox 512 3324 693 3380; x_wconf 87' lang='lat' dir='ltr'><strong>dicat?</strong></span> <span class='ocrx_word' id='word_1_509' title='bbox 722 3332 776 3380; x_wconf 92' lang='lat' dir='ltr'><strong>et</strong></span> <span class='ocrx_word' id='word_1_510' title='bbox 799 3324 881 3379; x_wconf 92' lang='lat' dir='ltr'><strong>cui</strong></span> <span class='ocrx_word' id='word_1_511' title='bbox 907 3324 1133 3379; x_wconf 91' lang='lat' dir='ltr'><strong>Domino</strong></span> <span class='ocrx_word' id='word_1_512' title='bbox 1161 3325 1263 3380; x_wconf 89' lang='lat' dir='ltr'><strong>hoc</strong></span> <span class='ocrx_word' id='word_1_513' title='bbox 1289 3326 1466 3379; x_wconf 81' lang='lat' dir='ltr'><strong>dicat?</strong></span> <span class='ocrx_word' id='word_1_514' title='bbox 1495 3326 1618 3380; x_wconf 88' lang='lat' dir='ltr'><strong>audi</strong></span> <span class='ocrx_word' id='word_1_515' title='bbox 1647 3326 1760 3381; x_wconf 83' lang='lat' dir='ltr'><strong>evi—</strong></span> 
     </span>
    </p>
   </div>
   <div class='ocr_carea' id='block_1_64' title="bbox 157 3416 1758 3486">
    <p class='ocr_par' dir='ltr' id='par_1_64' title="bbox 157 3416 1758 3486">
     <span class='ocr_line' id='line_1_64' title="bbox 157 3416 1758 3486; baseline 0 -14"><span class='ocrx_word' id='word_1_516' title='bbox 157 3418 388 3473; x_wconf 79' lang='lat' dir='ltr'><strong>dentius</strong></span> <span class='ocrx_word' id='word_1_517' title='bbox 437 3417 489 3472; x_wconf 83' lang='lat' dir='ltr'><strong>in</strong></span> <span class='ocrx_word' id='word_1_518' title='bbox 546 3417 652 3471; x_wconf 83' lang='lat' dir='ltr'><strong>alio</strong></span> <span class='ocrx_word' id='word_1_519' title='bbox 694 3417 937 3486; x_wconf 69' lang='lat' dir='ltr'><strong>psalmo:</strong></span> <span class='ocrx_word' id='word_1_520' title='bbox 978 3435 995 3466; x_wconf 72' lang='grc' dir='ltr'><strong><em>ι</em></strong></span> <span class='ocrx_word' id='word_1_521' title='bbox 1035 3417 1291 3471; x_wconf 86' lang='lat' dir='ltr'><strong>Dominus</strong></span> <span class='ocrx_word' id='word_1_522' title='bbox 1335 3417 1472 3471; x_wconf 79' lang='lat' dir='ltr'><strong>dixit</strong></span> <span class='ocrx_word' id='word_1_523' title='bbox 1512 3416 1579 3472; x_wconf 85' lang='lat' dir='ltr'><strong>ad</strong></span> <span class='ocrx_word' id='word_1_524' title='bbox 1632 3434 1758 3475; x_wconf 89' lang='lat' dir='ltr'><strong>me:</strong></span> 
     </span>
    </p>
   </div>
   <div class='ocr_carea' id='block_1_65' title="bbox 156 3506 1760 3591">
    <p class='ocr_par' dir='ltr' id='par_1_65' title="bbox 156 3506 1760 3591">
     <span class='ocr_line' id='line_1_65' title="bbox 156 3506 1760 3591; baseline 0.002 -30"><span class='ocrx_word' id='word_1_525' title='bbox 156 3509 339 3563; x_wconf 78' lang='lat' dir='ltr'><strong>Filius</strong></span> <span class='ocrx_word' id='word_1_526' title='bbox 364 3522 516 3564; x_wconf 87' lang='lat' dir='ltr'><strong>meus</strong></span> <span class='ocrx_word' id='word_1_527' title='bbox 547 3522 607 3563; x_wconf 88' lang='lat' dir='ltr'><strong>es</strong></span> <span class='ocrx_word' id='word_1_528' title='bbox 639 3516 715 3573; x_wconf 92' lang='lat' dir='ltr'><strong>tu,</strong></span> <span class='ocrx_word' id='word_1_529' title='bbox 744 3522 843 3574; x_wconf 78' lang='lat' dir='ltr'><strong>ego</strong></span> <span class='ocrx_word' id='word_1_530' title='bbox 873 3506 1033 3561; x_wconf 90' lang='lat' dir='ltr'><strong>hodie</strong></span> <span class='ocrx_word' id='word_1_531' title='bbox 1058 3508 1216 3578; x_wconf 79' lang='lat' dir='ltr'><strong>genui</strong></span> <span class='ocrx_word' id='word_1_532' title='bbox 1251 3515 1322 3561; x_wconf 90' lang='lat' dir='ltr'><strong>te.</strong></span> <span class='ocrx_word' id='word_1_533' title='bbox 1350 3506 1570 3562; x_wconf 88' lang='lat' dir='ltr'><strong>Postula</strong></span> <span class='ocrx_word' id='word_1_534' title='bbox 1599 3524 1627 3563; x_wconf 91' lang='lat' dir='ltr'><strong>a</strong></span> <span class='ocrx_word' id='word_1_535' title='bbox 1653 3524 1760 3591; x_wconf 49' lang='lat' dir='ltr'><strong>me.</strong></span> 
     </span>
    </p>
   </div>
   <div class='ocr_carea' id='block_1_66' title="bbox 158 3601 1765 3674">
    <p class='ocr_par' dir='ltr' id='par_1_66' title="bbox 158 3601 1765 3674">
     <span class='ocr_line' id='line_1_66' title="bbox 158 3601 1765 3674; baseline 0.003 -19"><span class='ocrx_word' id='word_1_536' title='bbox 158 3612 216 3655; x_wconf 82' lang='lat' dir='ltr'><strong>et</strong></span> <span class='ocrx_word' id='word_1_537' title='bbox 244 3601 389 3656; x_wconf 89' lang='lat' dir='ltr'><strong>dabo</strong></span> <span class='ocrx_word' id='word_1_538' title='bbox 414 3602 509 3657; x_wconf 91' lang='lat' dir='ltr'><strong>tibi</strong></span> <span class='ocrx_word' id='word_1_539' title='bbox 537 3610 725 3673; x_wconf 85' lang='lat' dir='ltr'><strong>gentes</strong></span> <span class='ocrx_word' id='word_1_540' title='bbox 766 3602 1135 3658; x_wconf 66' lang='lat' dir='ltr'><strong>Itmreditatem</strong></span> <span class='ocrx_word' id='word_1_541' title='bbox 1180 3611 1349 3669; x_wconf 89' lang='lat' dir='ltr'><strong>tuam,</strong></span> <span class='ocrx_word' id='word_1_542' title='bbox 1379 3612 1435 3658; x_wconf 92' lang='lat' dir='ltr'><strong>et</strong></span> <span class='ocrx_word' id='word_1_543' title='bbox 1469 3606 1765 3674; x_wconf 79' lang='lat' dir='ltr'><strong>possessio-</strong></span> 
     </span>
    </p>
   </div>
   <div class='ocr_carea' id='block_1_67' title="bbox 163 3693 1767 3765">
    <p class='ocr_par' dir='ltr' id='par_1_67' title="bbox 163 3693 1767 3765">
     <span class='ocr_line' id='line_1_67' title="bbox 163 3693 1767 3765; baseline 0.002 -18"><span class='ocrx_word' id='word_1_544' title='bbox 163 3710 296 3748; x_wconf 79' lang='lat' dir='ltr'><strong>nem</strong></span> <span class='ocrx_word' id='word_1_545' title='bbox 324 3702 468 3749; x_wconf 81' lang='lat' dir='ltr'><strong>tuam</strong></span> <span class='ocrx_word' id='word_1_546' title='bbox 503 3694 764 3749; x_wconf 88' lang='lat' dir='ltr'><strong>terminos</strong></span> <span class='ocrx_word' id='word_1_547' title='bbox 793 3702 951 3749; x_wconf 69' lang='lat' dir='ltr'><strong>terra:</strong></span> <span class='ocrx_word' id='word_1_548' title='bbox 972 3693 1145 3765; x_wconf 72' lang='grc' dir='ltr'><strong>(Ρείιι.</strong></span> <span class='ocrx_word' id='word_1_549' title='bbox 1174 3709 1234 3759; x_wconf 85' lang='lat' dir='ltr'><strong>tt,</strong></span> <span class='ocrx_word' id='word_1_550' title='bbox 1260 3696 1313 3760; x_wconf 88' lang='lat'><strong>7,</strong></span> <span class='ocrx_word' id='word_1_551' title='bbox 1337 3694 1412 3765; x_wconf 92' lang='lat'><strong>8).</strong></span> <span class='ocrx_word' id='word_1_552' title='bbox 1455 3715 1472 3748; x_wconf 76' lang='grc' dir='ltr'><strong><em>ι</em></strong></span> <span class='ocrx_word' id='word_1_553' title='bbox 1508 3696 1767 3750; x_wconf 86' lang='lat' dir='ltr'><strong>Dominus</strong></span> 
     </span>
    </p>
   </div>
   <div class='ocr_carea' id='block_1_68' title="bbox 159 3784 1766 3857">
    <p class='ocr_par' dir='ltr' id='par_1_68' title="bbox 159 3784 1766 3857">
     <span class='ocr_line' id='line_1_68' title="bbox 159 3784 1766 3857; baseline 0.001 -18"><span class='ocrx_word' id='word_1_554' title='bbox 159 3801 307 3857; x_wconf 80' lang='lat' dir='ltr'><strong>ergo</strong></span> <span class='ocrx_word' id='word_1_555' title='bbox 332 3795 415 3840; x_wconf 89' lang='lat' dir='ltr'><strong>est</strong></span> <span class='ocrx_word' id='word_1_556' title='bbox 441 3784 624 3853; x_wconf 88' lang='lat' dir='ltr'><strong>Pater,</strong></span> <span class='ocrx_word' id='word_1_557' title='bbox 659 3786 915 3840; x_wconf 87' lang='lat' dir='ltr'><strong>Dominus</strong></span> <span class='ocrx_word' id='word_1_558' title='bbox 945 3794 997 3841; x_wconf 90' lang='lat' dir='ltr'><strong>et</strong></span> <span class='ocrx_word' id='word_1_559' title='bbox 1030 3784 1216 3841; x_wconf 80' lang='lat' dir='ltr'><strong>Filius.</strong></span> <span class='ocrx_word' id='word_1_560' title='bbox 1251 3785 1355 3840; x_wconf 89' lang='lat' dir='ltr'><strong>Sed</strong></span> <span class='ocrx_word' id='word_1_561' title='bbox 1403 3786 1529 3855; x_wconf 91' lang='lat' dir='ltr'><strong>quia</strong></span> <span class='ocrx_word' id='word_1_562' title='bbox 1563 3786 1615 3840; x_wconf 93' lang='lat' dir='ltr'><strong>in</strong></span> <span class='ocrx_word' id='word_1_563' title='bbox 1656 3787 1766 3841; x_wconf 90' lang='lat' dir='ltr'><strong>Dco</strong></span> 
     </span>
    </p>
   </div>
   <div class='ocr_carea' id='block_1_69' title="bbox 164 3876 1765 3948">
    <p class='ocr_par' dir='ltr' id='par_1_69' title="bbox 164 3876 1765 3948">
     <span class='ocr_line' id='line_1_69' title="bbox 164 3876 1765 3948; baseline 0.001 -17"><span class='ocrx_word' id='word_1_564' title='bbox 164 3876 312 3931; x_wconf 84' lang='lat' dir='ltr'><strong>nihil</strong></span> <span class='ocrx_word' id='word_1_565' title='bbox 339 3885 421 3931; x_wconf 87' lang='lat' dir='ltr'><strong>est</strong></span> <span class='ocrx_word' id='word_1_566' title='bbox 449 3879 789 3933; x_wconf 77' lang='lat' dir='ltr'><strong>extrinsecus</strong></span> <span class='ocrx_word' id='word_1_567' title='bbox 836 3886 1130 3948; x_wconf 87' lang='lat' dir='ltr'><strong>sumptum,</strong></span> <span class='ocrx_word' id='word_1_568' title='bbox 1161 3885 1215 3933; x_wconf 93' lang='lat' dir='ltr'><strong>et</strong></span> <span class='ocrx_word' id='word_1_569' title='bbox 1259 3878 1398 3948; x_wconf 88' lang='lat' dir='ltr'><strong>apud</strong></span> <span class='ocrx_word' id='word_1_570' title='bbox 1428 3877 1595 3933; x_wconf 90' lang='lat' dir='ltr'><strong>Deum</strong></span> <span class='ocrx_word' id='word_1_571' title='bbox 1623 3877 1765 3932; x_wconf 89' lang='lat' dir='ltr'><strong>nulla</strong></span> 
     </span>
    </p>
   </div>
   <div class='ocr_carea' id='block_1_70' title="bbox 165 3969 1765 4039">
    <p class='ocr_par' dir='ltr' id='par_1_70' title="bbox 165 3969 1765 4039">
     <span class='ocr_line' id='line_1_70' title="bbox 165 3969 1765 4039; baseline 0.002 -18"><span class='ocrx_word' id='word_1_572' title='bbox 165 3978 480 4037; x_wconf 85' lang='lat' dir='ltr'><strong>temporum</strong></span> <span class='ocrx_word' id='word_1_573' title='bbox 512 3969 827 4023; x_wconf 57' lang='lat' dir='ltr'><strong>vicissitudo</strong></span> <span class='ocrx_word' id='word_1_574' title='bbox 863 3986 955 4022; x_wconf 85' lang='lat' dir='ltr'><strong>seu</strong></span> <span class='ocrx_word' id='word_1_575' title='bbox 1001 3969 1333 4025; x_wconf 89' lang='lat' dir='ltr'><strong>mutabilitas</strong></span> <span class='ocrx_word' id='word_1_576' title='bbox 1368 3978 1471 4032; x_wconf 82' lang='lat' dir='ltr'><strong>est,</strong></span> <span class='ocrx_word' id='word_1_577' title='bbox 1508 3979 1670 4039; x_wconf 89' lang='lat' dir='ltr'><strong>atque</strong></span> <span class='ocrx_word' id='word_1_578' title='bbox 1714 3969 1765 4024; x_wconf 92' lang='lat' dir='ltr'><strong>in</strong></span> 
     </span>
    </p>
   </div>
   <div class='ocr_carea' id='block_1_71' title="bbox 163 4061 1769 4136">
    <p class='ocr_par' dir='ltr' id='par_1_71' title="bbox 163 4061 1769 4136">
     <span class='ocr_line' id='line_1_71' title="bbox 163 4061 1769 4136; baseline 0.002 -19"><span class='ocrx_word' id='word_1_579' title='bbox 163 4063 289 4117; x_wconf 86' lang='lat' dir='ltr'><strong>Deo</strong></span> <span class='ocrx_word' id='word_1_580' title='bbox 332 4061 767 4118; x_wconf 78' lang='lat' dir='ltr'><strong>nullaessentia:</strong></span> <span class='ocrx_word' id='word_1_581' title='bbox 816 4065 1104 4121; x_wconf 85' lang='lat' dir='ltr'><strong>diversitas</strong></span> <span class='ocrx_word' id='word_1_582' title='bbox 1150 4064 1379 4136; x_wconf 78' lang='lat' dir='ltr'><strong>intelligi</strong></span> <span class='ocrx_word' id='word_1_583' title='bbox 1418 4074 1610 4135; x_wconf 89' lang='lat' dir='ltr'><strong>potest,</strong></span> <span class='ocrx_word' id='word_1_584' title='bbox 1648 4066 1769 4136; x_wconf 85' lang='lat' dir='ltr'><strong>quis</strong></span> 
     </span>
    </p>
   </div>
   <div class='ocr_carea' id='block_1_72' title="bbox 161 4146 1771 4230">
    <p class='ocr_par' dir='ltr' id='par_1_72' title="bbox 161 4146 1771 4230">
     <span class='ocr_line' id='line_1_72' title="bbox 161 4146 1771 4230; baseline 0.002 -21"><span class='ocrx_word' id='word_1_585' title='bbox 161 4154 323 4209; x_wconf 85' lang='lat' dir='ltr'><strong>enim</strong></span> <span class='ocrx_word' id='word_1_586' title='bbox 374 4154 426 4207; x_wconf 90' lang='lat' dir='ltr'><strong>in</strong></span> <span class='ocrx_word' id='word_1_587' title='bbox 470 4153 579 4209; x_wconf 92' lang='lat' dir='ltr'><strong>Deo</strong></span> <span class='ocrx_word' id='word_1_588' title='bbox 630 4156 841 4210; x_wconf 76' lang='lat' dir='ltr'><strong>diversa</strong></span> <span class='ocrx_word' id='word_1_589' title='bbox 882 4158 1193 4226; x_wconf 78' lang='lat' dir='ltr'><strong>cepalareti</strong></span> <span class='ocrx_word' id='word_1_590' title='bbox 1241 4146 1365 4228; x_wconf 87' lang='lat' dir='ltr'><strong>quia</strong></span> <span class='ocrx_word' id='word_1_591' title='bbox 1403 4173 1532 4230; x_wconf 78' lang='lat' dir='ltr'><strong>ergo</strong></span> <span class='ocrx_word' id='word_1_592' title='bbox 1564 4153 1626 4212; x_wconf 86' lang='lat' dir='ltr'><strong>in</strong></span> <span class='ocrx_word' id='word_1_593' title='bbox 1660 4158 1771 4213; x_wconf 89' lang='lat' dir='ltr'><strong>Deo</strong></span> 
     </span>
    </p>
   </div>
   <div class='ocr_carea' id='block_1_73' title="bbox 165 4245 1771 4319">
    <p class='ocr_par' dir='ltr' id='par_1_73' title="bbox 165 4245 1771 4319">
     <span class='ocr_line' id='line_1_73' title="bbox 165 4245 1771 4319; baseline 0.002 -20"><span class='ocrx_word' id='word_1_594' title='bbox 165 4245 314 4300; x_wconf 85' lang='lat' dir='ltr'><strong>nihil</strong></span> <span class='ocrx_word' id='word_1_595' title='bbox 366 4245 556 4300; x_wconf 90' lang='lat' dir='ltr'><strong>horum</strong></span> <span class='ocrx_word' id='word_1_596' title='bbox 592 4255 693 4309; x_wconf 86' lang='lat' dir='ltr'><strong>est,</strong></span> <span class='ocrx_word' id='word_1_597' title='bbox 729 4248 821 4303; x_wconf 87' lang='lat' dir='ltr'><strong>sed</strong></span> <span class='ocrx_word' id='word_1_598' title='bbox 870 4249 1127 4319; x_wconf 89' lang='lat' dir='ltr'><strong>quidquid</strong></span> <span class='ocrx_word' id='word_1_599' title='bbox 1165 4250 1217 4304; x_wconf 92' lang='lat' dir='ltr'><strong>in</strong></span> <span class='ocrx_word' id='word_1_600' title='bbox 1258 4264 1323 4303; x_wconf 91' lang='lat' dir='ltr'><strong>eo</strong></span> <span class='ocrx_word' id='word_1_601' title='bbox 1376 4258 1482 4314; x_wconf 91' lang='lat' dir='ltr'><strong>est,</strong></span> <span class='ocrx_word' id='word_1_602' title='bbox 1519 4258 1683 4304; x_wconf 87' lang='lat' dir='ltr'><strong>unum</strong></span> <span class='ocrx_word' id='word_1_603' title='bbox 1717 4259 1771 4303; x_wconf 81' lang='lat' dir='ltr'><strong>et</strong></span> 
     </span>
    </p>
   </div>
   <div class='ocr_carea' id='block_1_74' title="bbox 168 4328 1769 4405">
    <p class='ocr_par' dir='ltr' id='par_1_74' title="bbox 168 4328 1769 4405">
     <span class='ocr_line' id='line_1_74' title="bbox 168 4328 1769 4405; baseline 0.003 -15"><span class='ocrx_word' id='word_1_604' title='bbox 168 4338 324 4391; x_wconf 83' lang='lat' dir='ltr'><strong>idem</strong></span> <span class='ocrx_word' id='word_1_605' title='bbox 366 4340 588 4393; x_wconf 90' lang='lat' dir='ltr'><strong>omnino</strong></span> <span class='ocrx_word' id='word_1_606' title='bbox 627 4340 1055 4396; x_wconf 62' lang='lat' dir='ltr'><strong>substantialiter</strong></span> <span class='ocrx_word' id='word_1_607' title='bbox 1097 4350 1202 4405; x_wconf 89' lang='lat' dir='ltr'><strong>est,</strong></span> <span class='ocrx_word' id='word_1_608' title='bbox 1249 4348 1375 4396; x_wconf 79' lang='lat' dir='ltr'><strong>ante</strong></span> <span class='ocrx_word' id='word_1_609' title='bbox 1426 4328 1606 4395; x_wconf 79' lang='lat' dir='ltr'><strong>Omnia</strong></span> <span class='ocrx_word' id='word_1_610' title='bbox 1651 4341 1769 4396; x_wconf 75' lang='lat' dir='ltr'><strong>exi-</strong></span> 
     </span>
    </p>
   </div>
   <div class='ocr_carea' id='block_1_75' title="bbox 166 4433 1769 4502">
    <p class='ocr_par' dir='ltr' id='par_1_75' title="bbox 166 4433 1769 4502">
     <span class='ocr_line' id='line_1_75' title="bbox 166 4433 1769 4502; baseline -0.001 -14"><span class='ocrx_word' id='word_1_611' title='bbox 166 4433 392 4493; x_wconf 80' lang='lat' dir='ltr'><strong>stcndo.</strong></span> <span class='ocrx_word' id='word_1_612' title='bbox 427 4441 482 4486; x_wconf 87' lang='lat' dir='ltr'><strong>et</strong></span> <span class='ocrx_word' id='word_1_613' title='bbox 516 4443 637 4502; x_wconf 90' lang='lat' dir='ltr'><strong>post</strong></span> <span class='ocrx_word' id='word_1_614' title='bbox 665 4434 844 4487; x_wconf 87' lang='lat' dir='ltr'><strong>omnia</strong></span> <span class='ocrx_word' id='word_1_615' title='bbox 871 4433 1232 4496; x_wconf 87' lang='lat' dir='ltr'><strong>subsistendo,</strong></span> <span class='ocrx_word' id='word_1_616' title='bbox 1263 4433 1614 4500; x_wconf 84' lang='lat' dir='ltr'><strong>consequitur</strong></span> <span class='ocrx_word' id='word_1_617' title='bbox 1642 4433 1769 4502; x_wconf 89' lang='lat' dir='ltr'><strong>quia</strong></span> 
     </span>
    </p>
   </div>
   <div class='ocr_carea' id='block_1_76' title="bbox 167 4508 1770 4591">
    <p class='ocr_par' dir='ltr' id='par_1_76' title="bbox 167 4508 1770 4591">
     <span class='ocr_line' id='line_1_76' title="bbox 167 4508 1770 4591; baseline 0 -16"><span class='ocrx_word' id='word_1_618' title='bbox 167 4521 321 4575; x_wconf 80' lang='lat' dir='ltr'><strong>sicut</strong></span> <span class='ocrx_word' id='word_1_619' title='bbox 350 4520 512 4576; x_wconf 83' lang='lat' dir='ltr'><strong>Pater</strong></span> <span class='ocrx_word' id='word_1_620' title='bbox 558 4530 639 4576; x_wconf 90' lang='lat' dir='ltr'><strong>cst</strong></span> <span class='ocrx_word' id='word_1_621' title='bbox 678 4521 844 4585; x_wconf 89' lang='lat' dir='ltr'><strong>Deus,</strong></span> <span class='ocrx_word' id='word_1_622' title='bbox 868 4529 923 4576; x_wconf 91' lang='lat' dir='ltr'><strong>et</strong></span> <span class='ocrx_word' id='word_1_623' title='bbox 950 4508 1121 4576; x_wconf 84' lang='lat' dir='ltr'><strong>Filius</strong></span> <span class='ocrx_word' id='word_1_624' title='bbox 1148 4524 1291 4577; x_wconf 89' lang='lat' dir='ltr'><strong>Deus</strong></span> <span class='ocrx_word' id='word_1_625' title='bbox 1322 4531 1405 4578; x_wconf 90' lang='lat' dir='ltr'><strong>est</strong></span> <span class='ocrx_word' id='word_1_626' title='bbox 1433 4523 1499 4555; x_wconf 81' lang='lat'><strong>&quot;°</strong></span> <span class='ocrx_word' id='word_1_627' title='bbox 1525 4537 1770 4591; x_wconf 85' lang='lat' dir='ltr'><strong>compar,</strong></span> 
     </span>
    </p>
   </div>
   <div class='ocr_carea' id='block_1_77' title="bbox 167 4611 1771 4691">
    <p class='ocr_par' dir='ltr' id='par_1_77' title="bbox 167 4611 1771 4691">
     <span class='ocr_line' id='line_1_77' title="bbox 167 4611 1771 4691; baseline 0 -26"><span class='ocrx_word' id='word_1_628' title='bbox 167 4620 485 4667; x_wconf 68' lang='lat' dir='ltr'><strong>comternus</strong></span> <span class='ocrx_word' id='word_1_629' title='bbox 523 4621 578 4666; x_wconf 90' lang='lat' dir='ltr'><strong>et</strong></span> <span class='ocrx_word' id='word_1_630' title='bbox 613 4612 1114 4678; x_wconf 85' lang='lat' dir='ltr'><strong>consubstantialis,</strong></span> <span class='ocrx_word' id='word_1_631' title='bbox 1153 4629 1256 4667; x_wconf 85' lang='lat' dir='ltr'><strong>non</strong></span> <span class='ocrx_word' id='word_1_632' title='bbox 1294 4622 1471 4668; x_wconf 90' lang='lat' dir='ltr'><strong>tamen</strong></span> <span class='ocrx_word' id='word_1_633' title='bbox 1521 4613 1627 4667; x_wconf 91' lang='lat' dir='ltr'><strong>duo</strong></span> <span class='ocrx_word' id='word_1_634' title='bbox 1671 4611 1771 4691; x_wconf 85' lang='lat' dir='ltr'><strong>dii,</strong></span> 
     </span>
    </p>
   </div>
   <div class='ocr_carea' id='block_1_78' title="bbox 170 4702 1775 4775">
    <p class='ocr_par' dir='ltr' id='par_1_78' title="bbox 170 4702 1775 4775">
     <span class='ocr_line' id='line_1_78' title="bbox 170 4702 1775 4775; baseline 0.001 -18"><span class='ocrx_word' id='word_1_635' title='bbox 170 4702 277 4757; x_wconf 84' lang='lat' dir='ltr'><strong>sed</strong></span> <span class='ocrx_word' id='word_1_636' title='bbox 299 4718 440 4757; x_wconf 90' lang='lat' dir='ltr'><strong>unus</strong></span> <span class='ocrx_word' id='word_1_637' title='bbox 459 4714 540 4759; x_wconf 82' lang='lat' dir='ltr'><strong>est</strong></span> <span class='ocrx_word' id='word_1_638' title='bbox 574 4705 735 4770; x_wconf 91' lang='lat' dir='ltr'><strong>Deus,</strong></span> <span class='ocrx_word' id='word_1_639' title='bbox 762 4705 887 4775; x_wconf 89' lang='lat' dir='ltr'><strong>quia</strong></span> <span class='ocrx_word' id='word_1_640' title='bbox 917 4721 1022 4759; x_wconf 91' lang='lat' dir='ltr'><strong>non</strong></span> <span class='ocrx_word' id='word_1_641' title='bbox 1052 4705 1299 4771; x_wconf 92' lang='lat' dir='ltr'><strong>alterius,</strong></span> <span class='ocrx_word' id='word_1_642' title='bbox 1328 4706 1422 4759; x_wconf 88' lang='lat' dir='ltr'><strong>sed</strong></span> <span class='ocrx_word' id='word_1_643' title='bbox 1446 4705 1605 4760; x_wconf 90' lang='lat' dir='ltr'><strong>unius</strong></span> <span class='ocrx_word' id='word_1_644' title='bbox 1630 4703 1775 4775; x_wconf 80' lang='lat' dir='ltr'><strong>ejus-</strong></span> 
     </span>
    </p>
   </div>
   <div class='ocr_carea' id='block_1_79' title="bbox 170 4795 1776 4853">
    <p class='ocr_par' dir='ltr' id='par_1_79' title="bbox 170 4795 1776 4853">
     <span class='ocr_line' id='line_1_79' title="bbox 170 4795 1776 4853; baseline 0.001 -6"><span class='ocrx_word' id='word_1_645' title='bbox 170 4795 306 4847; x_wconf 79' lang='lat' dir='ltr'><strong>dem</strong></span> <span class='ocrx_word' id='word_1_646' title='bbox 333 4795 557 4849; x_wconf 88' lang='lat' dir='ltr'><strong>omnino</strong></span> <span class='ocrx_word' id='word_1_647' title='bbox 583 4798 900 4852; x_wconf 70' lang='lat' dir='ltr'><strong>substantize</strong></span> <span class='ocrx_word' id='word_1_648' title='bbox 928 4807 1012 4852; x_wconf 88' lang='lat' dir='ltr'><strong>est</strong></span> <span class='ocrx_word' id='word_1_649' title='bbox 1038 4798 1197 4853; x_wconf 84' lang='lat' dir='ltr'><strong>Pater</strong></span> <span class='ocrx_word' id='word_1_650' title='bbox 1227 4807 1280 4851; x_wconf 88' lang='lat' dir='ltr'><strong>et</strong></span> <span class='ocrx_word' id='word_1_651' title='bbox 1309 4797 1498 4851; x_wconf 82' lang='lat' dir='ltr'><strong>Filius.</strong></span> <span class='ocrx_word' id='word_1_652' title='bbox 1533 4798 1675 4851; x_wconf 90' lang='lat' dir='ltr'><strong>Idem</strong></span> <span class='ocrx_word' id='word_1_653' title='bbox 1708 4797 1776 4851; x_wconf 88' lang='lat' dir='ltr'><strong>de</strong></span> 
     </span>
    </p>
   </div>
   <div class='ocr_carea' id='block_1_80' title="bbox 172 4885 1777 4961">
    <p class='ocr_par' dir='ltr' id='par_1_80' title="bbox 172 4885 1777 4961">
     <span class='ocr_line' id='line_1_80' title="bbox 172 4885 1777 4961; baseline 0.001 -23"><span class='ocrx_word' id='word_1_654' title='bbox 172 4885 388 4954; x_wconf 74' lang='lat' dir='ltr'><strong>Spiritu</strong></span> <span class='ocrx_word' id='word_1_655' title='bbox 413 4896 601 4943; x_wconf 90' lang='lat' dir='ltr'><strong>sancto</strong></span> <span class='ocrx_word' id='word_1_656' title='bbox 632 4888 855 4961; x_wconf 81' lang='lat' dir='ltr'><strong>intelligi</strong></span> <span class='ocrx_word' id='word_1_657' title='bbox 882 4904 1101 4943; x_wconf 87' lang='lat' dir='ltr'><strong>necesse</strong></span> <span class='ocrx_word' id='word_1_658' title='bbox 1127 4897 1226 4944; x_wconf 90' lang='lat' dir='ltr'><strong>est.</strong></span> <span class='ocrx_word' id='word_1_659' title='bbox 1261 4888 1414 4955; x_wconf 84' lang='lat' dir='ltr'><strong>Quod</strong></span> <span class='ocrx_word' id='word_1_660' title='bbox 1446 4896 1625 4941; x_wconf 89' lang='lat' dir='ltr'><strong>autem</strong></span> <span class='ocrx_word' id='word_1_661' title='bbox 1656 4886 1777 4957; x_wconf 87' lang='lat' dir='ltr'><strong>Spi-</strong></span> 
     </span>
    </p>
   </div>
   <div class='ocr_carea' id='block_1_81' title="bbox 173 4976 1776 5052">
    <p class='ocr_par' dir='ltr' id='par_1_81' title="bbox 173 4976 1776 5052">
     <span class='ocr_line' id='line_1_81' title="bbox 173 4976 1776 5052; baseline 0 -17"><span class='ocrx_word' id='word_1_662' title='bbox 173 4982 326 5035; x_wconf 86' lang='lat' dir='ltr'><strong>ritus</strong></span> <span class='ocrx_word' id='word_1_663' title='bbox 361 4991 580 5037; x_wconf 87' lang='lat' dir='ltr'><strong>sanctus</strong></span> <span class='ocrx_word' id='word_1_664' title='bbox 621 4983 712 5048; x_wconf 86' lang='lat' dir='ltr'><strong>sit,</strong></span> <span class='ocrx_word' id='word_1_665' title='bbox 740 4982 923 5037; x_wconf 61' lang='lat' dir='ltr'><strong>muttis</strong></span> <span class='ocrx_word' id='word_1_666' title='bbox 960 4976 1363 5052; x_wconf 88' lang='lat' dir='ltr'><strong>Scripturarum</strong></span> <span class='ocrx_word' id='word_1_667' title='bbox 1412 4980 1545 5036; x_wconf 88' lang='lat' dir='ltr'><strong>locis</strong></span> <span class='ocrx_word' id='word_1_668' title='bbox 1590 4989 1776 5048; x_wconf 86' lang='lat' dir='ltr'><strong>aperte</strong></span> 
     </span>
    </p>
   </div>
   <div class='ocr_carea' id='block_1_82' title="bbox 174 5070 1770 5143">
    <p class='ocr_par' dir='ltr' id='par_1_82' title="bbox 174 5070 1770 5143">
     <span class='ocr_line' id='line_1_82' title="bbox 174 5070 1770 5143; baseline -0.001 -16"><span class='ocrx_word' id='word_1_669' title='bbox 174 5073 342 5142; x_wconf 78' lang='lat' dir='ltr'><strong>Iegis.</strong></span> <span class='ocrx_word' id='word_1_670' title='bbox 381 5091 398 5126; x_wconf 75' lang='grc' dir='ltr'>ι</span> <span class='ocrx_word' id='word_1_671' title='bbox 427 5073 662 5143; x_wconf 88' lang='lat' dir='ltr'><strong>Spiritus</strong></span> <span class='ocrx_word' id='word_1_672' title='bbox 692 5074 901 5130; x_wconf 91' lang='lat' dir='ltr'><strong>Domini</strong></span> <span class='ocrx_word' id='word_1_673' title='bbox 935 5074 1212 5130; x_wconf 80' lang='lat' dir='ltr'><strong>ferebatur</strong></span> <span class='ocrx_word' id='word_1_674' title='bbox 1233 5089 1396 5143; x_wconf 90' lang='lat' dir='ltr'><strong>super</strong></span> <span class='ocrx_word' id='word_1_675' title='bbox 1424 5088 1594 5143; x_wconf 87' lang='lat' dir='ltr'><strong>aquas</strong></span> <span class='ocrx_word' id='word_1_676' title='bbox 1616 5070 1770 5139; x_wconf 82' lang='lat' dir='ltr'><strong>(Gen.</strong></span> 
     </span>
    </p>
   </div>
   <div class='ocr_carea' id='block_1_83' title="bbox 175 5163 1772 5236">
    <p class='ocr_par' dir='ltr' id='par_1_83' title="bbox 175 5163 1772 5236">
     <span class='ocr_line' id='line_1_83' title="bbox 175 5163 1772 5236; baseline -0.003 -15"><span class='ocrx_word' id='word_1_677' title='bbox 175 5184 221 5230; x_wconf 82' lang='grc' dir='ltr'><strong>ι,</strong></span> <span class='ocrx_word' id='word_1_678' title='bbox 288 5166 369 5236; x_wconf 74' lang='grc'><strong>2).</strong></span> <span class='ocrx_word' id='word_1_679' title='bbox 428 5185 447 5219; x_wconf 75' lang='grc' dir='ltr'><strong><em>ι</em></strong></span> <span class='ocrx_word' id='word_1_680' title='bbox 498 5165 564 5219; x_wconf 83' lang='lat' dir='ltr'><strong>Et</strong></span> <span class='ocrx_word' id='word_1_681' title='bbox 593 5166 719 5221; x_wconf 88' lang='lat' dir='ltr'><strong>alibi</strong></span> <span class='ocrx_word' id='word_1_682' title='bbox 760 5185 774 5220; x_wconf 90' lang='lat'><strong>:</strong></span> <span class='ocrx_word' id='word_1_683' title='bbox 824 5185 845 5218; x_wconf 83' lang='grc'><em>‹</em></span> <span class='ocrx_word' id='word_1_684' title='bbox 907 5166 1085 5222; x_wconf 85' lang='lat' dir='ltr'><strong>Verbo</strong></span> <span class='ocrx_word' id='word_1_685' title='bbox 1136 5164 1349 5221; x_wconf 91' lang='lat' dir='ltr'><strong>Domini</strong></span> <span class='ocrx_word' id='word_1_686' title='bbox 1398 5164 1522 5220; x_wconf 66' lang='lat' dir='ltr'><strong>caeli</strong></span> <span class='ocrx_word' id='word_1_687' title='bbox 1574 5163 1772 5218; x_wconf 86' lang='lat' dir='ltr'><strong>firmati</strong></span> 
     </span>
    </p>
   </div>
   <div class='ocr_carea' id='block_1_84' title="bbox 176 5253 1774 5328">
    <p class='ocr_par' dir='ltr' id='par_1_84' title="bbox 176 5253 1774 5328">
     <span class='ocr_line' id='line_1_84' title="bbox 176 5253 1774 5328; baseline -0.001 -15"><span class='ocrx_word' id='word_1_688' title='bbox 176 5267 335 5322; x_wconf 76' lang='lat' dir='ltr'><strong>sunt,</strong></span> <span class='ocrx_word' id='word_1_689' title='bbox 362 5268 418 5312; x_wconf 91' lang='lat' dir='ltr'><strong>et</strong></span> <span class='ocrx_word' id='word_1_690' title='bbox 456 5260 680 5328; x_wconf 87' lang='lat' dir='ltr'><strong>spiritus</strong></span> <span class='ocrx_word' id='word_1_691' title='bbox 704 5258 817 5315; x_wconf 89' lang='lat' dir='ltr'><strong>oris</strong></span> <span class='ocrx_word' id='word_1_692' title='bbox 838 5258 954 5327; x_wconf 84' lang='lat' dir='ltr'><strong>ejus</strong></span> <span class='ocrx_word' id='word_1_693' title='bbox 976 5259 1153 5313; x_wconf 86' lang='lat' dir='ltr'><strong>omnis</strong></span> <span class='ocrx_word' id='word_1_694' title='bbox 1183 5259 1354 5312; x_wconf 89' lang='lat' dir='ltr'><strong>virtus</strong></span> <span class='ocrx_word' id='word_1_695' title='bbox 1383 5273 1570 5312; x_wconf 87' lang='lat' dir='ltr'><strong>eorum</strong></span> <span class='ocrx_word' id='word_1_696' title='bbox 1597 5253 1774 5327; x_wconf 77' lang='lat' dir='ltr'><strong>(Psal.</strong></span> 
     </span>
    </p>
   </div>
   <div class='ocr_carea' id='block_1_85' title="bbox 175 5348 1781 5420">
    <p class='ocr_par' dir='ltr' id='par_1_85' title="bbox 175 5348 1781 5420">
     <span class='ocr_line' id='line_1_85' title="bbox 175 5348 1781 5420; baseline -0.003 -14"><span class='ocrx_word' id='word_1_697' title='bbox 175 5368 363 5415; x_wconf 61' lang='grc' dir='ltr'>χχχιι,</span> <span class='ocrx_word' id='word_1_698' title='bbox 388 5350 523 5419; x_wconf 49' lang='grc' dir='ltr'><strong>(ἢν)</strong></span> <span class='ocrx_word' id='word_1_699' title='bbox 556 5351 622 5405; x_wconf 84' lang='lat' dir='ltr'><strong>Et</strong></span> <span class='ocrx_word' id='word_1_700' title='bbox 655 5351 781 5407; x_wconf 86' lang='lat' dir='ltr'><strong>alibi</strong></span> <span class='ocrx_word' id='word_1_701' title='bbox 809 5369 823 5405; x_wconf 87' lang='lat'><strong>:</strong></span> <span class='ocrx_word' id='word_1_702' title='bbox 867 5371 884 5402; x_wconf 72' lang='grc' dir='ltr'>α</span> <span class='ocrx_word' id='word_1_703' title='bbox 919 5350 1151 5407; x_wconf 90' lang='lat' dir='ltr'><strong>Sanctus</strong></span> <span class='ocrx_word' id='word_1_704' title='bbox 1177 5351 1321 5405; x_wconf 89' lang='lat' dir='ltr'><strong>enim</strong></span> <span class='ocrx_word' id='word_1_705' title='bbox 1353 5348 1589 5420; x_wconf 84' lang='lat' dir='ltr'><strong>Spiritus</strong></span> <span class='ocrx_word' id='word_1_706' title='bbox 1617 5348 1781 5403; x_wconf 87' lang='lat' dir='ltr'><strong>disci-</strong></span> 
     </span>
    </p>
   </div>
   <div class='ocr_carea' id='block_1_86' title="bbox 178 5436 1780 5513">
    <p class='ocr_par' dir='ltr' id='par_1_86' title="bbox 178 5436 1780 5513">
     <span class='ocr_line' id='line_1_86' title="bbox 178 5436 1780 5513; baseline -0.005 -16"><span class='ocrx_word' id='word_1_707' title='bbox 178 5444 348 5513; x_wconf 69' lang='lat' dir='ltr'><strong>plina:</strong></span> <span class='ocrx_word' id='word_1_708' title='bbox 380 5443 600 5512; x_wconf 68' lang='lat' dir='ltr'><strong>effugiet</strong></span> <span class='ocrx_word' id='word_1_709' title='bbox 638 5442 817 5495; x_wconf 82' lang='lat' dir='ltr'><strong>fictum</strong></span> <span class='ocrx_word' id='word_1_710' title='bbox 850 5441 1001 5512; x_wconf 69' lang='grc' dir='ltr'><strong>(ειη).</strong></span> <span class='ocrx_word' id='word_1_711' title='bbox 1036 5458 1075 5507; x_wconf 84' lang='lat' dir='ltr'><strong>t,</strong></span> <span class='ocrx_word' id='word_1_712' title='bbox 1106 5441 1188 5510; x_wconf 75' lang='grc' dir='ltr'><strong>ν),</strong></span> <span class='ocrx_word' id='word_1_713' title='bbox 1224 5460 1241 5493; x_wconf 75' lang='grc' dir='ltr'><strong><em>ι</em></strong></span> <span class='ocrx_word' id='word_1_714' title='bbox 1271 5449 1327 5494; x_wconf 89' lang='lat' dir='ltr'><strong>et</strong></span> <span class='ocrx_word' id='word_1_715' title='bbox 1357 5440 1409 5492; x_wconf 94' lang='lat' dir='ltr'><strong>in</strong></span> <span class='ocrx_word' id='word_1_716' title='bbox 1446 5436 1780 5508; x_wconf 89' lang='lat' dir='ltr'><strong>quampluri-</strong></span> 
     </span>
    </p>
   </div>
   <div class='ocr_carea' id='block_1_87' title="bbox 178 5530 1780 5600">
    <p class='ocr_par' dir='ltr' id='par_1_87' title="bbox 178 5530 1780 5600">
     <span class='ocr_line' id='line_1_87' title="bbox 178 5530 1780 5600; baseline -0.007 -6"><span class='ocrx_word' id='word_1_717' title='bbox 178 5540 287 5594; x_wconf 85' lang='lat' dir='ltr'><strong>bus</strong></span> <span class='ocrx_word' id='word_1_718' title='bbox 319 5538 441 5593; x_wconf 88' lang='lat' dir='ltr'><strong>aliis</strong></span> <span class='ocrx_word' id='word_1_719' title='bbox 476 5535 692 5592; x_wconf 86' lang='lat' dir='ltr'><strong>Veteris</strong></span> <span class='ocrx_word' id='word_1_720' title='bbox 717 5535 1050 5591; x_wconf 81' lang='lat' dir='ltr'><strong>Testamenti</strong></span> <span class='ocrx_word' id='word_1_721' title='bbox 1087 5533 1222 5590; x_wconf 86' lang='lat' dir='ltr'><strong>locis</strong></span> <span class='ocrx_word' id='word_1_722' title='bbox 1263 5533 1329 5587; x_wconf 89' lang='lat' dir='ltr'><strong>de</strong></span> <span class='ocrx_word' id='word_1_723' title='bbox 1361 5530 1565 5600; x_wconf 89' lang='lat' dir='ltr'><strong>Spiritu</strong></span> <span class='ocrx_word' id='word_1_724' title='bbox 1592 5538 1780 5585; x_wconf 88' lang='lat' dir='ltr'><strong>sancto</strong></span> 
     </span>
    </p>
   </div>
   <div class='ocr_carea' id='block_1_88' title="bbox 1862 3296 3457 3374">
    <p class='ocr_par' dir='ltr' id='par_1_88' title="bbox 1862 3296 3457 3374">
     <span class='ocr_line' id='line_1_88' title="bbox 1862 3296 3457 3374; baseline -0.008 -15"><span class='ocrx_word' id='word_1_725' title='bbox 1862 3317 2082 3359; x_wconf 75' lang='lat' dir='ltr'><strong>carnem</strong></span> <span class='ocrx_word' id='word_1_726' title='bbox 2117 3303 2347 3374; x_wconf 85' lang='lat' dir='ltr'><strong>accepit,</strong></span> <span class='ocrx_word' id='word_1_727' title='bbox 2377 3302 2443 3357; x_wconf 90' lang='lat' dir='ltr'><strong>de</strong></span> <span class='ocrx_word' id='word_1_728' title='bbox 2482 3302 2690 3357; x_wconf 78' lang='lat' dir='ltr'><strong>semine</strong></span> <span class='ocrx_word' id='word_1_729' title='bbox 2731 3299 2963 3368; x_wconf 69' lang='lat' dir='ltr'><strong>Abrahte</strong></span> <span class='ocrx_word' id='word_1_730' title='bbox 2985 3310 3103 3351; x_wconf 85' lang='lat' dir='ltr'><strong>orta</strong></span> <span class='ocrx_word' id='word_1_731' title='bbox 3132 3296 3251 3361; x_wconf 86' lang='lat' dir='ltr'><strong>fuit,</strong></span> <span class='ocrx_word' id='word_1_732' title='bbox 3282 3296 3347 3349; x_wconf 89' lang='lat' dir='ltr'><strong>de</strong></span> <span class='ocrx_word' id='word_1_733' title='bbox 3373 3308 3457 3348; x_wconf 86' lang='lat' dir='ltr'><strong>se-</strong></span> 
     </span>
    </p>
   </div>
   <div class='ocr_carea' id='block_1_89' title="bbox 1867 3385 3458 3469">
    <p class='ocr_par' dir='ltr' id='par_1_89' title="bbox 1867 3385 3458 3469">
     <span class='ocr_line' id='line_1_89' title="bbox 1867 3385 3458 3469; baseline -0.008 -19"><span class='ocrx_word' id='word_1_734' title='bbox 1867 3396 2014 3451; x_wconf 85' lang='lat' dir='ltr'><strong>mine</strong></span> <span class='ocrx_word' id='word_1_735' title='bbox 2043 3396 2272 3450; x_wconf 67' lang='lat' dir='ltr'><strong>Abraha?</strong></span> <span class='ocrx_word' id='word_1_736' title='bbox 2290 3394 2542 3450; x_wconf 85' lang='lat' dir='ltr'><strong>Christus</strong></span> <span class='ocrx_word' id='word_1_737' title='bbox 2564 3393 2827 3469; x_wconf 78' lang='lat' dir='ltr'><strong>originem</strong></span> <span class='ocrx_word' id='word_1_738' title='bbox 2854 3391 3025 3455; x_wconf 81' lang='lat' dir='ltr'><strong>duxit,</strong></span> <span class='ocrx_word' id='word_1_739' title='bbox 3058 3385 3458 3467; x_wconf 9' lang='lat' dir='ltr'><strong>qttamvisrsino</strong></span> 
     </span>
    </p>
   </div>
   <div class='ocr_carea' id='block_1_90' title="bbox 1866 3478 3210 3555">
    <p class='ocr_par' dir='ltr' id='par_1_90' title="bbox 1866 3478 3210 3555">
     <span class='ocr_line' id='line_1_90' title="bbox 1866 3478 3210 3555; baseline -0.006 -14"><span class='ocrx_word' id='word_1_740' title='bbox 1866 3486 1977 3542; x_wconf 88' lang='lat' dir='ltr'><strong>ullo</strong></span> <span class='ocrx_word' id='word_1_741' title='bbox 2005 3486 2109 3541; x_wconf 84' lang='lat' dir='ltr'><strong>viri</strong></span> <span class='ocrx_word' id='word_1_742' title='bbox 2139 3486 2345 3542; x_wconf 84' lang='lat' dir='ltr'><strong>semine</strong></span> <span class='ocrx_word' id='word_1_743' title='bbox 2372 3486 2437 3540; x_wconf 88' lang='lat' dir='ltr'><strong>de</strong></span> <span class='ocrx_word' id='word_1_744' title='bbox 2472 3484 2681 3555; x_wconf 82' lang='lat' dir='ltr'><strong>virgine</strong></span> <span class='ocrx_word' id='word_1_745' title='bbox 2713 3492 2885 3537; x_wconf 88' lang='lat' dir='ltr'><strong>matre</strong></span> <span class='ocrx_word' id='word_1_746' title='bbox 2910 3491 3064 3536; x_wconf 89' lang='lat' dir='ltr'><strong>ortus</strong></span> <span class='ocrx_word' id='word_1_747' title='bbox 3089 3478 3210 3535; x_wconf 89' lang='lat' dir='ltr'><strong>fuit.</strong></span> 
     </span>
    </p>
   </div>
   <div class='ocr_carea' id='block_1_91' title="bbox 2556 3593 2786 3634">
    <p class='ocr_par' dir='ltr' id='par_1_91' title="bbox 2556 3593 2786 3634">
     <span class='ocr_line' id='line_1_91' title="bbox 2556 3593 2786 3634; baseline 0.004 -1"><span class='ocrx_word' id='word_1_748' title='bbox 2556 3593 2786 3634; x_wconf 62' lang='lat' dir='ltr'><strong>JUDEUS.</strong></span> 
     </span>
    </p>
   </div>
   <div class='ocr_carea' id='block_1_92' title="bbox 1941 3665 3462 3747">
    <p class='ocr_par' dir='ltr' id='par_1_92' title="bbox 1941 3665 3462 3747">
     <span class='ocr_line' id='line_1_92' title="bbox 1941 3665 3462 3747; baseline -0.006 -19"><span class='ocrx_word' id='word_1_749' title='bbox 1941 3673 1998 3729; x_wconf 92' lang='lat' dir='ltr'><strong>Si</strong></span> <span class='ocrx_word' id='word_1_750' title='bbox 2049 3671 2130 3727; x_wconf 86' lang='lat' dir='ltr'><strong>fas</strong></span> <span class='ocrx_word' id='word_1_751' title='bbox 2179 3680 2262 3727; x_wconf 89' lang='lat' dir='ltr'><strong>est</strong></span> <span class='ocrx_word' id='word_1_752' title='bbox 2300 3671 2629 3747; x_wconf 87' lang='lat' dir='ltr'><strong>Christianis</strong></span> <span class='ocrx_word' id='word_1_753' title='bbox 2681 3671 2785 3725; x_wconf 91' lang='lat' dir='ltr'><strong>hoc</strong></span> <span class='ocrx_word' id='word_1_754' title='bbox 2827 3668 2988 3723; x_wconf 91' lang='lat' dir='ltr'><strong>modo</strong></span> <span class='ocrx_word' id='word_1_755' title='bbox 3035 3666 3345 3738; x_wconf 87' lang='lat' dir='ltr'><strong>Scripturas</strong></span> <span class='ocrx_word' id='word_1_756' title='bbox 3395 3665 3462 3719; x_wconf 80' lang='lat' dir='ltr'><strong>de</strong></span> 
     </span>
    </p>
   </div>
   <div class='ocr_carea' id='block_1_93' title="bbox 1867 3755 3465 3833">
    <p class='ocr_par' dir='ltr' id='par_1_93' title="bbox 1867 3755 3465 3833">
     <span class='ocr_line' id='line_1_93' title="bbox 1867 3755 3465 3833; baseline -0.008 -11"><span class='ocrx_word' id='word_1_757' title='bbox 1867 3765 2085 3822; x_wconf 89' lang='lat' dir='ltr'><strong>Christo</strong></span> <span class='ocrx_word' id='word_1_758' title='bbox 2114 3764 2292 3833; x_wconf 78' lang='lat' dir='ltr'><strong>legere</strong></span> <span class='ocrx_word' id='word_1_759' title='bbox 2322 3774 2376 3818; x_wconf 91' lang='lat' dir='ltr'><strong>et</strong></span> <span class='ocrx_word' id='word_1_760' title='bbox 2399 3761 2766 3833; x_wconf 86' lang='lat' dir='ltr'><strong>interpretari,</strong></span> <span class='ocrx_word' id='word_1_761' title='bbox 2798 3761 2966 3815; x_wconf 89' lang='lat' dir='ltr'><strong>multo</strong></span> <span class='ocrx_word' id='word_1_762' title='bbox 2994 3758 3147 3828; x_wconf 84' lang='lat' dir='ltr'><strong>plura</strong></span> <span class='ocrx_word' id='word_1_763' title='bbox 3176 3755 3465 3811; x_wconf 68' lang='lat' dir='ltr'><strong>invenietis</strong></span> 
     </span>
    </p>
   </div>
   <div class='ocr_carea' id='block_1_94' title="bbox 1869 3844 3463 3925">
    <p class='ocr_par' dir='ltr' id='par_1_94' title="bbox 1869 3844 3463 3925">
     <span class='ocr_line' id='line_1_94' title="bbox 1869 3844 3463 3925; baseline -0.006 -16"><span class='ocrx_word' id='word_1_764' title='bbox 1869 3870 1988 3925; x_wconf 65' lang='lat' dir='ltr'><strong>quae</strong></span> <span class='ocrx_word' id='word_1_765' title='bbox 2026 3855 2098 3909; x_wconf 90' lang='lat' dir='ltr'><strong>ita</strong></span> <span class='ocrx_word' id='word_1_766' title='bbox 2147 3869 2362 3925; x_wconf 88' lang='lat' dir='ltr'><strong>quoque</strong></span> <span class='ocrx_word' id='word_1_767' title='bbox 2408 3854 2567 3909; x_wconf 90' lang='lat' dir='ltr'><strong>modo</strong></span> <span class='ocrx_word' id='word_1_768' title='bbox 2606 3850 2870 3922; x_wconf 83' lang='lat' dir='ltr'><strong>poteritis</strong></span> <span class='ocrx_word' id='word_1_769' title='bbox 2915 3846 3288 3917; x_wconf 88' lang='lat' dir='ltr'><strong>interpretari.</strong></span> <span class='ocrx_word' id='word_1_770' title='bbox 3350 3844 3463 3901; x_wconf 70' lang='lat' dir='ltr'><strong>Not</strong></span> 
     </span>
    </p>
   </div>
   <div class='ocr_carea' id='block_1_95' title="bbox 1871 3932 3466 4013">
    <p class='ocr_par' dir='ltr' id='par_1_95' title="bbox 1871 3932 3466 4013">
     <span class='ocr_line' id='line_1_95' title="bbox 1871 3932 3466 4013; baseline -0.006 -11"><span class='ocrx_word' id='word_1_771' title='bbox 1871 3956 2080 4002; x_wconf 87' lang='lat' dir='ltr'><strong>vestras</strong></span> <span class='ocrx_word' id='word_1_772' title='bbox 2098 3946 2308 4002; x_wconf 84' lang='lat' dir='ltr'><strong>litteras</strong></span> <span class='ocrx_word' id='word_1_773' title='bbox 2328 3932 2622 4007; x_wconf 85' lang='lat' dir='ltr'><strong>nescimus.</strong></span> <span class='ocrx_word' id='word_1_774' title='bbox 2647 3956 2700 4000; x_wconf 92' lang='lat' dir='ltr'><strong>et</strong></span> <span class='ocrx_word' id='word_1_775' title='bbox 2729 3944 2961 3997; x_wconf 78' lang='lat' dir='ltr'><strong>fortasse</strong></span> <span class='ocrx_word' id='word_1_776' title='bbox 2989 3940 3157 3994; x_wconf 91' lang='lat' dir='ltr'><strong>multa</strong></span> <span class='ocrx_word' id='word_1_777' title='bbox 3181 3938 3317 4013; x_wconf 86' lang='lat' dir='ltr'><strong>dicis</strong></span> <span class='ocrx_word' id='word_1_778' title='bbox 3342 3951 3466 3993; x_wconf 74' lang='lat' dir='ltr'><strong>esse</strong></span> 
     </span>
    </p>
   </div>
   <div class='ocr_carea' id='block_1_96' title="bbox 1870 4032 3461 4111">
    <p class='ocr_par' dir='ltr' id='par_1_96' title="bbox 1870 4032 3461 4111">
     <span class='ocr_line' id='line_1_96' title="bbox 1870 4032 3461 4111; baseline -0.006 -18"><span class='ocrx_word' id='word_1_779' title='bbox 1870 4038 2011 4111; x_wconf 79' lang='lat' dir='ltr'><strong>apud</strong></span> <span class='ocrx_word' id='word_1_780' title='bbox 2048 4054 2144 4095; x_wconf 79' lang='lat' dir='ltr'><strong>vos</strong></span> <span class='ocrx_word' id='word_1_781' title='bbox 2187 4039 2412 4109; x_wconf 86' lang='lat' dir='ltr'><strong>scripta,</strong></span> <span class='ocrx_word' id='word_1_782' title='bbox 2459 4053 2579 4107; x_wconf 69' lang='lat' dir='ltr'><strong>quze</strong></span> <span class='ocrx_word' id='word_1_783' title='bbox 2615 4037 2751 4106; x_wconf 80' lang='lat' dir='ltr'><strong>apud</strong></span> <span class='ocrx_word' id='word_1_784' title='bbox 2802 4048 2900 4088; x_wconf 88' lang='lat' dir='ltr'><strong>uos</strong></span> <span class='ocrx_word' id='word_1_785' title='bbox 2942 4032 3145 4101; x_wconf 86' lang='lat' dir='ltr'><strong>scripta</strong></span> <span class='ocrx_word' id='word_1_786' title='bbox 3186 4044 3309 4084; x_wconf 86' lang='lat' dir='ltr'><strong>esse</strong></span> <span class='ocrx_word' id='word_1_787' title='bbox 3352 4045 3461 4084; x_wconf 89' lang='lat' dir='ltr'><strong>uon</strong></span> 
     </span>
    </p>
   </div>
   <div class='ocr_carea' id='block_1_97' title="bbox 1872 4124 3467 4204">
    <p class='ocr_par' dir='ltr' id='par_1_97' title="bbox 1872 4124 3467 4204">
     <span class='ocr_line' id='line_1_97' title="bbox 1872 4124 3467 4204; baseline -0.008 -17"><span class='ocrx_word' id='word_1_788' title='bbox 1872 4132 2161 4187; x_wconf 83' lang='lat' dir='ltr'><strong>credimus.</strong></span> <span class='ocrx_word' id='word_1_789' title='bbox 2198 4130 2305 4185; x_wconf 86' lang='lat' dir='ltr'><strong>Sed</strong></span> <span class='ocrx_word' id='word_1_790' title='bbox 2336 4131 2381 4185; x_wconf 90' lang='lat' dir='ltr'><strong>si</strong></span> <span class='ocrx_word' id='word_1_791' title='bbox 2416 4130 2556 4184; x_wconf 88' lang='lat' dir='ltr'><strong>Deus</strong></span> <span class='ocrx_word' id='word_1_792' title='bbox 2588 4128 2717 4183; x_wconf 84' lang='lat' dir='ltr'><strong>mihi</strong></span> <span class='ocrx_word' id='word_1_793' title='bbox 2759 4136 2817 4204; x_wconf 85' lang='lat' dir='ltr'><strong>et</strong></span> <span class='ocrx_word' id='word_1_794' title='bbox 2859 4125 2952 4199; x_wconf 90' lang='lat' dir='ltr'><strong>tibi</strong></span> <span class='ocrx_word' id='word_1_795' title='bbox 2999 4124 3164 4177; x_wconf 89' lang='lat' dir='ltr'><strong>vitam</strong></span> <span class='ocrx_word' id='word_1_796' title='bbox 3204 4131 3467 4192; x_wconf 70' lang='lat' dir='ltr'><strong>prtestare</strong></span> 
     </span>
    </p>
   </div>
   <div class='ocr_carea' id='block_1_98' title="bbox 1873 4214 3468 4291">
    <p class='ocr_par' dir='ltr' id='par_1_98' title="bbox 1873 4214 3468 4291">
     <span class='ocr_line' id='line_1_98' title="bbox 1873 4214 3468 4291; baseline -0.007 -14"><span class='ocrx_word' id='word_1_797' title='bbox 1873 4224 2128 4291; x_wconf 85' lang='lat' dir='ltr'><strong>voluerit,</strong></span> <span class='ocrx_word' id='word_1_798' title='bbox 2164 4222 2359 4291; x_wconf 82' lang='lat' dir='ltr'><strong>majori</strong></span> <span class='ocrx_word' id='word_1_799' title='bbox 2384 4223 2495 4277; x_wconf 92' lang='lat' dir='ltr'><strong>otio</strong></span> <span class='ocrx_word' id='word_1_800' title='bbox 2531 4220 2595 4275; x_wconf 88' lang='lat' dir='ltr'><strong>ad</strong></span> <span class='ocrx_word' id='word_1_801' title='bbox 2644 4220 2695 4275; x_wconf 89' lang='lat' dir='ltr'><strong>te</strong></span> <span class='ocrx_word' id='word_1_802' title='bbox 2744 4226 3009 4277; x_wconf 84' lang='lat' dir='ltr'><strong>revertar,</strong></span> <span class='ocrx_word' id='word_1_803' title='bbox 3042 4214 3302 4270; x_wconf 86' lang='lat' dir='ltr'><strong>librorum</strong></span> <span class='ocrx_word' id='word_1_804' title='bbox 3341 4227 3468 4267; x_wconf 83' lang='lat' dir='ltr'><strong>con-</strong></span> 
     </span>
    </p>
   </div>
   <div class='ocr_carea' id='block_1_99' title="bbox 1874 4300 3465 4388">
    <p class='ocr_par' dir='ltr' id='par_1_99' title="bbox 1874 4300 3465 4388">
     <span class='ocr_line' id='line_1_99' title="bbox 1874 4300 3465 4388; baseline -0.008 -15"><span class='ocrx_word' id='word_1_805' title='bbox 1874 4318 2111 4373; x_wconf 83' lang='lat' dir='ltr'><strong>feremus</strong></span> <span class='ocrx_word' id='word_1_806' title='bbox 2149 4317 2287 4388; x_wconf 89' lang='lat' dir='ltr'><strong>apud</strong></span> <span class='ocrx_word' id='word_1_807' title='bbox 2319 4300 2418 4370; x_wconf 91' lang='lat' dir='ltr'><strong>nos</strong></span> <span class='ocrx_word' id='word_1_808' title='bbox 2456 4324 2510 4369; x_wconf 91' lang='lat' dir='ltr'><strong>et</strong></span> <span class='ocrx_word' id='word_1_809' title='bbox 2540 4312 2675 4384; x_wconf 91' lang='lat' dir='ltr'><strong>apud</strong></span> <span class='ocrx_word' id='word_1_810' title='bbox 2724 4326 2822 4367; x_wconf 89' lang='lat' dir='ltr'><strong>vos</strong></span> <span class='ocrx_word' id='word_1_811' title='bbox 2856 4307 3210 4379; x_wconf 77' lang='lat' dir='ltr'><strong>exemplaria,</strong></span> <span class='ocrx_word' id='word_1_812' title='bbox 3259 4316 3316 4362; x_wconf 91' lang='lat' dir='ltr'><strong>et</strong></span> <span class='ocrx_word' id='word_1_813' title='bbox 3364 4305 3465 4360; x_wconf 85' lang='lat' dir='ltr'><strong>ista</strong></span> 
     </span>
    </p>
   </div>
   <div class='ocr_carea' id='block_1_100' title="bbox 1873 4400 3469 4482">
    <p class='ocr_par' dir='ltr' id='par_1_100' title="bbox 1873 4400 3469 4482">
     <span class='ocr_line' id='line_1_100' title="bbox 1873 4400 3469 4482; baseline -0.009 -17"><span class='ocrx_word' id='word_1_814' title='bbox 1873 4411 2216 4482; x_wconf 87' lang='lat' dir='ltr'><strong>requiremus</strong></span> <span class='ocrx_word' id='word_1_815' title='bbox 2262 4407 2529 4477; x_wconf 79' lang='lat' dir='ltr'><strong>exempla.</strong></span> <span class='ocrx_word' id='word_1_816' title='bbox 2580 4405 2698 4479; x_wconf 88' lang='lat' dir='ltr'><strong>Ipse</strong></span> <span class='ocrx_word' id='word_1_817' title='bbox 2759 4402 2976 4474; x_wconf 91' lang='lat' dir='ltr'><strong>quidem</strong></span> <span class='ocrx_word' id='word_1_818' title='bbox 3020 4400 3195 4455; x_wconf 84' lang='lat' dir='ltr'><strong>fateor</strong></span> <span class='ocrx_word' id='word_1_819' title='bbox 3238 4411 3469 4479; x_wconf 71' lang='lat' dir='ltr'><strong>summa:</strong></span> 
     </span>
    </p>
   </div>
   <div class='ocr_carea' id='block_1_101' title="bbox 1876 4500 3467 4577">
    <p class='ocr_par' dir='ltr' id='par_1_101' title="bbox 1876 4500 3467 4577">
     <span class='ocr_line' id='line_1_101' title="bbox 1876 4500 3467 4577; baseline -0.011 -17"><span class='ocrx_word' id='word_1_820' title='bbox 1876 4505 2112 4577; x_wconf 83' lang='lat' dir='ltr'><strong>ineptiae,</strong></span> <span class='ocrx_word' id='word_1_821' title='bbox 2143 4505 2252 4559; x_wconf 91' lang='lat' dir='ltr'><strong>imo</strong></span> <span class='ocrx_word' id='word_1_822' title='bbox 2292 4501 2577 4557; x_wconf 78' lang='lat' dir='ltr'><strong>dementia:</strong></span> <span class='ocrx_word' id='word_1_823' title='bbox 2622 4514 2765 4563; x_wconf 85' lang='lat' dir='ltr'><strong>esse,</strong></span> <span class='ocrx_word' id='word_1_824' title='bbox 2813 4513 2908 4552; x_wconf 91' lang='lat' dir='ltr'><strong>seu</strong></span> <span class='ocrx_word' id='word_1_825' title='bbox 2942 4510 3049 4558; x_wconf 90' lang='lat' dir='ltr'><strong>tne,</strong></span> <span class='ocrx_word' id='word_1_826' title='bbox 3075 4510 3167 4548; x_wconf 82' lang='lat' dir='ltr'><strong>seu</strong></span> <span class='ocrx_word' id='word_1_827' title='bbox 3200 4502 3252 4547; x_wconf 89' lang='lat' dir='ltr'><strong>te</strong></span> <span class='ocrx_word' id='word_1_828' title='bbox 3278 4500 3467 4546; x_wconf 77' lang='lat' dir='ltr'><strong>contra</strong></span> 
     </span>
    </p>
   </div>
   <div class='ocr_carea' id='block_1_102' title="bbox 1877 4586 3470 4667">
    <p class='ocr_par' dir='ltr' id='par_1_102' title="bbox 1877 4586 3470 4667">
     <span class='ocr_line' id='line_1_102' title="bbox 1877 4586 3470 4667; baseline -0.013 -13"><span class='ocrx_word' id='word_1_829' title='bbox 1877 4598 2148 4654; x_wconf 88' lang='lat' dir='ltr'><strong>evidentia</strong></span> <span class='ocrx_word' id='word_1_830' title='bbox 2185 4597 2586 4667; x_wconf 79' lang='lat' dir='ltr'><strong>Scripturarum</strong></span> <span class='ocrx_word' id='word_1_831' title='bbox 2618 4590 2860 4660; x_wconf 78' lang='lat' dir='ltr'><strong>exempla</strong></span> <span class='ocrx_word' id='word_1_832' title='bbox 2904 4598 2960 4642; x_wconf 91' lang='lat' dir='ltr'><strong>et</strong></span> <span class='ocrx_word' id='word_1_833' title='bbox 2993 4586 3343 4640; x_wconf 89' lang='lat' dir='ltr'><strong>auctoritates</strong></span> <span class='ocrx_word' id='word_1_834' title='bbox 3385 4596 3470 4635; x_wconf 87' lang='lat' dir='ltr'><strong>re—</strong></span> 
     </span>
    </p>
   </div>
   <div class='ocr_carea' id='block_1_103' title="bbox 1878 4673 3470 4756">
    <p class='ocr_par' dir='ltr' id='par_1_103' title="bbox 1878 4673 3470 4756">
     <span class='ocr_line' id='line_1_103' title="bbox 1878 4673 3470 4756; baseline -0.013 -9"><span class='ocrx_word' id='word_1_835' title='bbox 1878 4692 2092 4756; x_wconf 86' lang='lat' dir='ltr'><strong>sistere,</strong></span> <span class='ocrx_word' id='word_1_836' title='bbox 2122 4700 2177 4746; x_wconf 90' lang='lat' dir='ltr'><strong>et</strong></span> <span class='ocrx_word' id='word_1_837' title='bbox 2214 4690 2414 4745; x_wconf 85' lang='lat' dir='ltr'><strong>idcirco</strong></span> <span class='ocrx_word' id='word_1_838' title='bbox 2446 4702 2552 4741; x_wconf 90' lang='lat' dir='ltr'><strong>non</strong></span> <span class='ocrx_word' id='word_1_839' title='bbox 2583 4694 2664 4739; x_wconf 87' lang='lat' dir='ltr'><strong>est</strong></span> <span class='ocrx_word' id='word_1_840' title='bbox 2704 4697 2839 4751; x_wconf 91' lang='lat' dir='ltr'><strong>opus</strong></span> <span class='ocrx_word' id='word_1_841' title='bbox 2867 4679 2932 4733; x_wconf 90' lang='lat' dir='ltr'><strong>ad</strong></span> <span class='ocrx_word' id='word_1_842' title='bbox 2975 4692 3212 4747; x_wconf 71' lang='lat' dir='ltr'><strong>prtesens</strong></span> <span class='ocrx_word' id='word_1_843' title='bbox 3248 4686 3298 4729; x_wconf 90' lang='lat' dir='ltr'><strong>te</strong></span> <span class='ocrx_word' id='word_1_844' title='bbox 3333 4673 3470 4728; x_wconf 86' lang='lat' dir='ltr'><strong>ulte-</strong></span> 
     </span>
    </p>
   </div>
   <div class='ocr_carea' id='block_1_104' title="bbox 1880 4763 3473 4854">
    <p class='ocr_par' dir='ltr' id='par_1_104' title="bbox 1880 4763 3473 4854">
     <span class='ocr_line' id='line_1_104' title="bbox 1880 4763 3473 4854; baseline -0.014 -13"><span class='ocrx_word' id='word_1_845' title='bbox 1880 4776 1993 4841; x_wconf 86' lang='lat' dir='ltr'><strong>rius</strong></span> <span class='ocrx_word' id='word_1_846' title='bbox 2034 4766 2356 4854; x_wconf 88' lang='lat' dir='ltr'><strong>disputando</strong></span> <span class='ocrx_word' id='word_1_847' title='bbox 2393 4778 2707 4849; x_wconf 83' lang='lat' dir='ltr'><strong>procedere.</strong></span> <span class='ocrx_word' id='word_1_848' title='bbox 2743 4772 2890 4827; x_wconf 76' lang='lat' dir='ltr'><strong>Nam</strong></span> <span class='ocrx_word' id='word_1_849' title='bbox 2928 4785 3140 4833; x_wconf 86' lang='lat' dir='ltr'><strong>revera,</strong></span> <span class='ocrx_word' id='word_1_850' title='bbox 3183 4781 3279 4820; x_wconf 84' lang='lat' dir='ltr'><strong>vos</strong></span> <span class='ocrx_word' id='word_1_851' title='bbox 3316 4763 3473 4845; x_wconf 82' lang='lat' dir='ltr'><strong>Chri-</strong></span> 
     </span>
    </p>
   </div>
   <div class='ocr_carea' id='block_1_105' title="bbox 1880 4861 3469 4944">
    <p class='ocr_par' dir='ltr' id='par_1_105' title="bbox 1880 4861 3469 4944">
     <span class='ocr_line' id='line_1_105' title="bbox 1880 4861 3469 4944; baseline -0.013 -14"><span class='ocrx_word' id='word_1_852' title='bbox 1880 4876 2063 4939; x_wconf 89' lang='lat' dir='ltr'><strong>stiani,</strong></span> <span class='ocrx_word' id='word_1_853' title='bbox 2091 4875 2257 4929; x_wconf 88' lang='lat' dir='ltr'><strong>multa</strong></span> <span class='ocrx_word' id='word_1_854' title='bbox 2295 4873 2548 4944; x_wconf 81' lang='lat' dir='ltr'><strong>profertis</strong></span> <span class='ocrx_word' id='word_1_855' title='bbox 2575 4872 2642 4926; x_wconf 88' lang='lat' dir='ltr'><strong>de</strong></span> <span class='ocrx_word' id='word_1_856' title='bbox 2664 4870 2777 4939; x_wconf 82' lang='lat' dir='ltr'><strong>lege</strong></span> <span class='ocrx_word' id='word_1_857' title='bbox 2806 4875 2858 4922; x_wconf 88' lang='lat' dir='ltr'><strong>et</strong></span> <span class='ocrx_word' id='word_1_858' title='bbox 2887 4861 3188 4935; x_wconf 86' lang='lat' dir='ltr'><strong>prophetis,</strong></span> <span class='ocrx_word' id='word_1_859' title='bbox 3212 4873 3330 4928; x_wconf 81' lang='lat' dir='ltr'><strong>qua:</strong></span> <span class='ocrx_word' id='word_1_860' title='bbox 3364 4871 3469 4911; x_wconf 75' lang='lat' dir='ltr'><strong>non</strong></span> 
     </span>
    </p>
   </div>
   <div class='ocr_carea' id='block_1_106' title="bbox 1880 4947 3473 5036">
    <p class='ocr_par' dir='ltr' id='par_1_106' title="bbox 1880 4947 3473 5036">
     <span class='ocr_line' id='line_1_106' title="bbox 1880 4947 3473 5036; baseline -0.014 -15"><span class='ocrx_word' id='word_1_861' title='bbox 1880 4975 2007 5021; x_wconf 85' lang='lat' dir='ltr'><strong>sunt</strong></span> <span class='ocrx_word' id='word_1_862' title='bbox 2027 4967 2227 5036; x_wconf 86' lang='lat' dir='ltr'><strong>scripta</strong></span> <span class='ocrx_word' id='word_1_863' title='bbox 2259 4966 2311 5020; x_wconf 92' lang='lat' dir='ltr'><strong>in</strong></span> <span class='ocrx_word' id='word_1_864' title='bbox 2344 4965 2458 5035; x_wconf 81' lang='lat' dir='ltr'><strong>lege</strong></span> <span class='ocrx_word' id='word_1_865' title='bbox 2487 4962 2541 5017; x_wconf 82' lang='lat' dir='ltr'><strong>et</strong></span> <span class='ocrx_word' id='word_1_866' title='bbox 2568 4959 2863 5031; x_wconf 85' lang='lat' dir='ltr'><strong>prophetis.</strong></span> <span class='ocrx_word' id='word_1_867' title='bbox 2893 4953 3027 5010; x_wconf 88' lang='lat' dir='ltr'><strong>llltttl</strong></span> <span class='ocrx_word' id='word_1_868' title='bbox 3065 4951 3207 5005; x_wconf 85' lang='lat' dir='ltr'><strong>enim</strong></span> <span class='ocrx_word' id='word_1_869' title='bbox 3235 4947 3378 5018; x_wconf 85' lang='lat' dir='ltr'><strong>quod</strong></span> <span class='ocrx_word' id='word_1_870' title='bbox 3405 4947 3473 5000; x_wconf 80' lang='lat' dir='ltr'><strong>de</strong></span> 
     </span>
    </p>
   </div>
   <div class='ocr_carea' id='block_1_107' title="bbox 1876 5039 3473 5123">
    <p class='ocr_par' dir='ltr' id='par_1_107' title="bbox 1876 5039 3473 5123">
     <span class='ocr_line' id='line_1_107' title="bbox 1876 5039 3473 5123; baseline -0.012 -12"><span class='ocrx_word' id='word_1_871' title='bbox 1876 5056 2112 5112; x_wconf 84' lang='lat' dir='ltr'><strong>Jeremia</strong></span> <span class='ocrx_word' id='word_1_872' title='bbox 2148 5055 2414 5123; x_wconf 89' lang='lat' dir='ltr'><strong>posuisti:</strong></span> <span class='ocrx_word' id='word_1_873' title='bbox 2452 5074 2471 5107; x_wconf 89' lang='grc'><strong>‹</strong></span> <span class='ocrx_word' id='word_1_874' title='bbox 2509 5053 2641 5109; x_wconf 84' lang='lat' dir='ltr'><strong>Post</strong></span> <span class='ocrx_word' id='word_1_875' title='bbox 2672 5052 2786 5105; x_wconf 77' lang='lat' dir='ltr'><strong>ltzec</strong></span> <span class='ocrx_word' id='word_1_876' title='bbox 2839 5050 2892 5103; x_wconf 89' lang='lat' dir='ltr'><strong>itt</strong></span> <span class='ocrx_word' id='word_1_877' title='bbox 2940 5044 3101 5100; x_wconf 90' lang='lat' dir='ltr'><strong>terris</strong></span> <span class='ocrx_word' id='word_1_878' title='bbox 3143 5039 3473 5096; x_wconf 82' lang='lat' dir='ltr'><strong>Deus-visus</strong></span> 
     </span>
    </p>
   </div>
   <div class='ocr_carea' id='block_1_108' title="bbox 1881 5132 3473 5213">
    <p class='ocr_par' dir='ltr' id='par_1_108' title="bbox 1881 5132 3473 5213">
     <span class='ocr_line' id='line_1_108' title="bbox 1881 5132 3473 5213; baseline -0.014 -10"><span class='ocrx_word' id='word_1_879' title='bbox 1881 5157 1988 5213; x_wconf 91' lang='lat' dir='ltr'><strong>est,</strong></span> <span class='ocrx_word' id='word_1_880' title='bbox 2039 5156 2093 5203; x_wconf 88' lang='lat' dir='ltr'><strong>et</strong></span> <span class='ocrx_word' id='word_1_881' title='bbox 2123 5162 2246 5201; x_wconf 92' lang='lat' dir='ltr'><strong>cum</strong></span> <span class='ocrx_word' id='word_1_882' title='bbox 2282 5147 2591 5201; x_wconf 87' lang='lat' dir='ltr'><strong>hominibus</strong></span> <span class='ocrx_word' id='word_1_883' title='bbox 2621 5149 2972 5198; x_wconf 85' lang='lat' dir='ltr'><strong>conversatus</strong></span> <span class='ocrx_word' id='word_1_884' title='bbox 2995 5144 3079 5189; x_wconf 87' lang='lat' dir='ltr'><strong>est</strong></span> <span class='ocrx_word' id='word_1_885' title='bbox 3110 5132 3363 5204; x_wconf 71' lang='lat' dir='ltr'><strong>(Rarum.</strong></span> <span class='ocrx_word' id='word_1_886' title='bbox 3391 5144 3473 5194; x_wconf 79' lang='lat' dir='ltr'><strong>ut,</strong></span> 
     </span>
    </p>
   </div>
   <div class='ocr_carea' id='block_1_109' title="bbox 1883 5219 3473 5309">
    <p class='ocr_par' dir='ltr' id='par_1_109' title="bbox 1883 5219 3473 5309">
     <span class='ocr_line' id='line_1_109' title="bbox 1883 5219 3473 5309; baseline -0.013 -14"><span class='ocrx_word' id='word_1_887' title='bbox 1883 5240 1995 5309; x_wconf 81' lang='lat'><strong>58),</strong></span> <span class='ocrx_word' id='word_1_888' title='bbox 2029 5259 2046 5291; x_wconf 72' lang='grc' dir='ltr'>ι</span> <span class='ocrx_word' id='word_1_889' title='bbox 2079 5237 2352 5308; x_wconf 88' lang='lat' dir='ltr'><strong>multaque</strong></span> <span class='ocrx_word' id='word_1_890' title='bbox 2377 5238 2481 5292; x_wconf 86' lang='lat' dir='ltr'><strong>alia</strong></span> <span class='ocrx_word' id='word_1_891' title='bbox 2505 5219 2631 5291; x_wconf 84' lang='lat' dir='ltr'><strong>huic</strong></span> <span class='ocrx_word' id='word_1_892' title='bbox 2647 5234 2766 5289; x_wconf 91' lang='lat' dir='ltr'><strong>usui</strong></span> <span class='ocrx_word' id='word_1_893' title='bbox 2791 5230 3039 5300; x_wconf 89' lang='lat' dir='ltr'><strong>superius</strong></span> <span class='ocrx_word' id='word_1_894' title='bbox 3061 5240 3292 5285; x_wconf 77' lang='lat' dir='ltr'><strong>annexa.</strong></span> <span class='ocrx_word' id='word_1_895' title='bbox 3324 5221 3473 5277; x_wconf 84' lang='lat' dir='ltr'><strong>Jere-</strong></span> 
     </span>
    </p>
   </div>
   <div class='ocr_carea' id='block_1_110' title="bbox 1885 5312 3473 5397">
    <p class='ocr_par' dir='ltr' id='par_1_110' title="bbox 1885 5312 3473 5397">
     <span class='ocr_line' id='line_1_110' title="bbox 1885 5312 3473 5397; baseline -0.013 -12"><span class='ocrx_word' id='word_1_896' title='bbox 1885 5332 2022 5385; x_wconf 88' lang='lat' dir='ltr'><strong>mias</strong></span> <span class='ocrx_word' id='word_1_897' title='bbox 2054 5345 2157 5384; x_wconf 93' lang='lat' dir='ltr'><strong>non</strong></span> <span class='ocrx_word' id='word_1_898' title='bbox 2192 5330 2348 5394; x_wconf 76' lang='lat' dir='ltr'><strong>dixit,</strong></span> <span class='ocrx_word' id='word_1_899' title='bbox 2374 5344 2477 5383; x_wconf 92' lang='lat' dir='ltr'><strong>non</strong></span> <span class='ocrx_word' id='word_1_900' title='bbox 2514 5324 2751 5397; x_wconf 87' lang='lat' dir='ltr'><strong>scripsit.</strong></span> <span class='ocrx_word' id='word_1_901' title='bbox 2775 5321 2927 5390; x_wconf 86' lang='lat' dir='ltr'><strong>Quod</strong></span> <span class='ocrx_word' id='word_1_902' title='bbox 2954 5319 2997 5375; x_wconf 92' lang='lat' dir='ltr'><strong>si</strong></span> <span class='ocrx_word' id='word_1_903' title='bbox 3035 5319 3135 5372; x_wconf 91' lang='lat' dir='ltr'><strong>hoc</strong></span> <span class='ocrx_word' id='word_1_904' title='bbox 3163 5316 3215 5371; x_wconf 93' lang='lat' dir='ltr'><strong>in</strong></span> <span class='ocrx_word' id='word_1_905' title='bbox 3239 5312 3473 5369; x_wconf 73' lang='lat' dir='ltr'><strong>Ieremia</strong></span> 
     </span>
    </p>
   </div>
   <div class='ocr_carea' id='block_1_111' title="bbox 1885 5404 3473 5492">
    <p class='ocr_par' dir='ltr' id='par_1_111' title="bbox 1885 5404 3473 5492">
     <span class='ocr_line' id='line_1_111' title="bbox 1885 5404 3473 5492; baseline -0.015 -14"><span class='ocrx_word' id='word_1_906' title='bbox 1885 5423 2150 5492; x_wconf 78' lang='lat' dir='ltr'><strong>scriptum</strong></span> <span class='ocrx_word' id='word_1_907' title='bbox 2196 5436 2316 5477; x_wconf 86' lang='lat' dir='ltr'><strong>esse</strong></span> <span class='ocrx_word' id='word_1_908' title='bbox 2368 5417 2658 5480; x_wconf 88' lang='lat' dir='ltr'><strong>inveneris,</strong></span> <span class='ocrx_word' id='word_1_909' title='bbox 2700 5422 2895 5469; x_wconf 65' lang='lat' dir='ltr'><strong>cetera</strong></span> <span class='ocrx_word' id='word_1_910' title='bbox 2942 5407 3292 5464; x_wconf 81' lang='lat' dir='ltr'><strong>veracissime</strong></span> <span class='ocrx_word' id='word_1_911' title='bbox 3333 5404 3473 5458; x_wconf 80' lang='lat' dir='ltr'><strong>dicta</strong></span> 
     </span>
    </p>
   </div>
   <div class='ocr_carea' id='block_1_112' title="bbox 1886 5496 3473 5573">
    <p class='ocr_par' dir='ltr' id='par_1_112' title="bbox 1886 5496 3473 5573">
     <span class='ocr_line' id='line_1_112' title="bbox 1886 5496 3473 5573; baseline -0.017 -1"><span class='ocrx_word' id='word_1_912' title='bbox 1886 5532 2010 5572; x_wconf 88' lang='lat' dir='ltr'><strong>esse</strong></span> <span class='ocrx_word' id='word_1_913' title='bbox 2038 5518 2105 5549; x_wconf 79' lang='grc'><strong>¹⁰³</strong></span> <span class='ocrx_word' id='word_1_914' title='bbox 2132 5515 2392 5573; x_wconf 90' lang='lat' dir='ltr'><strong>concedo.</strong></span> <span class='ocrx_word' id='word_1_915' title='bbox 2418 5513 2473 5567; x_wconf 93' lang='lat' dir='ltr'><strong>Si</strong></span> <span class='ocrx_word' id='word_1_916' title='bbox 2506 5521 2682 5567; x_wconf 84' lang='lat' dir='ltr'><strong>autem</strong></span> <span class='ocrx_word' id='word_1_917' title='bbox 2708 5510 2759 5565; x_wconf 92' lang='lat' dir='ltr'><strong>in</strong></span> <span class='ocrx_word' id='word_1_918' title='bbox 2784 5506 3018 5563; x_wconf 87' lang='lat' dir='ltr'><strong>Jcremia</strong></span> <span class='ocrx_word' id='word_1_919' title='bbox 3047 5519 3151 5559; x_wconf 90' lang='lat' dir='ltr'><strong>non</strong></span> <span class='ocrx_word' id='word_1_920' title='bbox 3181 5496 3473 5557; x_wconf 83' lang='lat' dir='ltr'><strong>inveneris,</strong></span> 
     </span>
    </p>
   </div>
   <div class='ocr_carea' id='block_1_113' title="bbox 1541 5632 2217 5697">
    <p class='ocr_par' dir='ltr' id='par_1_113' title="bbox 1541 5632 2217 5697">
     <span class='ocr_line' id='line_1_113' title="bbox 1541 5632 2217 5697; baseline -0.016 0"><span class='ocrx_word' id='word_1_921' title='bbox 1541 5640 1775 5697; x_wconf 61' lang='lat' dir='ltr'><strong>VARIIE</strong></span> <span class='ocrx_word' id='word_1_922' title='bbox 1814 5632 2217 5693; x_wconf 79' lang='lat' dir='ltr'><strong>LECTIONES.</strong></span> 
     </span>
    </p>
   </div>
   <div class='ocr_carea' id='block_1_114' title="bbox 257 5732 1802 5814">
    <p class='ocr_par' dir='ltr' id='par_1_114' title="bbox 257 5732 1802 5814">
     <span class='ocr_line' id='line_1_114' title="bbox 257 5732 1802 5814; baseline -0.014 -10"><span class='ocrx_word' id='word_1_923' title='bbox 257 5749 308 5782; x_wconf 78' lang='grc'>⁸⁸</span> <span class='ocrx_word' id='word_1_924' title='bbox 331 5748 435 5802; x_wconf 76' lang='lat' dir='ltr'><strong>Ms.</strong></span> <span class='ocrx_word' id='word_1_925' title='bbox 474 5747 645 5807; x_wconf 45' lang='lat' dir='ltr'><strong>Rem”</strong></span> <span class='ocrx_word' id='word_1_926' title='bbox 676 5747 797 5814; x_wconf 86' lang='lat' dir='ltr'><strong>quia</strong></span> <span class='ocrx_word' id='word_1_927' title='bbox 829 5746 985 5810; x_wconf 69' lang='lat' dir='ltr'><strong>virgo</strong></span> <span class='ocrx_word' id='word_1_928' title='bbox 1010 5743 1211 5814; x_wconf 49' lang='lat' dir='ltr'><strong>clausa.</strong></span> <span class='ocrx_word' id='word_1_929' title='bbox 1287 5732 1802 5814; x_wconf 55' lang='grc' dir='ltr'><strong>³³31ιᾘςώζγίτᾳο.</strong></span> 
     </span>
    </p>
   </div>
   <div class='ocr_carea' id='block_1_115' title="bbox 190 5818 837 5886">
    <p class='ocr_par' dir='ltr' id='par_1_115' title="bbox 190 5818 837 5886">
     <span class='ocr_line' id='line_1_115' title="bbox 190 5818 837 5886; baseline -0.005 -13"><span class='ocrx_word' id='word_1_930' title='bbox 190 5820 260 5852; x_wconf 82' lang='grc'><strong>¹⁹¹</strong></span> <span class='ocrx_word' id='word_1_931' title='bbox 292 5819 397 5875; x_wconf 75' lang='lat' dir='ltr'><strong>Hs.</strong></span> <span class='ocrx_word' id='word_1_932' title='bbox 429 5818 605 5881; x_wconf 73' lang='lat' dir='ltr'><strong>Rem..</strong></span> <span class='ocrx_word' id='word_1_933' title='bbox 636 5818 837 5886; x_wconf 86' lang='lat' dir='ltr'><strong>itaque.</strong></span> 
     </span>
    </p>
   </div>
   <div class='ocr_carea' id='block_1_116' title="bbox 918 5808 1806 5879">
    <p class='ocr_par' dir='ltr' id='par_1_116' title="bbox 918 5808 1806 5879">
     <span class='ocr_line' id='line_1_116' title="bbox 918 5808 1806 5879; baseline -0.014 -11"><span class='ocrx_word' id='word_1_934' title='bbox 918 5808 985 5845; x_wconf 69' lang='grc' dir='ltr'><strong>ί⁰³</strong></span> <span class='ocrx_word' id='word_1_935' title='bbox 1017 5812 1118 5867; x_wconf 76' lang='lat' dir='ltr'><strong>Ms.</strong></span> <span class='ocrx_word' id='word_1_936' title='bbox 1158 5810 1326 5879; x_wconf 64' lang='lat' dir='ltr'><strong>Rem,</strong></span> <span class='ocrx_word' id='word_1_937' title='bbox 1360 5808 1639 5865; x_wconf 83' lang='lat' dir='ltr'><strong>verissima</strong></span> <span class='ocrx_word' id='word_1_938' title='bbox 1669 5820 1806 5858; x_wconf 77' lang='lat' dir='ltr'><strong>che.</strong></span> 
     </span>
    </p>
   </div>
   <div class='ocr_carea' id='block_1_117' title="bbox 1884 5699 3473 5783">
    <p class='ocr_par' dir='ltr' id='par_1_117' title="bbox 1884 5699 3473 5783">
     <span class='ocr_line' id='line_1_117' title="bbox 1884 5699 3473 5783; baseline -0.018 -1"><span class='ocrx_word' id='word_1_939' title='bbox 1884 5730 1950 5761; x_wconf 77' lang='grc'><strong>³⁸⁸</strong></span> <span class='ocrx_word' id='word_1_940' title='bbox 1989 5727 2089 5783; x_wconf 76' lang='lat' dir='ltr'><strong>Hs.</strong></span> <span class='ocrx_word' id='word_1_941' title='bbox 2134 5726 2193 5778; x_wconf 88' lang='lat' dir='ltr'><strong>S.</strong></span> <span class='ocrx_word' id='word_1_942' title='bbox 2223 5720 2345 5776; x_wconf 82' lang='lat' dir='ltr'><strong>Cer.</strong></span> <span class='ocrx_word' id='word_1_943' title='bbox 2378 5722 2518 5774; x_wconf 77' lang='lat' dir='ltr'><strong>dccst</strong></span> <span class='ocrx_word' id='word_1_944' title='bbox 2546 5726 2646 5773; x_wconf 86' lang='lat' dir='ltr'><strong>est.</strong></span> <span class='ocrx_word' id='word_1_945' title='bbox 2729 5717 2793 5747; x_wconf 79' lang='grc'><strong>¹⁹¹</strong></span> <span class='ocrx_word' id='word_1_946' title='bbox 2830 5713 2911 5769; x_wconf 73' lang='lat' dir='ltr'><strong>.Ils</strong></span> <span class='ocrx_word' id='word_1_947' title='bbox 2962 5711 3134 5773; x_wconf 55' lang='lat' dir='ltr'><strong>liena,</strong></span> <span class='ocrx_word' id='word_1_948' title='bbox 3172 5706 3316 5761; x_wconf 88' lang='lat' dir='ltr'><strong>salva</strong></span> <span class='ocrx_word' id='word_1_949' title='bbox 3351 5699 3473 5757; x_wconf 74' lang='lat' dir='ltr'><strong>title.</strong></span> 
     </span>
    </p>
   </div>
  </div>
