3990 6310
588 239 737 303 ,10ὶῖ

1496 228 1901 287 GISLEBEIITI
1943 223 2240 285 CIlISPiNI
2279 223 2432 281 ABB.
2481 224 2987 285 WESTMONAS'I‘.‘

2181 223 2240 279 Νι
2279 223 2320 281 Δ
2330 225 2432 279 BB.
2481 224 2987 285 WESTMONAS'I‘.‘
3670 242 3757 301 ιω

603 357 816 427 depore
859 362 1060 410 tantam
1091 351 1378 405 adversum
1410 363 1508 404 nos
1540 347 1960 403 animositatem.
2000 343 2201 399 Ernbe-
2232 342 2275 400 A
2304 334 2577 407 dixerunt,
2607 341 2774 398 multa
2799 344 3160 415 scripserunt;
3200 346 3295 402 sed
3326 363 3435 418 qua:
3458 350 3670 424 dixeram,
3696 360 3759 419 ιι..

568 463 694 505 .sce
735 455 923 506 contra
970 459 1069 500 nos
1117 444 1468 497 adinventam
1515 441 1829 508 falsitatem,
1863 448 1919 495 et
1965 451 2198 508 agnosce

590 540 830 610 primam
858 536 998 607 apud
1036 550 1135 590 nos
1182 549 1504 604 permanere
1549 534 1602 588 in
1654 532 1773 604 lege
1824 541 1881 587 et
1920 515 2199 604 prophetis

599 632 903 688 veritatem.
932 629 1067 685 Nam
1092 637 1147 683 et
1179 627 1306 683 illud
1331 628 1475 699 quod
1494 643 1601 685 .vos
1629 626 1868 691 universi
1898 624 2196 681 Christiani

601 706 700 777 ore
729 731 838 784 tam
862 736 1053 777 severo
1079 721 1343 776 adversus
1373 734 1471 775 nos
1495 718 1751 791 profertis
1782 735 1797 773 :
1827 738 1845 770 ι
1876 717 2015 773 Ecce
2046 717 2200 785 virgo

597 812 866 883 concipiet
888 819 943 866 et
970 810 1149 881 pariet
1178 810 1346 865 [ilium
1391 810 1529 881 (Isa.
1560 825 1655 875 vn,
1682 808 1791 879 14).
1826 827 1844 861 ι
1878 808 2046 864 Isaias
2091 822 2197 862 non

599 902 757 966 dixit,
787 916 894 959 non
921 900 1164 972 scripsit,
1190 902 1284 957 sed
1318 909 1523 955 tantum
1554 919 1570 955 :
1608 919 1626 953 ι
1660 900 1820 967 Ecce,
1851 900 2047 970 inquit,
2076 898 2203 955 abs-

598 995 814 1053 condita
862 995 1131 1066 concipiet
1160 1003 1216 1050 et
1260 994 1439 1064 pariet
1484 992 1673 1047 lilium.
1709 1011 1728 1044 ι
1756 990 1960 1047 Tamen
2002 991 2049 1046 si
2097 991 2200 1047 hoc

560 1120 566 1131 ε
600 1089 777 1159 ipsum
822 1089 1052 1144 dixisset
1092 1088 1259 1144 Isaias
1304 1086 1448 1157 quod
1486 1101 1583 1141 vos
1612 1084 1810 1148 dicitis,
1852 1100 1961 1141 non
2017 1092 2198 1139 tamen

568 1210 573 1214 ι
601 1183 809 1239 addidit
832 1182 979 1253 quod
1006 1197 1075 1237 ex
1108 1192 1288 1237 vestra
1319 1190 1474 1253 parte
1509 1179 1727 1245 additis,
1754 1180 1901 1250 quod
1949 1178 2101 1250 virgo
2144 1177 2199 1234 in

601 1282 867 1342 conceptu
908 1271 1112 1328 mansit
1141 1280 1196 1326 et
1220 1271 1344 1340 quia
1374 1278 1493 1339 post
1522 1276 1737 1339 partum
1764 1268 1918 1339 virgo
1948 1283 2203 1338 perman-

602 1365 697 1422 sit.
724 1363 837 1419 Iloc
872 1378 977 1420 nec
1010 1362 1179 1418 Isaias
1204 1362 1382 1429 dixit,
1413 1376 1517 1417 nec
1540 1360 1684 1417 ullus
1729 1360 1869 1416 alius
1906 1360 2197 1433 propheta.

632 1510 636 1513 ‘
1220 1466 1593 1507 CHRISTIANUS.

675 1545 812 1613 Quia
843 1544 1092 1603 Christus
1119 1543 1319 1599 veritas
1344 1552 1448 1608 est,
1475 1542 1610 1599 fides
1639 1541 1840 1599 Christi
1862 1541 2012 1598 nulla
2048 1542 2169 1599 falsi

559 1666 564 1675 ε
606 1646 717 1693 tate
742 1636 966 1707 indiget,
1003 1650 1101 1691 nec
1146 1634 1199 1689 in
1238 1634 1479 1690 Ecclesia
1517 1634 1720 1691 Christi
1759 1631 1898 1689 ullus
1932 1642 2017 1691 est
2052 1634 2203 1690 locus

604 1728 856 1787 falsitati.
881 1728 1012 1797 Quae
1034 1726 1362 1799 proferimus
1396 1726 1597 1797 scripta
1634 1725 1689 1781 in
1721 1725 1838 1797 lege
1866 1735 1922 1781 et
1960 1727 2195 1797 prophe-
2229 1714 2273 1770 Β

606 1823 696 1886 tis,
724 1822 1032 1892 accepimus
1064 1837 1095 1879 a
1130 1821 1286 1877 vobis
1320 1820 1522 1890 scripta
1565 1834 1685 1876 esse
1720 1819 1773 1874 in
1814 1819 1933 1891 lege
1970 1828 2025 1875 et
2071 1834 2197 1889 pro-

556 1970 557 1973 η
605 1915 805 1986 phetis.
853 1913 1052 1986 Legem
1109 1912 1254 1969 enim
1305 1920 1362 1969 et
1409 1912 1705 1983 prophetas
1751 1910 1994 1968 Ecclesia
2042 1910 2199 1967 Chri-

548 2048 563 2067 -.
603 2012 673 2068 sti
690 2027 747 2066 1a
785 2010 941 2066 vobis
989 2008 1218 2079 accepit,
1250 2014 1304 2063 et
1334 2007 1480 2077 quod
1526 2022 1558 2062 a
1597 2005 1752 2061 vobis
1792 2004 2045 2076 accepit,
2090 2005 2196 2060 im-

606 2111 873 2159 mutatum
918 2116 1017 2172 per
1070 2096 1151 2155 tot
1198 2097 1395 2154 saecula
1456 2097 1525 2153 ad
1579 2095 1695 2152 haec
1749 2110 1921 2166 nsque
1978 2110 2199 2151 conser-

605 2195 755 2252 vabit
805 2203 1073 2265 tempora.
1131 2190 1491 2264 Temporibus
1540 2190 1802 2247 Ptolomei
1837 2190 1984 2261 regis
2028 2188 2200 2262 .‘Egy-

606 2290 685 2361 ptl
716 2288 1061 2360 septuaginta
1089 2288 1437 2357 interpretes,
1466 2293 1663 2341 vestra:
1694 2283 1872 2356 gentis
1916 2292 2046 2337 tunc
2081 2297 2200 2336 eru-

603 2379 863 2436 ditissimi
912 2379 1187 2443 doctores,
1224 2377 1400 2447 legem
1441 2383 1497 2432 et
1546 2375 1843 2447 prophetas
1873 2386 1939 2428 ex
1971 2371 2200 2429 llehrzeo

546 2472 664 2529 "in
730 2471 979 2527 Graecum
1040 2470 1379 2540 interpretati
1443 2476 1590 2525 sunt.
1647 2465 1826 2523 Nostri
1885 2473 2068 2522 autem
2133 2477 2201 2521 oe

607 2562 799 2619 Graeco
850 2562 904 2617 in
941 2560 1216 2627 Latinum,
1246 2559 1470 2615 verbum
1512 2574 1581 2614 ex
1626 2559 1814 2625 verbo,
1844 2557 1929 2614 vel
1978 2572 2199 2613 sensum

608 2670 674 2711 ex
704 2670 868 2712 sensu
894 2662 1081 2726 postea
1115 2652 1452 2724 interpretati
1508 2658 1656 2707 sunt.
1701 2650 1785 2706 Ab
1828 2651 1961 2721 ipsis
2009 2666 2200 2707 exem-

609 2745 850 2817 plaribus
877 2745 1068 2817 primis
1109 2744 1423 2815 accepimus
1466 2741 1729 2813 quidquid
1763 2741 1814 2797 in
1847 2740 1966 2814 lege
1992 2750 2047 2797 et
2074 2757 2203 2811 pro-

606 2836 789 2909 phetis
811 2836 1076 2907 scriptum
1116 2835 1406 2892 habemus.
1441 2833 1583 2904 Lege
1626 2847 1815 2898 novos,
1839 2832 1957 2904 lege
1984 2842 2201 2890 veteres

610 2929 823 2987 Veteris
877 2928 1226 2985 Instrumenti
1268 2927 1436 2983 libros
1465 2925 1555 2993 m,
1599 2925 1721 2997 lege
1762 2925 1904 2997 apud
1958 2925 2198 2992 Grmcos,

604 3028 729 3101 lege
752 3026 897 3098 apud
926 3025 1170 3091 Latinos,
1210 3038 1488 3093 nunquam
1524 3021 1579 3076 in
1621 3020 1738 3092 lege
1783 3028 1879 3075 aut
1921 3019 2201 3091 prophetis

608 3121 852 3193 reperies
881 3120 1023 3191 apud
1061 3132 1162 3172 nos
1197 3117 1543 3181 varietatem,
1567 3113 1663 3169 sed
1705 3114 1953 3168 eamdem
2001 3112 2205 3184 ubique

609 3213 894 3269 veritatem
922 3218 979 3266 et
1004 3209 1252 3265 veritatis
1279 3209 1545 3263 unitatem
1587 3208 1639 3261 in
1676 3206 1793 3277 lege
1815 3215 1872 3260 et
1901 3205 2201 3277 prophetis,

611 3321 712 3376 per
739 3313 909 3361 totum
932 3304 1121 3360 orbem
1166 3312 1436 3359 terrarum
1476 3300 1721 3357 invenies
1752 3300 1893 3370 apud
1919 3314 2037 3355 nos.
2069 3299 2203 3357 Illud

609 3397 755 3468 quod
795 3397 860 3452 de
893 3395 1129 3454 Ieremia
1177 3394 1352 3466 posui,
1388 3392 1652 3449 Ieremias
1699 3386 1922 3463 scripsit
1960 3401 2016 3448 et
2042 3393 2203 3451 dixit.

611 3487 904 3543 Ieremiam
932 3487 1036 3542 hoc
1067 3486 1271 3542 dixisse
1294 3486 1563 3559 universa
1607 3501 1703 3556 per
1741 3487 1930 3541 orbem
1959 3485 2205 3541 Ecclesia

609 3576 812 3633 Christi
845 3586 1096 3643 testatur,
1125 3586 1179 3632 et
1227 3593 1258 3631 a
1308 3577 1500 3647 primis
1539 3576 1873 3648 temporibus
1906 3576 2205 3648 primisque

611 3671 1003 3741 interpretibus
1034 3670 1232 3725 vestris
1275 3669 1391 3725 haec
1439 3670 1511 3724 ita
1560 3671 1795 3740 accepit,
1837 3681 1891 3724 et
1928 3670 2048 3725 sine
2098 3669 2206 3727 ulla

612 3763 948 3819 alterationis
1001 3761 1375 3819 controversia
1437 3762 1610 3817 tenuit
1675 3762 1916 3818 Ecclesia
1978 3762 2205 3818 Christi.

611 3855 871 3925 Quamvis
896 3856 1042 3912 enim
1079 3873 1185 3911 non
1216 3855 1482 3912 habeatur
1507 3856 1560 3910 in
1590 3868 1656 3910 eo
1679 3854 1817 3911 libro
1846 3855 1939 3926 qni
1980 3856 2082 3911 sub
2109 3870 2206 3911 no-

613 3949 759 4004 mine
784 3947 1033 4004 Ieremia:
1062 3947 1332 4014 titulatur,
1360 3946 1631 4004 Ieremias
1670 3956 1848 4005 tamen
1899 3948 2003 4004 hoc
2048 3948 2205 4016 dixit,

574 4040 589 4045 ’
612 4038 738 4111 quia
769 4039 857 4095 ille
885 4039 977 4111 qui
1010 4039 1114 4095 hoc
1149 4039 1389 4110 scripsit,
1425 4054 1489 4095 ex
1526 4054 1622 4095 ore
1656 4038 1906 4096 Ieremia!
1939 4039 2044 4096 hoc
2071 4040 2210 4096 scri-

612 4129 722 4200 psit
746 4129 983 4195 Barnch,
1009 4129 1101 4199 qui
1122 4128 1376 4186 Ieremia:
1405 4130 1651 4187 notarius
1679 4130 1910 4186 exstitit.
1955 4129 2106 4188 Unde
2130 4132 2209 4188 sic

614 4222 669 4276 in
694 4219 929 4276 Ieremia
962 4220 1158 4290 legitur
1183 4237 1199 4276 :
1235 4238 1253 4273 ι
1283 4220 1508 4277 Vocavit
1541 4236 1671 4292 ergo
1698 4219 1967 4278 Ieremias
1992 4222 2207 4279 Baruch

614 4313 786 4367 lilium
810 4310 1004 4377 Neriae,
1047 4320 1103 4366 et
1127 4312 1345 4383 scripsit
1362 4313 1586 4369 vBaruch
1614 4328 1679 4370 ex
1704 4329 1801 4370 ore
1825 4313 2075 4371 Ieremia:
2097 4330 2210 4370 om-

2303 433 2444 487 braea
2469 433 2650 506 lingua
2673 435 2955 502 dixerunt;
2976 452 3098 507 qua:
3119 439 3457 511 scripserunt,
3480 442 3658 503 Ilebm
3672 456 3761 525 stylo

2301 525 2665 595 scripserunt,
2709 537 2763 583 et
2792 528 2932 599 apud
2988 545 3109 585 nos.
3153 529 3415 601 Quidquid
3458 549 3569 609 ergo
3603 541 3763 606 aliaat:

2301 615 2418 687 lege
2447 626 2503 673 et
2530 619 2829 688 prophetis,
2858 636 3023 690 quam
3052 624 3192 692 apud
3222 638 3322 678 nos
3356 624 3588 696 habetur;
3607 637 3763 695 cutim

2300 724 2464 793 quam
2498 711 2734 779 primum
2773 713 3057 785 exemplar
3089 715 3353 785 continet,
3394 718 3565 789 aliquis
3586 723 3763 799 interm.

2302 808 2449 855 tatus
2477 810 2584 866 est,
2604 800 2742 855 falso
2777 801 3168 874 interpretatus
3196 814 3298 870 est,
3328 822 3425 862 nec
3449 807 3765 878 alicujusaacto-

2304 893 2483 949 ritatis
2513 907 2636 950 esse
2660 904 2862 964 potest.
2891 896 3084 954 Videte
3109 897 3277 968 igitur
3300 900 3438 957 unde
3464 901 3764 982 habeath

2302 986 2449 1041 niam
2476 1001 2506 1041 a
2536 987 2697 1045 nobis
2725 1002 2790 1043 ea
2824 1003 2935 1044 non
2963 990 3200 1084 habet“.

2923 1097 3293 1140 CHRISTIANUS.

2374 1173 2731 1245 Septuaginta
2754 1173 2875 1231 illos
2892 1177 2993 1232 sub
3013 1175 3197 1249 Moyse
3222 1176 3368 1233 viros
3385 1176 3654 1243 interpretes
3664 1185 3765 1246 fuisse

2301 1281 2411 1323 non
2435 1264 2690 1334 dicimus,
2720 1264 2817 1321 sed
2853 1274 3062 1322 tantum
3085 1283 3247 1327 senes
3276 1269 3451 1345 populi
3472 1280 3606 1343 atque
3618 1275 3763 1347 jttdices.

2303 1355 2412 1412 Sed
2462 1356 2585 1411 illos
2632 1356 2801 1413 fuisse
2867 1360 3210 1434 septuaginta
3270 1359 3569 1433 interpretes
3604 1366 3764 1435 dicimus,

2303 1460 2440 1516 quos
2470 1447 2538 1501 ad
2570 1446 2621 1501 id
2658 1445 2814 1502 oliicii
2847 1448 3079 1520 populus
3103 1447 3409 1504 Judzeorum
3434 1452 3562 1506 misit
3582 1454 3634 1508 ad
3652 1456 3764 1513 Ptolo-

2303 1555 2483 1595 meunt
2509 1554 2690 1609 regem
2734 1538 2977 1612 Egypti,
3002 1538 3117 1608 jam
3149 1542 3376 1599 subacto
3398 1558 3545 1614 regno
3564 1544 3765 1605 Iudam

2304 1632 2373 1687 ab
2404 1632 2473 1664 ¹θ⁶
2495 1632 2765 1688 Antiocho
2813 1622 2939 1706 rege
2977 1633 3222 1707 Egypti.
3271 1634 3338 1690 Hi
3381 1651 3411 1691 a
3462 1636 3591 1693 vobis
3621 1640 3767 1695 Alcm-

2301 1725 2471 1781 driatn
2496 1724 2647 1780 missi
2684 1735 2832 1791 sunt,
2874 1734 2932 1781 et
2977 1727 3120 1797 apud
3156 1726 3527 1784 Alexandriam
3552 1730 3767 1803 Scriptum

2299 1830 2509 1881 omnes,
2533 1830 2670 1886 quas
2705 1826 2833 1871 tunc
2862 1816 3168 1884 habebatis,
3192 1832 3263 1873 ex
3305 1817 3514 1875 llebrzeo
3541 1822 3584 1876 in
3607 1821 3765 1880 Grauia

2301 1906 2645 1977 interpretati
2681 1917 2827 1963 sunt.
2869 1908 2940 1963 At
2963 1923 3093 1963 vero
3119 1925 3266 1963 nunc
3289 1909 3361 1964 ita
3388 1910 3456 1965 sit
3478 1912 3596 1981 apud
3612 1928 3692 1979 vos,
3709 1931 3764 1970 sa

2302 1999 2484 2071 aliquo
2514 2001 2673 2056 modo
2703 2000 3074 2068 immutatum,
3104 2000 3190 2057 vel
3233 2018 3452 2073 prorsus
3489 2004 3546 2059 de
3578 2007 3702 2060 medio
3726 2009 3767 2062 tit

2301 2092 2600 2159 sublatum,
2634 2092 2837 2160 nescio,
2863 2091 2957 2148 sed
2984 2094 3241 2165 quoniam
3283 2094 3368 2151 lex
3400 2096 3562 2153 sanxit
3582 2099 3765 2167 quodtin

2299 2198 2395 2240 ore
2416 2184 2649 2241 duorum
2692 2185 2778 2241 vel
2826 2185 2989 2247 trium
3014 2187 3235 2242 testium
3286 2188 3450 2244 stabit
3472 2203 3608 2245 omne
3628 2192 3767 2246 verbum

2303 2282 2485 2349 (Deut.
2533 2302 2647 2354 xtx,
2679 2284 2792 2356 I5),
2824 2303 2844 2339 ι
2876 2284 3034 2357 plane
3072 2286 3298 2341 concedi
3343 2295 3543 2356 oportet
3581 2287 3680 2356 apud
3699 2303 3767 2345 tu.

2302 2384 2364 2430 ut
2395 2384 2504 2431 stet
2536 2376 2687 2433 illum
2726 2377 2951 2433 verbum
3000 2376 3146 2448 quod
3188 2378 3520 2448 septuaginta
3552 2378 3769 2445 interprete

2302 2476 2500 2526 vestra:
2527 2469 2707 2540 gentis
2754 2468 3039 2541 approbati
3088 2478 3258 2525 testes
3303 2469 3417 2539 pari
3460 2480 3771 2525 consensimu-

2303 2570 2525 2618 stantur
2551 2560 2619 2594 ¹⁰⁷
2651 2576 2772 2618 esse
2802 2562 3031 2629 dictum,
3053 2572 3107 2617 et
3132 2563 3185 2618 in
3211 2562 3444 2619 Ieremia
3469 2564 3770 2633 scriptummee

2306 2659 2438 2715 dum
2465 2659 2610 2714 enim
2649 2657 2944 2715 Christiani
2973 2666 3151 2715 erant.
3177 2658 3423 2728 Denique
3446 2658 3494 2714 in
3513 2657 3685 2713 exordio
3700 2656 3772 2711 fidei

2306 2758 2507 2806 nostra:
2557 2765 2692 2821 gens
2738 2758 2956 2813 vestra,
3010 2750 3134 2806 fidei
3178 2757 3385 2806 nostra:
3432 2746 3612 2812 :emula,
3648 2760 3775 2815 magna

2304 2840 2484 2899 adhuc
2536 2842 2847 2898 eminentia:
2902 2851 3058 2909 erat,
3118 2841 3325 2899 multos
3375 2840 3511 2897 viros
3553 2840 3685 2895 adhuc
3717 2840 3773 2894 lu-

2304 2935 2467 2991 bebat
2503 2950 2729 2990 summa:
2754 2933 3019 2990 facundiae
3058 2944 3113 2991 et
3142 2936 3329 3006 magni
3362 2933 3566 3006 ingenii,
3593 2944 3632 2989 et
3652 2933 3775 2987 utrius-

2306 3043 2411 3098 que
2455 3027 2651 3098 Iingua:
2698 3026 2940 3083 Hebraea:
2988 3036 3155 3098 atque
3196 3026 3408 3083 Latinas
3449 3027 3620 3096 optime
3652 3024 3775 3080 instrn-

2306 3128 2447 3173 ctos.
2503 3115 2656 3174 Multi
2708 3131 2926 3188 quoque
2985 3126 3117 3173 tunc
3179 3118 3413 3189 gentiles
3453 3116 3693 3189 philosophi
3722 3114 3774 3167 itt-

2307 3209 2441 3266 teris
2493 3208 2736 3276 Graecis,
2789 3208 3031 3264 Ilebmis
3092 3220 3148 3265 et
3192 3207 3410 3265 Latinis
3447 3222 3581 3278 aeque
3619 3204 3775 3262 insueti

2303 3309 2483 3365 erant,
2520 3314 2711 3356 omnes
2737 3300 3003 3356 adversus
3047 3299 3212 3355 fidem
3251 3298 3493 3357 nostram
3518 3299 3775 3369 insurgebat.

2307 3407 2372 3449 ac
2411 3392 2759 3463 quaestiones,
2789 3391 2930 3448 bella
2960 3401 3016 3449 et
3061 3393 3365 3449 seditiones
3405 3393 3662 3457 movebant,
3690 3405 3777 3459 qua-

2308 3485 2537 3552 stiones,
2588 3486 2832 3556 inquam,
2870 3484 3162 3541 movebant
3201 3486 3376 3555 domi,
3405 3486 3527 3542 foris
3548 3485 3776 3557 plerumque

2303 3580 2468 3634 etiam
2516 3579 2913 3636 universalibus
2950 3579 3195 3634 consiliis
3228 3579 3587 3635 universaliter
3608 3592 3678 3648 per
3704 3590 3776 3645 pro-

2306 3670 2517 3727 vincias
2568 3670 2920 3727 denuntiatis.
2971 3671 3031 3726 In
3070 3687 3266 3729 manus
3296 3672 3367 3706 ¹⁸⁸
3390 3673 3471 3728 lex
3515 3681 3564 3727 et
3600 3668 3777 3740 prophetat

2309 3756 2670 3823 habebantur,
2717 3756 3142 3813 revolvebantur
3187 3758 3401 3829 prolata
3449 3753 3719 3815 testimonia,
3745 3753 3775 3804 il

2308 3860 2540 3921 utraque
2560 3849 2741 3921 lingua
2764 3849 3229 3916 diseutiebantur;
3256 3860 3437 3907 tamen
3459 3849 3610 3905 nullus
3624 3854 3776 3901 vestrum

2311 3944 2453 3999 hanc
2497 3942 2841 4014 praesumpsit
2880 3941 3226 4007 calumniam,
3284 3953 3346 3998 ut
3382 3942 3522 3997 falsa:
3564 3941 3778 4007 interpun-

2309 4036 2478 4093 tionis
2504 4051 2599 4093 eos
2629 4045 2904 4106 argueret,
2935 4050 3040 4106 qua
3077 4034 3237 4091 fidem
3276 4037 3432 4092 nobis
3462 4033 3597 4090 facile
3627 4031 3778 4087 aditum

2307 4138 2515 4201 posset.
2546 4127 2858 4199 Philosophi
2888 4143 3017 4199 ergo
3045 4127 3299 4199 gentiles,
3331 4128 3433 4183 hac
3459 4126 3628 4182 omissa
3647 4118 3779 4195 penitus

2307 4221 2601 4287 calumnia,
2628 4220 2922 4293 prophetas
2958 4235 3056 4291 pro
3083 4220 3171 4275 vili
3204 4220 3495 4283 habebant,
3524 4219 3637 4272 dicta
3666 4223 3776 4267 eorum

2309 4317 2660 4387 respuebant,
2706 4313 2800 4369 sed
2826 4313 3020 4368 callida
3051 4312 3264 4368 dicendi
3314 4313 3540 4369 versutia
3580 4310 3696 4364 fidem
3722 4317 3776 4357 no-

615 4416 715 4458 nes
745 4415 1025 4458 sermones
1053 4401 1265 4458 Domini
1296 4418 1432 4472 quos
1460 4402 1673 4460 locutus
1696 4415 1780 4461 est
1808 4404 1876 4461 ad
1904 4420 2029 4462 eum
2060 4406 2131 4439 ¹⁰⁸
2152 4409 2205 4462 in
2229 4437 2285 4498 υ
2310 4417 2481 4463 stram
2513 4407 2709 4462 laedere
2756 4405 3119 4461 attentabant.
3158 4404 3467 4474 Philosophi
3497 4413 3655 4458 vestra
3673 4394 3779 4465 gentis

615 4494 894 4552 volumine
917 4495 1041 4553 libri
1068 4495 1205 4552 Ner.
1235 4512 1422 4566 xxxvr,
1453 4497 1532 4569 ι).
1583 4517 1604 4552 ι

1293 4610 1524 4651 ιυυευε.

686 4685 763 4744 De
786 4686 906 4743 istis
926 4686 1265 4757 septuaginta
1291 4686 1601 4742 doctoribus
1619 4686 1753 4742 nihil
1769 4688 1909 4758 apud
1936 4703 2035 4744 nos
2057 4688 2202 4745 aliud

615 4779 871 4847 habetur,
901 4779 1000 4833 nisi
1041 4779 1184 4849 quod
1233 4778 1568 4849 temporibus
1603 4778 1795 4850 Moysi,
1824 4779 2035 4852 Moyses
2090 4781 2205 4851 ipse

617 4870 959 4940 septuaginta
987 4868 1133 4923 viros
1158 4867 1320 4936 elegit
1351 4883 1508 4924 senes
1539 4869 1741 4939 populi,
1772 4885 1908 4939 quos
1937 4870 2019 4925 sui
2048 4871 2202 4942 adju-

620 4972 788 5028 tores,
818 4972 868 5017 et
901 4977 1088 5016 earum
1120 4977 1240 5029 qum
1282 4973 1440 5015 erant
1470 4963 1521 5016 itt
1558 4962 1754 5032 populo
1788 4961 2201 5019 altercationnut

614 5058 826 5129 iudices
848 5070 970 5112 esse
990 5057 1290 5111 constituit.
1313 5055 1407 5111 Isti
1432 5071 1531 5110 nec
1553 5054 1865 5126 Scriptttras
1884 5056 2203 5125 docuerunt,

620 5149 749 5218 quia
774 5148 1013 5204 nondum
1036 5156 1217 5213 erant,
1236 5163 1336 5204 nec
1359 5146 1672 5215 Seripturas
1697 5146 2034 5217 interpretati
2054 5157 2203 5203 sunt.

620 5237 955 5295 Procedente
983 5254 1113 5294 vero
1140 5248 1441 5306 temporum
1472 5247 1634 5308 atque
1671 5251 1851 5292 rerum
1873 5238 2033 5305 serie,
2062 5237 2204 5308 apud

619 5344 724 5387 nos
761 5339 948 5401 postea
976 5328 1202 5387 fuerunt
1240 5327 1410 5384 David
1454 5337 1512 5384 et
1560 5327 1855 5399 prepltetae,
1898 5328 1990 5402 qui
2037 5329 2203 5385 multa

2310 4501 2604 4572 prophetas
2641 4498 2886 4555 refellere
2931 4514 3036 4554 non
3059 4497 3314 4553 volebant
3356 4512 3454 4553 nec
3478 4486 3777 4555 valebantnd.

2312 4595 2415 4650 hac
2447 4595 2575 4649 item
2604 4592 2804 4649 omissa
2840 4591 3133 4656 calumnia,
3171 4590 3482 4663 Seripturas
3512 4584 3651 4658 longe
3687 4582 3780 4635 alim

2311 4683 2533 4756 intelligi
2569 4692 2823 4755 o;‘ortere
2863 4682 3137 4747 dicebant,
3194 4696 3296 4737 suo
3342 4696 3498 4737 sensu
3525 4672 3778 4747 exponebat.

2311 4790 2596 4845 causasque
2625 4790 2737 4830 sua:
2767 4774 3060 4845 prophetas
3103 4789 3192 4831 res
3226 4783 3387 4844 atque
3416 4781 3628 4841 tempora
3649 4772 3780 4820 contra

2313 4870 2522 4927 minare
2569 4866 2875 4922 tentabant.
2925 4864 3032 4921 Sed
3079 4864 3327 4935 quamvis
3361 4883 3380 4915 ι
3420 4862 3780 4919 astiteruntregﬁ

2313 4973 2491 5025 teme,
2520 4971 2576 5016 et
2606 4960 2876 5032 principes
2920 4968 3293 5015 convenerunt
3342 4957 3395 5011 in
3443 4968 3589 5009 unum
3611 4945 3780 5003 adversus

2313 5055 2598 5110 Dominum
2628 5061 2682 5108 et
2711 5054 2969 5115 adversus
2997 5052 3274 5109 Christum
3297 5050 3433 5123 ejus,
3460 5068 3478 5102 ι
3508 5046 3670 5101 frustra
3691 5056 3703 5089 ι
3722 5034 3781 5123 Ir?

2311 5153 2565 5199 muerunt
2590 5150 2869 5215 gentes,et
2893 5142 3074 5214 populi
3098 5120 3337 5197 meditati
3367 5148 3489 5195 sunt
3512 5120 3780 5219 inania(Pth

2312 5251 2375 5302 II,
2409 5234 2462 5301 I,
2487 5234 2567 5306 2).
2604 5252 2624 5288 ι
2654 5231 2851 5289 Verum
2873 5232 2942 5288 de
2970 5232 3054 5288 his
3079 5232 3344 5287 hactenus
3366 5228 3525 5285 Isaias
3548 5222 3697 5283 eodem
3715 5228 3779 5281 Si?

2314 5329 2419 5398 ritu
2447 5327 2715 5399 aspiratns
2752 5340 2859 5398 quo
2894 5333 2951 5381 et
2980 5323 3267 5391 Ieremlas,
3296 5323 3432 5381 idem
3468 5320 3579 5376 licet
3600 5311 3693 5370 aliis
3713 5318 3779 5360 κιο

1927 5481 2162 5539 VARUS
2201 5478 2606 5539 LECTIONES.

695 5626 762 5659 ηδ
787 5624 891 5680 ιιι,
952 5620 1124 5687 ηεηιη
1172 5623 1503 5681 Testamenti
1544 5623 1778 5678 codices.

1913 5624 1981 5656 ¹⁰⁵
2017 5623 2118 5679 Mc.
2171 5625 2229 5680 S.
2283 5623 2431 5686 Cen,
2466 5632 2547 5678 est
2594 5621 2958 5680 Dominusad
3020 5635 3167 5678 eum.

3263 5673 3267 5675 .
3302 5617 3366 5659 ³⁸⁵
3394 5615 3491 5672 Ns.
3549 5596 3775 5669 Βία-,δαῖε

626 5694 687 5743 9'”
726 5697 819 5751 Its.
849 5694 905 5750 S.
941 5694 1089 5761 Cm,
1119 5711 1340 5753 assensu
1366 5704 1763 5750 contestantur.
1844 5696 1910 5727 ⁸⁸³
1936 5694 2037 5749 Ms.
2176 5696 2323 5761 Gen,
2359 5696 2409 5750 in
2440 5709 2624 5750 manu.
