3990 6310
186 323 329 381 {039
1119 313 1529 371 DlSl‘UTATlO
1563 314 1783 370 JUDASI
1823 314 1967 371 CUM
2006 314 2444 371 CURISTIANO.
2696 330 2699 331 '
3339 320 3480 377 “330

188 435 274 490 bis
315 431 641 505 pmnunﬁat
670 444 685 485 :
715 448 736 483 ι
767 427 895 485 Hac
944 430 1073 485 dicit
1106 428 1403 484 Dominus:
1434 424 1662 496 Propter
1685 425 1785 479 hoc
1815 439 1859 495 Α
1890 441 2018 480 num
2043 425 2338 498 (lbid.,li,
2370 428 2479 499 15).
2506 447 2525 481 ι
2555 427 2650 503 ιη’
2679 428 2736 485 Si
2757 430 2823 485 ad
2842 429 3099 495 litteram,
3127 441 3179 486 et
3200 436 3475 490 communi

182 527 324 583 sciet
350 523 580 596 populus
602 537 756 578 meus
778 536 972 577 nomen
994 536 1175 577 meum
1195 522 1247 576 in
1271 521 1359 577 die
1385 521 1494 583 illa,
1526 520 1652 590 quia
1678 534 1778 590 ego
1880 531 2044 571 sensu
2099 517 2214 573 lucc
2256 519 2402 575 dicta
2455 521 2813 592 accipiuntur,
2871 524 3145 593 quomodo
3197 524 3285 580 ille
3339 541 3476 595 puer

184 620 303 689 ipse
330 618 420 687 qui
449 617 730 686 loquebar,
748 630 876 669 ecce
896 616 1087 669 adsum
1115 613 1434 682 (lsa,t.tt,6)
1459 629 1473 678 ;
1505 633 1524 665 ο
1548 614 1648 668 hoc
1668 621 1775 678 est,

158 710 300 779 ipse
330 710 399 741 “’
421 708 511 778 qui
545 722 641 774 per
666 706 887 776 Moysen
918 705 1198 775 loquebar,
1226 705 1318 775 qui
1359 720 1456 774 per
1483 704 1619 759 alios
1646 720 1775 775 pro-

182 794 379 872 phetas
420 799 700 871 loquebar,
748 813 845 868 per
888 798 1267 868 memetipsum
1316 798 1547 862 loculus,
1599 816 1622 849 r
1648 810 1778 852 cere

181 893 403 947 adsum.
441 900 467 943 ›“
489 891 570 944 Ad
596 890 752 959 cujus
772 904 1056 943 occursum
1088 889 1342 944 hortatur
1361 904 1455 943 vos
1480 889 1620 944 idem
1653 904 1778 958 pro-

170 986 345 1049 pheta
366 981 427 1035 in
456 980 567 1034 alio
594 978 752 1036 loco:
785 996 803 1031 ι
841 979 1091 1049 Praeparat
1134 989 1205 1041 te.
1248 979 1438 1047 Israel,
1480 980 1534 1033 in
1579 994 1771 1035 occur-

174 1086 300 1126 sum
330 1072 537 1126 Domini
572 1072 667 1137 tui,
690 1073 947 1141 quoniam
976 1072 1121 1126 venit
1156 1074 1338 1134 (Amos
1383 1088 1458 1136 Iv,
1504 1073 1627 1142 12);
1669 1092 1689 1125 ι
1718 1080 1777 1128 et

175 1167 243 1220 de
266 1179 375 1235 quo
400 1168 515 1234 ejus
562 1166 630 1218 ad
653 1180 754 1220 nos
795 1165 1031 1220 adventu
1065 1164 1334 1235 loquitur,
1372 1166 1496 1221 audi
1549 1165 1775 1222 eviden-

174 1254 289 1309 tius
310 1271 331 1308 ξ
370 1273 389 1305 ι
431 1254 812 1310 Habitantibus
856 1256 910 1310 in
953 1256 1173 1325 regione
1200 1257 1407 1310 umbrae
1438 1258 1650 1321 mortis,
1679 1256 1771 1310 lux

170 1357 294 1400 οιιιιι
330 1355 411 1400 est
438 1345 519 1400 eis
555 1345 692 1416 (lea.
718 1363 797 1411 ιι,
824 1347 905 1415 2).
954 1368 973 1401 ι
1001 1346 1151 1414 Quae,
1202 1347 1447 1417 inquam,
1490 1347 1604 1415 lux,
1644 1348 1771 1401 audi

168 1438 380 1509 absque
406 1438 513 1492 ulla
534 1439 995 1509 ‘xequivoeationis
1020 1441 1381 1511 ambiguitate
1406 1459 1421 1495 :
1451 1458 1470 1493 ι
1507 1440 1773 1497 Parvulas

166 1531 514 1587 eninrnatus
540 1541 625 1585 est
656 1532 837 1599 nobis,
868 1532 1012 1588 ﬁlius
1047 1534 1210 1588 datus
1254 1543 1338 1589 est
1382 1535 1541 1589 nobis
1580 1535 1801 1605 (Ibid.,.

162 1619 247 1690 ε).
297 1640 317 1675 ι
351 1619 502 1689 Quis,
541 1622 782 1692 inquam,
813 1623 1067 1693 parvulus
1097 1633 1183 1679 est
1218 1625 1322 1681 iste
1361 1626 1455 1695 qui
1494 1637 1655 1683 natus
1687 1635 1775 1682 est

161 1711 352 1779 nobis,
384 1714 527 1769 ﬁlius
551 1714 644 1785 qui
676 1715 835 1771 datus
875 1726 962 1771 est
1005 1716 1200 1771 nobis?
1234 1718 1360 1771 audi
1404 1718 1623 1773 adhuc:
1655 1737 1675 1770 ι
1704 1717 1773 1772 Ει

1879 608 2217 665 comestione
2248 611 2429 683 butyri
2472 622 2525 667 et
2556 614 2731 669 mellis
2770 614 2905 671 sciet
2936 616 3232 686 rcprobare
3270 616 3472 672 malum

1880 708 1936 753 ct
1969 699 2172 770 eligere
2200 701 2465 776 bouum?_l
2492 721 2653 776 quam
2684 707 3069 763 discretionem
3102 708 3230 765 boni
3267 718 3320 763 et
3346 710 3471 764 mali

1878 789 1972 845 dat
1997 792 2262 845 comestio
2294 793 2471 849 mellis
2493 805 2547 850 et
2577 797 2795 868 butyri?
2817 797 2956 867 Quid
2985 801 3051 854 ad
3084 816 3196 862 rem
3229 792 3473 855 scribere

1877 881 2022 950 quod
2063 880 2151 936 ille
2181 898 2315 952 puer
2344 887 2656 941 comederet
2685 888 2935 961 butyrum
2959 898 3015 944 et
3044 888 3181 952 mel,
3209 889 3254 945 si
3283 889 3349 944 ad
3386 888 3473 946 lit-

1878 980 2052 1027 teram
2086 973 2201 1029 haec
2224 975 2394 1047 accipi
2428 976 2634 1031 vellet?
2657 978 2809 1047 Quod
2831 981 3068 1050 signum,
3097 981 3181 1037 vel
3211 982 3366 1052 cujus
3391 981 3471 1037 rei

1877 1064 2089 1132 signum
2120 1075 2284 1129 esset.
2315 1069 2460 1137 quod
2490 1068 2829 1131 abscondita.
2872 1073 2923 1125 id
2966 1082 3049 1127 est
3075 1072 3219 1129 domi
3253 1074 3466 1129 reclusa

1877 1154 2057 1224 aliqua
2098 1156 2273 1226 puella
2310 1158 2659 1228 conciperet?
2690 1158 2881 1214 Omnia
2928 1175 3056 1231 ergo
3087 1163 3201 1217 haec
3226 1203 3239 1227 ,
3268 1162 3370 1218 nisi
3399 1158 3470 1219 ad

1878 1247 2105 1318 ﬁguram
2135 1258 2193 1304 et
2237 1251 2504 1322 spirituali
2537 1261 2697 1320 atque
2729 1252 2959 1322 mystico
3000 1269 3161 1309 sensu
3193 1256 3333 1310 dicta
3370 1270 3470 1309 ac-

1876 1340 2179 1410 cipiantur,
2226 1342 2416 1413 puerili
2444 1344 2668 1399 omnino
2713 1358 2875 1399 sensu
2904 1355 2961 1398 et
2995 1344 3139 1398 inani
3174 1346 3315 1401 dicta
3345 1363 3471 1403 esse

1874 1446 1904 1485 a
1956 1433 2219 1502 propheta
2249 1434 2687 1499 considerantur,
2730 1434 2873 1503 quod
2919 1434 3044 1505 quia
3071 1435 3218 1489 credi
3264 1446 3320 1490 et
3358 1436 3471 1492 dici

1876 1525 2173 1579 absurdum
2222 1536 2341 1592 est;
2384 1526 2721 1591 abscondita,
2757 1526 2861 1581 hoc
2890 1535 3003 1592 est,
3028 1526 3096 1581 ab
3139 1544 3328 1583 amore
3364 1528 3468 1583 viri
3546 1514 3555 1519 ’

1874 1622 1931 1673 et
1972 1615 2119 1670 onmi
2148 1616 2473 1686 contagione
2516 1617 2723 1687 peccati
2771 1625 2989 1671 servata
3024 1604 3258 1690 concipit
3280 1657 3299 1686 ,
3326 1620 3470 1675 sicut

1876 1709 2100 1778 angelus
2130 1711 2197 1764 ad
2224 1710 2501 1781 \irginem
2548 1710 2825 1782 respondit
2849 1729 2865 1764 :
2893 1729 2911 1762 ι
2946 1709 3227 1777 Quomodo
3248 1751 3262 1775 ,
3290 1711 3469 1781 inquit

156 1804 455 1860 vocabitur
476 1820 670 1860 nomen
689 1804 1609 1872 ejus,Admirabilis,Consilii-rius,
1628 1808 1767 1863 Deus
1800 1791 1843 1850 Β
1875 1802 1994 1867 illa.
2047 1802 2138 1859 ίίῡι
2168 1802 2309 1869 ίευιηά
2336 1843 2352 1868 ν
2396 1803 2651 1872 quoniam
2689 1803 2866 1857 "imm
2916 1817 3025 1857 "0"
3064 1804 3368 1872 cognosco?
3400 1804 3468 1860 Ει

161 1893 349 1958 fortis,
366 1894 526 1950 Pater
550 1895 714 1950 futuri
737 1895 1217 1966 smculi,Princeps
1242 1899 1393 1968 pacis
1414 1899 1606 1968 (υἱώ,
1626 1898 1715 1966 9):
1740 1918 1762 1951 ι

158 1994 220 2041 et
244 1986 547 2057 cujusmodi
575 1986 758 2056 pacis?
789 2005 810 2039 ι
837 1986 1285 2059 multiplicabitur
1306 1988 1423 2057 ejus
1453 1989 1762 2059 imperium,

156 2080 389 2150 etpaeis
412 2095 520 2135 non
547 2081 653 2136 erit
674 2081 799 2137 ﬁnis
816 2081 1005 2154 (llud,
1030 2082 1106 2152 7),
1127 2101 1146 2135 ι
1168 2083 1319 2152 quia,
1338 2082 1767 2152 sicutsequitur,

163 2186 184 2221 ι
207 2169 413 2225 amodo
428 2178 485 2224 et
499 2185 668 2241 usque
692 2172 743 2226 in
761 2173 1150 2242 sempiternum
1161 2174 1267 2228 erit
1288 2171 1499 2241 (lbid.).
1514 2192 1602 2224 1-
1617 2172 1766 2242 clpse

156 2274 269 2329 ego
291 2261 383 2329 qui
425 2261 680 2331 loquebar
708 2262 844 2335 (Im.
874 2278 974 2330 ιιι,
1004 2264 1082 2334 6).
1132 2264 1222 2333 qui
1268 2264 1519 2319 adinveni
1545 2279 1762 2320 omnem

158 2350 315 2405 viain
342 2350 679 2421 disciplinas,
729 2364 787 2409 et
835 2356 957 2410 dedi
1009 2370 1129 2411 eam
1180 2355 1346 2411 Jacob
1386 2372 1555 2426 puero
1600 2371 1759 2421 meo.

155 2452 223 2499 et
268 2442 435 2499 Israel
470 2445 643 2500 electo
694 2462 815 2503 meo
859 2447 1116 2519 (Bamclt.
1148 2464 1232 2514 Ill,
1263 2450 1387 2520 '57);
1443 2470 1462 2501 ι
1496 2465 1622 2506 ecce
1664 2452 1765 2504 ad-

154 2550 288 2591 sum
318 2535 457 2602 (Ita.
501 2553 598 2603 LII,
643 2538 700 2608 6)
744 2558 765 2591 ι
817 2539 980 2595 homo
1028 2540 1241 2605 factus,
1294 2560 1313 2593 ε
1359 2557 1484 2597 cum
1530 2543 1762 2608 homini-

154 2624 268 2681 bus
316 2626 372 2681 in
413 2628 575 2684 terris
612 2640 967 2686 conversatus
1006 2630 1238 2703 (Βαναεή
1273 2648 1355 2697 ιιι,
1396 2633 1507 2704 38).
1539 2652 1559 2684 ι
1601 2632 1762 2689 Chri-

152 2726 281 2773 stus
330 2732 479 2791 ergo,
525 2719 652 2790 quia
690 2721 849 2777 homo
878 2730 995 2789 est;
1041 2738 1223 2794 capucr
1269 2734 1430 2780 natus
1463 2735 1548 2782 est
1583 2726 1755 2789 nobis,

152 2815 212 2862 et
265 2808 409 2865 tllius
436 2810 596 2867 datus
641 2821 727 2867 est
753 2813 928 2879 nobis,
963 2834 982 2866 ι
1029 2815 1151 2884 quia
1194 2823 1251 2869 et
1294 2815 1437 2871 Deus
1466 2825 1568 2881 est,
1621 2834 1641 2867 ι
1671 2831 1760 2871 vo-

162 2897 391 2953 cabitur
405 2915 597 2955 nomen
616 2899 750 2969 ejus,
783 2903 1153 2967 Admirabilis,
1185 2904 1555 2961 Consiliarius.
1593 2906 1754 2971 Deus,

155 2989 347 3053 fontis,
373 2990 534 3053 Pater
573 2992 741 3047 futuri
782 2994 988 3061 surculi,
1018 2994 1279 3067 Princeps
1309 2997 1492 3067 pacis,
1518 3006 1573 3053 et
1600 3000 1756 3067 pacis

156 3096 269 3135 non
301 3081 415 3137 crit
443 3083 588 3151 ﬁnis,
612 3086 737 3154 quia
768 3089 966 3145 amodo
993 3097 1048 3143 et
1084 3103 1255 3158 usque
1282 3090 1334 3143 in
1361 3091 1752 3161 sempiternum

150 3174 285 3227 erit.
322 3193 339 3219 »
373 3173 429 3229 Si
458 3190 593 3244 puer
627 3176 748 3243 ille,
782 3178 925 3234 sicut
954 3177 1095 3235 alius
1113 3179 1371 3248 quilibet,
1411 3180 1465 3234 in
1496 3180 1749 3251 iniquita-

152 3263 307 3318 tibus
340 3277 634 3337 conceptus
662 3278 841 3339 esset,
865 3279 924 3324 et
950 3270 1003 3325 in
1038 3271 1279 3341 peccatis
1302 3288 1425 3327 eum
1457 3282 1633 3328 mater
1658 3288 1754 3344 pe-

151 3358 420 3426 perisset,
450 3360 578 3429 quid
617 3377 752 3431 puer
781 3362 872 3417 ille
912 3364 981 3421 ab
1029 3362 1136 3419 alio
1173 3362 1452 3420 diﬁerret?
1481 3367 1756 3435 quomodo

149 3450 315 3505 solus
333 3469 351 3501 ι
374 3451 513 3505 inter
529 3464 776 3509 mortuos
795 3454 929 3509 liber
949 3455 1250 3511 existeret?
1268 3474 1287 3509 ι
1310 3454 1483 3527 (l’sal.
1508 3472 1752 3523 Lxxxvu,

149 3539 234 3611 3.)
262 3543 537 3609 quomodo
581 3542 698 3610 ejus
723 3545 1125 3613 generationem
1174 3546 1316 3600 idem
1349 3546 1464 3617 ipse
1490 3548 1753 3617 propheta

147 3630 584 3688 ineuarrabilem
608 3632 813 3689 diceret
845 3651 858 3688 :
896 3653 914 3686 ι
944 3634 1384 3704 Generationem,
1411 3636 1608 3706 inquit,
1637 3639 1757 3708 ejus

146 3723 285 3793 quis
316 3725 623 3779 enarrabit?
653 3744 673 3778 ι
709 3724 846 3796 (lia.
870 3728 1050 3797 utt,7,
1078 3727 1160 3797 8.)
1190 3727 1297 3782 Sed
1326 3743 1490 3798 super
1519 3743 1756 3796 genera-

150 3816 367 3870 tionem
401 3813 519 3884 ejus
562 3817 683 3871 ideo
719 3818 1026 3888 obstupuit,
1056 3829 1115 3875 et
1144 3819 1562 3876 inenarrabilem
1595 3820 1753 3886 dixit,

145 3908 290 3979 quia
322 3922 493 3977 neque
522 3909 576 3961 iu
604 3908 890 3980 iniquitate
917 3921 1093 3967 mater
1115 3912 1541 3983 eumconcepit,
1578 3926 1753 3981 neque

149 3999 206 4050 in
237 3997 481 4066 peccatis
510 4006 686 4053 mater
731 4015 855 4054 eum
896 4002 1127 4071 peperit,
1160 4003 1255 4058 sed
1302 4003 1453 4073 virgo
1480 4004 1752 4073 concepit,

147 4087 315 4157 virgo
340 4089 579 4157 peperit,
610 4099 667 4144 et
695 4089 817 4145 ideo
860 4091 1007 4146 solus
1042 4111 1060 4144 ι
1093 4093 1237 4146 inter
1274 4102 1517 4147 mortuos
1556 4094 1692 4148 liber
1728 4112 1746 4146 ι

145 4179 390 4234 exstitit.
427 4180 559 4235 Illud
590 4182 822 4253 denique.
848 4183 992 4252 quod
1023 4185 1230 4253 negatis
1253 4199 1375 4238 esse
1404 4185 1667 4252 scriptum
1699 4185 1752 4239 in

146 4271 301 4326 Isaia
336 4286 350 4321 :
384 4290 403 4322 ι
433 4271 574 4328 Ecce
603 4273 755 4344 virgo
784 4274 1053 4343 concipiet
1098 4282 1155 4328 et
1197 4274 1375 4343 pariet
1406 4273 1573 4329 ﬁlium
1612 4274 1751 4345 (lsa.

146 4378 274 4425 vn.
323 4363 438 4430 14),
486 4382 506 4416 ι
541 4366 882 4436 septuaginta
930 4364 1101 4421 vestri
1142 4366 1505 4434 interpretes,
1548 4363 1655 4421 ﬁde
1698 4374 1756 4420 et

148 4456 390 4525 scientia
423 4456 704 4527 approbati
742 4466 929 4522 testes,
960 4457 1033 4512 ita
1058 4457 1393 4528 interpretati
1421 4466 1568 4522 sunt,
1593 4467 1651 4513 et
1678 4458 1752 4512 ita

149 4548 505 4618 interpretari
553 4548 815 4619 propheta
860 4549 975 4618 ipse
1008 4549 1208 4616 voluit,
1258 4550 1491 4605 dicendo
1528 4558 1583 4603 et
1614 4550 1751 4605 scri-
1780 4565 1830 4625 ι)

149 4636 341 4693 bendo
374 4651 388 4690 :
414 4657 443 4715 γι
473 4636 610 4693 Ecce
639 4638 974 4704 abscondita,
1000 4639 1142 4695 sicut
1168 4639 1369 4699 dicitis.
1396 4640 1665 4709 concipiet
1695 4650 1750 4696 et

148 4728 339 4799 pariet
370 4728 556 4783 ﬁlium.
594 4748 611 4782 ι
643 4729 776 4785 Nam
800 4731 844 4786 si
867 4731 1141 4786 communi
1167 4747 1328 4787 sensu
1353 4732 1749 4796 absconditam,

94 4860 95 4863 η
150 4822 212 4875 id
241 4830 349 4884 est,
378 4820 521 4876 domi
568 4822 830 4878 reclusam
860 4823 1142 4889 intellexit,
1171 4833 1226 4878 et
1260 4824 1391 4878 nihil
1425 4825 1591 4888 aliud,
1619 4826 1751 4895 quid

150 4914 388 4978 mirum,
408 4914 537 4982 quid
566 4930 761 4969 novum
787 4915 840 4969 in
870 4930 934 4969 eo
963 4916 1263 4983 conceptu?
1290 4927 1347 4970 et
1372 4918 1525 4986 cujus
1549 4933 1749 4988 myse-

152 5005 228 5059 rii
258 5005 474 5075 signqu
503 5016 822 5074 conceptum
871 5005 1021 5060 illum
1061 5021 1182 5061 esse
1222 5007 1426 5061 voluit?
1465 5027 1483 5060 ι
1520 5006 1749 5079 Pt‘uptt‘r

150 5097 285 5159 hoc,
310 5095 505 5166 inquit,
532 5096 681 5151 dabit
712 5096 970 5151 Dominus
996 5097 1111 5167 ipse
1139 5098 1289 5153 vobis
1311 5098 1523 5169 signum
1549 5116 1563 5154 :
1588 5099 1748 5165 Ecce,

151 5187 371 5257 inquit,
420 5187 739 5244 abscondita
790 5189 1078 5258 concipiet,
1126 5199 1179 5244 et
1224 5192 1399 5261 pariet
1444 5191 1646 5257 lilium,
1695 5202 1753 5247 et

1872 1893 2203 1962 respondens
2229 1893 2453 1964 angelus
2482 1894 2618 1948 dixit
2638 1895 2686 1948 ei
2712 1911 2725 1948 :
2759 1893 2998 1962 Spiritus
3029 1903 3253 1949 sanctus
3274 1910 3469 1964 super-

1870 1985 2049 2039 veniet
2098 1985 2152 2038 in
2205 1995 2289 2049 te,
2336 1995 2393 2040 et
2437 1987 2609 2041 virtus
2659 1986 2923 2041 ΑΙιίεείιηί
2971 1986 3317 2041 obumbrabit
3364 1985 3463 2044 tibi

1869 2074 2025 2145 (Luc.
2066 2090 2104 2139 ι,
2138 2075 2230 2140 34,
2255 2075 2368 2146 55).
2408 2096 2428 2128 ι
2462 2075 2740 2140 Umbram,
2772 2078 2977 2147 inquit,
3011 2078 3173 2133 faciet
3204 2078 3298 2133 tibi
3336 2079 3463 2134 abs-

1867 2169 2150 2224 condendo
2195 2178 2249 2223 te
2290 2168 2360 2223 ab
2406 2169 2553 2223 omni
2597 2168 2809 2225 fervore
2855 2171 3110 2227 libidinis.
3148 2170 3461 2242 Propterea,

1872 2277 1891 2311 ι
1924 2260 2069 2330 quod
2100 2270 2355 2315 nascetur
2382 2275 2449 2316 ex
2476 2269 2528 2315 te
2555 2271 2822 2326 sanctum,
2853 2265 3136 2319 vocabitur
3165 2265 3337 2319 Filius
3366 2266 3458 2322 Del

1867 2348 2056 2419 (lbid.,
2094 2350 2208 2419 55).
2242 2370 2260 2403 ι
2288 2349 2387 2405 Cui
2418 2352 2559 2406 Deus
2586 2350 2748 2406 Pater
2774 2352 2826 2407 in
2848 2354 3060 2410 Psalmo
3085 2355 3216 2410 dicit
3247 2374 3261 2410 :
3301 2374 3319 2407 ι
3349 2357 3461 2427 Ego

1866 2440 2027 2495 hodie
2055 2442 2213 2511 genui
2244 2451 2295 2496 te
2324 2440 2500 2511 (Paul.
2530 2458 2592 2510 ll,
2621 2444 2696 2513 7).
2729 2463 2747 2496 ι
2808 2445 2877 2499 Et
2920 2446 3045 2516 quia
3096 2448 3237 2501 istud
3295 2448 3460 2505 hodie

1866 2549 1973 2589 non
2031 2544 2465 2603 praesentaneum
2514 2544 2571 2590 et
2618 2538 2989 2593 transitorium
3044 2549 3293 2611 tempus,
3362 2541 3459 2597 scd

1862 2626 2188 2682 mternitaus
2237 2628 2654 2697 perpetuitatem
2704 2630 2915 2685 volebat
2956 2630 3216 2704 intelligi;
3252 2632 3460 2689 idcirco

1862 2720 1967 2776 alio
2017 2721 2069 2775 in
2118 2721 2329 2791 psalmo
2377 2721 2509 2777 dicit
2550 2739 2615 2775 ει
2671 2722 2811 2777 Ante
2855 2722 3137 2779 luciferum
3188 2727 3346 2795 genui
3402 2735 3458 2783 te

1862 2810 2040 2881 (Paul.
2066 2826 2180 2876 CII,
2211 2811 2291 2881 ὃ).
2323 2830 2342 2863 ι
2378 2811 2519 2879 Quid
2550 2812 2714 2882 igitur
2748 2828 2762 2864 :
2799 2829 2818 2863 ι
2857 2811 3025 2869 llodie
3068 2816 3228 2885 genui
3276 2825 3356 2871 te.
3398 2823 3458 2870 et

1861 2911 1988 2957 ante
2019 2902 2307 2958 luciferum
2352 2904 2510 2974 genui
2544 2914 2615 2970 te,
2647 2925 2666 2957 ι
2700 2905 2800 2961 nisi
2833 2916 2960 2963 ante
2987 2915 3198 2976 tempus
3222 2916 3279 2962 et
3315 2914 3459 2961 temo.

1859 3010 1988 3066 pora
2018 3010 2121 3064 ego
2146 2995 2286 3050 Deus
2314 2995 2481 3051 Pater
2520 2996 2687 3052 Deutn
2715 2998 2910 3053 Filium
2947 2999 3105 3070 genui
3135 3007 3188 3053 te
3228 3008 3431 3053 coarter

1860 3102 2019 3154 num,
2050 3086 2301 3157 quamvis
2338 3095 2390 3142 te
2438 3086 2541 3143 sub
2574 3096 2818 3158 tempore
2868 3098 2925 3143 ct
2960 3087 3218 3159 temporis
3256 3087 3458 3142 condi-

1860 3179 2011 3235 tione
2058 3178 2362 3237 creaverim
2399 3180 2675 3236 hominem
2717 3195 2785 3236 ex
2831 3180 3029 3235 femina
3072 3179 3314 3236 factum?
3344 3178 3455 3235 llas

1859 3268 1993 3324 duas
2022 3269 2075 3324 iu
2101 3270 2323 3327 Christo
2352 3282 2577 3328 naturas
2608 3272 2717 3326 alio
2745 3270 2797 3327 in
2833 3269 3043 3341 psalmo
3074 3268 3240 3324 David
3267 3268 3454 3325 brevi-

1858 3368 1940 3415 ter
1968 3364 2304 3419 commendat
2340 3382 2353 3418 :
2390 3383 2409 3416 ι
2443 3362 2678 3429 Veritas,
2710 3364 2919 3436 inquit,
2949 3362 3016 3419 de
3045 3372 3189 3418 terra
3218 3371 3340 3418 orta
3369 3370 3457 3418 est

1858 3450 2033 3522 (Psal.
2079 3470 2303 3523 Lxutv,
2352 3456 2460 3524 η),
2495 3476 2513 3509 ι
2540 3458 2665 3523 quia
2709 3457 2775 3512 de
2804 3464 2951 3512 terra
2980 3465 3134 3512 ortus
3170 3464 3254 3511 cst
3295 3462 3457 3510 natus

1857 3547 2020 3602 homo
2048 3563 2114 3603 ex
2140 3550 2338 3605 fetutina
2370 3550 2459 3610 ¹¹¹.
2496 3552 2591 3605 sed
2623 3550 2747 3621 quia
2781 3568 2801 3602 ι
2832 3549 3197 3617 omnishomo
3221 3554 3457 3605 menda:

1858 3634 2033 3707 (I’sal.
2066 3654 2188 3701 cxv,
2223 3640 2350 3707 ll);
2381 3659 2399 3691 ι
2423 3639 2706 3710 plusquam
2740 3640 2902 3694 homo
2922 3648 3009 3694 est
3039 3639 3135 3709 qui
3157 3654 3263 3693 non
3295 3652 3452 3693 meu-

1858 3726 1985 3790 (ιω,
2014 3726 2122 3780 ἰιιιο
2159 3730 2359 3782 veritas
2406 3730 2520 3797 ipsa
2552 3738 2608 3783 et
2654 3727 2794 3783 Deus
2833 3738 2937 3783 est.
2975 3728 3118 3784 Puer
3164 3741 3298 3797 ergo
3347 3727 3453 3783 iste

1858 3815 2021 3871 homo
2062 3826 2117 3871 et
2155 3817 2296 3873 Deus
2323 3818 2582 3891 butyrum
2608 3827 2663 3873 et
2694 3819 2799 3874 mel
2833 3819 3087 3884 comedit,
3120 3818 3277 3889 quia,
3304 3818 3455 3875 sicut

1856 3910 2020 3981 paulo
2058 3910 2312 3981 superius
2344 3911 2486 3966 idem
2519 3910 2759 3982 psalmus
2796 3911 2927 3966 dicit
2958 3928 2972 3964 :
3012 3931 3031 3963 ι
3075 3910 3455 3969 Misericordia

1856 4012 1913 4057 et
1936 4004 2137 4058 veritas
2165 4004 2523 4060 obviaverunt
2563 4004 2689 4071 sibi,
2714 4004 2919 4071 iustitia
2956 4013 3012 4059 et
3047 4020 3151 4074 pax
3190 4002 3452 4059 osculata

1855 4076 1986 4149 sunt
2034 4094 2206 4163 (Psal.
2255 4110 2490 4163 Lxxxtv,
2522 4097 2633 4167 11).
2674 4113 2692 4147 ι
2723 4094 2980 4165 Butyrunt
3028 4094 3171 4148 enim
3217 4093 3449 4165 gratiam

1855 4186 2125 4241 unctionis
2145 4195 2201 4240 et
2230 4187 2659 4243 misericordiam
2687 4185 2964 4255 designat;
2995 4183 3100 4238 mel
3130 4198 3280 4245 vero,
3304 4183 3450 4252 quod

1857 4279 2113 4334 curandis
2142 4279 2453 4336 vulneribus
2482 4278 2781 4337 adhibitum
2809 4276 3018 4334 edendo
3052 4286 3229 4340 sanat,
3255 4277 3448 4349 judicii

1854 4381 1912 4427 et
1961 4372 2212 4428 veritatis
2245 4373 2591 4429 severitatem
2637 4372 2919 4429 denuntiat
2968 4372 3055 4427 ¹¹³.
3107 4371 3259 4430 Licet
3299 4372 3457 4429 enim.

1858 4472 2138 4545 Scriptura
2166 4475 2334 4539 dicat,
2370 4492 2389 4526 σ
2427 4474 2513 4529 cui
2554 4474 2669 4529 vult
2710 4474 3027 4541 miseretur,
3059 4478 3304 4545 et‘quem
3334 4473 3449 4528 vult

1856 4575 2073 4632 indurat
2101 4574 2273 4647 (Rom.
2316 4592 2405 4643 ιι,
2441 4577 2567 4647 l8),
2597 4595 2623 4629 ιν
2642 4576 2769 4646 quia
2817 4590 2921 4630 nec
2952 4575 3127 4645 ipsum
3174 4574 3445 4640 misereri,

1859 4692 1961 4733 nec
1982 4676 2155 4748 ipsum
2189 4678 2446 4733 indurare
2472 4677 2576 4732 ulla
2608 4678 2661 4732 in
2702 4685 2854 4745 parte
2883 4691 2913 4730 a
2937 4675 3148 4746 justitia
3179 4691 3273 4731 seu
3302 4688 3331 4726 a
3359 4686 3447 4725 vc-

1858 4776 2020 4831 ritate
2050 4777 2341 4832 exorbitat.
2373 4776 2803 4831 Misericordiam
2836 4775 2928 4831 Dei
2953 4784 3007 4831 et
3031 4774 3293 4843 judicium
3324 4771 3447 4827 ubi-

1857 4893 1962 4948 que
1985 4879 2187 4934 veritas
2221 4880 2540 4945 comitatur;
2564 4888 2619 4934 et
2646 4879 2698 4934 in
2723 4878 3024 4949 Scripturis
3053 4894 3151 4951 pro
3178 4878 3445 4935 alterutro

1856 4980 2060 5036 veritas
2089 4996 2229 5051 saepe
2258 4982 2485 5038 habetur
2511 5000 2523 5035 ε
2559 5001 2577 5034 ι
2615 4981 2890 5038 Uuiversa:
2910 5023 2924 5045 ,
2957 4981 3158 5052 inquit,
3189 4982 3291 5036 vim
3339 4980 3444 5036 Do-

1856 5080 2015 5144 mini,
2045 5082 2418 5137 misericnrdia
2465 5092 2521 5137 et
2556 5084 2759 5139 veritas
2799 5082 2972 5153 (Psal.
3000 5098 3148 5147 χιιι,
3174 5082 3283 5151 10).
3321 5099 3341 5134 ι
3375 5080 3443 5137 Ει

1856 5182 1910 5237 iu
1942 5182 2049 5237 alio
2086 5183 2298 5254 psalmo
2341 5200 2355 5236 :
2391 5200 2410 5234 σ
2456 5182 2631 5254 Opera
2678 5199 2935 5240 manuum
2980 5182 3096 5253 ejus
3136 5182 3338 5238 veritas
3384 5188 3442 5235 et

149 5280 450 5335 vocabitur
491 5296 688 5338 nomen
717 5280 836 5350 ejus
878 5282 1231 5339 Emmanuel.
1262 5285 1521 5354 Butyrum
1558 5295 1613 5341 et
1643 5285 1747 5340 mel
1846 5282 2109 5354 judicium
2154 5284 2330 5354 (Paul.
2376 5300 2476 5351 cx,
2504 5284 2592 5355 7).
2627 5303 2646 5339 ι
2686 5285 2837 5356 quia,
2863 5299 2958 5339 seu
2994 5284 3317 5339 misereatur
3351 5281 3443 5338 cui

152 5369 432 5436 comedet,
472 5381 530 5425 ut
570 5372 711 5428 sciat
748 5373 1040 5443 reprobare
1067 5374 1301 5443 malum‘,
1330 5385 1385 5431 et
1422 5376 1624 5449 eligere
1651 5378 1751 5432 ho-
1850 5383 1986 5449 vult,
2017 5381 2335 5453 seujudicet
2361 5393 2419 5440 et
2437 5386 2625 5457 puniat
2646 5400 2808 5457 quem
2839 5385 2971 5451 vult,
3003 5398 3165 5441 verax
3191 5382 3444 5454 etjustne

1444 5512 1530 5569 VA
1541 5511 1679 5569 ΜΔΕ
1720 5512 2127 5574 LECTIONES.

236 5621 308 5699 ’ξ’
337 5621 440 5699 illa.
471 5622 532 5679 S.
557 5621 709 5699 ger},
736 5637 837 5699 ego
863 5626 996 5699 ipse.
1087 5628 1153 5660 “°
1182 5627 1287 5699 Hs.
1323 5628 1383 5685 S.
1412 5628 1558 5689 Gen.
1590 5630 1737 5686 omit.
1762 5633 1908 5688 uncis
1944 5631 2169 5689 inclusa.
2252 5632 2315 5664 “'
2353 5631 2457 5687 Ms.
2488 5630 2547 5689 S.
2580 5630 2724 5699 Gen,
2750 5644 2871 5690 orta
2899 5642 3003 5699 est,
3034 5634 3134 5690 hoc
3163 5642 3250 5689 est
3278 5640 3439 5697 ηοιιη

154 5708 232 5751 ea
253 5692 474 5750 fetuiua.
555 5695 622 5727 ¹¹¹
650 5693 751 5749 Ms.
774 5692 846 5749 '8.
882 5692 1030 5765 Cen,
1055 5698 1343 5769 signiﬁcat.
