3990 6310
625 261 758 318 1051

1524 259 1934 319 CISIJSBERTI
1975 260 2267 317 (JRISPINI
2302 263 2452 317 ABB.
2496 263 3007 324 WESTMONAST.

2302 263 2452 317 ABB.
2496 263 2892 324 WESTMONA
2903 266 3007 323 ST.
3682 289 3771 349 illis

623 386 707 437 est
735 381 830 453 Ῐ¹¹³
884 381 1313 438 misericordiam
1352 380 1678 445 exhibendo,
1739 396 1901 435 verax
1950 388 2005 435 et
2041 379 2199 451 justu:

2194 396 2220 435 s
2248 384 2293 443 Α
2326 380 2477 446 Ιίι,’«
2532 391 2586 436 et
2627 382 2840 442 dolores
2888 393 3105 441 nostros
3150 385 3260 455 ipse
3303 391 3542 456 portavit,
3573 397 3687 452 the:
3721 418 3770 461 εει

625 482 729 537 est,
757 471 994 528 debitam
1025 472 1213 543 judicii
1237 473 1560 528 sententiam
1595 472 1921 544 inferendo].
1956 473 2216 543 Butyrunt

626 562 791 635 igitur
818 572 874 618 et
921 564 1026 619 mel
1053 564 1303 620 Christus
1348 564 1615 628 comedet,
1656 573 1714 617 ut
1753 564 1890 618 sciat
1925 565 2217 633 reprobare

624 654 825 710 malum
861 664 916 711 et
940 656 1144 725 eligere
1166 658 1390 723 bonum,
1424 657 1474 711 id
1503 665 1607 725 est,
1634 667 1691 711 ut
1716 658 1847 713 sciri
1887 657 2048 711 faciat
2087 658 2214 726 quia

626 744 877 813 reprobat
907 747 1109 801 malum
1139 756 1195 802 et
1222 747 1372 818 eligit
1411 748 1634 811 boumn,
1667 747 1899 803 reddens
1924 748 2217 818 unicuique

618 834 772 903 juxta
801 849 966 904 opera
991 852 1111 902 sua,
1138 838 1311 905 honos
1339 853 1713 900 remunerans.
1744 848 1804 892 et
1833 837 2005 892 malos
2034 838 2215 893 debita

622 926 1108 982 animadversionis
1134 928 1342 983 ultione
1364 930 1751 984 condemnans.
1786 929 1860 984 De
1889 930 1992 984 hoc
2032 944 2215 984 sacra-

598 1025 806 1070 -meuto
842 1017 1134 1073 Dominicaa
1157 1019 1548 1074 lnearnationis
1578 1021 1855 1075 videamus
1884 1036 2004 1089 qua:
2026 1021 2077 1074 in
2108 1022 2215 1076 alio

620 1106 739 1162 loco
761 1108 905 1164 idem
933 1112 1196 1180 propheta
1235 1112 1385 1176 dicit,
1422 1120 1478 1165 et
1517 1112 1853 1181 prophetiam
1898 1112 2213 1165 summatim

621 1214 1026 1265 percurramus.
1060 1219 1079 1251 ι
1129 1202 1388 1265 Domine,
1433 1202 1555 1265 quis
1585 1200 1815 1255 credidit
1859 1200 2063 1254 auditui
2112 1215 2213 1254 no-

621 1292 776 1345 stre?
827 1302 882 1345 et
922 1293 1201 1347 brachium
1252 1293 1463 1347 Domini
1513 1294 1599 1348 cui
1647 1293 1939 1347 revelatum
1982 1293 2098 1347 est?
2145 1293 2214 1348 Et

620 1386 867 1440 ascendit
897 1385 1037 1440 sicut
1060 1386 1350 1456 virgultum
1374 1401 1557 1441 coram
1585 1402 1676 1449 eo,
1701 1396 1759 1441 et
1790 1387 1930 1440 sicut
1962 1387 2115 1440 radix
2148 1388 2214 1442 de

623 1490 765 1533 terra
796 1480 1023 1540 sitienti,
1051 1489 1108 1535 et
1135 1494 1241 1533 non
1288 1489 1371 1533 est
1399 1481 1609 1550 species
1651 1482 1700 1534 ei
1735 1495 1910 1549 neque
1945 1480 2130 1545 decor,
2157 1490 2212 1535 et

619 1572 770 1641 quasi
802 1573 1152 1627 absconditus
1190 1573 1373 1629 vultus
1409 1573 1555 1642 ejus,
1599 1584 1656 1627 et
1699 1575 2022 1642 despectus;
2071 1573 2213 1628 unde

621 1676 719 1716 nec
749 1663 1117 1731 reputavimus
1146 1678 1270 1718 eum
1296 1677 1313 1717 :
1343 1679 1467 1719 vere
1512 1665 1801 1734 languores
1841 1675 2058 1720 nostros
2095 1665 2210 1733 ipse

619 1757 871 1823 portavit,
901 1766 958 1811 et
984 1756 1202 1812 dolores
1225 1768 1441 1814 nostros
1468 1758 1582 1827 ipse
1612 1759 1751 1811 tulit.
1784 1758 1902 1827 Ipse
1923 1760 2067 1813 enim
2092 1759 2209 1812 vul-
2244 1730 2284 1787 Β

618 1854 840 1899 uerutus
869 1855 951 1900 est
982 1856 1203 1916 propter
1227 1846 1424 1902 delicta
1464 1858 1673 1911 nostra,
1704 1848 1924 1901 attritus
1957 1857 2043 1903 est
2084 1863 2210 1916 pro-

617 1938 738 2003 pter
767 1938 974 1992 scelera
1016 1951 1227 1993 nostra.
1270 1938 1562 2009 Disciplina
1612 1938 1762 2009 pacis
1796 1948 1995 1994 nostra:
2044 1953 2210 2007 super

615 2042 779 2091 eum;
810 2028 968 2096 cujus
1014 2028 1185 2084 livore
1224 2029 1400 2083 sanati
1448 2029 1892 2084 sumuermnes
1927 2044 2024 2084 uos
2054 2031 2209 2098 quasi

614 2134 744 2175 mes
775 2121 1103 2185 erravimus,
1135 2122 1505 2224 tgmsquisque
1528 2129 1772 2175 nostrum
1807 2120 1860 2174 in
1882 2121 2025 2173 viam
2054 2135 2208 2175 suam

614 2208 943 2275 declinavit,
990 2222 1047 2267 et
1102 2208 1360 2268 Dd'minus
1408 2215 1588 2284 posuit
1642 2212 1695 2267 in
1752 2226 1818 2267 co
1869 2213 2208 2282 iniquitatem

613 2301 857 2355 omnium
899 2312 1165 2356 nostrum.
1201 2301 1427 2358 Oblatus
1469 2313 1578 2365 est,
1608 2301 1734 2370 quia
1774 2302 1889 2370 ipse
1935 2301 2125 2367 voluit,
2156 2311 2214 2355 et

616 2408 723 2448 non
755 2394 969 2462 aperuit
989 2410 1052 2449 os
1074 2410 1252 2449 suum.
1287 2394 1363 2449 De
1384 2394 1632 2465 angustia
1664 2401 1719 2446 et
1752 2393 1819 2447 de
1838 2393 2043 2461 judicio
2081 2394 2211 2448 sub-

620 2484 762 2539 latus
809 2496 932 2551 est;
981 2486 1388 2556 generationem
1425 2486 1545 2556 ejus
1575 2489 1697 2557 quis
1726 2487 2044 2542 enarrabit?
2079 2487 2212 2543 Pro-

616 2584 806 2646 pterea
838 2578 989 2633 dabit
1020 2579 1214 2649 impios
1256 2594 1375 2650 pro
1406 2580 1701 2649 sepultura,
1743 2589 1799 2635 et
1842 2580 2064 2635 divitem
2114 2596 2215 2649 pro

619 2677 794 2723 morte
822 2684 944 2735 sua,
974 2684 1041 2725 eo
1081 2671 1226 2740 quod
1271 2670 1611 2741 iniquitatem
1655 2687 1763 2726 non
1807 2671 1963 2738 fecit,
2001 2684 2100 2728 uec
2132 2672 2212 2726 iu-

615 2773 807 2819 ventus
837 2774 923 2819 est
946 2763 1101 2820 dolus
1130 2765 1184 2820 in
1218 2781 1316 2821 ore
1357 2767 1497 2836 ejus,
1539 2776 1593 2820 et
1622 2767 1872 2823 voluntas
1898 2766 2108 2821 Domini
2157 2766 2209 2819 in

615 2869 779 2911 manu
805 2856 924 2926 ejus
947 2857 1211 2929 dirigetur
1228 2857 1365 2929 (Isa.
1396 2874 1513 2933 un,
1548 2858 1719 2927 l-l0).
1749 2878 1768 2909 ι
1790 2858 2215 2928 Animositaquc

615 2955 828 3003 vestros
856 2947 922 3002 ad
964 2948 1293 3003 credendum
1320 2948 1623 3002 obstinatos
1655 2946 1720 2978 ω
1763 2939 1893 3002 vidit
1922 2948 2210 3017 propheta,

613 3049 671 3095 et
701 3041 779 3096 ait
814 3056 830 3096 :
866 3059 883 3092 ι
932 3040 1189 3105 Domine,
1235 3040 1359 3110 quis
1401 3039 1635 3094 credidit
1672 3040 1878 3094 auditui
1921 3040 2146 3109 nostro?
2187 3059 2205 3091 ι

598 3133 684 3187 Ἐι
727 3133 1067 3188 demonstrat
1109 3134 1253 3203 quod
1301 3132 1581 3200 audierat,
1617 3150 1638 3184 ι
1681 3142 1737 3187 et
1780 3131 2060 3187 brachium
2104 3132 2209 3186 Do-

617 3221 775 3289 mini,
798 3223 886 3276 cui
917 3222 1212 3277 rcveiatum
1242 3221 1362 3278 est?
1388 3242 1409 3275 ι
1440 3223 1512 3277 De
1538 3223 1643 3278 hoc
1667 3222 1893 3277 brachio
1928 3221 2069 3277 idem
2092 3222 2213 3292 ipse

615 3314 743 3368 alibi
794 3314 923 3369 ait:
963 3332 981 3366 ι
1032 3315 1252 3370 Paravit
1307 3315 1566 3371 Dominus
1616 3315 1900 3371 brachium
1949 3331 2106 3371 suum
2155 3317 2208 3371 in

614 3405 787 3462 oculis
835 3406 1079 3462 omnium
1127 3407 1391 3479 gentium,
1445 3418 1502 3463 et
1544 3408 1805 3465 videbunt
1842 3423 2036 3465 omnes
2074 3408 2215 3464 lines

617 3511 775 3555 terrai
817 3499 1054 3555 salutare
1078 3498 1172 3554 Dei
1199 3500 1370 3554 nostri
1413 3498 1569 3569 (Isai.
1609 3515 1714 3565 ur,
1753 3500 1865 3571 10).
1898 3518 1916 3552 ›
1948 3499 2063 3555 Hoc
2084 3500 2211 3555 bra-

618 3592 802 3646 chium
836 3590 1074 3660 Domini,
1116 3592 1222 3648 hoc
1266 3591 1506 3646 salutare
1534 3592 1653 3655 Dei,
1679 3592 1747 3648 de
1775 3607 1881 3662 quo
1918 3592 1971 3647 in
1999 3590 2209 3661 psalmo

614 3678 819 3740 dicitur
849 3691 865 3741 ζ
901 3703 920 3736 ι
954 3684 1158 3741 Ponam
1188 3686 1242 3739 in
1286 3684 1544 3753 salutari,
1597 3685 1921 3740 tiducialiter
1947 3700 2103 3755 agam
2153 3685 2207 3739 in

613 3791 680 3832 eo
709 3775 884 3847 (Psal.
917 3793 992 3842 χι,
1020 3775 1099 3849 6).
1135 3795 1156 3830 ι
1187 3777 1286 3833 Cui
1321 3778 1616 3833 revelatum
1647 3778 1769 3833 est?
1803 3776 1913 3833 Vos
1939 3777 2085 3832 enim
2118 3792 2209 3832 re-

613 3862 828 3940 pulistis
856 3884 1003 3933 eum,
1034 3869 1125 3939 qui
1166 3870 1234 3923 ad
1268 3885 1365 3925 vos
1406 3870 1604 3933 missus
1647 3878 1890 3936 venerat,
1923 3870 2065 3926 sicut
2093 3870 2209 3940 ipse

612 3961 967 4031 conqueritur
990 3975 1087 4030 per
1112 3962 1363 4017 eumdem
1401 3962 1596 4017 Isaiam
1643 3962 1963 4033 prophetam
2000 3980 2016 4017 :
2049 3983 2068 4016 ι
2102 3964 2213 4019 (Σο-ο

612 4055 798 4124 gnovit
837 4052 935 4109 bos
979 4067 1349 4123 possessorem
1400 4070 1595 4121 suum,
1644 4065 1702 4110 et
1742 4056 1929 4111 asinus
1964 4070 2209 4126 praesepe

612 4145 813 4202 domini
844 4147 948 4209 sui,
973 4143 1136 4199 Israel
1164 4160 1249 4199 me
1276 4160 1382 4199 non
1413 4146 1689 4215 cognovit;
1717 4156 1771 4202 et
1799 4147 2027 4216 populus
2054 4164 2210 4205 meus

613 4253 721 4294 non
772 4239 1034 4293 intellexit
1065 4255 1151 4294 me
1188 4238 1359 4309 (lsai.
1397 4254 1444 4303 I,
1474 4240 1572 4307 5).
1617 4258 1636 4291 ι
1671 4239 1824 4295 Unde
1861 4241 2102 4310 apertius
2150 4242 2203 4296 iu

613 4330 823 4401 psalmo
848 4330 1046 4385 dicitur
1078 4349 1091 4385 :
1126 4350 1143 4382 ‹
1178 4330 1444 4400 Populus,
1474 4346 1637 4400 quem
1671 4347 1777 4386 non
1807 4333 2057 4402 eosnovi,
2087 4347 2205 4387 ser-

613 4424 748 4479 vivit
773 4425 927 4489 mihi,
955 4424 1015 4479 in.
1036 4424 1222 4479 auditu
1246 4425 1393 4479 auris
1419 4424 1658 4480 ohedivit
1700 4425 1856 4483 mihi.
1887 4424 2008 4481 Filii
2039 4424 2207 4481 alieni
2237 4457 2281 4510 Ι)

614 4515 823 4573 mentiti
848 4524 974 4571 sunt
998 4515 1163 4581 mihi;
1193 4514 1284 4569 lilii
1308 4515 1472 4573 alieni
1505 4515 1789 4569 inveterati
1812 4522 1959 4580 sunt,
1984 4524 2039 4570 et
2058 4514 2204 4569 elau-

611 4610 931 4666 dicavet‘unt
973 4624 1003 4661 a
1029 4608 1237 4664 semitis
1273 4608 1388 4663 suis
1428 4606 1603 4678 (Psal.
1634 4622 1778 4670 xvn,
1807 4606 1921 4675 45).
1953 4626 1973 4659 ι
2004 4606 2208 4664 Idcirco

610 4715 737 4759 eum
782 4698 1096 4769 repulistis,
1140 4697 1266 4768 quia
1314 4698 1477 4752 homo
1524 4705 1679 4763 erat,
1708 4696 1834 4765 quia
1880 4710 2014 4766 puer
2053 4706 2211 4753 natus

609 4800 748 4847 erat.
784 4789 936 4845 Unde
967 4788 1256 4859 sequitur:
1290 4805 1309 4838 ι
1346 4786 1411 4841 Ει
1455 4787 1699 4841 ascendit
1732 4801 1894 4855 super
1916 4784 2207 4857 virgultum

609 4895 792 4947 Coram
820 4893 885 4934 eo
913 4877 1069 4948 (Isai.
1102 4893 1217 4943 LIII,
1245 4876 1323 4944 Ξ).
1356 4894 1374 4927 ι
1400 4875 1472 4930 De
1499 4876 1678 4930 radice
1702 4876 1845 4949 enim
1872 4873 2025 4929 Jesse
2053 4875 2200 4945 virga

610 4973 775 5037 exiit;
806 4972 877 5045 de
897 4972 1043 5039 virga
1071 4970 1359 5044 virgultum
1387 4967 1648 5022 ascendit.
1682 4965 1984 5034 Virgultum
2010 4980 2201 5020 ascen-

614 5066 795 5133 debat,
827 5056 1083 5135 quoniam
1128 5081 1146 5114 ‹
1187 5060 1346 5117 Jesus
1388 5059 1708 5132 proficiebat
1746 5068 1905 5114 :etate
1944 5046 1999 5113 et
2026 5061 2197 5130 gratia

613 5155 753 5227 apud
777 5157 942 5212 Deum
970 5140 1476 5226 etrhomines'(Luc.
1510 5169 1567 5217 ιι,
1595 5152 1706 5223 52),
1740 5171 1757 5203 ι
1787 5161 1841 5207 et
1870 5153 1994 5222 quia
2023 5151 2201 5206 vultus

614 5248 913 5303 divinitatis
939 5241 1054 5316 ejus
1093 5249 1194 5303 sub
1220 5247 1485 5316 assumpti
1522 5246 1663 5300 nube
1701 5244 1936 5300 hominis
1961 5245 2195 5298 abscon—

614 5339 763 5395 ditus
804 5350 921 5395 erat
978 5349 1035 5395 et
1088 5339 1576 5410 despectusynce
1627 5336 1995 5407 repulavimus
2052 5348 2201 5391 cum.

619 5449 640 5484 ι
670 5426 811 5484 Vere
837 5427 1123 5498 lauguores
1146 5439 1359 5485 nostros
1393 5428 1505 5499 ipse
1542 5428 1680 5490 tulit,
1721 5444 1738 5477 ι
1775 5425 1875 5479 hoc
1904 5434 1987 5478 est
2009 5425 2201 5477 abstu-

2320 475 2638 543 asportavit.
2669 494 2687 526 ς
2718 475 2835 546 lpse
2854 464 3006 537 enim
3035 476 3339 533 vulneratus
3360 492 3431 534 est
3456 496 3632 553 propter
3647 491 3770 551 ὀριςςιι

2321 575 2524 629 nostra,
2560 568 2781 624 attritus
2807 578 2890 625 est
2923 577 3142 638 propter
3163 569 3369 635 scelera
3388 584 3545 627 nostra
3570 577 3771 651 Mantua,

2318 657 2372 720 4,
2398 657 2474 727 5).
2518 677 2537 711 ι
2573 657 2724 716 Unde
2769 661 3271 729 apostolusPaulus
3299 664 3371 718 ait
3403 680 3417 717 :
3450 685 3467 717 ι
3495 668 3672 739 Proprie
3689 677 3773 733 Filio

2314 763 2417 805 suo
2469 766 2573 803 non
2622 752 2893 821 pepercit;
2942 753 3036 807 sed
3081 768 3177 822 pro
3215 755 3365 810 nobis
3398 758 3608 814 omnibus
3631 768 3772 823 tradidit

2320 838 2466 893 illum
2497 839 2676 909 (Rom.
2712 856 2829 903 vin,
2862 842 2975 908 52).
3010 862 3028 893 ι
3056 872 3128 882 -—
3169 861 3187 893 ι
3219 844 3488 914 Disciplina
3514 852 3631 917 pacis
3650 867 3771 913 nostra

2317 946 2480 1001 super
2502 947 2645 997 eum,
2677 933 2831 1001 cujus
2856 933 3025 990 livore
3046 935 3216 990 sanati
3245 950 3424 991 Sumus
3444 938 3574 1007 (1εαί.
3594 944 3769 1013 ιιιι,5].ι

2317 1021 2434 1091 Ipse
2462 1024 2606 1078 enim
2638 1034 2723 1077 est
2761 1025 2947 1091 Agnus
2976 1026 3068 1095 qui
3111 1026 3248 1081 tollit
3282 1039 3489 1095 peccata
3523 1035 3689 1098 mundi,
3718 1038 3773 1105 qui

2317 1115 2589 1171 mediator
2621 1116 2714 1170 Dei
2758 1126 2813 1170 et
2846 1117 3125 1195 hominum
3169 1120 3424 1185 existens,
3458 1132 3600 1177 morte
3621 1140 3687 1178 sua
3717 1145 3774 1182 nos

2319 1208 2426 1267 Deo
2458 1208 2849 1275 reconciliavit,
2880 1210 3006 1279 quia
3037 1226 3186 1267 mors
3213 1213 3332 1283 ejus
3353 1214 3483 1282 apud
3516 1214 3644 1269 Deum
3664 1219 3771 1273 hostia

2315 1316 2413 1369 pro
2445 1312 2669 1371 peccato
2697 1302 2947 1370 originali
2978 1313 3142 1374 atque
3172 1306 3472 1373 propitiatio
3496 1308 3594 1360 fuit.
3618 1308 3773 1367 «0mm

2316 1408 2415 1447 nos
2445 1394 2597 1462 quasi
2631 1411 2761 1450 oves
2783 1396 3087 1452 erravimus
3108 1396 3303 1466 (lbid.,
3333 1398 3408 1468 6),
3432 1417 3447 1449 ι
3472 1398 3689 1454 brachium
3710 1404 3770 1456 Do-

2290 1484 2447 1565 'miui
2492 1500 2599 1539 non
2648 1487 3066 1555 cognoscendo,
3112 1487 3254 1556 quod
3306 1489 3500 1556 paravit
3525 1490 3716 1547 Dominus
3742 1495 3771 1546 in

2313 1578 2485 1635 oculis
2512 1578 2755 1632 omnium
2776 1579 3064 1647 egentium,
3100 1595 3204 1636 nec
3234 1581 3288 1635 in
3324 1580 3523 1636 homine
3554 1581 3677 1638 Deum
3702 1600 3773 1639 rsse

2313 1682 2437 1725 eum
2479 1668 2803 1737 reputando.
2857 1688 2874 1719 ‹
2932 1668 3318 1740 Unusquisque
3354 1682 3569 1726 nostrum
3606 1674 3647 1726 in
3684 1676 3767 1728 tiam

2311 1772 2463 1810 suam
2499 1758 2789 1813 declinavit
2819 1757 3034 1829 (1ὺὶά.),
3063 1778 3082 1810 ι
3111 1761 3367 1829 quoniam
3391 1761 3455 1817 ab
3479 1762 3773 1832 eoquiestvia,

2312 1844 2537 1907 veritas,
2579 1846 2786 1923 et.vita
2835 1846 3139 1911 aberravit;
3180 1864 3201 1897 ε
3230 1857 3286 1901 et
3318 1846 3551 1901 Dominus
3584 1850 3709 1917 posuit
3739 1850 3770 1902 in

2312 1951 2378 2001 eo
2409 1937 2750 2010 iniquitatem
2795 1939 3039 1993 omnium
3067 1948 3314 1993 nostrum
3345 1941 3549 2011 (1bid.);
3580 1944 3773 2011 iquoniam

2312 2042 2412 2099 pro
2443 2028 2728 2099 iniquitate
2755 2038 2808 2083 et
2836 2038 3059 2100 peccato
3097 2030 3265 2085 totius
3292 2031 3468 2085 mundi
3498 2040 3671 2086 mortem
3698 2048 3769 2099 ptr-

2316 2120 2461 2175 tulit.
2499 2139 2517 2172 ι
2554 2119 2755 2179 Factus
2792 2122 2936 2177 enim
2972 2136 3072 2193 pro
3102 2123 3286 2189 nobis,
3321 2122 3455 2177 sicut
3482 2122 3547 2177 ait
3570 2120 3772 2190 Apostolus.

2315 2211 2659 2267 maledictum
2690 2211 2832 2283 (Gal.
2861 2229 2939 2276 Ill,
2968 2214 3079 2285 15),
3109 2233 3127 2266 ι
3156 2214 3263 2269 hoc
3290 2224 3390 2281 est,
3420 2215 3641 2284 particeps
3660 2218 3772 2269 mortis

2312 2321 2477 2377 quam
2526 2309 2703 2376 primo
2753 2309 2956 2365 homini
3010 2309 3192 2364 intulit
3246 2309 3372 2365 illud
3419 2310 3633 2365 indictum
3664 2310 3773 2362 εἰ)ιο

2314 2400 2660 2455 maledictum
2694 2419 2707 2454 :
2745 2419 2762 2451 ι
2793 2400 2849 2454 lu
2879 2416 3207 2470 quocunque
3252 2403 3338 2456 die
3370 2402 3641 2465 comederls,
3669 2413 3773 2455 mone

2314 2494 2569 2571 morieris
2596 2493 2749 2565 (Cen.
2782 2511 2843 2559 tt,
2878 2496 2988 2565 l7),
3024 2515 3044 2550 δ
3076 2505 3309 2553 mortem
3341 2512 3432 2566 pro
3472 2497 3600 2552 nobis
3623 2496 3771 2566 pertulit.

2313 2595 2367 2639 et
2391 2596 2569 2643 morte
2595 2601 2693 2641 sua
2720 2587 3068 2643 maledictum
3101 2588 3235 2645 illud
3265 2600 3321 2645 et
3346 2599 3550 2644 mortem
3574 2590 3770 2643 et'actlatil.

2315 2678 2381 2732 Et
2418 2679 2679 2748 quoniam
2728 2680 2983 2735 universa
3029 2680 3145 2735 haec
3196 2681 3410 2751 propria
3456 2679 3682 2741 voluntate,
3711 2692 3773 2731 nui

2315 2782 2562 2836 coactus,
2595 2770 2832 2841 pertulit,
2868 2772 3070 2826 idcirco
3112 2772 3311 2831 addit:
3343 2791 3358 2822 ι
3395 2770 3586 2827 Oblatus
3603 2768 3773 2837 est,quia

2316 2863 2431 2932 ipse
2455 2864 2647 2929 voluit,
2684 2876 2737 2920 et
2765 2880 2870 2919 nou
2906 2865 3117 2935 aperuit
3142 2879 3207 2919 os
3235 2880 3388 2919 suum
3415 2863 3551 2934 (lsai.
3581 2875 3671 2921 un,
3691 2859 3770 2921 7)..

2317 2954 2450 3011 Haec
2485 2957 2702 3025 quidem
2734 2958 2998 3026 assumpti
3043 2957 3286 3012 hominis
3320 2972 3436 3013 esse
3465 2956 3676 3009 videntur.
3706 2949 3773 3002 Cr.

2319 3057 2464 3111 tera,
2514 3063 2636 3116 qua:
2682 3057 3016 3116 sequuntur,
3061 3047 3342 3102 hominem
3377 3045 3631 3106 excedunt,
3664 3037 3772 3094 ulla

2314 3137 2483 3192 solius
2536 3138 2800 3196 existunt.
2853 3137 3006 3194 Unde
3059 3136 3173 3206 ipse
3225 3138 3280 3191 iu
3328 3137 3392 3168 ¹¹⁵
3430 3131 3663 3205 Evangelia
3694 3129 3770 3181 ait:

2315 3248 2334 3282 ι
2374 3228 2536 3284 Venit
2559 3230 2703 3284 enim
2737 3230 2992 3300 princeps
3031 3230 3222 3284 mundi
3257 3229 3441 3300 hujus,
3474 3238 3522 3282 et
3553 3226 3597 3281 in
3629 3238 3687 3278 me
3708 3234 3772 3274 non

2310 3321 2468 3378 habet
2497 3322 2792 3392 quidquam
2822 3320 3005 3389 (Joan.
3039 3335 3166 3388 xiv,
3198 3321 3314 3387 30).
3348 3341 3371 3379 ι
3400 3318 3496 3374 Sed
3521 3315 3770 3373 undelmcm

2307 3428 2373 3471 eo
2410 3412 2669 3469 libertas?
2696 3412 2821 3482 quia
2862 3412 3114 3483 princeps
3155 3413 3344 3469 mundi
3381 3411 3524 3480 hujus
3560 3405 3657 3461 nihil
3676 3418 3769 3457 suum

2308 3505 2363 3559 in
2408 3520 2474 3561 eo
2504 3506 2731 3570 invenit,
2762 3506 2889 3576 quia
2932 3523 2949 3557 ι
2987 3504 3054 3559 de
3086 3506 3341 3576 angustia
3362 3514 3414 3560 et
3442 3506 3500 3559 de
3524 3498 3677 3570 judicio
3695 3497 3771 3549 sub-

2309 3595 2449 3663 latus
2493 3604 2578 3651 est
2617 3594 2774 3667 (Isai.
2803 3612 2932 3661 LIII,
2984 3598 3080 3669 8),
3116 3614 3135 3650 ι
3164 3597 3294 3666 quia
3340 3607 3562 3652 mortuus
3591 3588 3708 3645 tenari
3733 3586 3772 3635 ab

2307 3686 2423 3757 ipsa
2471 3698 2644 3743 morte
2684 3703 2793 3742 non
2835 3688 3027 3758 potuit.
3063 3686 3537 3745 Resurrexitenim
3562 3678 3767 3737 amomis.

2307 3780 2452 3835 sicut
2476 3780 2724 3836 Psalmus
2749 3780 2921 3835 dicit:
2954 3799 2973 3832 ‹
3006 3779 3148 3836 Caro
3178 3796 3301 3836 mea
3337 3780 3602 3849 requiescet
3623 3775 3661 3826 iu
3684 3783 3765 3836 spe;

2307 3870 2563 3939 quoniam
2597 3885 2704 3925 non
2738 3869 3081 3938 den-linques
3113 3870 3355 3925 animam
3383 3880 3537 3923 meam
3561 3865 3601 3918 in
3623 3860 3771 3915 infenso.

2308 3975 2409 4021 nec
2436 3961 2589 4016 dabis
2630 3976 2815 4016 semen
2856 3970 3003 4015 tuum
3056 3960 3245 4018 videre
3291 3947 3770 4028 corruptionempr

2309 4065 2401 4114 xv,
2432 4049 2488 4113 9,
2518 4050 2630 4119 10).
2665 4069 2683 4102 ›
2721 4048 2873 4107 Unde
2903 4064 3034 4120 ergo
3072 4050 3191 4104 haec
3214 4058 3379 4104 tanta,
3406 4048 3456 4103 in
3489 4045 3659 4105 homine
3679 4048 3771 4107 pole-

2306 4144 2452 4199 stas?
2482 4143 2617 4211 Quia
2648 4143 2936 4214 plusquam
2986 4145 3148 4199 homo
3178 4154 3328 4209 erat;
3366 4163 3382 4194 ι
3430 4143 3551 4197 Deus
3581 4137 3771 4191 cuiatem

2308 4235 2360 4289 in
2396 4235 2611 4292 Christo
2632 4278 2647 4304 ,
2686 4256 2704 4288 ι
2734 4238 2873 4291 sicut
2903 4237 2981 4291 ait
3020 4238 3299 4306 apostolus
3335 4235 3535 4300 Paulus,
3562 4251 3577 4283 ι
3604 4225 3769 4283 mutulqu

2307 4327 2668 4383 reconcilians
2710 4328 2811 4384 sibi
2860 4328 2946 4393 (II
2976 4327 3102 4385 .Cor.
3138 4346 3206 4395 v,
3240 4330 3350 4399 l9),
3377 4349 3396 4381 ι
3426 4324 3558 4393 cujus
3590 4316 3770 4391 generatio

2307 4429 2389 4474 est
2414 4421 2795 4475 inenarrabilis
2822 4421 2976 4491 (Iani.
3006 4437 3128 4487 Lm,
3157 4422 3238 4492 8).
3269 4418 3533 4489 Quomodo
3563 4413 3667 4468 cuitu
3686 4407 3770 4461 Deut

2307 4528 2371 4567 ex
2402 4527 2461 4567 se
2489 4513 3007 4567 consubstantialem
3051 4523 3180 4567 ante
3220 4524 3452 4582 tempora
3484 4517 3531 4565 et
3558 4494 3771 4570 θεωρεῐὲ

2306 4614 2435 4674 gnat
2483 4603 2701 4669 Filium,
2731 4605 2854 4673 quis
2893 4605 3213 4659 cnarrabit?
3263 4603 3357 4677 ["5
3391 4597 3619 4674 quomodo
3640 4588 3769 4662 pmle‘

2306 4696 2523 4751 stinatis
2545 4697 2880 4765 temporibus
2900 4712 2964 4751 ex
3010 4707 3188 4751 matre
3218 4698 3338 4753 sine
3368 4695 3461 4750 viri
3480 4690 3645 4747 semine
3671 4683 3770 4734 homo

2307 4799 2522 4850 creatus
2552 4788 2645 4855 sit,
2676 4798 2728 4843 et
2748 4804 2870 4844 eum
2899 4790 3041 4845 Deus
3065 4791 3182 4860 ipse
3225 4784 3555 4857 assumpserit
3578 4784 3619 4835 in
3640 4775 3769 4831 unitate

2309 4895 2572 4951 personat,
2604 4882 2724 4951 quis
2753 4882 3085 4953 euarrabit?]
3114 4882 3222 4939 Nec
3255 4883 3396 4936 illam
3427 4880 3569 4950 igitur
3583 4870 3769 4927 accitum

2310 4973 2511 5027 Christi
2561 4973 2966 5043 generationem
3015 4973 3211 5044 aliquis
3269 4969 3542 5028 enarrabit.
3582 4959 3771 5044 «Prom

2310 5064 2510 5129 scelus,
2543 5039 2650 5119 non
2682 5065 2899 5134 quidem
2931 5039 3122 5129 suum,
3145 5066 3238 5120 sed
3273 5063 3447 5134 populi
3480 5058 3587 5120 mei.
3610 5039 3770 5143 Ρεηῗέί

2308 5168 2433 5210 eum
2475 5156 2632 5227 (laci.
2682 5173 2799 5220 LIII,
2825 5158 2908 5228 8).
2947 5177 2965 5210 ι
3000 5157 3139 5225 Quid
3183 5159 3328 5212 enim
3378 5151 3575 5211 sceleris
3614 5138 3770 5231 adﬂigit

2310 5246 2401 5316 qui
2450 5255 2731 5315 peceatum
2777 5261 2881 5301 non
2933 5245 3085 5312 iecit,
3134 5262 3233 5301 nec
3261 5246 3498 5302 inventus
3522 5245 3591 5294 est
3612 5229 3769 5289 dolusin

2309 5329 2406 5392 ore
2433 5337 2587 5406 ejus?
2623 5337 2812 5409 (llud,
2840 5336 2920 5406 9.)
2949 5336 3005 5392 Si
3046 5352 3176 5406 ergo
3213 5349 3393 5391 verum
3425 5339 3499 5387 ρει
3518 5322 3630 5398 ίιυοά
3648 5320 3770 5412 θ’

2310 5428 2410 5485 Job
2446 5401 2694 5485 testatur.
2729 5401 2822 5500 [“i
2850 5449 2867 5480 ι
2889 5401 3076 5484 Omnis
3100 5401 3259 5484 homo
3289 5425 3519 5487 mendax,
3540 5442 3554 5471 ι
3582 5424 3624 5470 et
3643 5401 3767 5472 alibil'

1914 5522 2144 5596 nunc
2188 5539 2591 5597 caenosas.

686 5642 755 5677 ¹¹³
778 5640 883 5696 Ms.
920 5639 1070 5695 Rem.
1121 5641 1266 5693 omit.
1308 5640 1456 5693 uncis
1501 5640 1724 5703 inclusa.

615 5712 786 5772 nam“
815 5716 960 5768 omit.
1008 5712 1155 5765 turris
1198 5710 1420 5762 inclusa.

1803 5636 1871 5668 ιιι
1919 5633 2024 5689 Ms.
2061 5633 2231 5698 Rem,
2274 5635 2593 5690 destinatos.

1503 5711 1561 5739 “7
1592 5710 1694 5764 3h.
1736 5708 1795 5763 S.
1823 5706 1945 5761 Ger.
1981 5707 2128 5762 omit.
2161 5707 2305 5759 uncis
2340 5706 2564 5761 inclusa.

2700 5638 2769 5670 ιιι
2796 5636 2875 5691 .u.
2908 5600 2969 5692 s.‘
3012 5636 3160 5705 Gen,
3202 5636 3340 5691 unde
3382 5633 3431 5687 in
3464 5630 3577 5698 ipso-
3638 5607 3767 5668 “‘1‘
