3990 6310
186 358 327 421 i053

1117 354 1530 415 DiSPilTATlO
1563 354 1785 414 ιυυΑει
1821 357 1970 417 CUM
2008 346 2429 416 CHRISTlAXO

3336 367 3476 433 1054

191 496 213 534 ς
242 477 358 534 Non
384 483 469 534 est
499 473 662 531 homo
701 472 793 544 qui
839 487 943 527 non
973 482 1159 544 peccet
1207 471 1324 543 (111
1349 471 1473 544 Reg.
1506 487 1627 537 vtn,
1650 472 1764 543 46),
1796 478 1846 538 Α
1874 474 2167 529 fundentur
2187 516 2202 540 ,
2229 482 2372 532 sicut
2400 479 2632 529 testatur
2660 470 2826 529 Isaias
2862 475 3143 545 propheta.
3202 478 3304 544 Qui
3349 498 3479 549 ergo

184 583 289 625 nec
323 565 503 623 infans
522 564 677 635 cujus
700 564 809 619 vita
845 573 930 620 est
956 565 1115 620 unius
1150 563 1255 619 diei
1297 578 1459 633 super
1490 572 1711 619 terram.
1751 581 1771 617 ι

187 657 249 714 Si
298 669 487 712 verum
550 665 633 711 est
685 655 829 726 quod
886 663 940 709 et
990 655 1181 709 beatus
1247 653 1414 707 David
1482 662 1715 709 testatur
1760 654 1775 708 ξ

191 771 210 804 ι
250 749 442 807 Omnis
469 750 630 804 homo
666 747 895 804 mendax
930 745 1109 820 (I’sal.
1133 761 1271 813 cxv,
1312 748 1425 817 ii),
1461 766 1480 799 ι
1513 757 1567 801 et
1597 747 1723 801 alibi
1760 765 1774 799 :

190 859 210 892 ε
244 838 363 895 Non
405 838 798 909 justilicab'itu‘r
842 838 895 892 in
937 846 1230 908 conSpectu
1276 846 1365 893 tuo
1393 837 1569 893 omnis
1596 842 1780 893 vivens

183 930 361 1002 (Psal.
397 945 564 995 CXLII,
599 929 679 1003 2),
710 949 729 982 ι
755 929 1040 1000 plusquam
1074 929 1236 984 homo
1267 937 1349 983 est
1376 928 1466 999 qui
1497 938 1778 997 peccatum

180 1036 292 1074 non
331 1018 489 1082 facit;
527 1034 687 1089 supra
727 1018 1003 1071 hominem
1040 1017 1397 1087 prmrogativa
1441 1015 1779 1073 excellentia

178 1127 301 1181 ejus
330 1110 451 1179 fuit,
496 1112 589 1183 qui
628 1128 645 1162 ι
682 1110 849 1165 verbo
878 1126 983 1165 non
1014 1109 1238 1166 offendit
1269 1109 1412 1180 (Jac.
1442 1125 1503 1164 tu
1523 1149 1539 1174 ,
1562 1108 1641 1180 2),
1676 1124 1779 1165 nec

180 1203 438 1262 inventus
475 1203 628 1261 dolus
656 1213 741 1259 est
784 1203 837 1259 in
883 1217 980 1258 ore
1024 1202 1142 1273 ejus
1177 1200 1348 1272 (Petr.
1384 1217 1423 1257 il
1446 1242 1461 1268 ,
1486 1200 1600 1272 22).
1645 1220 1665 1254 ›
1699 1200 1778 1258 Dc

178 1297 375 1352 eodem
412 1306 757 1353 sacramento
799 1293 852 1348 in
896 1292 1104 1364 psalmo
1150 1292 1349 1348 dicitur
1380 1310 1393 1347 :
1424 1312 1442 1345 α
1483 1291 1776 1363 Speciosus

178 1388 357 1443 forma
388 1402 499 1459 pra:
522 1386 645 1441 filiis
674 1384 974 1452 hominum,
1008 1382 1199 1439 diffusa
1223 1392 1305 1439 est
1331 1384 1504 1455 gratia
1531 1382 1585 1438 in
1618 1382 1776 1438 labiis

177 1479 315 1541 tuis,
349 1487 631 1547 propterea
663 1474 939 1531 benedixit
975 1484 1028 1529 te
1059 1474 1200 1529 Deus
1228 1472 1280 1529 in
1310 1484 1569 1530 aeternum
1593 1471 1773 1546 (Psal.

177 1582 344 1632 xuv,
374 1566 451 1634 5).
508 1581 526 1616 ι
554 1565 621 1619 Et
664 1565 1022 1619 continuatim
1054 1564 1301 1619 eumdem
1351 1563 1664 1634 alloquens,
1700 1564 1775 1619 ita
1831 1603 1841 1617 .

178 1656 461 1728 subjungit
486 1673 499 1711 :
529 1674 547 1708 ι
584 1654 753 1712 Sedes
797 1666 912 1723 tua,
944 1656 1115 1723 Deus,
1157 1655 1212 1709 in
1259 1655 1514 1709 s:eculum
1565 1653 1772 1720 saeculi,

175 1748 338 1820 virga
366 1748 677 1804 directionis
704 1748 1040 1820 virga,regni
1071 1748 1144 1804 tui
1173 1746 1362 1819 (Ibid.,
1390 1745 1464 1818 7),
1494 1765 1513 1799 ι
1532 1746 1626 1821 [ηδ
1647 1760 1774 1818 per~

174 1850 350 1897 curre
381 1839 671 1911 psalmum,
698 1848 755 1895 et
775 1840 893 1895 vide
927 1841 995 1896 ad
1026 1854 1185 1895 unam
1216 1839 1461 1895 eamdem
1484 1854 1771 1911 personam
1805 1864 1849 1925 η

176 1932 452 2005 psalmum
482 1933 588 1988 huc
621 1947 793 2002 usque
822 1930 1248 2005 continuatum.)
1279 1932 1423 1989 Deus
1455 1934 1636 2004 itaque
1668 1943 1771 2001 est,

176 2024 277 2080 cui
307 2024 545 2079 dicitur:
580 2040 600 2075 ι
636 2022 804 2080 Sedes
829 2034 940 2088 tua,
970 2021 1148 2091 Deus,
1184 2023 1238 2078 in
1278 2022 1535 2079 saeculum
1565 2024 1773 2089 saeculi,

177 2117 341 2189 virga
370 2114 703 2183 directionis,
732 2114 884 2184 virga
912 2114 1063 2185 regni
1090 2113 1187 2169 tui.
1219 2131 1238 2166 ι
1266 2112 1365 2170 Cui
1384 2128 1514 2168 vero
1535 2113 1772 2169 dicitur:

184 2228 207 2262 ε
244 2207 412 2263 Sedes
442 2217 551 2269 tua,
585 2205 744 2271 Deus,
771 2203 828 2259 in
854 2204 1107 2261 saeculum
1141 2203 1345 2271 szecuii,
1376 2222 1397 2258 ι
1426 2204 1528 2259 nisi
1555 2205 1642 2260 cui
1678 2220 1772 2260 su-

174 2300 369 2373 perius
397 2298 652 2353 dixerat:
686 2313 704 2348 ι
746 2294 1036 2366 Speciosus
1072 2294 1246 2349 forma
1280 2310 1391 2366 pra:
1438 2294 1564 2351 filiis
1600 2294 1777 2351 homi-

178 2404 349 2454 num;
382 2386 575 2442 diti‘usa
611 2395 695 2441 est
721 2385 900 2457 gratia
930 2385 983 2438 in
1011 2383 1169 2440 labiis
1205 2385 1334 2451 tuis,
1365 2394 1652 2455 propterea
1680 2386 1774 2441 be-

174 2481 396 2535 nedixit
439 2489 489 2535 te
540 2477 683 2534 Deus
730 2477 783 2533 in
833 2478 1133 2532 aeternum?
1188 2497 1206 2531 ι
1255 2477 1426 2546 Quem
1472 2479 1774 2550 speciosum

174 2574 363 2631 forma
392 2589 503 2645 pra:
543 2572 669 2628 filiis
716 2571 995 2628 hominum
1027 2570 1281 2642 appellat,
1312 2572 1380 2628 ab
1415 2573 1651 2629 hominis
1680 2588 1778 2628 na-

175 2677 313 2723 tura
355 2681 477 2723 eum
530 2682 636 2723 non
682 2673 923 2735 separat,
972 2672 1028 2720 et
1073 2664 1346 2719 hominem
1376 2678 1497 2720 esse
1538 2673 1772 2720 constat.

174 2758 446 2815 Eumdem
495 2758 690 2831 igitur,
724 2770 886 2827 quem
931 2756 1235 2826 speciosum
1269 2753 1443 2811 forma
1488 2770 1601 2827 prae
1650 2756 1776 2815 ﬁliis

175 2853 465 2910 hominum
491 2850 743 2924 appellat,
765 2849 935 2907 Deum
959 2848 1015 2904 in
1038 2848 1388 2919 subsequenti
1408 2864 1567 2906 versu
1590 2859 1776 2920 aperte

176 2944 456 3009 nominat,
497 2945 682 3000 dicens
714 2959 727 2997 :
763 2962 781 2996 ε
821 2941 991 2998 Sedes
1036 2950 1158 3009 tua,
1212 2941 1385 3011 Deus,
1418 2941 1472 3005 in
1519 2941 1775 2999 saeculum

172 3035 391 3094 saeculi.
430 3054 447 3089 ι
472 3035 551 3092 Ex
580 3036 665 3092 his
685 3049 816 3106 ergo
852 3043 909 3091 et
933 3033 1054 3090 aliis
1078 3022 1481 3106 Scripturarum
1511 3035 1775 3105 exemplis

173 3124 253 3160 ¹⁴⁹
301 3128 662 3193 credidimus,
696 3136 753 3183 et
790 3126 1120 3183 credendum
1160 3138 1282 3182 esse
1322 3125 1616 3181 astruimus
1647 3126 1772 3196 quia

170 3219 433 3278 Christus
476 3226 561 3274 est
612 3219 752 3274 Deus
800 3225 856 3272 et
902 3216 1105 3284 homo,
1151 3216 1387 3272 discreta
1434 3217 1654 3271 omnino
1704 3214 1771 3256 ίιο
1802 3218 1849 3280 c

170 3312 464 3379 utriusque
502 3316 711 3365 natura:
736 3310 993 3365 essentia.
1023 3309 1177 3365 iiunc
1220 3306 1334 3378 jam
1384 3309 1600 3365 venisse
1636 3308 1767 3364 dici-

171 3410 307 3461 mus
338 3403 427 3471 ι’ί,
457 3404 585 3474 quia
626 3404 802 3473 signa,
842 3414 963 3474 quae
991 3402 1058 3458 de
1098 3401 1215 3474 ejus
1245 3403 1477 3458 adventu
1507 3403 1769 3473 praedixe—

173 3503 315 3551 runt
358 3495 676 3565 prophetae,
720 3491 834 3563 jam
884 3494 1173 3549 subsecuta
1226 3506 1348 3549 esse
1393 3493 1657 3549 videmus.
1698 3492 1770 3550 Ut

172 3584 330 3641 enim
375 3584 444 3639 de
491 3582 673 3639 multis
703 3598 868 3639 unum
900 3598 1208 3649 assumam,
1248 3582 1417 3639 Jacob
1444 3582 1771 3638 benedicens

171 3675 374 3733 Iudam
405 3675 575 3730 lilium
620 3691 777 3731 suum
804 3675 882 3730 ait
912 3692 925 3730 :
960 3694 979 3728 ι
1017 3674 1134 3733 Non
1175 3674 1390 3732 deficiet
1424 3674 1676 3745 princeps
1703 3673 1769 3728 de

170 3770 352 3835 Iuda,
382 3776 440 3825 et
464 3769 572 3825 dux
615 3768 682 3825 de
719 3769 1012 3826 femoribus
1057 3770 1173 3840 ejus
1199 3810 1213 3835 ,
1259 3769 1430 3824 donec
1458 3768 1643 3822 veniat
1676 3765 1767 3836 qui

170 3859 477 3914 mittendus
521 3868 642 3925 est;
699 3869 753 3915 et
810 3862 925 3930 ipse
986 3859 1090 3914 erit
1137 3859 1472 3931 exspectatio
1527 3859 1767 3929 gentium

169 3945 340 4013 (Gen.
371 3964 511 4004 xux.
557 3948 670 4021 i0).
712 3968 731 4001 ι
764 3948 900 4016 Quia
942 3965 1072 4023 ergo
1109 3949 1223 4023 jam
1254 3965 1351 4022 per
1399 3949 1563 4005 millia
1594 3966 1767 4004 annu-

169 4055 302 4095 rum
333 4039 529 4097 defecit
556 4041 806 4113 princeps
836 4058 901 4099 ex
931 4042 1066 4099 Juda
1114 4051 1169 4098 et
1207 4043 1313 4098 dux
1362 4042 1428 4098 de
1475 4041 1770 4097 femoribus

166 4130 318 4202 ejus,
348 4146 411 4187 ac
435 4146 573 4203 pene
594 4132 710 4204 jam
738 4133 913 4203 ipsum
938 4135 1160 4189 evanuit
1200 4149 1396 4189 nomen
1428 4130 1766 4199 Judsctrum,

170 4222 417 4279 dicimus
464 4224 593 4295 quia
641 4223 888 4281 Christus
920 4225 1032 4297 jam
1080 4226 1231 4281 venit
1274 4225 1608 4295 exspectatio
1641 4240 1771 4296 gen-

168 4315 351 4381 tium;
402 4323 458 4371 et
509 4314 563 4370 in
602 4315 811 4386 psalmo
862 4316 1109 4371 dicitur:
1148 4335 1166 4369 ‹
1212 4311 1585 4372 Obscurentur
1625 4312 1769 4371 oculi

167 4421 402 4471 eorum,
452 4423 521 4463 ne
551 4406 801 4475 videant;
848 4416 903 4463 et
941 4406 1157 4463 dorsum
1211 4424 1397 4463 eorum
1445 4421 1660 4477 semper
1687 4406 1770 4461 in-

168 4514 348 4556 curva
376 4496 548 4558 (Psal.
582 4515 773 4565 vam,
802 4498 916 4572 24).
944 4518 963 4553 ι
991 4499 1124 4567 Quia
1157 4499 1444 4571 igiturjam
1474 4515 1571 4570 per
1596 4507 1765 4556 totum

1884 581 1990 621 non
2035 567 2400 636 crediderint,
2427 568 2551 623 audi
2580 568 2645 623 de
2676 569 2925 640 gentibus
2957 580 2973 624 ε
3014 589 3032 622 ι
3062 569 3476 630 Confundantur

1881 672 2108 724 Omnes,
2155 659 2247 728 qui
2294 659 2523 714 adorant
2554 660 2822 730 sculptilia
2865 669 2920 716 et
2950 660 3040 732 qui
3092 660 3395 733 gloriantur
3422 666 3476 722 iit

1882 745 2193 802 simulacris
2225 748 2338 802 suis
2363 746 2536 819 (Psal.
2566 763 2711 814 xcvi,
2740 738 2819 816 ⁵1).
2853 768 2868 800 ι
2899 749 3035 805 Audi
3076 759 3129 804 et
3153 751 3221 807 de
3244 749 3474 810 Judzeis:

1886 855 1905 889 ι
1940 837 2240 894 Deleantur
2267 839 2335 893 de
2371 839 2509 894 libro
2554 841 2875 905 viventium,
2924 849 2980 896 et
3024 856 3147 896 cum
3172 841 3337 912 justis
3370 862 3474 901 non

1880 929 2184 986 scribantur
2208 927 2380 1000 (Psal.
2410 946 2599 997 vattt,
2626 932 2740 1003 29).
2776 951 2794 985 ι

2556 1060 2791 1103 ιυυευδ.

1955 1155 2033 1210 Ex
2068 1156 2171 1212 hac
2198 1170 2330 1228 ergo
2370 1164 2463 1212 tua
2502 1157 2745 1216 illatione
2771 1160 2948 1232 colligi
2995 1170 3191 1232 potest.
3233 1163 3473 1222 Confuno

1879 1246 2081 1303 dantur
2126 1256 2182 1302 et
2227 1248 2555 1313 Christiani,
2609 1250 2735 1319 quia
2786 1262 2844 1306 et
2892 1252 3183 1309 Christiani
3241 1256 3473 1312 adorant

1878 1338 2149 1408 smilptilia
2175 1378 2190 1401 ,
2232 1347 2289 1393 et
2320 1337 2624 1409 gloriantur
2659 1341 2713 1394 in
2752 1341 3061 1398 simulacris
3108 1344 3259 1411 suis;
3295 1345 3473 1416 ipsum

1877 1432 2077 1487 etenim
2111 1431 2279 1486 Demn
2326 1431 2573 1502 eliigiatis
2612 1433 2903 1504 aliquando
2939 1436 3197 1493 miserum
3240 1441 3479 1509 penden-

1878 1532 1988 1579 tem
2020 1524 2073 1578 in
2104 1522 2344 1594 patibqu
2369 1526 2517 1580 cruci
2545 1525 2714 1580 clavis
2737 1522 2977 1593 aliinum,
3001 1531 3143 1598 quod
3168 1529 3282 1600 ipso
3310 1530 3475 1586 etiam

1877 1616 1997 1671 visu
2028 1616 2359 1672 horrendum
2390 1626 2469 1673 est
2510 1617 2673 1688 idqtte
2705 1620 2970 1687 adoratis,
2995 1628 3053 1676 et
3081 1621 3227 1676 circa
3257 1635 3474 1677 erucem

1877 1708 2127 1776 eliigiatis
2150 1709 2517 1779 semipuerum
2542 1709 2708 1765 solem
2740 1712 2925 1767 nescio
2948 1715 3092 1768 unde
3120 1711 3475 1776 exterritum,

1879 1812 1935 1856 et
1959 1800 2255 1872 fugientem
2281 1800 2466 1854 lunam
2490 1802 2864 1873 semipueliam
2900 1800 3209 1874 lugubrem,
3238 1816 3479 1856 sentum-

1876 1904 1984 1962 que
2015 1892 2151 1947 lucis
2195 1906 2307 1946 sua:
2338 1907 2507 1946 cornu
2544 1892 2936 1948 occultantem.
2968 1892 3260 1963 aliquando
3288 1900 3473 1946 autem

1875 1981 2045 2037 Deum
2085 1980 2335 2054 effigiatis
2387 1981 2606 2037 sublimi
2650 1982 2790 2039 solio
2837 1982 3151 2048 sedentem,
3200 1996 3476 2053 manuque

1875 2084 2127 2144 porrecta
2157 2075 2500 2146 signantem;
2529 2079 2587 2129 et
2611 2073 2759 2129 circa
2804 2088 2927 2130 eum
2965 2072 3122 2144 quasi
3161 2087 3362 2144 magno
3388 2072 3476 2127 di-

1877 2166 2099 2236 gnitatis
2125 2166 2419 2236 praestigio,
2454 2166 2692 2237 aquilam
2712 2206 2728 2231 ,
2756 2174 2813 2221 et
2849 2167 3125 2222 hominem
3153 2165 3386 2221 vitulum
3418 2173 3477 2221 et

1877 2255 2108 2313 leonem.
2149 2257 2277 2314 Haec
2324 2258 2532 2330 eiiigies
2572 2259 2871 2315 Christiani
2909 2259 3265 2330 exscuipunt,
3299 2256 3471 2315 fabri-

1877 2355 2004 2402 cant
2043 2356 2101 2402 et
2145 2347 2444 2421 depingunt
2497 2350 2936 2418 undepossunt;
2983 2357 3039 2404 et
3080 2350 3171 2405 ubi
3224 2356 3475 2419 possunt,

1878 2439 2109 2495 adorant
2133 2449 2189 2496 et
2213 2440 2401 2497 colunt
2426 2458 2441 2495 :
2468 2442 2615 2513 quod
2645 2440 2732 2497 lex
2763 2456 2793 2495 a
2822 2440 2934 2496 Deo
2958 2441 3084 2496 data
3107 2440 3331 2497 omnino
3355 2439 3478 2499 ﬁeri

1876 2540 2045 2587 vetat.
2070 2531 2204 2588 Nam
2232 2533 2285 2589 in
2316 2533 2506 2590 Exodo
2536 2535 2609 2590 ita
2636 2533 2903 2606 scriptum
2938 2541 3025 2589 est
3054 2550 3068 2587 :
3105 2551 3125 2585 ι
3162 2530 3280 2588 Non
3308 2531 3478 2589 facies

1881 2624 1979 2679 tibi
2019 2614 2268 2695 sculptile
2287 2665 2302 2692 ,
2334 2640 2512 2696 neque
2539 2639 2757 2682 omnem
2804 2624 3214 2681 similitudinem
3244 2638 3366 2694 quae
3392 2630 3479 2680 est

1878 2715 1933 2771 in
1961 2715 2101 2772 celo
2128 2715 2384 2788 desuper,
2428 2727 2485 2773 et
2508 2731 2631 2788 quae
2667 2717 2721 2772 in
2752 2724 2898 2773 terra
2937 2716 3214 2783 deorsum,
3249 2728 3352 2771 nec
3377 2727 3476 2771 eoo

1878 2823 1999 2863 rum
2045 2822 2166 2877 quae
2212 2818 2340 2863 sunt
2383 2809 2437 2864 in
2479 2808 2665 2879 aquis;
2711 2824 2820 2865 non
2861 2806 3115 2864 adorabis
3162 2820 3264 2872 ea,
3298 2820 3479 2878 neque

1876 2900 2022 2957 coles
2070 2900 2268 2968 (Exod.
2315 2914 2421 2966 xx,
2461 2902 2543 2974 4).
2582 2921 2602 2955 ι
2643 2901 2758 2956 Lex
2805 2901 2970 2973 igitur
3021 2899 3267 2957 eradicat
3308 2914 3476 2957 omna

1878 2990 2166 3062 sculptile;
2221 3002 2277 3046 et
2323 3007 2484 3058 eum,
2536 2992 2627 3062 qui
2677 2990 2896 3058 fecerit,
2942 2990 3215 3047 horrenda
3261 2987 3476 3060 judico;

1878 3084 2333 3139 condemnatione

2493 3213 2847 3256 CHRISTIANUS

1946 3309 2003 3366 Si
2028 3325 2264 3381 unquam
2293 3309 2381 3365 lex
2407 3326 2566 3366 omne
2597 3310 2669 3365 ita
2695 3311 2918 3366 damnat
2946 3308 3218 3380 sculptile,
3243 3316 3297 3366 et
3321 3307 3469 3366 nullo

1872 3394 2031 3457 modo
2079 3402 2155 3456 rei
2207 3400 2436 3471 alicujus
2479 3402 2607 3458 licet
2652 3401 2769 3458 ﬁeri
2829 3401 3168 3467 similitudo,
3224 3401 3475 3473 peccavit

1872 3490 2105 3563 Moyses,
2137 3491 2227 3562 qui
2253 3506 2434 3547 rerum
2460 3492 2840 3549 similitudines
2868 3491 3141 3565 efﬁgiavit,
3167 3501 3221 3549 et
3251 3492 3467 3550 exscul-

1872 3582 2014 3652 psit;
2065 3582 2175 3637 imo
2207 3584 2454 3654 peccavit
2498 3584 2801 3651 Dominus,
2853 3584 2944 3654 qui
2997 3599 3091 3641 eas
3138 3584 3361 3656 eliigiari
3416 3593 3472 3643 et

1872 3674 2113 3745 exsculpi
2148 3676 2443 3730 mandavit.
2475 3674 2608 3732 Nam
2642 3678 2696 3745 in
2727 3676 2912 3733 Exodo
2943 3676 3203 3733 Dominus
3232 3678 3303 3732 ita
3331 3693 3471 3748 prte-

1875 3764 2064 3834 ccpit:
2104 3785 2120 3816 ι
2162 3764 2354 3821 Facies
2403 3767 2535 3821 mihi
2583 3769 2995 3835 sanctuarium,
3043 3769 3198 3839 juxta
3249 3783 3470 3825 omnem

1873 3855 2311 3911 similitudinem-
2337 3857 2706 3926 tabernaculi,
2753 3860 2897 3929 quod
2932 3861 3217 3916 ostendam
3265 3861 3385 3926 tibi,
3412 3868 3469 3916 et

1872 3948 2111 4002 omnium
2135 3963 2406 4013 vasorum,
2434 3947 2487 4004 in
2516 3951 2718 4006 cultum
2741 3951 2857 4022 ejus
2881 3951 3079 4015 (Exod.
3104 3968 3231 4017 xxv,
3252 3953 3306 4017 8,
3330 3952 3407 4024 9).
3442 3970 3461 4004 ι

1873 4034 2003 4090 item
2033 4048 2156 4108 post
2186 4051 2356 4107 pauca
2389 4054 2403 4090 τ
2442 4055 2460 4089 ι
2498 4037 2685 4095 Facies
2730 4049 2785 4096 et
2812 4041 3066 4097 laminam
3101 4059 3167 4100 ex
3198 4056 3335 4097 auro
3365 4057 3466 4113 pu-

1875 4127 2125 4194 rissimo,
2173 4128 2227 4183 in
2268 4143 2380 4198 qua
2419 4127 2631 4201 sculpes
2678 4144 2843 4203 apere
2892 4132 3167 4189 caelatoris
3216 4143 3467 4189 sanctum

1873 4212 2103 4272 Domino
2151 4215 2349 4287 (Exod.
2381 4233 2586 4286 xxvnt,
2629 4221 2742 4294 56).
2775 4240 2795 4275 ι
2836 4223 2968 4277 item
2999 4238 3013 4277 :
3043 4241 3063 4276 ‹
3100 4223 3296 4280 Sumes
3332 4224 3469 4281 duos

1874 4307 2078 4378 lapides
2103 4309 2426 4380 onychinos,
2457 4321 2512 4366 et
2549 4312 2763 4383 sculpes
2792 4312 2845 4368 in
2872 4314 2954 4370 eis
2983 4316 3199 4371 nomina
3232 4316 3467 4373 filiorum

1873 4396 2073 4465 israel,
2131 4414 2298 4470 Opere
2342 4400 2674 4472 sculptoris,
2722 4412 2778 4459 et
2825 4404 3080 4462 cmiatura
3130 4422 3470 4480 gemmarum

1877 4490 2068 4563 (Ibid.,
2101 4490 2281 4564 0-H).
2320 4512 2340 4547 ι
2375 4494 2516 4551 Ecce
2542 4511 2723 4553 rerum
2754 4497 3139 4557 similitudines
3162 4501 3470 4573 eliigiantur

167 4588 368 4646 orbem
400 4598 667 4646 terrarum
702 4592 921 4648 dorsum
954 4603 1194 4647 vestrum
1242 4592 1361 4647 aliis
1396 4593 1649 4663 gentibus
1681 4601 1767 4648 est
1801 4582 1843 4639 Ι)
1868 4593 1923 4641 el
1952 4583 2179 4655 emgiari
2215 4599 2246 4641 a
2279 4586 2504 4645 Domino
2541 4590 2951 4661 praecipiuntur.
2986 4592 3125 4647 Ecce
3171 4593 3462 4662 sculpturaa

168 4685 523 4740 incurvatum
544 4724 558 4748 ,
584 4682 698 4753 jam
732 4684 929 4740 defecit
971 4685 1223 4755 princeps
1253 4700 1321 4741 ex
1369 4683 1535 4752 Juda,
1571 4692 1627 4741 et
1655 4684 1764 4740 (lux

168 4776 249 4832 de
278 4773 573 4833 femoribus
606 4776 746 4846 ejus,
775 4786 831 4833 et
858 4777 1061 4833 idcirco
1087 4779 1318 4836 dicimus
1358 4779 1485 4849 quia
1514 4779 1765 4835 Christus

163 4865 290 4940 jam
316 4867 466 4923 venit
492 4868 828 4940 exspectatio
857 4869 1118 4941 gentium.
1145 4870 1277 4926 item
1295 4912 1309 4935 ,
1348 4870 1475 4940 quia
1503 4870 1765 4939 adimple-

171 4969 298 5016 tum
332 4972 454 5018 est:
491 4980 510 5015 ι
561 4962 1029 5029 Reminiscentur,
1061 4974 1118 5019 et
1140 4972 1527 5019 convertentur
1566 4963 1634 5018 ad
1663 4964 1766 5018 Do-

169 5049 388 5105 minum
422 5051 659 5109 universi
697 5054 831 5110 fines
874 5062 1065 5119 terrm;
1095 5062 1151 5108 et
1194 5052 1500 5109 adorabunt
1544 5053 1597 5109 in
1633 5068 1765 5108 con-

171 5149 371 5211 spcctu
418 5143 535 5214 ejus
570 5145 836 5200 universae
884 5143 1105 5199 familiae
1151 5144 1393 5214 gentium
1426 5142 1601 5216 (Psal.
1633 5159 1762 5210 ιιι,

171 5232 295 5299 28),
334 5250 353 5286 ι
391 5233 618 5313 dicimus
662 5235 789 5306 quia
818 5235 1067 5291 Christus
1093 5235 1202 5302 jam
1238 5236 1386 5290 venit
1427 5236 1765 5313 exspectatio

172 5311 563 5396 gentium,icui
592 5326 765 5382 honor
803 5337 859 5382 et
902 5328 1185 5398 imperium
1214 5342 1311 5397 per
1342 5336 1543 5383 aeterna
1571 5329 1765 5384 saecula

174 5415 528 5474 saeculorum.
557 5418 657 5487 Qui
682 5434 814 5491 ergo
843 5420 1190 5476 crediderunt
1219 5420 1271 5474 in
1302 5434 1426 5475 eum
1447 5460 1462 5486 ,
1496 5435 1601 5474 non
1632 5434 1766 5475 con-

1870 4676 2005 4733 fiunt
2034 4678 2260 4734 Domino
2291 4678 2345 4733 in
2373 4679 2642 4751 lapidibus
2665 4682 2956 4754 onychinis
2980 4690 3037 4738 et
3056 4697 3210 4737 auro.
3240 4681 3298 4736 in
3328 4682 3468 4737 libro

1872 4786 1999 4825 vero
2042 4770 2254 4842 Regum
2300 4771 2519 4839 legitur,
2555 4772 2645 4827 ubi
2676 4774 2935 4844 templum
2970 4772 3199 4828 Domino
3225 4772 3465 4829 adifica-

1872 4870 1960 4914 tur
1992 4877 2007 4912 ε
2041 4878 2059 4912 ι
2098 4861 2298 4917 Omnes
2328 4864 2562 4933 parietes
2592 4859 2775 4934 templi
2802 4864 3029 4935 sculpsit
3053 4878 3150 4934 per
3178 4864 3465 4920 circuitum

1872 4952 2040 5006 variis
2066 4953 2366 5019 ctelaturis,
2397 4964 2452 5011 et
2484 4964 2663 5021 torno,
2708 4965 2764 5012 et
2793 4956 2922 5012 fecit
2956 4957 3008 5011 in
3050 4956 3129 5012 eis
3159 4955 3463 5021 cherubim,

1872 5052 1927 5099 ct
1960 5045 2168 5114 palmas
2215 5055 2271 5101 et
2300 5047 2541 5117 picturas
2582 5048 2761 5103 varias
2806 5049 2960 5119 quasi
2996 5047 3366 5119 prominentes
3397 5047 3465 5103 de

1874 5136 2083 5205 pariete
2128 5146 2183 5191 et
2220 5138 2557 5208 egredientes
2595 5138 2714 5211 (III
2742 5138 2868 5211 Reg.
2894 5155 2980 5208 vt,
3006 5139 3121 5211 29).
3147 5138 3301 5196 Fecit
3331 5156 3464 5211 quo-

1874 5241 1980 5297 que
2007 5238 2063 5283 et
2092 5242 2243 5285 mare
2263 5227 2419 5286 fusile
2439 5230 2626 5291 decem
2651 5231 2993 5298 cubitorum;
3022 5241 3077 5287 et
3098 5232 3277 5289 stabat
3301 5244 3463 5303 super

1876 5322 2159 5379 duodecim
2206 5322 2373 5380 boves
2414 5324 2536 5397 (III
2573 5324 2700 5401 Reg.
2731 5341 2835 5392 vn,
2857 5325 3085 5405 23.25).
3116 5344 3135 5379 ι
3167 5326 3311 5381 idem
3340 5333 3461 5397 post

1876 5430 2087 5484 pauca:
2125 5435 2142 5468 α
2174 5415 2325 5472 Fecit
2360 5416 2414 5472 in
2465 5418 2684 5475 oraculo
2711 5418 2779 5475 de
2824 5416 2983 5489 lignis
3034 5418 3301 5475 olivarum
3355 5417 3460 5472 duo

1513 5572 1747 5629 VARIIE
1807 5572 2211 5631 LECTIONES.

252 5687 322 5721 ¹¹⁸
353 5686 455 5743 Ms.
490 5686 666 5758 liena,
708 5690 855 5745 omit.
886 5690 1034 5748 uncis
1070 5690 1292 5747 inclusa.
1371 5690 1436 5725 ¹¹⁰
1476 5689 1578 5747 Ms.
1633 5688 1807 5759 Rem»
1860 5688 2014 5747 ιοεῖε·

179 5760 477 5817 Credimus.

425 5855 697 5917 Panos.
741 5854 953 5918 CLIX.

2988 5691 3054 5726 ¹²¹
3085 5690 3186 5747 Us.
3220 5687 3278 5747 S.
3309 5685 3453 5757 Gen,

2982 5854 3061 5945 aa

2120 5691 2188 5723 “9
2219 5689 2320 5746 Ms.
2355 5689 2418 5749 S.
2448 5689 2595 5761 Gen,
2632 5706 2881 5764 namque.
