3990 6310
607 344 750 402 1055

928 339 1335 400 GISLEBERTI
1372 339 1662 399 CRISPINI
1693 339 1847 396 ABB.
1891 337 2264 396 WESTMON.
2310 337 2720 397 DISPU'I‘ATIO
2764 340 2912 398 JUD.
2962 341 3108 400 CUM
3152 342 3530 401 CHRISTIAM.

3680 353 3774 409 1050

606 458 887 521 cherubim
917 458 1101 513 decem
1133 457 1437 513 cubitorum
1474 456 1770 512 altitudinis
1795 455 1914 526 (III
1947 456 2072 528 Reg.
2110 471 2186 522 vr,
2218 458 2265 518 Α
2294 453 2432 510 libro
2460 456 2666 529 Regum
2701 456 2927 528 legimus
2955 458 3097 528 quod
3123 457 3386 516 Bersabee
3413 462 3623 520 adoravit
3645 484 3770 541 regem

604 549 719 619 23).
757 568 773 600 ι
807 549 949 603 Idem
980 566 992 602 :
1029 566 1046 599 ι
1075 548 1404 604 Iuduxerunt
1431 549 1742 604 sacerdotes
1763 564 1944 603 arcam
1975 548 2194 603 foederis

601 641 819 696 Domini
852 641 904 696 in
927 638 1106 697 locum
1147 655 1326 706 suum,
1358 642 1412 694 in
1443 642 1721 697 oraculum
1750 641 1933 712 templi
1965 642 2017 696 in
2056 640 2190 697 San-

603 735 750 790 ctum
797 739 1142 801 saneturum,
1187 736 1374 792 s'ubter
1419 735 1533 790 alas
1587 731 2028 803 cbcrubim‘UlI
2064 730 2188 803 Reg.

601 842 722 890 \‘III,
755 826 832 896 6).
866 846 883 878 ι
914 826 1052 882 Ecce
1079 836 1266 897 aperte
1293 826 1536 881 nominat
1559 825 1799 894 picturas
1825 829 1880 879 et
1901 821 2188 894 sculptilia,

599 932 709 972 non
757 916 1109 986 improbando
1143 917 1239 972 sed
1281 916 1626 987 approbando
1648 929 1713 970 ea
1740 930 1858 984 qua:
1898 914 1950 968 in
1993 913 2191 984 templo

601 1009 814 1063 Domini
865 1009 1005 1064 facta
1057 1009 1299 1064 existunt
1349 1008 1637 1078 sculptilia.
1688 1006 1822 1062 Nam
1886 1007 2026 1061 Deus
2077 1007 2190 1076 ipse

599 1103 778 1157 omnia
801 1117 932 1172 qua:
969 1101 1112 1158 facta
1144 1110 1267 1156 sunt
1295 1099 1646 1171 approbando
1682 1113 1740 1154 se
1772 1097 2186 1152 insinuavit'ac-

598 1194 826 1262 cepisse.
859 1213 876 1245 ι
921 1193 988 1248 Et
1027 1209 1132 1248 non
1173 1201 1452 1263 poterant,
1482 1191 1678 1260 inquit,
1710 1190 2018 1245 sacerdotes
2042 1197 2190 1242 stare

596 1297 654 1342 et
701 1287 1045 1353 ministrare,
1089 1297 1307 1357 prepter
1342 1286 1593 1341 nebulam
1643 1303 1656 1338 :
1697 1283 2013 1354 impleverat
2044 1285 2187 1338 enim

596 1379 768 1448 gloria
814 1379 1026 1434 Domini
1071 1379 1288 1434 domum
1341 1378 1548 1432 Domini
1594 1377 1767 1448 (ibid.,
1811 1377 1922 1448 11).
1960 1396 1978 1430 ι
2016 1374 2188 1432 Isaias

597 1469 861 1539 propheta
900 1469 1037 1525 dixit
1074 1488 1087 1522 :
1140 1487 1158 1520 ι
1198 1467 1264 1523 In
1311 1483 1454 1524 anno
1499 1483 1606 1538 quo
1659 1476 1907 1529 mortuus
1955 1475 2040 1523 est
2091 1481 2184 1521 rex

597 1559 778 1627 Ozias,
819 1561 928 1617 vidi
958 1561 1244 1616 Dominum
1285 1561 1563 1616 sedentem
1597 1575 1761 1630 super
1786 1559 1979 1615 solium
2010 1560 2190 1616 excel-

593 1669 716 1708 sum
744 1653 802 1709 et
827 1655 1113 1710 elevatum.
1147 1653 1433 1724 Seraphim
1457 1654 1673 1708 stabant
1699 1668 1862 1723 super
1886 1651 2015 1708 illud
2041 1670 2056 1718 ;
2090 1667 2186 1709 sex

594 1745 695 1801 ala:
735 1747 855 1812 uni,
897 1756 953 1802 et
985 1762 1081 1803 sex
1132 1747 1230 1803 ala:
1275 1745 1429 1802 alteri
1479 1745 1617 1815 (Isa.
1675 1747 1864 1814 v1.2).
1909 1766 1927 1798 ι
1977 1745 2052 1800 De
2081 1745 2186 1800 illis

592 1848 828 1906 quatuor
872 1840 1184 1894 animalium
1233 1835 1548 1909 Speciebus,
1599 1854 1734 1910 quas
1777 1839 2050 1898 derisione
2103 1839 2187 1894 in-
2218 1812 2261 1871 Β

591 1931 735 1997 justa
771 1931 1008 1996 notasti,
1041 1929 1286 1986 Ezechiel
1319 1929 1575 1999 propheta
1611 1929 1683 1983 ita
1725 1929 1962 2000 loquitur
1997 1947 2010 1982 :
2039 1948 2057 1981 ι
2096 1928 2183 1985 Si-

592 2021 843 2077 militudo
873 2021 1060 2077 vultus
1079 2033 1316 2092 quatuor
1345 2021 1681 2087 animalium,
1727 2022 1892 2078 facies
1922 2022 2180 2085 hominis.

590 2121 647 2167 et
671 2110 835 2168 Iactes
863 2111 1031 2168 leonis
1055 2129 1084 2167 a
1114 2113 1318 2168 dextris
1351 2113 1587 2182 ipsormn
1611 2123 1864 2184 quatuor,
1893 2112 1985 2186 [η’
2006 2105 2183 2170 ‘l’acies

590 2216 725 2257 vero
776 2203 926 2258 vituli
974 2218 1005 2258 a
1053 2203 1290 2258 sinistris
1335 2201 1575 2271 ipsormu
1619 2213 1882 2274 quatuor,
1920 2213 1975 2259 et
2014 2202 2182 2259 facies

591 2295 790 2363 aquila:
832 2295 1068 2364 desuper
1100 2295 1335 2365 ipsorum
1381 2305 1614 2366 quatuor
1641 2293 1861 2365 (Ezech.
1910 2310 1953 2361 1,
1983 2293 2122 2366 10).]
2158 2314 2176 2347 ι

593 2387 746 2451 Quod
779 2402 910 2457 ergo
941 2388 1107 2443 Isaias
1137 2388 1288 2452 vidit,
1330 2387 1466 2443 dixit
1503 2396 1556 2442 et
1603 2386 1838 2458 scripsit,
1879 2377 2021 2457 quod
2046 2386 2182 2442 Eze-

578 2475 734 2529 ‘rlticl
769 2475 897 2529 vidit
925 2519 938 2540 ,
973 2476 1108 2530 dixit
1137 2485 1192 2530 et
1219 2475 1459 2546 scripsit,
1491 2475 1615 2530 licet
1638 2485 1760 2546 post
1785 2491 1878 2530 eos
1907 2476 2092 2542 scribi,
2125 2483 2181 2530 et

593 2567 699 2622 dici
726 2576 781 2622 et
824 2568 1050 2638 picturae
1081 2568 1260 2638 aliqua
1301 2577 1427 2623 nota
1469 2567 1692 2637 signari.
1727 2566 1882 2623 Sicut
1907 2567 2054 2622 enim
2096 2565 2181 2620 Iit-

589 2672 725 2715 tertc
751 2661 1148 2729 quodammodo
1186 2660 1320 2716 tiuut
1347 2661 1632 2718 verborum
1682 2661 1866 2732 ligurte
1914 2669 1968 2715 et
2016 2668 2176 2727 nota},

589 2766 668 2808 tta
695 2765 749 2809 ct
774 2754 999 2823 pictura:
1045 2756 1439 2826 scripturarum
1474 2770 1656 2809 verum
1700 2753 1941 2809 existunt
1987 2753 2180 2809 simili-

589 2847 806 2902 tudines
832 2857 888 2902 et
913 2856 1075 2902 notae.
1105 2846 1244 2914 Quid
1281 2846 1472 2916 plura?
1503 2860 1807 2900 sermonem
1839 2843 2177 2916 colligamus,

587 2952 644 2996 et
674 2943 738 2996 ad
788 2940 1412 3011 preposittequatstiouis
1458 2940 1616 2995 tinem
1659 2938 2003 2994 accedamus.
2048 2936 2182 2992 Pro-

589 3033 772 3088 ltiliuit‘
790 3032 932 3088 Deus
959 3046 1026 3087 ne
1065 3032 1198 3087 ﬁant
1238 3029 1524 3102 sculptilia,
1554 3040 1609 3086 et
1637 3040 1814 3086 tamen
1827 3064 1844 3092 ,
1875 3030 2017 3086 sicut
2048 3030 2177 3100 legi-

590 3142 735 3192 mus,
765 3143 795 3181 a
841 3126 951 3181 Deo
981 3126 1134 3194 jussa
1161 3135 1286 3180 sunt
1320 3123 1437 3180 ﬁeri
1472 3123 1759 3195 sculptilia.
1796 3122 2178 3192 Competentcr
2208 3162 2249 3220 ε

592 3220 759 3295 igitur
808 3218 1120 3272 mandatum
1167 3217 1296 3288 legis
1336 3215 1710 3287 accipiendum
1747 3223 1864 3281 est,
1900 3215 2008 3270 imo
2041 3215 2182 3270 sicut

593 3326 708 3380 ipse
755 3309 1025 3378 legislator
1067 3307 1304 3362 declarat
1361 3305 1766 3376 intelligendam
1826 3314 1930 3362 est.
1975 3322 1993 3357 t
2040 3304 2180 3373 Non,

592 3401 790 3471 inquit,
840 3401 1007 3456 facies
1046 3398 1296 3470 sculptile
1340 3397 1537 3467 (Exod.
1579 3413 1684 3464 xx,
1711 3397 1792 3469 4),
1823 3416 1842 3450 ›
1875 3407 2016 3464 etc.,
2054 3412 2182 3452 cau-

592 3510 817 3567 samque
845 3494 1180 3548 demonstrat
1207 3511 1220 3546 :
1254 3511 1272 3544 ι
1307 3491 1421 3548 Non
1454 3493 1704 3548 adorabis
1734 3507 1818 3560 ea,
1844 3506 2017 3563 neque
2038 3491 2182 3548 coles

593 3590 768 3660 (ibid.,
798 3587 875 3657 5).
915 3607 933 3640 ι
960 3585 1190 3641 Exclusa
1229 3586 1394 3655 igitur
1423 3585 1610 3655 perﬁdi
1642 3585 1818 3641 cultus
1849 3584 2177 3652 idololatria,

589 3682 735 3738 facta
782 3691 908 3737 sunt
935 3681 1002 3734 ab
1027 3681 1128 3746 eis,
1151 3689 1205 3734 et
1232 3678 1347 3734 ﬁeri
1375 3688 1601 3749 possunt
1633 3694 1663 3732 a
1691 3678 1845 3735 nobis
1886 3677 2176 3747 sculptilia.

591 3763 845 3832 Facimus
873 3775 982 3830 Deo
1005 3765 1271 3844 “picturas,
1303 3773 1532 3828 facitnus
1571 3771 1681 3827 Deo
1709 3772 2018 3836 emlaturas,
2051 3771 2181 3826 faci-

590 3883 713 3923 mus
741 3868 851 3923 Deo
872 3876 926 3921 et
956 3865 1292 3934 sculptor-av;
1323 3863 1417 3918 sed
1445 3862 1626 3918 divino
1651 3861 1797 3916 cultu
1826 3875 1926 3916 nec
1953 3860 2180 3916 colimus

589 3977 706 4025 cas,
747 3960 1182 4016 uecadorantus.
1217 3953 1350 4012 Nam
1388 3957 1558 4026 ipsam
1594 3969 1840 4018 crucem,
1867 3969 2027 4024 quant
2058 3968 2182 4008 eru-

591 4067 710 4108 cem
763 4061 1010 4108 sanetam
1041 4049 1291 4112 dicimus,
1333 4049 1517 4118 utique
1567 4046 1793 4116 lignum,
1845 4053 1950 4100 non
1989 4045 2178 4110 Deum,

589 4158 712 4198 csse
742 4142 994 4206 dicimus,
1026 4139 1333 4210 nullamque
1373 4139 1425 4193 in
1465 4153 1544 4203 se,
1570 4145 1661 4192 aut
1696 4151 1763 4191 ex
1802 4151 1885 4202 se,
1927 4135 2183 4190 virtutem

590 4235 796 4289 habere
847 4249 968 4289 eam
1021 4233 1301 4298 dicimus;
1362 4246 1425 4288 ac
1470 4240 1758 4300 postquam
1809 4228 2185 4284 benedictione

593 4326 891 4400 pontiﬁcali
949 4325 1320 4381 sanetilieatur
1383 4326 1436 4379 in
1503 4324 1818 4380 memoriam
1888 4313 2185 4377 Dominicae

593 4419 892 4494 passionis,
917 4419 1029 4490 jam
1055 4432 1275 4473 crucem
1307 4434 1414 4473 non
1445 4417 1656 4482 divino,
1686 4416 1780 4472 sed
1815 4416 1998 4472 debito
2021 4429 2184 4470 vene-

2295 550 2481 616 bavid,
2535 559 2590 606 et
2630 551 2682 606 in
2720 552 2903 607 multis
2947 563 3247 608 vestrarum
3285 553 3646 625 Scripturarum
3685 563 3773 620 locis

2293 642 2524 713 legimus
2565 644 2706 712 quod
2737 643 2902 698 homo
2931 644 3200 698 hominem
3233 645 3502 710 adoravit,
3525 653 3717 718 quamvis
3737 654 3771 707 in

2291 735 2409 805 lege
2430 735 2692 806 scriptum
2723 736 2795 791 sit
2823 755 2834 789 :
2871 754 2890 788 ί
2929 728 3214 790 Dominum
3245 735 3410 790 Deum
3437 747 3566 790 tuum
3592 739 3772 800 adorabis

2291 827 2472 899 (Deut.
2504 843 2576 893 vr,
2619 826 2710 892 I3,
2753 829 2840 893 IO,
2873 820 2972 893 20;
3009 817 3311 892 Matih.’tv,
3340 827 3432 893 I0;
3473 827 3582 884 Luc.
3607 834 3768 904 “38).!

2291 921 2425 975 Cum
2458 919 2625 990 igitur
2662 919 3010 977 Christianus,
3052 919 3268 974 crucem
3307 921 3510 985 adorat,
3538 923 3682 978 divlno
3714 944 3772 982 τε.

2291 1012 2506 1082 Iigionis
2535 1014 2681 1070 cultu
2718 1015 2908 1070 adorat
2962 1014 3016 1068 in
3064 1028 3224 1069 cruce
3273 1011 3557 1085 passionem
3607 1018 3769 1085 Christi,

2289 1107 2510 1177 prepter
2537 1105 2806 1170 'hominis,
2851 1120 2882 1159 a
2915 1105 3023 1160 Deo
3062 1105 3321 1175 assumpti
3355 1104 3406 1159 in
3447 1107 3663 1163 unitatem
3693 1127 3772 1180 per.

2290 1194 2457 1261 senda,
2485 1198 2814 1266 passionem,
2843 1210 2904 1250 ac
2929 1193 3106 1250 debito
3129 1193 3485 1251 veneratiOnis
3507 1196 3627 1252 cultu
3645 1200 3772 1255 adorat

2290 1288 2469 1342 erucis
2514 1285 2768 1358 emgiem,
2801 1275 2970 1358 ipsius
3021 1275 3310 1341 Dominicze
3351 1288 3594 1356 passionis
3630 1293 3771 1346 exscul-

2289 1377 2435 1446 ptam
2466 1375 2891 1431 similitudinem.
2927 1373 2997 1432 Ut
3027 1368 3352 1448 ego’paucis
3391 1387 3443 1432 et
3468 1378 3665 1435 breviter
3688 1398 3768 1437 tol-

2289 1469 2526 1534 c'ludam,
2558 1469 2628 1502 ¹²³
2651 1467 2853 1523 nullam
2884 1470 3105 1523 omnino
3135 1468 3474 1524 Christianus
3493 1469 3646 1527 divino
3677 1474 3768 1526 cultu

2289 1561 2365 1616 rei
2416 1561 2646 1629 alicujus
2692 1559 2882 1615 aderat
2912 1555 3166 1631 efﬁgiem,
3215 1558 3395 1615 debito
3443 1567 3598 1615 tamen
3622 1561 3770 1617 honoris

2289 1654 2434 1710 cultu
2459 1661 2704 1708 sacratas
2728 1658 3012 1707 sacrarum
3044 1665 3224 1707 rerum
3256 1650 3388 1707 colit
3412 1659 3463 1707 et
3491 1651 3676 1707 honorat
3695 1654 3768 1708 die

2289 1747 2404 1818 gics
2447 1756 2501 1800 et
2525 1746 2786 1816 picturas.
2820 1743 3005 1799 Recita
3035 1751 3164 1816 ergo
3195 1743 3529 1814 Scripturas,
3551 1743 3683 1814 legem
3702 1747 3770 1801 sci-

2289 1838 2416 1892 licet
2464 1845 2517 1891 et
2560 1838 2894 1908 prophetas,
2929 1837 3138 1892 videbis
3180 1840 3247 1891 ea
3299 1837 3506 1902 omnia,
3551 1852 3645 1906 qua
3677 1838 3768 1900 dixi,

2287 1931 2489 1999 scripta
2513 1945 2633 1984 esse
2658 1929 2710 1983 in
2749 1929 2865 1999 lege
2896 1938 2990 1983 aut
3015 1927 3318 1998 prophetis,
3347 1938 3434 1980 aut
3455 1929 3616 1982 eadem
3644 1927 3769 1993 verba,

2285 2029 2378 2074 aut
2408 2019 2657 2074 eumdem
2691 2021 2912 2073 omnino
2957 2033 3176 2072 sensum
3222 2017 3490 2072 habentia.
3519 2016 3694 2086 Cogita,
3721 2017 3769 2071 in-

2285 2112 2469 2184 duam,
2518 2121 2573 2168 et
2619 2113 2858 2186 recogita
2911 2113 3040 2184 quid
3090 2113 3453 2184 exspectatis,
3490 2117 3536 2167 et
3574 2125 3769 2184 quousque

2284 2205 2634 2274 exspectatis,
2649 2211 2703 2259 et
2725 2217 2832 2274 quo
2855 2204 3010 2275 signo
3034 2212 3347 2272 exspectata
3374 2203 3455 2268 ηδ,
3472 2219 3574 2258 eum
3596 2205 3768 2269 adeunt,

2285 2281 2637 2364 dignoscetis.
2692 2292 2828 2347 Nam
2896 2295 2988 2364 qui
3053 2277 3472 2363 prcutittebatur
3528 2295 3762 2358 mittendus.

2282 2389 2432 2441 venit
2461 2375 2588 2456 jam.
2619 2372 2818 2442 missus
2842 2427 2854 2447 ,
2913 2387 3054 2441 sicut
3103 2395 3432 2441 attestantur
3463 2386 3602 2456 signa
3639 2387 3768 2456 quibus

2283 2477 2747 2547 przeuutttiabatur
2768 2475 2926 2532 Jesus
2951 2475 3223 2542 Christus,
3251 2479 3567 2548 exspectatio
3588 2479 3767 2547 gentium,

2283 2570 2368 2624 citi
2420 2569 2596 2624 honor
2632 2578 2687 2624 et
2723 2569 3009 2642 imperium
3047 2577 3142 2641 per
3177 2571 3365 2624 Omnia
3412 2569 3585 2625 smcula
3621 2569 3768 2623 saeculo-

2285 2663 2422 2718 r’um.
2449 2664 2639 2719 Amen.

2357 2755 2424 2785 "5
2460 2737 2933 2810 Iieveiendis'simo
2961 2753 3318 2820 Auzxxxono,
3351 2753 3439 2809 Dei
3457 2750 3609 2826 gratia
3629 2749 3768 2804 Lini-ol-

2283 2835 2435 2901 iiensi
2466 2846 2739 2915 epise0po,
2765 2845 2984 2914 quidam
3011 2829 3140 2898 ﬁdei.
3159 2845 3480 2897 Christianae
3502 2851 3769 2913 propugnator

2283 2939 2336 2992 et
2374 2953 2597 3003 servus,
2635 2934 2695 2990 'in
2740 2935 2933 3008 spiritu
2976 2935 3070 2990 Dei
3107 2945 3255 2990 reeta
3302 2951 3503 3006 sapere,
3539 2944 3585 2988 et
3616 2934 3664 2987 de
3695 2932 3768 3000 ejus

2282 3044 2497 3100 semper
2518 3029 2891 3085 consolatione
2921 3027 3176 3098 gaudere.
3212 3027 3388 3094 Quam
3410 3025 3653 3096 plurimum
3675 3022 3766 3074 litte-

2284 3118 2360 3174 ris
2401 3120 2522 3174 istis
2567 3115 2888 3184 instructus,
2939 3117 3036 3186 ait,
3079 3133 3188 3171 non
3242 3115 3414 3172 solum
3463 3106 3766 3176 humanis,sed

2285 3219 2447 3272 etiam
2479 3217 2676 3272 divinis
2703 3215 2912 3285 legibus
2939 3214 3211 3279 eruditus,
3257 3217 3312 3268 'et
3351 3210 3620 3283 personalis
3642 3205 3765 3276 gratia

2283 3311 2485 3366 honore
2517 3308 2794 3377 prceditus,
2826 3305 2981 3360 mitto
3016 3305 3167 3359 vobis
3212 3303 3668 3374 dispulatiuuculam
3688 3311 3769 3368 pat-

2283 3417 2406 3456 vam
2435 3409 2618 3455 vestro
2647 3397 3068 3453 examinandam
3095 3395 3330 3464 judicio,
3357 3411 3506 3466 quam
3533 3408 3667 3462 nuper
3688 3403 3768 3444 cum

2283 3494 2516 3564 quodam
2544 3489 2729 3546 Judan
2769 3489 3067 3560 conﬂigens
3111 3489 3279 3544 edidi.
3312 3487 3527 3556 Quidam
3561 3485 3659 3541 mihi
3691 3491 3768 3536 sunt

2283 3585 2533 3656 cognitus
2563 3593 2708 3638 esset
2731 3581 2952 3637 Iudaeus
2992 3582 3280 3651 cujusdam
3311 3581 3500 3654 negotii
3533 3579 3674 3643 causa,
3696 3583 3769 3627 tan-

2283 3679 2405 3735 dem
2434 3685 2661 3748 cogente
2705 3689 2892 3754 amore
2941 3673 3255 3746 frequenter
3301 3675 3379 3730 illi
3419 3673 3667 3728 suadebant
3684 3681 3769 3737 qut-

2286 3783 2441 3828 tenus
2485 3757 2765 3825 Judaismo
2814 3769 3004 3823 relicto
3039 3767 3387 3824 Christianus
3422 3757 3769 3824 eﬂiceretur;cni

2282 3867 2446 3922 etiam
2496 3861 2844 3917 multimodas
2896 3859 3101 3914 erroris
3146 3857 3230 3913 sui
3293 3859 3404 3912 vias
3457 3852 3657 3910 veritatis
3693 3848 3767 3902 luo:

2284 3967 2732 4022 monstraveram,
2767 3965 2819 4010 et
2843 3954 2986 4024 quod
3017 3953 3266 4009 dicebam
3302 3969 3411 4008 suae
3436 3952 3554 4022 legis
3577 3958 3620 4002 et
3639 3953 3768 3998 nostra

2288 4049 2614 4105 testimoniis
2661 4047 3065 4118 approbabam;
3111 4045 3205 4099 sed
3253 4061 3378 4099 cum
3417 4044 3643 4100 obdurato
3663 4037 3769 4091 comit:

2285 4144 2340 4198 in
2383 4157 2477 4199 sua
2511 4139 2828 4197 inﬁdelitate
2869 4139 3211 4210 p'ersisteret,
3241 4147 3406 4207 atque
3444 4148 3645 4191 errorem
3667 4141 3769 4182 suum

2286 4236 2484 4304 ineptis
2513 4233 2907 4304 qumstionibus
2933 4239 2989 4286 et
3011 4227 3557 4301 argumentatiOnibus
3584 4226 3769 4278 tueretur.

2288 4327 2506 4380 tandem
2547 4321 2819 4377 amicabili
2852 4326 3212 4374 conventione
3253 4317 3601 4378 convenimus,
3629 4318 3669 4365 et
3697 4307 3769 4361 dis.

2287 4411 2510 4488 putandi
2575 4414 2751 4486 gratia
2807 4412 3127 4468 resedimus.
3190 4412 3362 4483 Igitur
3414 4411 3684 4480 rogaverunt
3716 4410 3770 4452 tne

595 4512 826 4571 rationis
880 4512 1026 4567 cultu
1077 4510 1404 4578 attollimus,
1475 4511 1766 4564 adoramus
1819 4517 1874 4589 et
1919 4508 2182 4574 colimus;
2211 4533 2264 4593 ι)
2290 4509 2572 4564 auditores
2597 4516 2654 4560 ut
2685 4506 2787 4560 h‘oc
2811 4520 2912 4575 pro
2942 4505 3176 4559 utilitate
3204 4503 3329 4558 ﬁdei
3362 4502 3542 4556 litteris
3567 4497 3769 4593 ualerem

593 4607 736 4663 sicut
758 4605 808 4661 in
833 4605 1041 4676 psalmo
1067 4604 1267 4661 dicitur
1296 4621 1308 4657 :
1345 4622 1363 4655 ι
1393 4603 1626 4658 Adorate
1661 4586 1954 4680 scabellum
1988 4601 2183 4684 pedum

593 4701 746 4770 ejus,
780 4702 1037 4773 quoniam
1073 4707 1319 4756 sanctum
1366 4709 1448 4754 est
1477 4694 1651 4768 (Psal.
1681 4711 1880 4760 κονίει,
1913 4694 1992 4767 5).
2026 4714 2044 4747 ι
2081 4695 2185 4748 De-

593 4799 710 4853 nito
752 4792 1119 4848 venerationis
1167 4791 1312 4845 cultu
1367 4788 1572 4844 idcirco
1619 4788 1887 4852 dicimus,
1917 4786 2040 4854 quia
2079 4784 2186 4840 alio

600 4890 759 4946 modo
781 4889 1029 4944 dicimus.
1059 4904 1077 4936 ι
1105 4883 1441 4940 Christianus
1474 4881 1602 4940 colit
1629 4882 1827 4948 Deum;
1860 4901 1878 4934 ›
1901 4880 2005 4935 alio
2027 4883 2185 4936 modo

600 4983 855 5047 dicimus,
890 4996 912 5030 ι
950 4978 1078 5034 colit
1125 4977 1359 5031 rusticus
1383 4989 1594 5046 agrum.
1634 4992 1652 5025 ι
1700 4973 1832 5028 Item
1882 4972 1989 5026 alio
2021 4969 2183 5024 modo

601 5073 829 5128 dicimus
858 5087 876 5120 ι
910 5068 1101 5124 adorat
1140 5067 1300 5122 homo
1337 5066 1524 5128 Deum,
1560 5083 1579 5116 ι
1614 5063 1718 5118 alio
1751 5065 1911 5116 modo
1935 5061 2186 5126 dicimus,

606 5184 626 5216 ι
675 5167 862 5220 adorat
904 5149 1333 5232 homoaiiquem
1383 5158 1609 5227 alicujus
1659 5157 1938 5227 dignitatis
1978 5155 2188 5218 virum,

605 5257 687 5312 vel
724 5258 941 5328 aliquod
991 5256 1217 5328 alicujus
1259 5253 1538 5327 dignitatis
1587 5253 1823 5323 signum.
1879 5268 1898 5302 ι
1950 5246 2088 5302 Nam
2117 5246 2190 5318 ,in

2291 4601 2488 4672 quibus
2534 4597 2767 4653 libenter
2823 4596 3082 4651 obediens
3129 4611 3225 4667 pro
3277 4594 3560 4665 eapacitate
3598 4579 3770 4656 ingenii-li

2292 4693 2396 4748 mei
2449 4691 2549 4746 sub
2605 4705 2836 4760 persona
2885 4688 3056 4744 Iud-.ei
3099 4697 3152 4743 et
3200 4687 3488 4742 Christiani
3541 4675 3770 4760 disputantis

2294 4783 2538 4854 apicibus
2563 4759 2836 4835 adnotavi.
2875 4780 2928 4834 In
2962 4797 3072 4851 quo
3110 4780 3155 4834 si
3188 4779 3318 4850 quid
3357 4779 3486 4832 bene
3513 4775 3688 4829 dictum,
3710 4759 3769 4816 Dei

2296 4860 2482 4945 gratiae
2518 4873 2817 4937 tribuatur;
2851 4871 2895 4925 si
2945 4870 3074 4940 quid
3120 4870 3354 4924 otiosum
3384 4876 3435 4922 et
3456 4864 3631 4924 inutile,
3654 4863 3770 4908 resin

2299 4966 2581 5039 prudentia
2613 4966 2822 5019 noverit
2850 4979 3119 5028 resecare,
3145 4964 3258 5018 sive
3289 4972 3478 5026 totum,
3501 4957 3597 5012 sive
3613 4957 3769 5022 partem,

2294 5043 2654 5115 libentissime
2697 5057 2865 5113 feram
2899 5055 3162 5126 qnidquid
3194 5054 3345 5109 vobis
3383 5040 3770 5122 plaeueritlawi‘-

2294 5151 2438 5222 Ergo
2469 5149 2684 5205 Judaaus
2709 5149 2794 5202 ille
2819 5147 3108 5218 plurimmn
3141 5161 3234 5201 sua
3271 5145 3386 5215 lege
3409 5141 3608 5213 peritus,
3632 5137 3770 5186 nostr?

2295 5260 2417 5300 runt
2449 5243 2614 5298 etiam
2634 5241 2938 5296 litterarum
2969 5253 3076 5294 non
3099 5237 3299 5293 inscius
3330 5235 3408 5290 sic
3430 5227 3640 5297 iuempit.

1896 5443 2132 5502 VARIE
2171 5442 2466 5500 LECTION
2473 5442 2580 5497 ES.

678 5623 744 5656 “'
777 5619 883 5676 Hs.
916 5613 1066 5674 Rem.
1106 5619 1250 5673 omit.
1283 5618 1432 5671 uncis
1465 5616 1688 5669 inclusa.

603 5693 853 5763 epistola,
886 5701 943 5746 ut
975 5691 1044 5760 qu

1797 5609 1870 5642 ¹¹⁸
1897 5607 2002 5663 Ms.
2043 5605 2212 5671 Rent.,
2247 5602 2554 5659 excludam.

1053 5667 1632 5752 net—rest"Eis-leberti,
1667 5691 1721 5737 et
1749 5680 1879 5752 huic
1905 5667 2255 5752 disputationi
2280 5683 2406 5752 erat
2435 5668 3027 5752 praemittendaﬁasieut.
3067 5667 3120 5752 in
3169 5681 3268 5720 ms.

3373 5598 3527 5646 ctato.
3621 5577 3671 5610 ¹¹⁵
3689 5571 3770 5646 ἣίῗί

2666 5599 2734 5630 ut
2759 5597 2858 5653 Με,
2895 5596 2954 5651 S.
2998 5591 3200 5668 Germ,
3238 5598 3549 5668 expectath

3299 5645 3493 5719 Μάιον.
3537 5649 3620 5724 ipsi
3656 5645 3776 5713 ρων

888 5737 1765 5823 ῗὶηῖἰξήἷιῖιιέὶίεαιίο
1797 5737 2076 5821 cujusdam
2098 5745 2384 5805 Christiani
2414 5737 2460 5802 εὶ
2487 5743 2665 5801 Iudici
2691 5742 2755 5796 de
2785 5739 2887 5796 ﬁde
2923 5737 3201 5793 catholica.
