4130 6458
473 398 541 465 :7
1544 407 1641 468 UE
1689 409 1944 471 naeus
1999 411 2362 473 TURCICIS
2404 415 2554 477 Lm.
2598 417 2647 480 Ι.
2917 462 2922 466 .
3664 425 3732 488 is

476 515 662 587 μαίων
687 509 922 582 βασιλεῖς
959 531 1018 568 τε
1055 517 1149 570 καὶ
1214 517 1624 588 αὐτοκράτορας
1691 521 2047 589 σεμνύνεσθαι

2160 537 2352 577 manos
2392 524 2610 592 quidem
2643 527 2975 596 accepimus,
3025 537 3080 584 et
3132 529 3376 597 ipsorum
3418 532 3732 600 pontiﬁcem

476 608 823 660 ἀποκαλεῖν-ο
865 608 1138 680 Ἑλλήνων
1186 611 1256 663 δε
1307 611 1542 680 βασιλεῖς
1605 613 1790 665 οὖκὲτι
1842 615 2055 685 οὐδαμῆ

478 699 679 762 ἀξιοῦν.
713 699 857 761 Τοὺς
885 702 1069 769 μέντοι
1107 701 1418 769 Ῥωμαίους
1441 703 1755 773 ἐπυθόμεθα
1805 707 1900 759 καὶ
1953 709 2053 760 αὑ-

479 792 584 844 τῶν
614 794 880 862 ἀρχιερέα
905 795 996 846 τὸν
1033 796 1312 860 μέγιστον,
1369 797 1468 848 οὐκ
1513 798 1671 864 ὀλίγα
1731 799 1867 851 ἄττα
1919 800 2057 852 κατὰ

473 885 570 953 τὴν
592 884 894 953 θρησκείαν
936 886 1044 938 ἀπὸ
1080 887 1290 938 πολλῶν
1323 889 1460 939 ἐτῶν
1491 889 1886 958 διενεχθέντας.
1943 891 2055 942 δια-

456 967 762 1046 ’κεκρίσθαι
784 978 864 1029 τάν
902 995 960 1030 τε
1014 979 1148 1030 ἄλλα
1187 980 1282 1047 ἀφ’
1346 979 1639 1049 Ἑλλήνων,
1666 983 1791 1049 κκαὶ
1836 983 1900 1050 δὴ
1962 986 2056 1037 καὶ

454 1069 702 1134 έβασιλέα
752 1070 1279 1141 ἐπιψηφιζομένους,
1313 1076 1401 1127 ὁτὲ
1462 1076 1560 1143 μὲν
1611 1077 1721 1127 ἀπὸ
1775 1076 2053 1144 Γαλατῶν,

469 1161 558 1212 ὁτὲ
612 1161 675 1213 δὲ’
720 1163 832 1215 ἀπὸ
887 1162 1224 1234 Γερμανῶν,
1285 1169 1340 1229 ἐς
1391 1167 1538 1221 τόνδε
1597 1170 1683 1220 ἀεὶ
1732 1170 1823 1222 τὸν
1867 1170 2056 1239 χρόνον

471 1251 884 1314 ἀποδεικνύναι,
935 1258 1439 1327 Διαπρεσϐεύεσοαι
1495 1260 1551 1311 δὲ
1609 1262 1697 1316 ἀεὶ
1756 1263 1895 1332 πρὸς
1932 1265 2056 1327 τοὺς

473 1343 743 1413 Ἕλληνας
798 1345 898 1398 οὐκ
930 1346 1078 1398 ἐστιν
1116 1349 1207 1400 ὅτε
1262 1349 1827 1418 διαλείποντας,.ὧστε
1889 1358 1954 1407 τὰ
1999 1357 2057 1419 ἐς

471 1427 780 1498 θρησκείαν
821 1432 974 1500 σφίσι
1006 1435 1276 1506 ξύμφωνᾶ
1304 1454 1363 1490 τε
1405 1443 1495 1492 καὶ
1539 1441 1749 1511 ξυνῳδὰ
1781 1447 2054 1515 καταστῆ-

473 1540 568 1574 σαι
620 1523 894 1594 ἀλλήλοις,
945 1531 1086 1582 κατὰ
1132 1534 1300 1586 ταυτδ
1355 1534 1658 1599 ξυνιόντας.
1714 1539 1823 1592 Καὶ
1870 1542 2057 1610 μέντοι

471 1615 744 1687 Ἕλληνας
809 1623 883 1688 μὴ
919 1623 1176 1693 ἐθελῆσαι
1225 1629 1519 1697 Ῥωμαίοις
1545 1632 1635 1684 διὰ
1681 1635 1876 1702 χρόνον
1918 1653 2056 1708 συμ-

470 1711 793 1779 φερομένοις
820 1716 886 1766 τὰ
907 1717 1109 1784 πάτρια
1133 1720 1283 1786 σφίσι
1315 1724 1633 1778 ⁴καθεστῶτα
1660 1732 1909 1798 συγχέαι.
1943 1732 2053 1784 Καὶ

469 1805 575 1855 ἀπὸ
608 1804 815 1875 ταύτης
847 1808 1051 1878 δὴτῆς
1072 1811 1338 1883 διαφορᾶς
1354 1817 1594 1887 ’συχνούς
1618 1835 1676 1872 τε
1703 1822 1814 1874 τῶν
1849 1821 2052 1878 Ἐσπε-

2163 617 2488 682 maximum,
2523 632 2649 671 cum
2681 619 2844 688 longo
2872 630 3121 691 tempore
3148 632 3569 680 concertassent
3609 643 3733 680 cum

2159 709 2385 773 Graecis,
2419 709 2472 763 in
2499 709 2831 766 Christianae
2858 713 3141 784 religionis
3169 716 3497 783 quihusdam
3528 719 3736 774 articu-

2158 797 2248 862 lis,
2274 799 2494 853 tandem
2542 813 2568 850 a
2603 799 2806 854 Grzecis
2855 802 3147 858 defecisse.
3193 804 3500 860 Romanum
3555 817 3734 864 autem

2157 889 2424 944 Caesarem
2457 907 2606 946 nunc
2654 907 2684 945 e
2737 892 2926 954 Gallis.
2979 911 3127 950 nunc
3153 912 3181 951 e
3211 896 3502 956 Germanis
3529 901 3735 970 eligens

2157 990 2260 1045 tes,
2293 982 2521 1051 legatos,
2560 985 2763 1038 nullam
2807 1001 3033 1051 prorsus
3079 989 3436 1044 occasionem
3481 994 3737 1047 omitten-

2161 1083 2268 1138 tes,
2330 1076 2600 1130 miserunt
2662 1077 2728 1131 ad
2786 1077 3045 1142 Graecos,
3101 1091 3160 1134 ut
3213 1085 3607 1139 convenientes
3680 1088 3733 1140 in

2161 1182 2352 1230 unum,
2387 1170 2799 1238 conciliumque
2837 1174 3316 1240 concelchrantcs,
3351 1179 3732 1243 concordiam,

2158 1270 2426 1329 quantum
2468 1262 2532 1316 ad
2566 1263 2942 1317 Christianam
2981 1265 3302 1335 religionem
3339 1271 3554 1331 attinet.
3589 1270 3736 1325 inter

2160 1367 2279 1404 sese
2313 1354 2777 1422 conglutinarent.
2819 1358 2886 1409 At
2918 1355 3093 1410 Graeci
3125 1360 3420 1413 noluerunt
3452 1361 3550 1431 (Ξ),
3606 1377 3733 1416 cum

2161 1441 2413 1509 plurimis
2468 1447 2628 1498 anuis
2693 1446 2964 1502 adversus
3017 1446 3302 1503 Boi‘nanos
3351 1452 3736 1506 contentiones

2160 1536 2488 1602 movissent,
2529 1538 2767 1605 patrium
2801 1540 3083 1609 religionis
3126 1556 3240 1595 suae
3281 1542 3486 1595 cultum
3522 1553 3735 1612 pertur-

2158 1626 2300 1681 bari.
2360 1628 2473 1680 Hac
2519 1627 2737 1683 dissidii
2783 1645 2953 1684 causa
3007 1631 3254 1699 permoti
3291 1631 3732 1687 Occidentalium

2159 1717 2403 1785 plurimi.
2443 1718 2720 1786 adiunctis
2766 1721 2929 1773 etiam
2961 1719 3205 1782 Venetis,
3247 1723 3507 1791 pontifice
3560 1726 3736 1778 maxi-

2162 1824 2250 1862 mo
2274 1811 2356 1865 sic
2397 1811 2716 1880 instigante;
2750 1813 3119 1868 decreverunt
3149 1815 3324 1871 classe
3350 1818 3588 1872 maxime
3621 1834 3735 1873 ma-

475 1897 626 1963 ρίων,
652 1900 749 1951 καὶ
773 1899 836 1970 δη
870 1903 960 1954 καὶ
1001 1903 1264 1969 Ἐνετοὺς,
1307 1908 1593 1976 ἐνάγοντος
1648 1913 1738 1964 ἰπὶ
1777 1914 1902 1968 τάδε
1959 1916 2047 1969 τοξ

2158 1917 2259 1963 κηο
2293 1905 2570 1971 proﬁcisci
2606 1906 2876 1960 adversus
2897 1905 3139 1961 Graecos.
3177 1909 3532 1977 Appelleutes
3568 1910 3736 1977 igitur

483 1987 774 2056 Ῥωμαίων
793 1993 1094 2062 ἀρχιερέως
1114 1997 1287 2068 στόλῳ
1306 2003 1693 2069 στρατεύεσθαι
1717 2007 1940 2075 μεγάλῳ
1960 2009 2051 2062 επὶ

470 2082 596 2142 τοὺς
624 2080 916 2152 Έλληνας,
941 2087 1033 2138 καὶ
1067 2088 1322 2152 ἐπιόντας
1363 2094 1417 2154 ἐς
1448 2093 1508 2144 τὸ
1568 2095 1862 2157 Βυζάντιον
1922 2100 2050 2167 ἀφι-

471 2173 686 2235 κέσοαι,
751 2177 848 2229 καὶ
903 2177 1200 2242 Βυζαντίου
1250 2183 1350 2252 τὴν
1407 2184 1563 2237 πόλιν
1629 2189 1772 2240 κατὰ
1847 2189 2050 2258 κράτος

472 2265 654 2318 ἑλεῖνο
688 2267 915 2336 βασιλέα
970 2287 1030 2322 τε
1081 2271 1378 2336 Βυζαντίου
1434 2277 1530 2329 καὶ
1598 2277 1868 2348 Ἑλλήνων
1923 2284 2052 2345 τοὺς

475 2359 725 2428 ἀρίστους
751 2363 997 2432 οἴχεσθαι
1023 2365 1314 2429 διαϐάντας
1344 2370 1401 2430 ἐς
1432 2371 1533 2440 τὴν
1575 2371 1785 2427 Ἀσίαν.
1831 2375 2051 2443 ’Δφικο-

476 2453 665 2519 μένους
694 2454 748 2506 δὲ
777 2457 1160 2513 ἀποδεικνύναι
1184 2463 1336 2530 σφίσι
1368 2463 1605 2517 Νίκαιαν
1628 2466 1728 2538 τὴν
1767 2465 2048 2540 Ἑλληνίδα

472 2547 644 2612 πόλιν,
670 2549 736 2600 τὰ
765 2550 1014 2618 βασίλεια
1041 2555 1098 2604 ὲν
1140 2556 1276 2626 αὐτῇ
1335 2558 1714 2628 ποιουμένους.
1774 2563 1931 2615 Μετὰ
1989 2563 2047 2616 δὲ

465 2638 642 2693 ταῦτα
677 2642 738 2694 οὐ
759 2643 984 2708 πολλοῖς
1017 2645 1192 2700 ἔτεσιν
1217 2648 1471 2720 ὕστερον,
1498 2654 1789 2706 ἀπολαὸεῖν
1805 2672 1864 2708 τε
1891 2655 2049 2718 αὖθις

471 2731 786 2797 Βυζάντιον,
815 2737 998 2806 κρύφα
1023 2739 1442 2811 εἰσεληλυθότας
1493 2747 1550 2808 ἐς
1570 2745 1670 2816 τὴν
1696 2747 1874 2801 πόλιν.
1935 2749 2049 2803 Καὶ

471 2826 530 2888 ἐς
558 2827 660 2897 τὴν
700 2828 973 2900 Εὐρώπην
1016 2827 1083 2886 αὖ
1108 2833 1401 2899 διαϐάντας
1426 2836 1770 2905 διαγενέσθαι
1817 2840 1876 2893 ὲν
1905 2841 2044 2912 αὐτῇ

469 2919 878 2988 βασιλεύοντας.
942 2925 1182 2982 Βασιλέα
1236 2929 1294 2981 δὲ
1347 2929 1620 3001 Ἑλλήνων
1682 2933 1821 3001 μετὰ
1873 2934 2047 2989 ταῦτα

478 3013 740 3086 Ἰωάννην
762 3017 856 3068 ἰπὶ
889 3016 1054 3088 ξυροῦ
1079 3021 1262 3090 ἀκμῆς
1297 3021 1400 3090 ἤδη
1441 3022 1770 3092 αἰσθόμενον
1795 3024 1864 3079 τὰ
1927 3026 2046 3078 Ἑλ-

466 3106 643 3177 λήνων
674 3110 997 3178 πράγματα,
1030 3111 1260 3165 λαϐόντα
1287 3131 1346 3166 τε
1368 3114 1495 3175 τοὺς
1531 3114 1826 3179 Βυζαντίου
1857 3118 2047 3188 ἀρχιε-

468 3203 604 3269 ρεῖς.
657 3203 753 3255 καὶ
819 3203 1093 3276 Ἑλλήνων
1151 3208 1274 3270 τοὺς
1322 3206 1663 3275 ἐλλογίμους,
1721 3209 2042 3265 διαπλεῦσαι

2155 1992 2477 2063 Byzantium
2534 1996 2753 2057 urbem,
2787 2010 2909 2048 eam
2957 1996 3008 2049 vi
3055 2006 3345 2064 ceperunt.
3382 1997 3495 2053 Rex
3551 2011 3731 2054 autem

2153 2087 2452 2156 Byzantius
2521 2102 2648 2140 cum
2730 2089 3048 2144 Graecorum
3110 2089 3473 2158 Optimatibus
3548 2092 3731 2162 fugam

2151 2177 2356 2240 iniens,
2401 2179 2634 2232 contulit
2676 2194 2736 2234 se
2768 2178 2822 2232 in
2864 2180 3076 2233 Asiam.
3112 2180 3229 2244 Quo
3257 2195 3382 2233 cum
3430 2181 3732 2248 venissent,

2151 2271 2363 2342 elegere
2406 2271 2643 2326 Nicaeam
2703 2272 2897 2327 urbem
2958 2272 3233 2338 Graecam,
3293 2288 3527 2342 eamque
3575 2277 3729 2345 regni

2152 2365 2337 2418 sedem
2400 2364 2778 2419 declararunt.
2845 2363 2978 2418 Cum
3061 2365 3190 2418 anni
3261 2364 3731 2420 intercessissent

2152 2455 2334 2523 pauci,
2366 2455 2688 2525 Byzantium
2738 2464 3166 2524 recuperarunt,
3206 2469 3327 2508 cum
3353 2471 3523 2524 quam
3549 2459 3724 2511 maxi-

2153 2563 2240 2603 me
2259 2548 2480 2602 occulte
2511 2548 2564 2602 in
2601 2563 2720 2603 eam
2769 2564 2829 2604 se
2873 2549 3211 2618 recepissent
3242 2549 3342 2618 (3).
3369 2549 3597 2605 Reversi
3628 2552 3730 2621 igi-

2150 2651 2241 2696 tur
2276 2641 2623 2712 Byzantium,
2676 2643 2868 2696 relicta
2925 2642 3077 2707 Asia,
3138 2641 3294 2710 regni
3349 2642 3727 2712 gubernacula

2151 2734 2244 2787 diu
2295 2743 2617 2789 tenuerunt.
2667 2735 2909 2789 Tandem
2967 2733 3283 2788 Graecorum
3322 2749 3416 2787 rex
3465 2733 3727 2803 Joannes,

2151 2825 2467 2896 intelligens
2516 2825 2831 2881 Graecorum
2903 2843 2990 2882 res
3059 2826 3112 2880 in
3174 2839 3394 2882 summo
3457 2829 3727 2896 periculo,

2150 2917 2307 2984 quasi
2340 2917 2486 2972 inter
2519 2919 2771 2971 malleum
2817 2927 2870 2971 et
2911 2917 3192 2981 incudem,
3231 2919 3463 2982 versari,
3514 2931 3728 2971 assum-

2151 3009 2260 3078 ptis
2294 3009 2536 3079 Byzantii
2573 3007 2873 3078 episcOpis.
2924 3023 3138 3062 necnon
3174 3005 3492 3062 Graecorum
3523 3009 3725 3074 doctis,

2147 3103 2474 3156 conscendit
2502 3117 2718 3165 navem,
2759 3111 2813 3155 et
2846 3101 2898 3154 in
2941 3101 3150 3154 Italiam
3184 3100 3470 3169 profectus
3505 3107 3589 3154 est
3622 3101 3724 3172 (l);

2152 3184 2505 3258 existimans,
2563 3195 2608 3248 si
2645 3195 3038 3249 convenissent
3077 3208 3204 3247 cum
3254 3191 3520 3246 Romanis
3545 3194 3597 3246 in
3632 3211 3724 3249 ne-

465 3293 695 3346 ἅπιόντα
725 3296 784 3358 ἐς
818 3295 1072 3363 Ἰταλίαν,
1103 3297 1160 3362 ἐς
1193 3315 1258 3367 γε
1281 3299 1375 3352 τὸν
1405 3301 1512 3354 ἀπὸ
1558 3301 1601 3354 Τ
1605 3301 1820 3371 οὗρκων
1880 3306 2047 3375 ἐπηρ-

2151 3287 2298 3356 gotio
2332 3287 2635 3358 religionis,
2695 3304 2753 3341 sc
2804 3288 2903 3341 hos
2961 3286 3257 3341 auxiliares
3305 3285 3622 3340 habiturum
3656 3286 3722 3337 ad

465 3387 702 3455 ημένον
731 3389 779 3441 οί
831 3390 1076 3442 κίνδυνον
1112 3393 1435 3462 ἐπικουρίαν
1487 3394 1738 3464 οἰόμενος
1777 3397 2053 3459 οἴσεσθαιί

473 3475 540 3545 ἦν
565 3478 796 3538 ἐκείνοις
843 3480 910 3532 τὰ
939 3483 1210 3550 κατατὴν
1241 3483 1538 3552 ορησκείαν
1566 3485 1769 3554 ξυμὸῇ.
1811 3486 2046 3555 Γενόμε-

476 3584 563 3619 νον
581 3568 635 3621 δὲ
657 3573 712 3622 ὲν
749 3570 974 3643 Ἰταλίᾳ,
1000 3573 1092 3625 καὶ
1128 3576 1602 3644 κοινωνησάμενον
1631 3577 1708 3646 τῷ
1752 3577 2050 3646 Ῥωμαίων

473 3661 718 3732 ἀρχιερεῖ
747 3664 850 3734 τὴν
876 3665 1004 3735 περὶ
1037 3667 1136 3737 τὴν
1158 3667 1458 3736 Θρησκείαν
1478 3667 1762 3738 διαφορὰν,
1792 3672 1875 3732 είς
1928 3671 2045 3726 διά-

469 3754 613 3819 λεξιν
648 3758 837 3824 μέντοι
894 3758 1240 3828 καταστῆναι
1302 3759 1919 3838 πολυπραγμονοῦντας.
1953 3782 2041 3818 τε·

467 3847 744 3902 λευτῶντα
773 3849 1129 3921 δὲξυμσῆναι
1173 3851 1322 3922 αὐτῷ
1364 3852 1479 3922 ἅμα
1521 3855 1635 3916 τοῖς
1702 3853 1927 3920 Ἕλλησι
1975 3855 2042 3909 τὰ

467 3941 610 3993 κατὰ
634 3943 732 4010 τὴν
764 3942 1028 4012 διαφορὰν
1063 3946 1242 4012 σφίσιν
1267 3945 1473 4015 ξυνῳδὰ
1519 3946 2039 4017 ἀποδεικνυμένους,

470 4037 566 4086 καὶ
599 4035 699 4105 τὴν
728 4037 989 4106 διαφορὰν
1042 4041 1194 4106 σφίσι
1236 4039 1643 4107 διαλυομένους.
1689 4042 2042 4109 Ἐπικουρίας

467 4127 774 4199 δὲτυχόντα
808 4134 864 4181 ὲν
901 4131 1088 4201 μέρει,
1138 4133 1574 4203 ἀποκομίζεσθαι
1620 4129 1777 4196 αὖθις
1809 4135 1900 4187 ἐπὶ
1934 4135 2040 4187 Βυ-

467 4218 707 4281 ζαντίου.
739 4221 880 4282 Τοὺς
930 4222 1118 4290 μέντοι
1154 4224 1423 4294 ’Έλληνας
1468 4225 1557 4277 ἐπ’
1615 4228 1766 4280 οἴκου
1813 4228 2041 4296 γενομέ-

465 4329 591 4375 νους
618 4315 691 4384 μὴ
722 4315 988 4384 ἐμμεῖναι
1027 4317 1142 4378 τοῖς
1175 4319 1234 4370 ὲν
1302 4318 1628 4389 ’Ῑταλίᾳηιαὶ
1691 4323 1746 4371 ὲν
1801 4321 2042 4385 συνόδοις

462 4408 901 4476 πεπραγμένοις,
962 4407 1251 4473 ἀξιοῦντας
1328 4411 1481 4477 σφίσι
1566 4413 1792 4481 μηδαμῆ
1843 4415 2043 4482 εὐαγὲς

463 4497 604 4553 εἶναι
648 4500 964 4568 Ῥωμαίοις,
995 4500 1070 4563 ὡς
1105 4500 1172 4572 δὴ
1215 4501 1288 4571 μὴ
1313 4500 1465 4554 αἴσια
1525 4501 2036 4574 διισχυριζομένοις,

2151 3381 2352 3435 bellum
2383 3381 2496 3450 jam
2542 3381 2684 3435 haud
2712 3380 2879 3434 duhie
2921 3395 2949 3432 a
2994 3377 3191 3432 Turcis
3225 3378 3549 3431 imminens.
3584 3377 3721 3430 Cum

2149 3483 2331 3526 autem
2362 3473 2429 3526 ad
2477 3473 2819 3542 colloquium
2873 3470 3120 3526 venisset
3165 3484 3287 3529 cum
3331 3469 3590 3538 pontiﬁce
3615 3469 3724 3523 Bo-

2150 3579 2312 3618 mauo
2342 3565 2590 3635 Eugenio
2639 3571 2754 3616 tum
2805 3567 3030 3630 quarto,
3076 3574 3242 3630 super
3276 3559 3561 3628 religionis
3587 3573 3720 3612 con-

2147 3659 2443 3720 troversia,
2510 3657 2816 3726 disputatio
2883 3670 3007 3710 cum
3086 3670 3286 3724 magna
3360 3654 3723 3709 altercatione

2148 3751 2408 3818 utrinque
2442 3761 2633 3805 exorta
2662 3755 2767 3803 est.
2800 3747 3094 3802 Postremo
3124 3762 3190 3800 eo
3230 3762 3319 3801 res
3347 3747 3584 3801 deducta
3610 3754 3720 3812 est,

2148 3851 2205 3896 ut
2231 3841 2408 3896 Graeci
2439 3840 2642 3910 pariter
2670 3851 2724 3893 et
2754 3837 2989 3893 Romani
3045 3839 3101 3891 in
3149 3837 3435 3906 religionis
3473 3836 3528 3908 ἀ,
3559 3853 3723 3906 nego-

2145 3934 2223 3988 tio
2256 3935 2654 3996 consentirent,
2687 3931 3080 4001 discordiaque
3102 3930 3286 3985 omnis
3315 3944 3482 3999 quam
3512 3929 3720 3997 longis-

2146 4032 2284 4086 sime
2314 4030 2761 4085 submoveretur.
2795 4027 2907 4083 Rex
2958 4026 3128 4098 igitur
3174 4023 3493 4080 Graecorum
3526 4024 3717 4079 auxilii

2145 4139 2174 4178 a
2216 4123 2478 4178 Romanis
2517 4121 2921 4193 aliquantulum
2982 4128 3201 4184 nactus,
3260 4118 3482 4172 domum
3533 4117 3720 4175 rediit.

2145 4219 2321 4274 Graeci
2359 4217 2569 4272 reversi
2618 4214 2972 4286 Byzantium,
3019 4224 3150 4270 acta
3188 4213 3424 4269 edocent
3464 4227 3586 4277 eos,
3625 4213 3721 4280 qui

2144 4312 2291 4366 domi
2323 4319 2704 4376 manserant;
2727 4309 2818 4378 qui
2848 4309 3070 4378 quidem
3116 4306 3419 4362 noluerunt
3458 4315 3604 4360 stare
3634 4306 3721 4360 his

2143 4421 2265 4475 quae
2309 4412 2430 4458 acta
2477 4412 2634 4458 erant
2685 4403 2740 4456 in
2779 4401 2948 4456 Italiae
2975 4400 3225 4471 synodis,
3274 4408 3557 4468 putantes,
3611 4399 3718 4453 sibi

2147 4495 2458 4565 neutiquam
2483 4495 2564 4548 fas
2597 4509 2741 4556 esse,
2783 4505 3120 4546 consensum
3168 4502 3429 4560 praestare
3456 4487 3721 4543 Romanis

461 4593 891 4646 συντίθεσθαιτδ
922 4593 1207 4664 παράπαν.
1249 4595 1358 4647 Καὶ
1411 4594 1558 4647 οὕτω
1606 4595 1841 4666 διάφορα
1895 4597 2035 4650 διά⁵

2151 4587 2352 4640 nefaria
2386 4587 2782 4641 asserentihus.
2818 4583 2958 4637 Hinc
2990 4589 3253 4653 perpetuo
3277 4580 3606 4637 discordiam
3641 4582 3747 4636 fo-‘

457 4685 647 4747 τέλους
673 4685 930 4751 γενέσθαι
959 4685 1186 4755 Ἕλλησι
1217 4686 1285 4738 τὰ
1329 4685 1467 4754 πρὸς
1525 4686 1855 4755 Ῥωμαίους.
1889 4687 2035 4741 Ταῦ-

456 4794 529 4830 τα
562 4775 665 4846 μὲν
687 4779 745 4839 ἐς
771 4776 1024 4830 τοσοῦτόν
1079 4795 1172 4845 μοι
1199 4778 1568 4848 ἀποχρώντως
1615 4778 1810 4848 ἔχοντα
1855 4779 2037 4832 ἐπιδε-

459 4869 672 4940 δείχθω·
711 4870 838 4942 περί
888 4887 947 4922 τε
977 4871 1075 4939 τῆς
1119 4869 1390 4940 Ἑλλήνων
1423 4870 1731 4940 βασιλείας,
1777 4871 1874 4922 καὶ
1934 4871 2036 4940 τῆς

458 4962 521 5020 ἐς
559 4959 867 5032 Ῥωμαίους
890 4961 1122 5032 ἐχούσης
1149 4960 1440 5031 διαφορᾶς.
1483 4962 1572 5025 Ὠς
1603 4961 1667 5029 δὴ
1723 4961 1824 5012 οὐκ
1859 4961 2060 5030 ὀρθῶς.

455 5053 529 5106 τά
552 5069 615 5120 γε
643 5054 700 5116 ἐς
735 5053 1035 5123 βασιλείαν,
1072 5055 1166 5108 καὶ
1196 5056 1254 5117 ἐς
1274 5053 1509 5123 τοῦνομα
1556 5053 1708 5123 αὐτῷ
1761 5069 2038 5123 προσηγο-

464 5145 656 5217 ρεύετο
688 5145 922 5209 τούτοις.
951 5147 1411 5216 Παραγενόμενος
1450 5148 1551 5217 μὲν
1576 5143 1679 5200 οὖν
1702 5147 1865 5207 αὐτὸς
1903 5147 2044 5215 ἔγωο

457 5255 524 5308 γε
560 5239 655 5292 ἐπὶ
684 5240 836 5293 τόνδε
865 5241 959 5294 τὸν
996 5241 1133 5309 βίον,
1169 5241 1776 5310 κατέλαϐοννἝλληνάς
1825 5258 1885 5293 τε
1943 5244 2041 5296 καὶ

467 5327 748 5399 Ἐλλήνων
800 5329 1047 5400 βασιλέα,
1099 5331 1204 5383 ὑπό
1246 5348 1306 5383 τε
1358 5332 1467 5385 τῶν
1524 5334 1580 5384 ἐν
1633 5333 1824 5404 Θρᾴκῃ
1862 5333 2066 5400 γενῶνί

460 5421 675 5492 πρῶτα,
703 5426 842 5495 μετὰ
868 5422 926 5476 δὲ
949 5421 1130 5477 ταῦτα
1173 5423 1269 5477 καὶ
1287 5425 1384 5478 ὑπ’
1407 5424 1589 5484 αὐτῶν
1630 5442 1695 5493 γε
1747 5428 1854 5478 τῶν
1882 5425 2022 5495 Βαρ-

2147 4681 2293 4733 visse
2321 4679 2540 4733 Grarcos
2564 4679 2618 4730 in
2659 4677 2882 4746 negotio
2913 4674 3196 4741 religionis
3229 4673 3498 4728 adversus
3517 4675 3721 4730 Ποιητι-

2146 4787 2246 4826 nos
2275 4781 2511 4826 constat.
2541 4769 2667 4824 Haec
2699 4770 2916 4838 quidem
2951 4768 3241 4832 hactenus,
3276 4769 3547 4838 quantum
3581 4785 3720 4838 prae-

2144 4870 2286 4919 senti
2348 4867 2591 4920 historia:
2640 4864 2952 4917 conducere
3015 4862 3251 4925 videtur,
3309 4862 3376 4916 de
3400 4859 3744 4915 Gnecorum'

2143 4974 2335 5030 regno,
2374 4971 2428 5012 et
2478 4959 2740 5011 continua
2793 4958 2989 5010 horum
3046 4957 3394 5010 dissensione
3449 4953 3744 5008 adversus?

2145 5054 2451 5115 Romanos,
2508 5053 2719 5105 dixisse
2764 5049 3021 5104 sufﬁciat.
3071 5049 3262 5119 Itaque
3302 5057 3418 5102 tum
3470 5043 3746 5116 ipsoruml

2145 5161 2406 5215 regnum,
2448 5153 2561 5198 tum
2619 5158 2818 5197 nomen
2875 5157 2985 5194 non
3043 5148 3192 5195 recte
3251 5138 3580 5210 appellatum
3613 5144 3748 5190 est.)

2146 5240 2258 5308 Ego
2299 5238 2468 5308 igitur
2528 5252 2652 5290 cum
2714 5233 3021 5303 attigissem
3068 5233 3186 5286 haec
3218 5240 3487 5299 tempora,
3544 5228 3720 5281 anim~

2148 5333 2355 5386 adverti
2408 5330 2655 5392 Graecos,
2709 5327 3017 5395 horumque
3077 5340 3306 5395 regnum
3370 5322 3548 5393 primo
3617 5323 3746 5377 sub'

2149 5423 2459 5477 Thracibus
2481 5420 2806 5483 exstitisse;
2843 5429 3031 5489 postea
3056 5417 3272 5486 reliquo
3324 5429 3493 5487 regno
3533 5431 3563 5469 a
3590 5414 3731 5468 Bam-

1742 5534 1990 5600 Notulaa
2011 5569 2014 5572 ~
2034 5535 2436 5613 marginales.

531 5633 610 5703 (2)
638 5634 886 5690 Schisma
915 5634 1232 5690 Latinorum
1266 5636 1808 5704 etGraacorum,870.

537 5708 612 5776 (ὅ)
650 5705 828 5762 Latini
858 5715 1133 5777 occupant
1179 5707 1470 5777 imperium
1510 5709 2026 5783 Constantinopoli-

539 5850 565 5882 ⁵
598 5847 691 5901 καὶ
732 5846 875 5900 οὕτω
911 5847 964 5901 δὲ
991 5847 1140 5915 διαφ.
1171 5845 1258 5899 διὰ
1289 5847 1349 5899 τὸ
1380 5865 1432 5900 τ.

2138 5645 2328 5692 tanum
2372 5631 2542 5696 1200;
2573 5632 2745 5687 Grreci
2784 5637 3104 5701 recuperant
3144 5629 3306 5684 {2825.

2207 5709 2282 5777 (4)
2314 5706 2472 5759 Anno
2501 5703 2657 5758 H58.
