4130 6438
453 365 526 424 2'3
1571 373 1878 433 LAONICI
1917 371 2588 435 CHALCOCONDYL/B
3626 365 3701 434 21.

454 477 598 528 rium
658 476 1195 544 acciperent,brevi
1256 480 1370 534 suis
1424 483 1789 538 maximarum
1851 500 2018 552 opum

2127 485 2380 549 λαϐόντα,
2419 489 2513 540 ἐπὶ
2551 487 2648 554 τῆς
2678 484 2854 556 ταύτῃ
2883 486 3083 555 ὁμόρου
3114 483 3298 556 χώρας
3339 489 3700 556 καταστροφῇ

451 577 644 621 auctor
685 567 808 622 fuit.
865 568 1069 624 Deinde
1123 586 1246 624 cum
1275 570 1524 641 quotidie
1571 571 1844 628 Nomades
1900 577 2021 644 plu-

449 659 578 712 rimi
605 659 674 713 ad
701 661 881 728 ipsum
937 661 1301 726 conﬂuerent,
1355 665 1493 718 etin
1547 665 1670 718 belli
1705 667 2020 722 societatem

451 741 719 808 adversus
773 754 1038 808 finitimos
1083 756 1530 822 admitterentur,
1565 759 1786 812 tandem
1823 760 2020 816 mirum

450 843 506 896 in
541 845 758 899 modum
783 846 996 914 imperii
1043 847 1127 900 sui
1169 849 1435 915 pomeria
1457 861 1867 918 promoverunt.
1895 850 2026 905 Pro-

451 944 577 1004 pter
616 954 702 991 res
739 938 957 992 fortiter
982 951 1166 1008 gestas
1195 942 1362 994 etiam
1408 941 1653 996 Aladina:
1678 944 1879 997 charus
1930 959 2023 996 ac-

2133 578 2379 632 ἐντεῦθεν
2405 579 2718 649 ὡρμῆσθαι,
2741 581 2834 630 καὶ
2855 577 2980 641 τούς
3005 595 3066 645 γε
3104 577 3372 647 Ἑλλήνων
3391 578 3707 648 περιοίκους

2135 671 2311 737 ἄγειν,
2352 672 2446 722 καὶ
2495 671 2591 721 ἐπὶ
2639 670 2784 738 μέγα
2819 671 3070 739 χωρῆσαι
3115 669 3421 736 δυνάμεως.
3471 670 3558 731 Ὧς
3607 671 3706 740 μὲν

2132 757 2226 814 οὖν
2266 759 2441 829 ἀρχὴν
2467 758 2594 828 ἔσχε
2626 758 2838 820 τούτοις
2866 757 2936 811 τὰ
2961 757 3290 828 πράγματα,
3316 758 3408 810 καὶ
3433 760 3510 819 ὡς
3532 758 3706 828 ταύτῃ

2133 853 2164 921 ἢ
2193 852 2326 920 ἄλλῃ
2362 851 2600 916 ἐγένετο,
2644 849 2744 901 οὐκ
2787 849 2854 902 ἂν
2898 847 3040 900 οὕτω
3072 848 3272 917 ῥᾳδίως
3297 847 3473 900 εἰπεῖν
3503 848 3703 917 ἔχοιμι,

2133 942 2240 998 ὑπὸ
2275 941 2485 995 πολλῶν
2513 941 2698 1010 μέντοι
2728 938 3024 1007 λεγόμενα.
3053 937 3244 990 Ταῦτα
3277 937 3334 989 δὲ
3364 939 3424 998 ἐς
3449 935 3705 988 τοσοῦτον

2134 1033 2581 1102 ὲπιμνησάμενος
2623 1031 2888 1099 παρίημι.
2931 1029 3018 1090 Ὠς
3070 1029 3127 1080 δὲ
3173 1028 3564 1098 Ὀτουμανίδας
3605 1026 3704 1093 τῆς

2143 1129 2445 1196 Ὀγουζίων
2495 1129 2690 1196 μοίρας
2735 1127 2830 1178 ἐπὶ
2863 1125 3022 1195 τήνδε
3069 1125 3330 1194 ἀφίκοντο
3360 1123 3462 1192 τὴν
3506 1119 3704 1191 ἀρχὴν,

2131 1213 2234 1273 ὧδε
2270 1221 2527 1286 γενέσθαι
2559 1220 2868 1289 ἐπυθόμην.

450 1040 758 1099 ceptnsqtte
797 1043 935 1085 erat.
988 1032 1127 1086 Sunt
1151 1033 1243 1100 qui
1295 1034 1600 1088 litterarum
1653 1035 2022 1088 monumentis

452 1120 716 1189 scriptum
774 1124 1064 1194 reliquere,
1109 1124 1439 1193 Ogusiut‘ttm
1503 1128 1705 1181 tribum
1759 1127 2021 1194 auspiciis

449 1212 730 1281 ductuque
762 1216 1086 1286 ()rthogulis
1132 1221 1248 1274 loca
1304 1220 1458 1288 juxta
1507 1198 1746 1274 'i‘aurum
1816 1221 2022 1280 munita

449 1320 792 1377 occupasse.
840 1323 893 1366 et
943 1311 1073 1367 hinc
1102 1315 1272 1366 armis
1299 1314 1600 1367 instructos
1627 1320 2039 1381 procnrrentes,
2083 1311 2372 1368 ﬁnitimam
2428 1314 2701 1380 regionem
2756 1313 3126 1380 subjugasse:
3163 1311 3384 1366 Grmcos
3448 1309 3568 1378 ejus
3617 1323 3706 1361 ro-

447 1401 630 1471 gionis
661 1405 878 1459 accolas
927 1406 1222 1469 devicisse,
1295 1422 1508 1475 suoque
1578 1407 1809 1478 imperio
1861 1407 2098 1461 maxima
2141 1407 2408 1476 adjecisse
2445 1407 2804 1460 incrementa.
2845 1406 2980 1471 Qua:
3013 1417 3198 1459 autem
3258 1406 3450 1458 horum
3485 1404 3553 1456 ab
3600 1401 3706 1454 ini-

444 1495 526 1547 tio
588 1493 1052 1562 fueritconditio,
1119 1499 1331 1564 adluec,
1371 1512 1570 1552 verane
1614 1500 1726 1552 sint
1757 1514 1824 1552 an
1893 1498 2025 1554 falsa
2065 1515 2186 1567 quae
2224 1499 2291 1551 de
2327 1498 2462 1567 ipsis
2513 1500 2674 1554 modo
2738 1499 3122 1565 exposuimus.
3183 1513 3289 1552 non
3354 1495 3514 1549 facile
3564 1494 3707 1545 afﬁr-

445 1601 602 1640 mare
631 1591 850 1644 ausim:
883 1593 1135 1660 quamvis
1183 1593 1403 1661 plurimi
1446 1595 1743 1662 scriptores
1791 1609 1853 1648 ea
1907 1596 2427 1660 commemorarint;
2471 1596 2699 1664 proinde
2745 1611 2870 1649 cum
2933 1610 2996 1648 ea
3045 1596 3313 1648 hactenus
3367 1596 3434 1647 ab
3496 1592 3705 1663 origine

446 1681 1225 1763 repetierim,nunc‘amplius
1255 1685 1322 1738 de
1354 1684 1442 1744 his
1503 1685 1670 1739 verba
1731 1687 1916 1739 facere
1991 1689 2348 1753 supersedeo.
2413 1687 2688 1754 Quantum
2762 1702 2892 1740 vero
2944 1688 3139 1740 attinet
3196 1685 3264 1738 ad
3322 1687 3703 1747 Otomanidas,

447 1789 512 1828 ex
567 1775 771 1830 familia
823 1776 1156 1845 Oguziorum
1191 1789 1362 1844 ortos,
1420 1791 1477 1834 ut
1526 1782 1592 1832 ad
1653 1779 2022 1836 clarissimum
2064 1781 2166 1835 boc
2192 1780 2481 1849 imperium
2512 1781 2806 1843 evaserint,
2847 1794 2992 1832 nunc
3032 1779 3331 1847 explanare
3378 1777 3630 1831 instituo.

522 1869 690 1926 Vicus
720 1881 806 1928 est
843 1872 996 1941 juxta
1023 1871 1272 1941 Mysiam,
1300 1887 1464 1943 quem
1521 1871 1783 1944 Sogutam
1833 1871 2022 1926 incola:
2053 1878 2096 1932 Β

443 1970 672 2022 vocant,
707 1962 800 2017 ubi
837 1971 922 2016 est
948 1969 1001 2016 et
1026 1962 1228 2016 ﬂuvius
1264 1963 1506 2033 ejusdem
1559 1961 1820 2027 nominis,
1857 1960 2022 2016 Vicus

445 2051 542 2110 ille
573 2068 754 2106 rerum
783 2054 1032 2108 omnium
1103 2053 1396 2108 adﬂuentia
1446 2053 1636 2124 pollet,
1682 2061 1928 2108 remotus
1993 2069 2022 2106 a

448 2144 586 2204 mari
614 2144 832 2199 Euxino
867 2145 1123 2200 ducentis
1147 2145 1549 2215 quinquaginta
1586 2145 1802 2200 stadiis.
1835 2144 2023 2200 Potest

445 2235 590 2288 idem
617 2234 772 2288 locus
799 2233 924 2288 lica:
950 2234 1109 2290 vicus
1146 2237 1438 2289 nominari.
1477 2235 1537 2289 In
1573 2235 1715 2289 hanc
1741 2235 2015 2304 regionem

443 2339 568 2380 cum
609 2325 799 2395 Oguzii
826 2335 1224 2395 penetrassent,
1255 2327 1627 2396 ibialiquanto
1654 2335 1904 2396 tempore
1921 2326 2019 2380 ha-

445 2418 715 2472 bitarunt.
751 2419 800 2488 7
829 2417 1163 2474 Ottomanus
1196 2431 1374 2474 autem
1401 2419 1500 2490 (9),
1521 2418 1837 2486 Orthogulis
1857 2418 2019 2482 ﬁlius,

452 2510 613 2563 initio
635 2524 740 2562 non
760 2511 1051 2565 admodum
1076 2511 1337 2565 secundis
1355 2511 1618 2580 agebatur
1633 2511 1863 2564 fortuna»,
1887 2509 2023 2564 ﬂati-

441 2600 571 2656 bus.
592 2600 826 2656 Proinde
846 2618 968 2656 cum
987 2611 1131 2658 esset
1151 2603 1335 2658 animo
1359 2603 1568 2658 liberali
1594 2611 1647 2658 et
1678 2603 1802 2656 forti
1828 2601 2019 2672 praedi-

443 2705 558 2757 tus,
593 2696 808 2750 animos
839 2710 1027 2750 eorum
1050 2696 1144 2765 qui
1172 2697 1226 2749 in
1257 2696 1379 2751 vico
1406 2696 1661 2766 agebant,
1693 2696 1890 2764 Opibus
1919 2695 2019 2750 sibi

445 2788 726 2850 conciliat,
763 2787 1025 2856 brevique
1069 2788 1174 2843 sibi
1207 2787 1596 2843 devotissimos
1633 2789 1845 2842 habuit.
1885 2787 2022 2842 Hinc

445 2893 574 2932 cum
616 2879 761 2932 odiis
803 2887 1086 2934 certarent
1145 2879 1425 2935 continuis
1458 2881 1721 2944 adversus
1763 2879 2019 2944 Graecos,

444 2969 694 3026 omnium
727 2987 958 3026 assensu
1024 2973 1326 3041 imperator
1357 2973 1668 3028 declaratus
1704 2983 1811 3028 est.
1868 2971 2021 3031 Bello

445 3065 635 3133 itaque
666 3063 894 3118 adortus
923 3062 1172 3128 Graecos,
1199 3064 1292 3133 qui
1327 3064 1385 3118 in
1436 3079 1502 3118 ea
1538 3064 1764 3134 regione
1809 3063 2022 3116 habita-

447 3157 602 3219 bant,
626 3169 734 3209 non
774 3154 925 3222 prius
948 3155 1144 3224 prmlio
1175 3157 1431 3236 excessit,
1464 3171 1627 3224 quam
1660 3170 1785 3219 cum
1831 3170 2021 3212 omnes

2200 1871 2353 1924 Ἐστι
2383 1872 2624 1941 Σογούτη
2673 1870 2830 1940 παρά
2868 1871 3084 1925 Μυσίαν
3131 1870 3294 1938 κώμη
3320 1869 3464 1922 οὕτω
3503 1871 3706 1922 καλου.

2127 1963 2269 2030 μένη
2310 1962 2608 2031 εὐδαίμων,
2659 1964 2756 2015 καὶ
2809 1962 3054 2029 ποταμὸς
3103 1964 3233 2031 παρ’
3261 1962 3399 2031 αὐτῇ
3428 1960 3574 2014 οὕτω
3598 1979 3702 2014 κα-

2125 2055 2406 2122 λούμενος.
2439 2056 2619 2122 Διέχει
2653 2054 2709 2106 δὲ
2742 2055 2851 2106 ἀπὸ
2885 2054 3159 2123 θαλάττης
3189 2053 3290 2121 τῆς
3318 2053 3412 2106 τοῦ
3444 2052 3699 2114 Εὐξείνου

2125 2150 2324 2200 πόντου
2361 2147 2612 2210 σταδίους
2656 2147 2790 2199 ὡσεὶ
2838 2147 3185 2214 πεντήκοντα
3231 2147 3325 2198 καὶ
3367 2146 3698 2209 διακοσίους·

2127 2244 2342 2296 καλοῖτο
2385 2242 2432 2294 δ’
2480 2243 2546 2295 ἂν
2595 2243 2735 2313 αὕτη
2795 2243 2996 2304 ἰταίας
3036 2241 3219 2311 κώμη.
3276 2242 3358 2304 Ἐς
3394 2240 3600 2312 ταύτην
3643 2242 3701 2294 δὲ

2123 2338 2223 2404 τὴν
2262 2334 2451 2407 χώραν
2477 2337 2848 2406 ἀφικομένους
2885 2335 3012 2398 τοὺς
3057 2335 3371 2402 Ὀγουζίους
3422 2336 3700 2402 ἐνοικῆσαι

2123 2428 2218 2482 ἐπί
2247 2445 2369 2481 τινα
2405 2429 2620 2498 χρόνον.
2683 2428 3020 2496 Ὀτουμάνου
3061 2427 3119 2479 δὲ
3163 2427 3256 2479 τὸν
3289 2425 3701 2496 Ὀρθογρούλεω

2125 2519 2312 2583 παῖδα,
2358 2519 2420 2572 οὐ
2470 2520 2612 2573 πάνυ
2652 2535 2733 2572 τοι
2778 2518 2839 2571 εὖ
2877 2518 3191 2587 πράττοντα
3238 2517 3336 2588 τὴν
3389 2519 3567 2588 ἀρχὴν
3611 2536 3702 2585 γε-

2124 2611 2312 2670 νέσθαι
2342 2613 2440 2680 τήν
2475 2628 2536 2662 τε
2580 2609 2767 2680 ψυχὴν
2804 2608 3292 2680 ἑλευθεριώτατον,
3327 2611 3420 2663 καὶ
3465 2609 3594 2673 τοὺς
3641 2611 3700 2662 ἐν

2123 2706 2189 2773 τῇ
2216 2701 2376 2771 κώμῃ
2405 2699 2903 2771 φιλοφρονούμενον
2923 2702 2988 2753 ὲκ
3009 2703 3119 2754 τῶν
3144 2702 3462 2770 προσόντων
3488 2701 3565 2762 ὡς
3586 2696 3700 2754 οἷόν

2121 2795 2169 2845 τ’
2197 2789 2266 2864 ἢν
2303 2793 2546 2861 μάλιστα
2593 2793 2744 2863 αὐτῷ
2787 2793 2914 2857 τούς
2941 2811 3003 2846 τε
3045 2795 3103 2847 ὲν
3151 2797 3216 2864 τῇ
3264 2793 3430 2866 κώμῃ
3460 2795 3701 2862 ἀνακτή-

2124 2880 2342 2933 σασθαι.
2382 2881 2539 2932 Ὥστε
2585 2882 2854 2950 διαφορᾶς
2886 2883 3040 2952 σφίσι
3089 2882 3226 2953 πρὸς
3262 2884 3390 2944 τοὺς
3427 2882 3701 2954 Ἐλλήνων

2123 2972 2302 3032 αὐτῶν
2325 2973 2644 3044 περιοίκους
2675 2975 2997 3044 γενομένης,
3023 2976 3280 3045 ἡγεῖσθαι
3307 2976 3552 3045 ,κελεύειν
3572 2979 3700 3040 τοὺς

2123 3064 2180 3115 ἐν
2207 3065 2274 3134 τῇ
2297 3063 2451 3116 πόλει
2490 3064 2826 3133 Ὀτουμάνον
2868 3066 2958 3118 τὸν
2992 3067 3426 3136 Ὀρθογρούλεωο
3463 3068 3557 3120 καὶ
3595 3086 3702 3135 μα·-

2123 3155 2448 3225 χεσάμενον,
2485 3156 2797 3226 τρέψασθαι
2830 3175 2890 3210 τε
2925 3159 3050 3219 τοὺς
3089 3161 3263 3230 ταύτῃ
3298 3160 3590 3225 Ἕλληνας.

447 3261 538 3305 aut
586 3250 904 3320 cecidisset,
942 3259 1037 3312 aut
1086 3251 1352 3322 fugasset.
1434 3252 1572 3316 Hinc
1626 3269 1884 3326 prospere
1941 3252 2372 3308 succedentibus
2439 3252 2622 3316 rebus,
2698 3255 2960 3311 victorias
3017 3257 3284 3326 plurimas
3340 3258 3548 3314 Grecis
3591 3273 3687 3314 ex-

450 3344 640 3400 torsit.

521 3441 659 3494 Cum
691 3449 875 3496 autem
907 3441 1050 3507 fama
1078 3445 1322 3509 nominis
1355 3445 1436 3498 sui
1475 3444 1724 3514 regiones
1753 3445 2016 3514 plurimas

2191 3440 2305 3503 Καὶ
2336 3439 2444 3500 ἀπὸ
2474 3440 2664 3494 τούτου
2698 3443 3056 3512 ὁρμωμένους
3096 3446 3346 3510 ἐπιπολὺ,
3379 3447 3694 3510 ἐπεξελθεῖν

450 3533 810 3604 implevisset,
841 3536 1006 3591 etiam
1065 3536 1210 3604 apud
1251 3536 1536 3600 Aladinam
1571 3538 1811 3591 maxima
1850 3537 2022 3607 gloria

448 3627 647 3695 viguit,
675 3638 893 3682 creatus
923 3629 990 3683 ab
1018 3630 1138 3699 ipso
1167 3629 1302 3694 dux,
1333 3646 1456 3686 cum
1487 3630 1731 3701 undique
1750 3631 2023 3702 praeclaris

449 3717 615 3776 editis
649 3717 991 3774 facinoribus
1039 3735 1128 3775 res
1166 3720 1379 3783 fortiter
1419 3723 1699 3790 gessisset.
1757 3721 2024 3777 Defuncto

449 3827 580 3882 rege
645 3814 902 3879 Aladina,
969 3815 1247 3871 discordia
1321 3817 1464 3879 inter
1522 3819 1673 3889 regni
1731 3818 2021 3887 optimates

448 3918 636 3961 exorta
687 3917 793 3963 est.
849 3905 1188 3978 Orthogulus
1241 3911 1520 3968 adhibitus
1558 3911 1614 3968 in,
1661 3910 2021 3977 colloquium.

453 4015 580 4052 cum
619 3999 849 4052 multum
899 4001 1162 4068 temporis
1218 3999 1569 4055 deliberando
1604 4009 1751 4056 esset
1801 4001 2024 4054 absum-

451 4099 630 4160 ptum,
686 4090 905 4144 tandem
955 4090 1067 4145 icto
1125 4090 1330 4149 foedere
1379 4093 1650 4161 promisit,
1703 4109 1762 4149 se
1806 4073 1942 4162 ipsis
1971 4099 2025 4146 et

453 4184 665 4250 socium
719 4183 1036 4238 auxiliare":
1084 4182 1222 4246 fore,
1279 4200 1607 4258 quocunque
1662 4186 1716 4240 in
1775 4187 2024 4242 militiam

451 4275 920 4344 proﬁciscantur:
963 4275 1066 4330 hac
1119 4284 1299 4339 tamen
1341 4277 1679 4342 conditione,
1738 4287 1800 4334 ut
1859 4295 2025 4347 quas-

450 4385 671 4436 cunque
701 4368 974 4439 regiones,
1031 4368 1345 4438 conjunctis
1395 4371 1594 4444 c0piis,
1649 4386 1750 4425 suo
1798 4373 2024 4442 imperio

450 4461 826 4530 adjunxerint,
897 4475 992 4524 eas
1051 4460 1192 4516 inter
1249 4475 1372 4516 sese
1429 4461 1619 4528 partiri
1642 4462 1830 4517 velint.
1885 4461 2022 4517 Cum

451 4555 641 4624 igitur,
693 4563 756 4607 ut
798 4553 1004 4610 fmdere
1063 4553 1374 4625 tenebatur,
1432 4553 1713 4612 communi
1747 4569 2024 4609 consensu

451 4647 774 4716 viribusque
805 4645 1196 4706 communibus
1226 4645 1368 4700 bella
1391 4645 1841 4716 aggrederentur,
1873 4656 2022 4702 tanta

453 4736 630 4805 ipsius
666 4736 810 4788 inter
847 4747 1038 4790 omnes
1070 4733 1250 4788 virtus
1280 4732 1526 4797 emicuit,
1586 4739 1648 4786 ut
1675 4731 1822 4786 brevi
1854 4731 2024 4808 pluri-

2125 3549 2184 3584 τε
2215 3532 2342 3592 τοὺς
2392 3531 2681 3602 Ἕλληνας,
2735 3534 2828 3586 καὶ
2877 3537 3028 3605 παρὰ
3064 3535 3314 3607 Ἀλαδίνῃ
3344 3533 3404 3590 εὖ
3435 3539 3581 3607 μάλα
3604 3542 3694 3594 εὐ-

2125 3623 2480 3694 φημούμενον
2515 3624 2657 3693 μέγα
2705 3627 3093 3694 εὐδοκιμῆσαι,
3131 3630 3224 3681 ἐπὶ
3271 3633 3604 3700 στρατηγίας
3632 3651 3694 3687 τε

2125 3717 2545 3786 καθιστάμενον.
2575 3721 2671 3778 καὶ
2705 3718 2838 3788 ἔργα
2863 3720 3326 3789 ἀποδεικνύμενον
3357 3724 3486 3787 ἀξια
3511 3725 3692 3793 λόγου.

2124 3809 2562 3879 Τελευτήσαντος
2615 3811 2670 3862 δὲ
2733 3812 3025 3866 ’Λλαδίνεω
3087 3813 3372 3882 βασιλέως,
3428 3822 3524 3871 καὶ¹
3589 3821 3700 3873 τῶν

2125 3903 2362 3971 ἀρίστων
2391 3902 2557 3957 αὐτοῦ
2607 3905 2662 3965 ἐς
2714 3904 2980 3973 διαφορὰν
3032 3908 3218 3974 σφίσιν
3251 3910 3694 3981 ἀφικνουμένων,

2123 3994 2343 4059 λέγεται
2387 3993 2679 4062 ἀφικέσθαι
2725 3996 2782 4058 ἐς
2824 3996 3016 4063 λόγους
3063 4001 3268 4064 αὐτοῖς,
3321 4005 3414 4056 καὶ
3463 4005 3696 4070 ἐκείνοις

2123 4084 2395 4153 ἀλλήλοις,
2463 4085 2779 4155 ξυμμαχίαν
2835 4104 2894 4140 τε
2948 4091 3044 4142 καὶ
3091 4093 3393 4162 ὁμαιχμίαν
3456 4096 3694 4161 ἐκείνοις

2127 4177 2474 4246 συνθέμενον,
2528 4179 2799 4249 ξυμϐῆναι
2853 4182 3040 4246 αὐτοῖς
3087 4185 3248 4253 ὅρκια
3297 4188 3694 4256 ποιησάμενον,

2125 4270 2211 4338 ἐφ’
2245 4263 2288 4338 ᾧ
2316 4271 2451 4328 ὁμοῦ
2478 4272 2683 4335 πάντας
2715 4277 2867 4344 κοινῇ
2915 4276 3293 4346 συνδιαφέρειν
3313 4281 3406 4333 τὸν
3434 4283 3698 4352 πόλεμον,

2126 4363 2220 4414 καὶ
2251 4364 2723 4432 καταστρέφεσθαι
2744 4365 2841 4436 τὴν
2863 4368 3069 4436 χώραν,
3093 4371 3226 4440 ὅσην
3251 4371 3298 4424 δ’
3314 4372 3383 4426 ἂν
3405 4374 3694 4439 δύνωνται,

2123 4455 2254 4524 ὅσην
2283 4455 2326 4508 δ’
2373 4454 2440 4508 ἂν
2500 4455 2842 4524 ὑπάγωνται,
2894 4460 3228 4528 ἐπιελέσθαι,
3269 4465 3420 4532 σφίσι
3451 4470 3592 4521 κατὰ
3627 4473 3695 4524 τά

2125 4549 2281 4616 κοινῆ
2309 4550 2491 4618 σφίσιν
2524 4552 2709 4614 αὐτοῖς
2759 4553 3094 4624 δεδογμένα·
3129 4560 3224 4611 καὶ
3267 4559 3413 4614 οὕτω
3464 4563 3529 4631 δὴ
3579 4563 3697 4630 ἅμα

2124 4639 2356 4703 ἐκείνοις
2395 4640 2690 4695 ἐλαύνοντα
2721 4647 3202 4716 καταστρέψασθαι
3245 4650 3433 4719 χώραν
3465 4654 3567 4708 οὐκ
3587 4655 3698 4706 ὀλί-

2126 4746 2252 4804 γην,
2276 4731 2372 4788 καὶ
2393 4730 2533 4802 ἔργα
2561 4733 3027 4806 ἀποδεικνύμενον
3051 4741 3284 4808 μεγάλα.
3315 4744 3412 4796 καὶ
3436 4746 3697 4816 χρήματα

453 4842 573 4880 mas
598 4840 730 4894 opes
759 4825 1093 4892 acquireret,
1120 4838 1461 4895 regnumque
1485 4823 1589 4878 sibi
1622 4831 1836 4892 pararet
1866 4807 2019 4880 haud

2129 4822 2301 4890 συχνὰ
2332 4823 2705 4894 ὲπικτώμενον
2724 4844 2740 4860 ο
2777 4826 2918 4880 ὥστε
2954 4832 3013 4881 ὲν
3044 4807 3239 4901 βραχεζ
3261 4836 3355 4886 ἐπὶ
3593 4857 3699 4892 πα-

453 4914 884 4987 aspernandum.
916 4914 982 4968 Hi
1009 4925 1188 4972 autem
1224 4931 1347 4970 cum
1381 4915 1554 4970 forent
1603 4916 1770 4970 duces
1801 4929 2026 4970 numero

455 5024 686 5083 septem,
736 5011 894 5066 initio
928 5013 1228 5081 regionem,
1265 5026 1429 5080 quam
1472 5019 1587 5066 tum
1623 5011 1793 5066 armis
1843 5011 2026 5083 subje-

457 5113 672 5167 cerant,
713 5103 856 5158 inter
889 5117 1010 5158 sese
1042 5101 1343 5155 diviserunt
1380 5120 1393 5156 :
1448 5110 1634 5170 postea
1675 5101 2022 5170 partitionem

455 5199 587 5250 smti
627 5193 1058 5257 committentes,
1095 5192 1400 5248 Caramano
1434 5193 1704 5262 obtigisse
1757 5192 2024 5247 meditere

449 5304 672 5342 raneam
698 5287 966 5358 Phrygiae,
995 5285 1244 5340 Ciliciam
1272 5299 1467 5355 usque.
1493 5294 1546 5340 et
1571 5283 2018 5354 Philadelphiam.

453 5380 719 5436 Sarchani
752 5395 873 5435 sors
906 5379 1114 5434 addixit
1149 5379 1478 5432 maritimam
1528 5377 1694 5432 lonia:
1725 5380 2021 5448 regionem,

453 5490 562 5543 qua
595 5472 884 5543 Smyrnam
919 5488 1093 5542 usque
1119 5479 1287 5541 patet.
1315 5470 1484 5542 Lydia
1509 5485 1678 5540 usque
1701 5470 1769 5524 ad
1794 5468 2022 5539 Mysiam

450 5566 675 5627 obvenit
701 5564 932 5630 Calami,
963 5574 1019 5620 et
1042 5565 1153 5620 ﬁlio
1187 5579 1288 5619 suo
1315 5561 1528 5620 Carasi.
1580 5560 1888 5633 Bithyniam
1923 5574 2024 5614 au~

2133 4915 2486 4983 ρεληλυθέναι
2517 4918 2578 4970 οὐ
2613 4919 2845 4990 φαύλην.
2878 4924 3115 4983 Τούτους
3144 4926 3202 4978 δὲ
3251 4929 3527 5000 ἡγεμόνας
3556 4931 3700 4991 ἑπτὰ

2128 5010 2474 5077 γενομένους,
2513 5013 2644 5079 ὅσην
2680 5014 3030 5088 ὑπηγάγοντο
3056 5019 3232 5089 ἀρχὴν
3276 5021 3699 5094 διανενεμῆσθαι

2131 5100 2271 5168 μετὰ
2307 5101 2483 5155 ταῦτα
2523 5103 2708 5172 σφίσιν
2753 5107 2940 5170 αὐτοῖς
2964 5127 2978 5141 ο
3037 5111 3224 5180 λαχεῖν
3266 5113 3330 5181 δὴ
3363 5115 3702 5186 Καραμάνον

2126 5190 2224 5258 τὴν
2258 5194 2558 5261 μεσόγαιαν
2589 5197 2686 5264 τῆς
2717 5198 2957 5266 Φρυγίας
2991 5201 3122 5269 ἄχρι
3176 5202 3433 5268 Κιλικίας
3486 5209 3578 5261 καὶ
3606 5210 3700 5260 Φι-

2127 5282 2418 5353 λαδελφίας
2442 5303 2456 5314 ·
2493 5287 2784 5358 Σαρχάνην
2810 5290 2866 5342 δὲ
2898 5292 3147 5344 ἐντεῦθεν
3166 5295 3265 5366 τὴν
3297 5300 3566 5367 παράλιον
3596 5302 3695 5370 τῆς

2138 5376 2347 5438 Ἰωνίας
2393 5379 2596 5450 χώραν,
2665 5381 2788 5434 ἐστε
2831 5384 2924 5436 ἐπὶ
2970 5384 3224 5456 Σμύρνην
3269 5390 3480 5444 ἐλθεῖνο
3516 5395 3582 5446 τὰ
3637 5395 3694 5450 δὲ

2128 5468 2327 5531 Λυδίας
2357 5468 2482 5523 ἔστε
2523 5473 2614 5525 ἐπὶ
2637 5474 2852 5527 Μυσίαν
2879 5477 3148 5548 Καλάμην
3182 5484 3280 5536 σὺν
3317 5486 3395 5555 τῷ
3420 5488 3573 5540 παιδὶ
3601 5493 3697 5542 αὐ·

2129 5561 2224 5614 τοῦ
2262 5563 2519 5636 Καρασῇ.
2567 5565 2648 5621 Τὰ
2682 5566 2820 5636 πρὸς
2858 5569 3140 5642 Ὄλυμπόν
3167 5591 3226 5628 τε
3271 5577 3366 5631 καὶ
3416 5575 3673 5632 Βιθυνίαν

1712 5704 1962 5768 Νοιυιω
2005 5706 2407 5785 marginales.

520 5830 602 5915 (9,)
631 5830 861 5888 Circiter
891 5847 1017 5886 ann.
1060 5832 1207 5886 1500.
