2065 3216
230 174 266 206 39
803 171 899 202 LAON‘
908 172 955 201 [Cl
976 172 1313 202 CllAl.COCONDYL/E
1822 170 1858 203 ιο

231 232 340 260 feroces
361 235 389 258 et
411 230 545 259 bellicosi.
564 229 615 263 Qui
637 229 681 257 ubi
698 229 868 256 resciverunt
896 227 1027 254 Snlaima-

1083 229 1179 263 μόνας.
1199 229 1224 254 οἳ
1239 229 1271 263 δὴ
1284 229 1341 259 τοῖς
1362 228 1492 262 Ἕλλησιν

234 287 297 306 nent
314 278 484 313 processisse
498 278 525 304 in
542 276 691 312 Europam,
710 276 849 310 regionem
866 276 986 309 ipsorunt
999 274 1027 300 in

233 326 338 353 Graecia
350 326 430 353 sitam
447 329 566 355 vastare,
580 323 742 358 praedasque
753 322 856 350 nemini
870 325 1026 356 parcentem

234 371 382 400 confertim
403 379 492 405 agere,
507 370 599 404 copias
614 374 640 396 et
656 369 708 404 ipsi
720 376 785 396 suas
796 368 931 395 adversus
955 367 1026 394 Tur-

234 425 283 446 eos
298 419 451 446 duxerunt:
467 417 659 451 consvrtisque
675 416 810 446 tnauibns,
824 415 942 442 victores
956 420 1028 448 pro:-

232 465 270 492 lio
282 465 419 495 abierunt,
453 464 577 497 plurimis
602 463 688 496 prima
716 463 836 489 coitione
864 461 1027 488 interfectis.

231 512 337 539 Deinde
348 511 482 538 certiores
504 510 613 541 redditi,
631 509 782 536 Turcorum
801 516 846 535 res
863 515 951 542 usque
979 515 1027 534 au-

231 559 301 592 geri,
316 558 425 592 sibique
440 557 550 583 tandem
574 555 762 583 intolerabiles
775 555 841 586 fore,
865 563 927 581 etttn
944 555 1029 589 pluri-

232 603 364 631 tnianci
389 610 477 636 ttsquc
502 609 533 628 cx
551 602 615 628 Asia
642 601 675 627 ad
694 600 880 628 Sulaimanem
910 607 1028 626 coucur-

231 653 304 679 rant,
321 647 523 681 Europazasque
546 647 628 673 urbes
657 646 800 673 obsidione
827 649 952 679 urgeant,
985 644 1028 671 his

230 694 325 727 exciti,
340 700 455 728 uterque
474 693 501 719 in
520 693 720 720 mediterranea
734 692 859 719 Thraeizte
874 692 971 726 pergit,
1000 695 1028 718 et

230 742 326 776 copias
341 746 428 775 parat.
445 739 575 774 Unglescs
585 747 599 765 a
613 739 754 771 Pherrltis,
769 739 816 766 ubi
830 739 901 774 regia
916 744 985 769 erat,
999 738 1026 765 in

230 786 337 814 Turcos
351 785 538 822 progreditur.
560 785 653 812 Crales
666 789 769 816 autem.
790 785 912 819 praedicti
933 785 1026 816 frater,

230 833 319 867 copiis
333 833 458 867 plurimis
469 832 632 864 contractis,
648 831 680 858 ad
694 831 808 858 fratrem
837 839 885 865 per
899 831 1028 858 mediter-

230 887 314 906 ranea
327 879 450 906 Thracia:
472 882 619 908 commeat,
636 877 777 903 eomntuni
804 875 921 902 consilio
944 875 1027 909 junc-

228 926 320 960 tisque
334 925 438 952 viribus
451 924 551 951 bellum
565 922 662 949 Turcis
676 922 791 950 illaturi.
806 921 865 948 Sub
878 921 949 947 idem
962 925 1027 948 tem-

231 980 284 1007 pus
300 971 475 998 Sulaimanes
486 970 618 1004 oppidum
645 968 821 1003 oppugnabat
837 967 870 995 ad
885 967 1028 994 Taenarum

229 1020 343 1046 fluvium
363 1019 457 1051 situm,
471 1017 577 1044 distans
591 1024 606 1043 a
621 1015 746 1051 Callipoli
761 1015 818 1050 (l8)
833 1015 931 1042 stadiis
947 1015 1030 1040 circi-

230 1071 273 1093 ter
292 1065 475 1100 septuaginta,
494 1064 620 1098 plurimis
634 1062 774 1093 tentoriis,
793 1069 853 1096 qua:
865 1069 897 1087 eo
913 1060 1027 1087 advexe-

229 1117 283 1144 rat.
296 1119 345 1147 per
360 1111 505 1138 circuitum
532 1110 604 1140 fixis.
628 1109 656 1136 in
672 1109 772 1143 quibus
804 1107 913 1143 Scytha:
929 1106 1028 1133 Turci-

229 1166 294 1193 que,
313 1161 449 1193 quotquot
461 1156 627 1191 pastoralem
645 1155 730 1182 vitam
759 1158 925 1187 sequuntur.
945 1160 1026 1186 quam

229 1205 394 1233 suavissime
409 1204 512 1238 degunt
528 1210 535 1229 :
554 1202 734 1235 assidensque
751 1200 823 1232 urbi,
842 1200 963 1225 intentus
977 1207 1027 1230 0|!»-

232 1250 397 1286 pugnationi
413 1249 558 1276 insistebat
572 1256 579 1274 :
596 1252 624 1274 ct
638 1247 730 1274 studio
749 1245 936 1279 expugnanda:
952 1244 1028 1271 urbis

232 1298 379 1328 astrictus,
390 1295 492 1330 accipit
512 1294 632 1321 hostium
646 1292 805 1320 adventum.
835 1291 934 1326 Deligit
946 1290 1028 1325 igitur

230 1353 265 1371 ex
286 1344 343 1372 suis
360 1343 546 1376 octingentos,
568 1339 768 1373 nocturnisque
797 1338 942 1364 itineribus
971 1338 1026 1370 pri-

232 1399 277 1418 ma
298 1397 398 1417 aurora
415 1388 447 1415 ad
462 1388 582 1414 hostium
599 1390 690 1413 castra
708 1383 841 1419 pervenit.
858 1383 911 1410 Eos
928 1382 1025 1417 depre-

231 1437 328 1465 hendit
344 1443 394 1462 nec
409 1435 505 1461 solitas
530 1433 636 1467 vigilias
652 1432 796 1462 obeuntes,
812 1429 965 1464 laxatisque
979 1437 1027 1456 cu-

232 1483 332 1511 stodiis
347 1483 450 1509 afl'usos
466 1481 582 1507 Tantam
599 1479 681 1506 ﬂuvio
696 1477 828 1512 praebenti
844 1484 942 1511 aquam
960 1481 1024 1510 potu

232 1529 344 1564 quidem
352 1529 483 1563 optimam
508 1526 629 1552 eamdem
643 1530 669 1552 et
680 1525 899 1552 saluberrimam.
909 1524 1025 1552 Estalis

1515 227 1678 257 ἐπετίθεντο.
1696 229 1741 255 καὶ
1754 229 1868 263 χαλεποὶ

1079 272 1161 309 ἦσαν,
1178 275 1222 301 διὰ
1239 276 1269 302 τὸ
1287 275 1420 310 μηδέποτε
1433 274 1550 309 ἡσυχίαν
1566 275 1654 308 ἄγειν.
1679 276 1738 302 ἀλλ’
1760 277 1804 303 ἀεὶ
1817 285 1868 303 κα-

1080 322 1135 351 κῶς
1154 324 1238 349 ποιεῖν
1257 322 1447 356 πολεμοῦντας
1470 323 1525 353 τοῖς
1551 323 1691 356 Ἕλλησιν.
1708 320 1788 350 Οὗτοι
1819 324 1870 357 μὲν

1079 367 1126 394 οὖν
1137 368 1175 399 ὡς
1187 368 1320 395 ἐπύθοντο
1334 367 1507 402 Σουλαιμὰνη
1535 367 1683 395 διαδάνταν
1703 370 1731 399 ἐς
1745 369 1795 404 τὴν
1818 369 1869 395 Εὑ-

1081 415 1186 450 ρὼπην,
1214 415 1296 451 δῃοῦν
1321 423 1352 441 τε
1382 415 1429 440 ἐπὶ
1457 416 1490 449 τῇ
1515 414 1658 450 Ἐλληνικῇ
1687 416 1738 447 τὴν
1771 416 1869 450 σφετέ-

1080 471 1130 495 ραν
1144 462 1234 488 αὺτῶν
1247 461 1350 496 χώραν,
1367 462 1415 488 καὶ
1431 461 1594 497 διαρπάζειν
1611 462 1725 497 μηδενὸς
1742 463 1870 496 φειδόμε-

1079 517 1135 541 νον,
1147 509 1343 541 ἐστρατεύοντο
1356 509 1402 535 ἐπὶ
1418 508 1479 540 τοὺς
1493 508 1643 542 Τοὺρκνιυς,
1655 510 1703 535 καὶ
1719 508 1871 543 συμϐαλόν-

1079 564 1124 587 τες
1143 556 1217 591 μάχῃ
1232 564 1262 582 τε
1280 557 1450 591 ἐκράτησαν,
1465 557 1512 582 καὶ
1526 556 1681 591 διέφθειρον
1700 556 1750 582 οὐκ
1762 556 1870 589 ὀλίγους

1080 603 1110 628 ἐν
1129 604 1162 637 τῇ
1180 603 1325 638 ἐπιδρομῇ.
1344 602 1422 629 Μετὰ
1436 603 1464 628 δὲ
1480 603 1565 629 ταῦτα
1580 603 1618 634 ὡς
1638 603 1752 638 ᾔσθοντο
1766 603 1817 638 ἢδη
1837 604 1870 628 τὰ

1079 649 1211 684 Τούρκων
1227 649 1382 685 πράγματα
1401 650 1470 683 ταχὺ
1499 650 1545 676 ἐπὶ
1571 650 1644 684 μέγα
1673 650 1870 685 προχωροῦντα

1079 696 1241 729 δυνάμεως,
1281 696 1328 722 καὶ
1352 696 1416 727 τοὺς
1445 696 1499 722 ἀπὸ
1532 696 1626 726 Ἀσίας
1652 696 1791 731 Τούρκους
1828 697 1872 723 ἀεὶ

1064 742 1268 773 ’διαϐαίνοντας
1285 742 1484 778 προσγίνεσοαι
1508 742 1593 777 αὐτῷ,
1612 742 1683 769 ὥστε
1705 743 1753 769 καὶ
1778 744 1807 774 ἐς
1821 752 1870 769 πο-

1078 787 1203 822 λιορκίαν
1217 786 1272 813 τῶν
1297 786 1369 813 κατὰ
1383 787 1433 822 τὴν
1450 786 1586 822 Εὐρώπην
1608 787 1713 813 πόλεων
1738 787 1871 822 καθίστα-

1080 833 1152 866 σθαι,
1166 834 1214 860 καὶ
1229 834 1372 868 προϊόντας
1384 833 1431 859 ὲπὶ
1444 833 1495 869 τὴν
1523 834 1672 868 μεσόγαιον
1684 832 1735 867 τῆς
1749 832 1870 867 Θρᾴκης.

1080 878 1254 913 συνελέγοντο
1265 887 1295 904 τε
1307 877 1464 913 στράτευμα
1477 878 1638 913 ἀμφότεροι.
1648 878 1810 913 Οῦγγλεσης
1822 877 1872 912 μὲν

1081 923 1128 951 οὖν
1138 924 1253 959 ὥρμητο
1266 924 1320 951 ἀπὸ
1332 924 1446 960 Φιρῤὦν
1459 924 1506 951 ἐπὶ
1517 923 1582 956 τοὺς
1603 924 1754 959 Τοῠρκους,
1771 925 1801 950 ὲν
1825 921 1870 954 αἷς

1080 971 1115 997 τὰ
1128 969 1253 1006 βασίλεια
1268 968 1302 1006 ἦν
1317 970 1392 1005 αὐτῷ
1403 979 1410 986 ·
1424 970 1539 1006 Κράλης
1552 979 1582 996 τε
1603 971 1662 1005 ἅμα.
1676 970 1752 1004 αὐτῷ
1765 971 1779 996 ὁ
1795 970 1873 997 ἀδελ-

1081 1016 1130 1050 φὸς
1147 1017 1306 1052 στράτευμα
1321 1016 1390 1052 ἔχων
1401 1016 1456 1044 ἀπὸ
1468 1017 1519 1052 τῆς
1530 1016 1679 1052 μεσογαίου
1697 1017 1748 1052 τῆς
1759 1017 1873 1052 Θρᾴκης

1081 1063 1176 1099 συνῄει
1200 1063 1240 1099 τῷ
1270 1063 1380 1099 ἁδελφῷ
1406 1064 1444 1095 ὡς
1470 1064 1699 1099 στρατευσόμενοι
1726 1063 1784 1098 ἅμα
1808 1064 1873 1095 τοὺς

1080 1111 1233 1145 Τούρκους.
1255 1110 1289 1137 '0
1307 1111 1358 1145 μὲν
1385 1108 1432 1137 οὖν
1450 1110 1639 1146 Σουλαιμάνης
1662 1111 1742 1145 ετυχε
1760 1110 1872 1145 πολιορα

1080 1157 1137 1183 κῶν
1159 1157 1280 1192 πόλισμα
1297 1157 1327 1183 τὸ
1340 1157 1417 1192 παρά
1430 1157 1551 1191 Ταίαρον
1567 1157 1703 1192 ποταμὸν,
1717 1157 1806 1192 διέχον
1816 1158 1871 1183 ἀπὸ

1086 1203 1336 1238 ’Δδριανουπὸλεως
1359 1204 1487 1235 σταδίους
1505 1204 1573 1231 ὡσεὶ
1602 1204 1807 1239 ἐϐδομήκοντα·
1824 1205 1873 1231 καὶ

1081 1250 1182 1284 σκηνὰς
1204 1250 1253 1284 μὲν
1269 1250 1353 1276 αὑτοῦ
1379 1249 1430 1276 οὐκ
1451 1250 1548 1284 ὀλίγας
1565 1251 1621 1277 ἀπὸ
1644 1251 1730 1277 πίλων
1744 1251 1820 1285 ἄγων
1838 1252 1872 1282 ¹⁷,

1079 1297 1210 1331 ἐπήξατο,
1226 1296 1256 1323 ὲν
1271 1293 1314 1328 αἷς
1338 1297 1369 1332 δὴ
1386 1297 1412 1323 οι
1427 1298 1499 1324 κατὰ
1513 1298 1564 1333 τὴν
1580 1298 1673 1325 Ἀσίαν
1687 1298 1791 1326 Σκύθαι
1803 1306 1833 1325 τε
1846 1300 1872 1326 οι

1080 1341 1205 1376 Νομάδες
1214 1342 1399 1377 καὶΤούρκων
1411 1342 1436 1369 οί
1448 1342 1516 1377 πρὸς
1526 1343 1602 1369 τόνδε
1621 1344 1668 1371 τὸν
1679 1344 1738 1378 βίον
1751 1353 1872 1380 τετραμ-

1084 1389 1160 1423 μένοι
1176 1388 1257 1424 δῃοῦν
1274 1388 1388 1415 είώθασι
1400 1397 1407 1405 ·
1423 1389 1472 1416 καὶ
1486 1390 1644 1425 ἐπολιόρκει
1671 1391 1701 1417 τὸ
1714 1391 1815 1427 χωρίον
1830 1392 1874 1417 ἐν-

1080 1435 1239 1470 τεταμένως
1253 1444 1260 1450 ·
1274 1435 1449 1471 διατρίϐοντα
1462 1436 1491 1463 δὲ
1504 1437 1586 1464 αὑτὸν
1605 1438 1726 1471 λέγεται,
1742 1438 1781 1470 ὡς
1793 1438 1873 1473 τάχι-

1081 1491 1132 1510 στα
1145 1483 1261 1510 ἐπύθετο
1275 1484 1402 1516 ἐπιόντας
1418 1486 1442 1511 oi
1465 1484 1529 1516 τοὺς
1548 1486 1708 1521 πολεμίους,
1728 1485 1821 1513 λαϐεῖν
1841 1495 1873 1512 τε

1056 1549 1062 1566 ι
1080 1529 1275 1565 ἐπιλεξάμενον
1292 1531 1393 1565 ἄνδρας
1411 1531 1439 1562 ἐς
1456 1531 1637 1563 ὀκτακοσίους
1653 1532 1705 1558 τῶν
1731 1532 1801 1567 ἀμφ’
1824 1533 1876 1560 αἱ»-

232 1581 341 1609 tetnpus
356 1581 425 1605 erat,
448 1580 503 1607 quo
514 1580 562 1598 nec
575 1579 651 1598 artua
661 1579 711 1598 nec
721 1579 809 1606 equos
817 1573 931 1606 perinde
942 1580 1023 1599 ettra—

1079 1578 1121 1603 τδν
1139 1577 1272 1613 ἀρίστων,
1290 1578 1337 1604 καὶ
1348 1578 1444 1609 νυκτὸς
1456 1579 1628 1606 ἐπελάσαντσ.
1639 1579 1668 1610 ἐς
1684 1579 1714 1605 τὸ
1732 1580 1872 1613 πολεμίων

231 1623 308 1653 bant,
327 1624 456 1656 putantes
466 1627 495 1646 se
517 1618 675 1653 planissime
684 1619 718 1645 ab
727 1618 847 1645 hostium
857 1618 1026 1645 incursioni-

232 1670 287 1697 bus
293 1676 406 1696 securos
415 1672 442 1694 et
452 1672 535 1694 tutos.
546 1667 601 1692 Hos
611 1672 660 1691 nec
671 1665 826 1700 opinantes,
835 1670 861 1692 ct
871 1665 898 1691 in
906 1665 1026 1692 Cermia-

231 1717 261 1744 ni
276 1716 388 1750 regione
402 1715 428 1741 in
446 1713 581 1740 limit-iam
596 1712 709 1744 eﬂ'usos,
724 1713 833 1747 altaque
845 1713 937 1747 quiete
954 1713 1027 1747 sopi-

232 1769 286 1795 tos,
305 1762 479 1789 Sulaitnanes
497 1760 615 1794 stipatus
636 1759 802 1794 octingentis
831 1759 965 1786 militibus
981 1760 1026 1787 (le-

233 1809 314 1837 lectis
326 1808 469 1836 adoritur:
484 1808 641 1841 (na-dentque
657 1806 816 1836 maximam.
843 1806 958 1841 impigre
978 1806 1025 1833 ob-

231 1856 292 1883 vios
303 1857 461 1884 mactando,
481 1854 598 1880 hostium
619 1852 693 1879 fecit.
713 1852 790 1879 Multi
803 1854 828 1879 itt
845 1852 945 1880 lltttnen
964 1853 1025 1887 fuga

232 1909 406 1937 praepropera
437 1901 539 1931 delati,
567 1899 642 1926 dubii
668 1907 787 1934 quonam
820 1907 850 1926 se
878 1904 1025 1931 verterent,

231 1948 269 1976 ibi
287 1948 358 1975 inter
392 1947 538 1974 cunctandi
574 1953 664 1972 moras
695 1946 896 1972 occubuerunt.
919 1945 946 1971 ln
974 1944 1026 1971 hoc

230 1994 330 2030 prtelio
342 1993 515 2020 desideratus
534 1996 573 2018 est
592 1991 738 2025 Unglcses:
756 1991 839 2017 etimit
864 1990 958 2017 Crales
979 1998 1025 2016 oc—

231 2040 309 2068 cisus
318 2044 371 2066 est.
381 2038 416 2066 Ut
425 2044 513 2064 autent
525 2037 571 2063 ltic
579 2037 723 2068 interierit,
731 2037 940 2071 ignoraturule
950 2036 1027 2063 Hunc

233 2085 294 2119 cjtts
312 2083 457 2119 propinqui
474 2084 518 2117 qtti
537 2091 598 2108 cum
615 2083 748 2116 sanguine
760 2083 966 2117 contingebant,
978 2082 1027 2109 ali-

234 2132 358 2167 quandiu
375 2134 437 2165 post
452 2130 578 2164 praelium
598 2130 670 2156 istud
687 2130 791 2157 vixisse
813 2130 963 2157 credidere.
977 2129 1027 2155 Stt-

236 2178 382 2209 laitnanes,
399 2176 512 2203 victoria
534 2174 579 2202 illa
599 2176 698 2210 insigni
718 2181 745 2203 et
755 2176 855 2203 illustri
871 2175 972 2207 clarus,
989 2175 1028 2202 fa-

232 2224 286 2251 cile
302 2224 410 2251 tandem
430 2223 510 2250 etiam
528 2221 699 2256 oppidulum,
716 2223 788 2256 quod
804 2222 960 2254 obsederat,
976 2230 1027 2249 suo

233 2270 349 2304 imperio
363 2269 469 2302 adjicit.
484 2268 629 2294 Exercitus
640 2275 750 2302 quoque
764 2266 914 2299 Orestiadi,
945 2275 1026 2302 quam
1045 2264 1065 2290 D

234 2314 461 2348 Hadrianopolim
480 2314 627 2349 appellant,
648 2314 779 2341 admovit.
801 2314 986 2341 Circutnsedit
1002 2321 1030 2342 et

233 2362 419 2389 Peridtnelum
432 2361 540 2387 infestis
560 2360 739 2392 exercitibus,
751 2367 952 2395 aggressusque
966 2370 1027 2388 mtt-

232 2416 306 2438 runt.
323 2408 421 2442 emptis
439 2415 493 2433 non
513 2407 691 2434 succedebat.
704 2407 771 2433 Cum
781 2412 871 2434 autetn
889 2407 923 2433 ibi
941 2408 1029 2435 luere-

231 2461 275 2482 rct
294 2456 418 2482 intentus
446 2453 586 2480 obsidioni
620 2453 697 2479 urbis
725 2453 909 2485 Sulaimanes.
937 2453 1028 2480 ferunt

233 2502 436 2529 adolescentem
450 2493 596 2534 quemdam
623 2500 694 2525 clam
722 2499 832 2526 solitum
851 2499 943 2534 egredi
961 2500 1027 2526 urbe

232 2556 281 2583 per
295 2548 390 2575 rimam
407 2547 553 2581 quamdam
565 2546 648 2579 muri,
661 2546 693 2573 ad
705 2545 896 2572 demetendum
907 2545 1027 2573 frumen-

233 2599 303 2626 tutn,
319 2593 418 2621 deinde
436 2593 573 2619 frumento
585 2598 709 2626 onustus,
728 2600 776 2627 per
793 2593 920 2619 eumdetn
936 2592 1024 2619 locum

234 2640 261 2667 in
279 2640 372 2667 urbem
386 2639 536 2666 remeabat.
559 2638 684 2673 Cumque
703 2639 753 2666 hoc
772 2638 928 2674 frequenter
957 2640 1027 2667 face-

233 2692 287 2718 ret.
304 2686 412 2713 tandem
431 2686 506 2713 visus
520 2691 561 2713 est
577 2693 591 2712 a
613 2686 700 2713 utilite
731 2686 848 2720 quodam
867 2687 967 2718 Turco,
987 2687 1024 2714 ibi

234 2733 368 2768 stipendia
388 2733 514 2759 faciente.
542 2731 650 2760 Turcus
682 2737 773 2759 autem
792 2733 1024 2766 animadvertens,

1081 1623 1264 1657 στρατόπεδον
1278 1624 1550 1659 κατώῃοὺμενον,ὡς
1562 1624 1612 1660 ἤδη
1622 1625 1639 1655 ἡ
1654 1624 1711 1659 ἡὼς
1725 1625 1871 1659 ὑπέφαινε,

1080 1670 1128 1696 καὶ
1141 1669 1202 1695 οὔτε
1219 1669 1344 1703 φυλακὰς
1357 1670 1470 1704 ἔχοντας
1487 1671 1551 1702 τοὺς
1568 1671 1716 1705 πολεμίους
1732 1671 1807 1707 ἑώρα
1819 1672 1871 1698 αὑ-

1080 1716 1143 1748 τούς
1157 1725 1185 1742 τε
1201 1717 1235 1742 τὲ
1249 1717 1334 1742 πολλὰ
1349 1718 1424 1751 παρᾶ
1437 1718 1573 1752 Ταίναρον
1593 1718 1716 1752 ποταμὸν
1726 1738 1734 1750 ,
1755 1718 1784 1748 ὃς
1798 1718 1872 1754 ὕδωρ

1081 1763 1224 1790 κάλλιστόν
1242 1772 1272 1789 τε
1304 1765 1455 1799 παρέχεται
1484 1767 1566 1797 πιεῖν,
1595 1766 1640 1791 καὶ
1672 1765 1869 1799 ὑγιεινότατον.

1081 1808 1177 1845 θέρους
1196 1811 1223 1837 δὲ
1244 1809 1278 1846 ἦν
1297 1810 1365 1845 ὥρα,
1381 1811 1522 1847 ὀλιγώρως
1542 1821 1572 1838 τε
1585 1812 1639 1838 τῶν
1663 1811 1753 1838 ὃπλων
1779 1813 1872 1846 σφίσιν

1080 1857 1174 1887 αὐτοῖς
1187 1856 1304 1883 καὶτῶν
1323 1856 1413 1882 ἵππων
1428 1856 1550 1891 ἔχοντας.
1571 1854 1615 1882 οἷα
1636 1856 1698 1888 τοὺς
1721 1857 1871 1891 πολεμίους

1080 1903 1109 1928 ἐν
1124 1902 1212 1929 οὐδενὶ
1234 1902 1307 1936 λόγῳ
1324 1903 1514 1936 ποιουμένους,
1532 1903 1577 1928 ἐπὶ
1595 1903 1737 1938 ῥᾳστώνην
1751 1911 1872 1938 τετραμ-

1082 1948 1189 1983 μένους.
1202 1948 1273 1974 κατὰ
1288 1949 1443 1982 Κερμιανὺν
1455 1948 1544 1982 χῶρον
1557 1950 1733 1975 ἐπεισπεσεῖν
1748 1958 1777 1976 τε
1793 1951 1871 1983 ἄφνω

1082 1994 1131 2019 σὺν
1150 1994 1207 2024 τοῖς
1222 1994 1405 2026 ὀκτακοσίοις,
1424 1994 1469 2020 καὶ
1490 1993 1645 2029 διαφθεῖραι
1664 1996 1812 2029 σύμπαντα
1824 1996 1870 2022 τὸν

1082 2040 1199 2075 στρατὸν
1215 2040 1370 2070 κτείνοντας
1386 2040 1585 2074 ἀφειδέστατα·
1608 2041 1679 2068 ὥστε
1697 2042 1759 2073 τοὺς
1776 2042 1871 2068 πλείο-

1081 2094 1130 2117 νας
1144 2085 1234 2112 αὐτῶν
1250 2087 1344 2112 πεσεῖν
1364 2087 1392 2118 ὲς
1404 2087 1450 2113 τὸν
1463 2088 1596 2123 ποταμὸν,
1615 2088 1662 2114 καὶ
1672 2089 1702 2114 ἐν
1715 2089 1818 2124 ἀπορίᾳ
1833 2087 1871 2115 εῐ-

1082 2141 1128 2167 χον
1142 2132 1204 2159 ὅποι
1232 2132 1387 2167 τρέπωνται
1403 2135 1556 2169 γενόμενοι,
1573 2135 1620 2161 καὶ
1648 2135 1736 2170 ταύτῃ
1752 2136 1870 2169 διαφθα-

1083 2178 1164 2212 ρῆναι
1177 2187 1184 2193 ·
1204 2179 1267 2205 ἔνθα
1282 2180 1296 2205 ὅ
1323 2188 1352 2205 τε
1368 2179 1529 2214 Οὕγγλεσης
1545 2180 1682 2213 ἀπώλετο,
1705 2183 1753 2208 καὶ
1769 2184 1783 2208 ὁ
1796 2182 1872 2217 Κρά-

1082 2223 1142 2258 λης,
1159 2225 1173 2250 ὁ
1185 2225 1298 2259 ἀδελερὸς
1310 2225 1392 2252 αὑτοῦ
1415 2227 1444 2253 ὲν
1459 2227 1545 2262 ταύτῃ
1560 2229 1592 2263 τῇ
1614 2228 1701 2264 μάχῃ.
1713 2229 1787 2263 Ὅτῳ
1801 2228 1824 2254 δ’
1839 2228 1872 2255 ἂν

1080 2270 1175 2305 τρόπῳ
1189 2270 1336 2306 διεφθάρη,
1352 2273 1402 2298 οὐκ
1418 2273 1476 2308 ᾔδει
1493 2273 1592 2305 οὐδεὶς,
1608 2273 1679 2300 ὥστε
1693 2274 1798 2301 οἴεσθαι
1808 2275 1872 2306 τοὺς

1082 2317 1274 2350 προσήκοντας
1302 2319 1374 2352 αὐτῷ
1401 2321 1539 2354 περιεῖναι
1563 2320 1604 2346 ἔτι
1620 2320 1703 2346 αὐτὸν
1727 2321 1774 2347 ἐπὶ
1787 2321 1873 2347 πολύν

1081 2371 1143 2388 τινα
1160 2363 1268 2398 χρόνον.
1291 2364 1336 2396 Ὠς
1351 2362 1398 2391 οὖν
1424 2365 1527 2400 ταύτην
1547 2367 1598 2401 τὴν
1618 2367 1697 2402 νίκην
1708 2367 1806 2401 εὐκλεῆ
1826 2368 1874 2394 καὶ

1081 2412 1220 2446 περιφανῆ
1247 2411 1369 2438 ἀνείλετο
1384 2412 1587 2448 Σουλαιμάνης,
1617 2415 1647 2441 τό
1662 2423 1692 2441 τε
1724 2416 1845 2450 πόλισμα.
1860 2416 1874 2443 ὃ

1081 2456 1237 2492 ἐπολιόρκει
1264 2458 1397 2492 πρότερον
1421 2461 1625 2495 παρεστήσατο,
1646 2462 1693 2487 καὶ
1711 2462 1873 2498 Ὀρεστιάδα

1081 2503 1131 2535 τὴν
1149 2503 1370 2538 Ἀδριανούπολιν
1384 2505 1556 2540 καλουμένην
1572 2506 1693 2533 ἐλαύνων
1706 2508 1872 2543 ἐπολιόρκει.

1083 2549 1183 2584 Ἔτυχε
1198 2550 1225 2576 δὲ
1245 2551 1295 2584 τήν
1311 2560 1340 2577 -ιε
1356 2551 1405 2587 τὴν
1421 2552 1498 2578 πόλιν
1516 2553 1686 2588 Περιδμητὸν
1707 2554 1873 2589 πολιορκῶν,

1081 2596 1128 2621 καὶ
1148 2596 1310 2631 προῦάλλων
1327 2598 1366 2631 τῷ
1380 2599 1466 2633 τείχει
1478 2600 1552 2633 eam
1565 2600 1615 2625 οὐκ
1630 2600 1712 2628 ἀνίει.
1732 2601 1777 2628 Ἐν
1785 2602 1874 2636 τούτῳ

1080 2642 1108 2668 δὲ
1120 2643 1196 2674 δντος
1215 2644 1422 2678 Σουλαιμάνεω,
1441 2647 1533 2680 τυχεῖν
1549 2647 1661 2674 νεανίαν
1682 2648 1792 2682 λέγουσι
1818 2648 1874 2674 τῶν

1080 2689 1109 2715 ὲν
1123 2691 1155 2724 τῇ
1171 2690 1258 2723 πόλει,
1276 2691 1348 2718 κατὰ
1365 2692 1437 2726 ὀπήν
1455 2701 1513 2719 τινα
1527 2693 1582 2720 ἀπὸ
1593 2694 1641 2728 τῆς
1656 2694 1759 2726 πόλεως
1773 2695 1873 2729 φέρου-

1082 2744 1133 2762 σαν
1148 2736 1210 2769 ἔξω,
1223 2737 1310 2773 λάθρα
1326 2747 1354 2765 τε
1370 2738 1475 2772 ἐξιόντα
1503 2740 1600 2772 νυκτὸς
1621 2740 1736 2778 ἀμῶντςι
1756 2741 1861 2777 πυροὺς

885 2791 1009 2822 Notulze
1027 2793 1230 2831 marginales.

271 2842 329 2878 (l8)
342 2841 384 2869 Al.
400 2840 604 2875 Hadrianopoli.

286 2920 306 2936 ³⁷
324 2920 420 2948 πίνων,
435 2919 503 2946 Ἀττδ
516 2920 598 2946 πίλων
615 2918 701 2952 αἰγῶν
713 2918 748 2947 Β.
