4130 6424
321 415 389 480 41
1441 400 1541 460 DE
1586 394 1838 458 REBUS
1878 392 2245 455 TURCICLS‘
2286 391 2435 449 LIB.
2482 390 2530 449 ῐ.
3528 379 3597 442 42

325 532 475 589 κατᾶ
513 527 775 600 τὴνρπὴν
806 527 1014 596 ταύτην
1060 523 1341 593 διαφορεῖν
1382 523 1439 581 ἐς
1478 517 1580 589 τὴν
1607 515 1786 579 πόλιν,
1816 512 1911 566 καὶ

2018 523 2120 579 qua
2157 506 2298 561 muri
2343 513 2497 573 parte
2549 504 2756 557 intrare
2803 500 3001 555 solitus
3022 508 3161 558 erat.
3209 512 3235 550 a
3277 508 3428 568 tergo
3477 512 3600 552 eum

327 625 497 679 τοῦτο
523 623 754 691 συνεχῶς
787 620 1049 673 ποιοῦντα
1104 616 1333 685 ὀφθῆναι
1360 656 1363 665 .
1386 611 1492 664 ὑπό
1530 626 1675 672 τινος
1704 609 1814 661 τῶν
1848 608 1907 658 ἐν

1374 705 1398 717 ,
1618 698 1645 716 τ
1886 700 1887 703 η

329 720 414 789 τῷ
443 716 804 784 στρατοπέδῳ.
857 714 1056 766 Ἰδόντα
1086 711 1143 763 δέ
1175 710 1265 762 τὸν
1296 708 1566 774 Τουρκον,
1614 721 1647 776 ῃ
1676 700 1850 773 είσῂει
1883 698 1910 753 ό

336 812 570 874 νεανίας,
626 809 969 876 ἐφεπόμενον
1019 806 1249 857 κατόπιν
1297 797 1575 875 γενέσθαι,
1616 794 1760 848 κατὰ
1809 792 1911 860 τὴν

334 905 470 975 ὀπὴν
502 902 833 973 πειραθῆναί
856 916 916 953 τε
965 898 1158 966 αὐτῆς,
1202 895 1296 948 καὶ
1323 891 1560 945 εἰσιόντα
1588 889 1647 950 ἐς
1684 887 1783 957 τὴν
1813 884 1911 937 πό-

335 1002 436 1061 λιν,
472 991 626 1056 αὖθις
648 995 705 1055 ἐς
738 992 798 1045 τὸ
829 989 1197 1061 στρατόπεδον
1247 982 1502 1054 γενέσθαι
1531 998 1547 1014 ·
1583 980 1681 1033 καὶ
1720 975 1911 1047 ἀφικό-

331 1103 494 1155 μενον
518 1085 672 1154 παρὰ
698 1080 1069 1149 Σουλαιμάνη,
1103 1077 1339 1142 ἐξειπεῖν
1362 1091 1420 1128 τε
1448 1073 1548 1143 τὴν
1576 1067 1913 1132 εἳίτοὸον,καλ⁵

328 1181 497 1234 αὑτὸν
527 1178 728 1230 αὐτίκα
754 1174 1090 1243 ἐξηγεῖσθαι.
1126 1169 1467 1239 Πειραθέντα
1489 1165 1545 1220 δὲ
1571 1164 1670 1235 τῆς
1704 1162 1912 1217 εἰσόδου

327 1274 421 1327 τὸν
446 1271 714 1343 ⁴ἡγεμόνα,
748 1266 1085 1322 καταλαϐεῖν
1132 1282 1190 1317 τε
1227 1262 1330 1333 τὴν
1380 1261 1537 1314 πόλιν
1567 1258 1764 1328 ταύτῃ,
1818 1253 1915 1308 καὶ

326 1368 421 1438 ὑφ’
440 1366 591 1434 αὐτῷ
625 1362 977 1434 ποιήσασθαι.
1006 1358 1163 1414 Μετά
1183 1358 1238 1411 δὲ
1268 1355 1441 1409 ταῦτα
1472 1356 1551 1417 εἰς
1579 1349 1914 1405 Φλιππόπο-

324 1463 410 1516 λιν
442 1460 767 1523 ἐλαύνοντα,
820 1456 964 1510 ἑλεῖν
1017 1470 1077 1507 τε
1126 1453 1221 1506 καὶ
1252 1450 1461 1517 ταύτην
1486 1447 1586 1518 τὴν
1614 1443 1789 1508 πόλιν,
1817 1439 1914 1495 καὶ

320 1551 795 1625 παραστήσασθαι
823 1540 1108 1618 ὁμολογίᾳ.
1158 1544 1390 1611 Λέγεται
1420 1539 1478 1594 δὲ
1509 1536 1766 1607 γενέσθαι
1792 1532 1914 1587 τού-

322 1667 404 1718 τῳ
430 1646 509 1716 τῷ
547 1645 759 1716 βασιλεῖ
790 1642 960 1712 ἄνδρα
990 1640 1085 1692 ἐπὶ
1116 1634 1458 1707 στρατηγίας
1504 1625 1915 1698 ἐπισημότατόν

324 1717 387 1794 τε
419 1740 513 1793 καλ⁵
554 1734 875 1806 ἐξηγεῖσθαι
908 1731 1215 1786 δεινότατον
1258 1729 1352 1781 ἐπὶ
1409 1721 1651 1789 πόλεμόν
1696 1738 1759 1805 τε
1817 1717 1914 1773 καὶ¹

330 1830 653 1902 ἐπιδρομάς.
682 1828 796 1881 Καὶ
815 1826 865 1878 οἱ
896 1823 996 1893 μὲν
1019 1822 1271 1890 λέγουσιν
1302 1816 1465 1872 αὑτὸν
1485 1815 1553 1868 τὰ
1584 1813 1757 1866 πλείω
1783 1812 1916 1864 ἀπο⁴

2020 609 2244 657 secutus
2275 608 2381 665 est,
2409 606 2720 653 tentaturus
2753 596 2797 650 si
2824 608 2922 665 per
2942 610 3061 649 eam
3087 595 3280 647 rimam
3326 594 3381 647 in
3411 594 3601 647 urbem

2018 694 2119 749 sibi
2141 700 2347 763 pateret
2368 690 2570 747 aditus.
2600 688 2800 744 Urbem
2829 690 3015 757 itaque
3037 687 3321 758 ingressus
3353 696 3458 740 est.
3482 685 3605 750 Quo

2018 786 2182 853 facto,
2202 786 2433 840 rediitin
2453 793 2633 840 castra
2656 785 2724 839 ad
2773 782 3169 843 Sulaimauem,
3199 789 3431 847 actaque
3470 778 3577 834 edo

2018 886 2126 937 cet.
2160 879 2510 934 Sulaimanes
2541 877 2711 947 igitur
2738 876 2951 930 eductis
2981 875 3035 929 in
3067 874 3239 929 aciem
3279 873 3477 942 copiis,
3533 874 3599 926 ad

2017 972 2208 1027 urbem
2260 972 2513 1029 arcessit.
2559 971 2619 1024 In
2678 980 2843 1039 quam
2886 981 3009 1023 cum
3064 964 3420 1035 irrepsisset,
3462 963 3601 1017 duce

2014 1064 2217 1129 Turco,
2250 1062 2342 1133 qui
2372 1062 2568 1117 rimam
2599 1062 2888 1115 invenerat
2913 1057 3079 1121 muri,
3107 1057 3255 1111 illico
3281 1055 3403 1123 ejus
3423 1054 3605 1109 domi-

2017 1156 2168 1210 nium
2204 1165 2399 1210 nactus
2429 1164 2533 1211 est.
2570 1153 2765 1208 Postea
2805 1153 3074 1222 promotis
3098 1148 3300 1205 castris
3318 1147 3604 1217 Philippo-

2024 1247 2196 1320 pulim
2224 1246 2475 1301 obsidet:
2504 1258 2624 1316 qua:
2653 1243 2872 1299 tandem
2907 1241 3259 1312 pactionibus
3297 1239 3353 1294 in
3382 1237 3506 1307 ejus
3542 1238 3604 1291 ti-

2018 1344 2142 1399 dem
2170 1342 2430 1396 traditur.
2454 1336 2682 1405 Ferunt,
2716 1339 2862 1394 hunc
2889 1351 3070 1407 regem
3103 1334 3365 1390 habuisse
3426 1333 3601 1386 virum

2019 1435 2097 1490 rei
2126 1435 2377 1489 militaris
2407 1447 2668 1505 perquam
2697 1444 3080 1504 gnarum,quo
3114 1428 3300 1482 nullus
3327 1425 3491 1480 fuerit
3514 1440 3607 1479 su-

2016 1527 2200 1597 perior
2233 1526 2641 1582 incursionibus
2674 1523 2944 1578 faciendis
3007 1521 3274 1589 bellisque
3326 1517 3602 1587 gerendis.

2020 1620 2289 1675 Prmterea
2346 1622 2498 1674 aiunt
2527 1619 2596 1673 ad
2630 1625 2841 1672 tantam
2889 1616 3191 1686 potentiam
3226 1627 3353 1666 cum
3401 1610 3505 1665 hac
3540 1623 3605 1663 ex

2018 1730 2187 1771 causa
2211 1716 2451 1777 venisse,
2485 1711 2631 1784 quod
2664 1725 2880 1767 summa
2910 1710 3192 1765 celeritate
3232 1707 3286 1761 in
3315 1706 3483 1761 rebus
3512 1718 3609 1773 ge-

2021 1807 2208 1863 rendis
2242 1816 2510 1863 uteretur.
2543 1805 2890 1861 Sulaimanes
2925 1802 3121 1857 morbo
3149 1799 3464 1867 implicatus
3500 1809 3608 1852 ese.

326 1896 682 1992 δεικνύμενον
712 1915 977 1986 πάμπολυ
1025 1912 1159 1984 ταχύ
1195 1926 1253 1964 τε
1295 1909 1387 1964 καὶ
1413 1906 1762 1978 παραχρῆμα
1794 1904 1914 1957 ἐπι-

2022 1900 2161 1956 Hinc
2191 1899 2492 1957 festinabat
2523 1902 2578 1955 in
2609 1901 2819 1957 Asiam.
2853 1897 3043 1954 Morbo
3075 1897 3292 1952 tandem
3326 1896 3612 1964 ingraves-

327 2016 646 2071 δεδωκέναι.
701 2012 1056 2080 Νοσήσαντος
1111 2006 1167 2059 δὲ
1201 2002 1614 2073 Σουλαιμὰνεω,
1654 1998 1751 2052 καὶ
1820 1996 1915 2050 ἐπὶ

339 2103 528 2159 Ἀσίαν
556 2097 942 2167 ἐπειγομένου,
966 2095 1067 2165 τὴν
1091 2093 1248 2146 νόσον
1267 2092 1316 2145 oi
1345 2086 1737 2161 χαλεπωτέραν
1759 2101 1914 2154 γενο-

330 2199 525 2268 μένην,
555 2194 860 2259 ἁπενέγκαι
890 2191 953 2242 ἐκ
980 2185 1074 2241 τοῦ
1101 2186 1218 2256 βίου
1253 2184 1436 2239 αὐτόν.
1471 2178 1823 2236 Τελευτῶντα
1854 2175 1911 2229 δὲ

331 2289 602 2346 ἐπιτεῖλαι
630 2288 743 2349 τοῖς
776 2285 915 2355 ἀμφ’
943 2281 1130 2347 αὑτὸν,
1163 2278 1335 2348 θάψαι
1367 2293 1424 2330 τε
1451 2275 1513 2330 τὸ
1553 2274 1712 2343 σῶμα
1745 2268 1914 2326 αὐτοῦ

332 2387 531 2457 ταύτῃ.
561 2382 695 2438 κατὰ
725 2382 820 2436 τὸν
863 2379 964 2448 τῆς
993 2377 1341 2449 Χερρονήσου
1379 2371 1589 2441 ἰσθμόν.
1620 2365 1700 2441 ¹ᾘ
1733 2367 1789 2422 δὲ
1818 2367 1915 2421 καὶ

330 2479 537 2548 συνέϐη
563 2476 829 2548 πρότερον
855 2472 1264 2541 τελευτήσαντα
1289 2465 1381 2519 τὸν
1418 2463 1580 2518 παῖδα
1603 2462 1796 2528 αὐτοῦ,
1821 2459 1919 2515 θά-

2021 2004 2199 2059 cente,
2223 1997 2479 2050 moritur.
2499 1992 2740 2049 Moriens
2764 1991 3023 2065 praecepit
3047 1990 3164 2048 suis
3194 2000 3255 2045 ut
3279 2002 3484 2059 corpus
3513 2002 3606 2043 se-

2022 2085 2257 2158 pelirent
2287 2087 2343 2141 in
2373 2086 2702 2142 Chersonesi
2733 2086 2962 2152 isthmo,
2996 2084 3087 2140 ubi
3117 2094 3275 2139 antea
3299 2083 3610 2155 contigerat.

2022 2178 2193 2234 lilium
2226 2192 2387 2233 suum
2443 2177 2558 2235 fato
2613 2178 2802 2250 fungi:
2839 2186 2893 2232 et
2948 2176 3255 2249 magniﬁcae
3308 2178 3608 2247 sepultura:

2021 2271 2164 2329 tradi
2196 2271 2495 2339 ordinavit,
2520 2279 2575 2328 ct
2598 2271 2810 2327 reditus
2861 2271 3243 2327 sacerdotibus
3270 2270 3364 2335 qui
3402 2284 3469 2325 eo
3500 2269 3604 2324 loci

2020 2375 2198 2428 erant,
2225 2373 2283 2421 ut
2307 2365 2648 2421 celebrarent
2676 2363 3162 2421 nocturnos‘ludos
3183 2364 3251 2418 ad
3269 2363 3608 2433 sepulcrum.

2016 2473 2186 2531 seque
2218 2458 2311 2515 ﬁlii
2340 2458 2634 2530 sepultura:
2660 2458 2816 2530 juugi
2847 2458 3042 2513 voluit.

323 2575 425 2646 ψαι
454 2592 513 2627 τε
547 2564 1009 2642 μεγαλοπρεπῶς,
1036 2565 1131 2620 καὶ
1159 2562 1417 2634 ἐξήνεγκε
1439 2574 1453 2590 ·
1481 2559 1576 2610 καὶ
1604 2554 1682 2627 τῷ
1712 2557 1916 2627 σήματι
1952 2553 2253 2624 ταξάμενος
2295 2554 2519 2624 φόρους,
2552 2553 2693 2608 ὥστε
2741 2551 3018 2623 παννυχία
3039 2551 3282 2623 χρῆσθαι
3345 2553 3472 2616 τοὺς
3536 2552 3612 2609 ἱε.

326 2672 443 2742 psi;
483 2665 662 2722 αὐτῶν
685 2665 779 2719 ἐπὶ
807 2662 885 2735 τῷ
911 2660 1178 2732 μνήματι,
1214 2657 1375 2712 αὐτόν
1403 2672 1464 2710 τε
1493 2654 1779 2711 ἐκέλευσεν
1809 2649 1976 2706 αὐτοῦ
2010 2652 2179 2723 θάψαι
2210 2651 2327 2723 ἅμα
2353 2650 2432 2723 τῷ
2459 2651 2610 2706 παιδὶ
2639 2650 2826 2707 αὑτοῦ.

403 2768 640 2819 Ἔπειτα
664 2762 721 2815 δὲ
748 2757 914 2814 αὐτοῦ
966 2754 1324 2827 ἐτελεύτησεν
1362 2752 1712 2824 Ἀμουράτης
1743 2753 1771 2804 ὁ
1798 2751 1927 2822 Ὀρ-

2095 2747 2231 2803 Cum
2254 2747 2367 2819 jam
2405 2748 2645 2802 animam
2673 2746 2936 2809 etilasset,
2961 2744 3235 2801 Orchanis
3267 2744 3413 2801 ﬁlius
3444 2747 3611 2798 Amu-

325 2862 508 2935 χάνεω
535 2858 689 2920 παῖς,
718 2852 1113 2920 Σουλαιμὰνεω
1142 2848 1199 2903 δὲ
1221 2846 1472 2915 ἁδελφὸς,
1495 2845 1573 2909 ὡς
1600 2843 1832 2898 ἐπύθετό
1871 2842 1916 2895 oi

2022 2851 2141 2898 rata
2169 2840 2306 2914 (l9),
2336 2840 2671 2897 Suiaitnanis
2702 2841 2891 2905 frater,
2934 2853 2993 2894 re
3027 2838 3267 2909 cognita.
3293 2836 3610 2909 peregrinos

324 2934 492 3007 αὐτὸν
516 2947 944 3017 τελευτήσαντα,
973 2941 1099 3006 τούς
1119 2958 1179 2996 τε
1216 2939 1258 2973 ⁸⁸
1291 2938 1578 3010 νεήλυδας,
1603 2936 1702 2991 καὶ
1728 2934 1921 3000 ἄλλους

324 3048 456 3109 τοὺς
487 3046 600 3098 τῶν
646 3038 827 3109 θυρῶν
857 3038 1021 3100 ὂντας
1075 3032 1279 3100 λαϐὼν,
1314 3034 1407 3087 καὶ
1430 3034 1487 3096 ἐς
1510 3031 1610 3101 τὴν
1646 3028 1919 3100 Εὐρώπην

322 3140 545 3202 διαϐὰς,
570 3132 854 3207 παρέλαϐε
893 3132 957 3185 τὸ
1012 3130 1334 3200 στράτευμα
1382 3125 1551 3181 αὑτοῦ
1594 3126 1767 3189 ἅπαν,
1814 3123 1911 3177 καὶ

318 3237 417 3288 ἐπὶ
462 3227 906 3302 Ἀδριανούπολιν
962 3225 1183 3291 ἐλάσας,
1235 3223 1307 3277 τὰ
1364 3219 1617 3292 βασίλειά
1660 3220 1709 3272 οἱ
1742 3218 1909 3273 αὐτοῦ
1937 3257 1985 3319 c

318 3328 645 3398 ἐποιήσατο.
677 3320 787 3376 Καὶ
827 3316 1079 3398 ἐντεῦθεν
1118 3314 1468 3388 ὁρμώμενος,
1528 3312 1777 3384 ὲληϊζετο
1808 3313 1910 3383 τὴν

322 3422 426 3492 τῆς
473 3394 820 3480 Μακεδονίας
836 3394 1157 3484 λμεσόγαιον
1205 3409 1413 3482 χώραν,
1457 3409 1555 3463 xui.
1597 3405 1912 3478 ἀνδράποδα

333 3515 509 3584 συχνὰ
536 3512 817 3581 ἀγόμενος,
844 3506 1134 3572 ἐπλούτιξε
1181 3507 1309 3568 τοὺς
1347 3503 1469 3574 μεθ’
1496 3501 1695 3558 ἑαυτοῦ
1744 3519 1912 3573 στρα-

328 3607 551 3672 τιώτας,
581 3608 671 3659 καὶ
706 3603 971 3672 Τούρκων
1019 3601 1136 3654 ὅσοι
1164 3598 1253 3663 ἐπ’
1280 3595 1456 3650 ἐλπίδι
1489 3594 1585 3649 τοῦ
1644 3594 1909 3664 κερδᾶναι

325 3699 509 3757 ὁτιοῦν
540 3699 754 3750 εἵποντο
790 3693 982 3764 αὐτῷ,
1006 3688 1262 3762 ἐδωρεῖτο
1310 3687 1671 3759 ἀνδραπόδοις
1699 3703 1761 3739 τε
1814 3687 1912 3739 καὶ

320 3792 665 3859 ὑποζυγίοις,
697 3789 733 3844 ἃ
767 3788 1023 3859 ἡλίσκετο
1043 3783 1152 3838 ἀπὸ
1177 3782 1383 3838 Μυσῶν
1403 3798 1463 3835 τε
1495 3781 1588 3835 καὶ
1618 3780 1909 3851 Ἑλλήνων.

317 3888 557 3954 Λέγεται
576 3883 758 3952 μέντοι
789 3882 887 3934 καὶ
916 3879 1054 3944 τόδε,
1075 3880 1149 3940 ὡς
1176 3875 1548 3948 Σουλαιμάνης
1568 3875 1688 3929 ἐπεὶ
1718 3873 1913 3947 ᾔσθετο

318 3979 422 4048 τῆς
441 3975 755 4047 Τριϐαλλῶν
773 3975 867 4027 καὶ
886 3972 1086 4026 Μυσῶν
1106 3969 1388 4039 δυνάμεως
1414 3966 1501 4022 ἐπ’
1534 3966 1698 4021 αὑτὸν
1725 3966 1911 4036 ἁθροι-

318 4069 581 4140 ζομένης,
616 4068 710 4121 καὶ
742 4064 1013 4135 ἔπραττεν
1042 4061 1183 4115 ὥστε
1209 4059 1431 4130 δοθῆναί
1482 4061 1531 4112 οἱ
1564 4058 1751 4124 ἑξάκις
1803 4076 1912 4130 μυ-

317 4164 449 4237 ρίας
471 4160 743 4232 δραχμὰς,
772 4156 915 4211 ὥστε
941 4152 1232 4211 ἀποδοῦναι
1254 4153 1436 4217 αὐτοῖς
1497 4152 1593 4206 ὅσα
1652 4150 1761 4204 τῶν
1815 4168 1911 4205 πο-

316 4257 606 4326 λισμάτων
630 4250 1013 4324 προσηγάγετνὸ
1034 4249 1107 4315 οἱ,
1139 4248 1233 4302 καὶ
1259 4246 1421 4301 αὐτὸν
1448 4244 1696 4316 οἴχεσθαι
1731 4245 1913 4300 ἁπαλ-

319 4345 654 4415 λαττόμενον
685 4344 763 4407 είς
792 4344 891 4410 τὴν
932 4339 1119 4394 Ἀσίαν
1164 4338 1573 4409 ἀποχωρήσειν,
1609 4336 1914 4409 τηνικαῦτα

321 4436 725 4507 πολιορκοῦντα
745 4434 813 4488 τὰ
864 4436 919 4487 ἐν
939 4436 1007 4504 τῇ
1041 4431 1231 4504 Θρᾴκῃ
1276 4431 1587 4500 πολίσματα
1623 4428 1911 4502 Ἑλλήνων.

332 4532 425 4592 Ὠς
453 4529 551 4582 οὖν
581 4528 875 4598 πυθόμενοι
905 4528 953 4579 οἱ
981 4524 1245 4595 Ἕλληνες
1297 4521 1621 4594 ἁπεδέχοντό
1680 4539 1761 4584 τε,
1820 4523 1913 4578 καὶ

318 4624 533 4693 ἱτοιμοι
553 4616 695 4691 ἦσαν
728 4620 820 4673 ἐπὶ
849 4619 1057 4682 τούτοις
1104 4615 1453 4681 σπένδεσθαι,
1517 4616 1910 4689 ξυνηνεχθῆναι
1945 4637 1990 4693 ι)

324 4714 552 4783 σεισμόν
584 4728 645 4765 τε
684 4712 876 4782 μέγαν,
903 4709 997 4763 καὶ
1025 4710 1106 4762 τὰ»
1142 4708 1298 4780 τείχη
1342 4708 1452 4761 τῶν
1498 4707 1707 4762 πόλεων
1762 4708 1914 4780 διαρσ

317 4801 768 4878 ῥαγῆναι,ὦστε
810 4802 1010 4866 αὐτοὺς
1063 4800 1204 4853 ἑλεῖν
1242 4798 1351 4853 ἀπὸ
1397 4798 1587 4852 τούτου
1641 4799 1710 4853 τὰ
1768 4799 1917 4853 πλέω

315 4895 401 4964 οἷς
456 4897 770 4964 ἐπήλαυνον
828 4891 1268 4963 πολιορκοῦντες.
1332 4891 1443 4944 Καὶ
1499 4889 1716 4951 ἑλόντας
1765 4888 1917 4959 παρὰ

316 4991 433 5044 τῶν
489 4988 761 5059 Ἑλλήνων
820 4985 889 5040 τὰ
948 4985 1278 5053 πολίσματα,
1332 4982 1555 5053 ἔχεσθαι
1593 4982 1689 5036 τοῦ
1728 4980 1943 5034 λοιποῦ

317 5084 424 5151 τῆς
460 5079 751 5151 Εὐρώπης,
785 5078 954 5149 μηδέν
991 5094 1044 5132 τι
1067 5076 1307 5131 τοιοῦτον
1352 5076 1435 5129 ἔτι
1494 5074 1915 5147 προσιεμένους.

317 5175 480 5229 Μετὰ
504 5174 561 5226 δὲ
590 5171 762 5226 ταῦτα
793 5172 1025 5241 ἤλαυνεν
1056 5170 1148 5221 ἐπὶ
1203 5168 1423 5232 Μυσοὺς
1485 5168 1578 5222 καὶ
1635 5168 1727 5220 ἐπὶ
1781 5166 1913 5234 Τρι-

321 5266 575 5327 ϐαλλούς.
611 5264 684 5316 Τὸ
704 5263 759 5317 δὲ
783 5263 936 5331 γένος
955 5261 1116 5314 τοῦτο
1140 5260 1499 5314 παλαιότατόν
1553 5276 1612 5311 τε
1665 5260 1759 5312 καὶ
1815 5258 1915 5328 μέο

319 5374 515 5425 γιστον
547 5356 657 5409 τῶν
691 5356 833 5409 κατὰ
863 5356 962 5425 τὴν
1005 5352 1332 5422 οἰκουμένην
1369 5351 1540 5405 ἐθνῶν
1569 5367 1581 5380 ⁸
1631 5351 1742 5404 εἴτε
1801 5350 1910 5403 ἀπὸ

319 5446 599 5519 Ἱλλυριῶν
632 5447 826 5518 μοίρας
874 5445 1279 5515 ἀπεσχισμένον
1316 5443 1523 5510 ταύτην
1579 5440 1760 5513 ᾤκησε
1811 5443 1909 5513 τὴν

314 5542 531 5614 χώραν,
556 5542 690 5604 εἴτε,
719 5539 794 5602 ὡς
824 5538 974 5602 ἔνιοι,
1003 5539 1112 5591 ἀπὸ
1160 5537 1257 5606 τῆς
1321 5538 1498 5606 πέραν
1556 5534 1651 5588 τοῦ
1687 5536 1905 5605 Ἴστρου

2019 2942 2075 2991 et
2107 2935 2352 3006 reliquos
2374 2933 2679 2990 Januarum
2710 2934 2907 2988 milites
2926 2946 3215 2987 assumens
3247 2932 3301 2985 in
3329 2931 3601 3000 Europam

2018 3028 2272 3099 trajecit:
2299 3027 2688 3105 exercitusque
2718 3040 2910 3081 omnes
2941 3024 3036 3094 qui
3071 3022 3146 3076 ibi
3210 3031 3389 3087 erant,
3439 3035 3605 3076 accc-

2018 3122 2120 3194 pit.
2152 3119 2290 3178 iiinc
2335 3121 2674 3177 contendens
2730 3116 3166 3189 Adrianopolitn,
3222 3130 3341 3171 eam
3372 3113 3473 3170 sibi
3524 3128 3612 3169 re-

2017 3213 2110 3284 gni
2138 3213 2324 3269 sedem
2358 3212 2686 3284 designavit.
2715 3211 2900 3267 Rebus
2924 3209 2999 3265 ita
3035 3208 3383 3281 compositis,
3424 3209 3615 3262 incur.

2016 3306 2228 3363 sionem
2288 3307 2344 3361 in
2408 3305 2740 3363 Macedoniae
2817 3304 3278 3361 mediterraneum
3329 3302 3605 3373 regionem

2016 3397 2179 3454 fecit:
2208 3398 2470 3468 brevique
2536 3397 2711 3469 captis
2758 3395 3046 3466 mancipiis
3088 3394 3342 3467 plurimis
3401 3401 3459 3452 et
3498 3394 3604 3448 alia

2017 3495 2219 3560 praeda,
2254 3489 2459 3547 milites
2512 3504 2645 3545 suos
2681 3488 2974 3545 admodum
3003 3489 3296 3561 opulentos
3343 3488 3606 3545 reddidit.

2016 3580 2355 3651 Turcos,qui
2376 3598 2499 3637 eum
2520 3582 2765 3638 lucrandi
2790 3582 2975 3637 animo
2998 3582 3425 3644 comitabantur,
3453 3597 3608 3634 utan-

2014 3675 2173 3746 cipiis
2202 3682 2258 3730 et
2283 3674 2547 3744 jumentis
2584 3674 2903 3731 Grrecorum
2932 3683 2986 3730 et
3004 3672 3320 3747 Mysiorum,
3349 3691 3470 3742 quze
3495 3675 3609 3730 bel-

2015 3767 2054 3823 li
2107 3768 2232 3839 jure
2290 3768 2650 3835 obvenerant,
2700 3768 3086 3824 liberalissime
3141 3770 3325 3824 donat.
3402 3768 3610 3824 Ferunt

2019 3860 2122 3932 17
2159 3860 2558 3924 Sulaitnanent,
2595 3869 2886 3930 postquam
2947 3859 3266 3914 nuntiatam
3304 3870 3425 3913 erat
3478 3859 3613 3914 Tri-

2017 3952 2289 4009 ballorum
2314 3961 2369 4008 et
2391 3952 2689 4023 Mysiorum
2719 3952 2908 4022 copias
2936 3951 3226 4007 adversum
3263 3966 3323 4006 se
3351 3966 3601 4022 pergere,

2017 4046 2346 4103 collocutum
2385 4061 2512 4102 cunt
2538 4043 2768 4112 Graecis,
2802 4046 2848 4100 si
2885 4052 3319 4100 numerarentur
3373 4045 3482 4101 sibi
3522 4052 3610 4100 se.

2017 4140 2238 4211 xaginta
2291 4138 2464 4193 millia
2549 4138 2970 4205 drachmarum,
3022 4139 3163 4194 velle
3187 4153 3247 4195 se
3313 4139 3608 4195 restituere

2018 4232 2223 4289 Graecis
2253 4247 2590 4304 quaecunque
2615 4231 2668 4287 in
2698 4231 2929 4288 Thracia
2954 4234 3197 4303 ipsorum
3232 4234 3472 4303 cepisset
3505 4228 3605 4305 op—

2020 4325 2147 4396 pida
2207 4333 2263 4380 et
2334 4325 2526 4381 relicta
2594 4323 2814 4396 Europa
2871 4325 3245 4382 discessurum
3284 4327 3338 4381 iu
3397 4327 3607 4383 Asiam.

2019 4418 2179 4474 Iiunc
2212 4434 2338 4473 cmn
2375 4416 2549 4474 Graeci
2601 4419 2888 4475 audissent
2938 4435 3069 4476 suas
3105 4421 3159 4474 in
3195 4418 3428 4474 Thracia
3457 4420 3610 4475 obsi-

2020 4511 2152 4568 dere
2176 4512 2360 4578 urbes,
2393 4511 2827 4582 promptissimis
2878 4511 3101 4582 quidem
3154 4511 3356 4565 animis
3410 4512 3607 4582 praedi-

2020 4615 2162 4660 ctam
2217 4602 2590 4658 conditionem
2642 4602 3007 4673 accepissent:
3033 4609 3090 4656 at
3147 4616 3269 4657 cum
3327 4601 3605 4657 maximus

2019 4702 2366 4749 terraemotus
2394 4694 2729 4762 accidisset,
2786 4693 3238 4766 oppidorumque
3275 4694 3426 4770 muri.
3475 4696 3607 4765 pro-

2018 4790 2305 4853 cidissent,
2339 4786 2505 4842 Turci
2543 4787 2873 4843 accedentes
2933 4786 3153 4851 armati,
3219 4787 3384 4843 urbes
3432 4788 3610 4858 pluri-

2020 4897 2163 4948 mas,
2183 4883 2349 4937 etiam
2379 4881 2722 4948 Grmcorum,
2749 4881 2804 4936 in
2832 4881 3098 4935 ditionem
3129 4894 3288 4935 suam
3323 4881 3603 4952 redegere:

2022 4991 2120 5032 nec
2162 4976 2397 5047 amplius
2422 4976 2560 5032 tales
2588 4974 2838 5031 obtulere
2860 4972 3211 5030 Conditiones
3250 4974 3481 5041 (ἐγερεῖς,
3512 4989 3610 5027 ve-

2022 5085 2143 5124 rum
2181 5067 2456 5138 Europam
2493 5070 2875 5124 obtinuerunt.
2906 5066 3038 5123 Post
3074 5069 3191 5122 hate
3223 5067 3425 5121 bellum
3449 5082 3611 5119 πνοι-ι

2021 5162 2086 5216 tit
2116 5164 2169 5215 in
2198 5160 2401 5232 Mysios
2434 5169 2488 5216 et
2522 5160 2813 5215 Triballos.
2851 5158 3130 5215 Triballos
3175 5152 3359 5212 autem
3389 5167 3607 5228 gentem

2019 5269 2142 5308 csse
2166 5254 2335 5308 totius
2364 5254 2516 5309 orbis
2541 5250 2984 5321 antiquissimam
3018 5261 3073 5306 et
3091 5250 3407 5315 maximam,
3458 5263 3611 5301 com—

2018 5358 2233 5420 pertum
2263 5349 2457 5405 habeo.
2490 5349 2832 5420 Appulerunt
2860 5350 2916 5403 in
2942 5348 3083 5403 hanc
3109 5347 3390 5416 regionem
3414 5386 3431 5411 ,
3490 5343 3606 5398 sive

2018 5442 2255 5512 (variant
2276 5442 2420 5496 enim
2458 5442 2739 5509 auctores)
2774 5439 2936 5496 divisi
2979 5439 3048 5494 ab
3084 5438 3307 5508 illyriis,
3367 5438 3501 5501 sive,
3543 5448 3603 5511 ut

2015 5536 2381 5605 quorumdam
2408 5536 2681 5592 sententia
2708 5542 2812 5606 est,
2842 5534 2910 5589 ab
2945 5549 3005 5588 ca
3045 5530 3266 5602 regione
3289 5546 3413 5601 quae
3457 5526 3602 5585 ultra

1632 5626 1881 5690 Notulaa
1918 5628 2325 5709 marginales.

391 5735 508 5811 (t9)
546 5737 835 5791 Amurates
857 5734 900 5803 l,
927 5744 1157 5803 quartus
1178 5750 1298 5800 rex,
1328 5748 1475 5790 anno
1508 5733 1667 5789 1550.

395 5900 444 5934 ¹⁸
475 5897 543 5953 In
593 5913 679 5951 ira
723 5896 1145 5967 ’1αννιτζάρους.

545 5992 814 6052 ΡΑΊἪΟΙ..
849 5993 967 6053 Gn.
998 5992 1196 6055 CLEX.
