4130 6454
330 434 403 498 49
1438 454 1539 514 DE
1566 455 1822 520 REBUS
1850 462 1912 523 Τ]

2018 463 2221 526 CICIS
2249 465 2395 527 LIB.
2422 464 2471 525 ῐ.
3528 473 3600 534 50

332 547 441 616 λῶς
500 553 673 624 ἔχειν,
724 557 1234 629 καταστησάμενος.
1280 556 1447 628 Οὗτος
1496 567 1553 620 δὲ
1603 569 1829 641 συνίστη
1855 588 1912 625 τε

2021 572 2347 627 seditionem
2375 574 2661 639 excitavit,
2718 574 3023 633 concilians
3073 577 3396 637 Graecorum
3442 586 3600 639 nobi-

335 647 438 700 καὶ
472 648 595 708 τοὺς
629 649 767 702 κατά
788 650 891 719 τὴν
931 652 1201 724 Εὗρώπην
1232 656 1489 725 ἀριστέας
1536 657 1613 723 ὡς·
1660 660 1915 730 ἠδύνατο,

342 737 576 806 μάλιστα
633 735 693 793 εὖ
755 742 927 795 ποιῶν
984 761 1044 797 τε
1101 747 1197 800 καὶ
1249 748 1658 820 ἀνακτώμενος,
1694 755 1918 809 καὶτοῦ

351 830 614 899 Ἑλλήνων
645 831 913 902 βασιλέως
934 836 1012 907 τῷ
1068 840 1425 911 πρεσϐυτέρῳ
1457 843 1610 897 παιδὶ
1653 845 1919 916 Ἀνδρονί-

341 940 440 994 κῳ,
479 924 551 988 ὡς
582 927 874 997 οἰχομένου
898 929 993 982 τοῦ
1018 934 1224 1002 πατρὸς
1278 934 1444 987 αὖτοῦ
1490 937 1804 1011 Ἀμσυράτῃ
1841 940 1918 1010 τῷ

339 1016 633 1085 Ὀρχάνεω,
672 1020 727 1079 ἐς
761 1019 861 1087 τὴν
891 1021 936 1052 ⁸⁸
971 1023 1228 1095 κατάτὴν
1270 1024 1481 1094 Ἀσίαν,
1511 1029 1649 1099 πρός
1696 1046 1755 1081 τε
1788 1033 1918 1099 ἡγε-

336 1112 504 1180 μόνας
536 1113 704 1166 αὐτοῦ
740 1115 1015 1183 πολεμῶν,
1045 1119 1443 1193 ἐγκατελείφθη
1473 1124 1531 1175 ὲν
1565 1124 1641 1194 τῷ
1711 1125 1918 1191 Βυζαν-

333 1206 454 1275 τίῳ,
494 1206 586 1257 καὶ
618 1206 996 1278 ἐπετέτραπτο
1045 1209 1145 1279 τὴν
1180 1212 1457 1277 βασιλείαν
1482 1216 1680 1288 τούτῳ,
1724 1218 1916 1288 ἀφικό-

336 1313 499 1367 μενος
552 1299 609 1360 ἐς
663 1298 878 1365 λόγους,
920 1302 1107 1373 ἐπειδή
1161 1320 1222 1357 τε
1279 1305 1615 1375 ἀφίστασθαι
1663 1309 1771 1364 ἀπὸ
1804 1310 1916 1365 τῶν

331 1387 630 1460 πατρῴων,
667 1393 760 1444 καὶ
791 1393 958 1461 ἄμφω
977 1397 1271 1466 κατασχεῖν
1294 1398 1394 1471 τὴν
1427 1401 1692 1483 πατρῴαν
1717 1405 1914 1477 ἀρχὴν,

330 1486 426 1535 τὴν
466 1483 630 1537 αὑτὸν
662 1486 849 1551 σφίσιν
883 1489 1077 1559 ἐχθρόν
1121 1509 1184 1544 τε
1218 1494 1315 1546 καὶ
1358 1495 1511 1561 φίλον
1552 1498 1913 1568 ἡγουμένους,

330 1574 428 1626 καὶ
454 1575 521 1644 ἦν
551 1590 637 1638 τις
692 1577 824 1649 ἐπίῃ
860 1580 1099 1650 πόλεμος
1152 1584 1459 1652 ἀμύνοντας
1511 1590 1914 1660 παραγίνεσθαι

327 1665 583 1737 ἀλλήλοις
615 1672 758 1723 κατὰ
794 1672 855 1724 τὸ
883 1672 1109 1729 δυνατὸν
1164 1678 1313 1752 πάσῃ
1339 1679 1594 1751 δυνάμει.
1623 1681 1812 1738 Ταῦτα
1839 1685 1916 1749 ὡς

329 1758 515 1822 αὐτοῖς
543 1759 717 1814 ἐδόκει
745 1764 998 1831 ποιητέα,
1032 1766 1255 1820 ἔσπενδε
1316 1770 1376 1822 τό
1425 1788 1484 1824 τε
1512 1771 1556 1803 ³⁸
1604 1772 1701 1825 καὶ
1752 1773 1915 1843 ὅρκια

331 1847 632 1917 ἐποιοῦντο,
673 1853 1018 1921 ὲμπεδῶντες
1062 1858 1138 1922 ὼς
1170 1860 1405 1931 μάλιστα
1444 1864 1513 1917 τὰ
1540 1865 1763 1918 τοιαῦτα
1791 1866 1915 1934 σφί-

2020 666 2154 720 lium
2186 666 2239 722 in
2273 667 2491 737 Europa
2518 669 2753 725 animos.
2798 671 2936 725 Cum
2976 672 3218 727 venisset
3246 675 3597 745 colloquendi

2016 758 2195 828 gratia
2231 758 2297 813 ad
2329 759 2647 815 ercorum
2690 763 2835 832 regis
2881 763 3053 819 tilium
3083 765 3355 821 seniorem
3387 770 3599 825 Andro-

2021 851 2228 916 nicum,
2262 852 2351 908 cui
2380 850 2701 923 Byzantium
2750 855 3018 925 regnique
3047 872 3237 912 curam
3307 860 3599 917 mandarat

2018 952 2197 1013 pater,
2227 958 2353 998 cum
2386 946 2835 1010 proﬁcisceretur
2857 961 2984 1001 cum
3018 950 3284 1004 Amurate
3329 950 3383 1004 in
3408 952 3597 1005 Asiam

2018 1036 2284 1092 adversus
2314 1039 2479 1093 duces
2532 1038 2696 1094 isthic
2723 1040 3055 1104 seditiosos,
3092 1042 3314 1098 tandem
3371 1058 3440 1098 eo
3497 1047 3594 1098 de-

2018 1127 2171 1182 ducti
2199 1134 2349 1192 sunt,
2376 1138 2436 1183 ut
2474 1137 2706 1205 uterque
2739 1145 2770 1185 a
2823 1140 2978 1202 patre
3001 1131 3261 1189 deﬁceret
3311 1146 3434 1195 suo,
3501 1149 3597 1200 pa-

2017 1227 2348 1289 ternumque
2371 1236 2599 1289 regnum
2633 1229 2868 1287 teneret,
2892 1220 3257 1293 eamdemque
3288 1231 3342 1277 et
3376 1223 3593 1279 hostem

2015 1323 2071 1367 ct
2096 1314 2336 1368 amicum
2360 1314 2646 1377 ducerent.
2673 1330 2833 1384 quem
2861 1314 3003 1370 alter
3045 1316 3304 1387 jussis-set
3332 1334 3344 1368 :
3373 1326 3597 1385 praeter-

2015 1421 2078 1460 ea
2111 1406 2161 1461 si
2214 1407 2346 1475 quid
2369 1407 2675 1477 ingrueret,
2718 1410 2863 1465 alter
2928 1409 3090 1464 alteri
3131 1410 3344 1464 auxilio
3380 1426 3598 1467 essene

2015 1508 2394 1558 cunctaretur.
2434 1501 2538 1570 21
2586 1502 2713 1557 Haec
2738 1516 2864 1558 cum
2904 1502 3037 1572 ipsis
3071 1505 3188 1559 visa
3246 1515 3454 1570 essent,
3485 1517 3598 1574 quo

2017 1588 2324 1657 majoribus
2385 1589 2589 1646 animis
2621 1590 3073 1658 observarentur,
3124 1594 3438 1664 majoreque
3484 1593 3599 1650 fide

2015 1680 2351 1747 colerentur,
2403 1682 2775 1752 jurisjurandi
2834 1684 3023 1755 religio
3059 1687 3318 1755 utrinque
3348 1687 3595 1754 interpo-

2015 1773 2120 1829 sita
2157 1782 2242 1830 est
2265 1792 2281 1831 :
2303 1776 2504 1847 quibus
2537 1777 2832 1846 expeditis,
2859 1794 3023 1847 quam
3057 1779 3501 1834 commodissime
3528 1796 3595 1833 ex

2015 1876 2210 1934 aperto
2266 1868 2720 1939 praeparabantur
2776 1870 3049 1926 obsistere
3098 1871 3371 1935 Amurati,
3433 1870 3480 1927 si
3538 1872 3592 1927 in

331 1954 422 1992 σιν
454 1941 656 2007 αὐτοῖς,
766 1944 1148 2014 ἀσφαλέστατα
1184 1950 1361 2005 ἐδόκει
1405 1954 1610 2024 ἀμφοῖν
1663 1931 1909 2010 ἔσεσθαι.

2015 1957 2289 2028 Europam
2324 1958 2564 2015 transire
2587 1969 2905 2017 conaretur.

334 2033 432 2096 Ὦς
460 2035 526 2104 δὴ
546 2036 723 2091 ταῦτα
754 2041 1116 2111 ποιησάμενοι
1141 2042 1274 2111 δῆλα
1313 2045 1619 2114 ἐποιοῦντο,
1671 2046 1765 2101 καὶ
1817 2047 2181 2119 ἠσφαλίζοντο
2248 2050 2389 2119 σφᾶς
2456 2052 3022 2121 παρασκευαζόμενοι,
3081 2052 3148 2123 ἢν
3196 2052 3328 2126 inin
3391 2054 3449 2114 ἐς
3494 2054 3598 2122 τὴν

326 2128 605 2198 Εὐρώπην
642 2129 1012 2203 ’Δμουράτης,
1041 2133 1118 2198 ὡς
1145 2135 1483 2206 ἀμύνασθαι.

400 2227 585 2281 Ταῦτα
611 2227 688 2290 ὡς
756 2228 1021 2284 ἐπύθοντο
1068 2232 1300 2302 τάχιστα
1331 2233 1601 2303 γενόμενα
1629 2234 1771 2289 κατὰ
1808 2235 1906 2308 την

331 2318 625 2388 Εὐρώπην,
674 2320 910 2384 καλέσας
968 2324 1225 2396 Ἰωάννην
1287 2324 1517 2395 βασιλέα
1586 2326 1904 2393 Βυζαντίου,

331 2409 490 2477 ἔλεγε
537 2411 710 2465 τοιάδε
742 2428 759 2445 ’
786 2414 1018 2468 Βασιλεῦ
1062 2416 1359 2487 Ἑλλήνων,
1415 2417 1539 2490 ιμοί
1590 2436 1651 2474 τε
1710 2422 1908 2476 νεωστὶ

332 2503 488 2568 παρὰ
514 2501 619 2555 τῶν
642 2503 700 2555 ὲν
732 2506 798 2574 τῇ
834 2504 1071 2580 Εὐρώπῃ
1117 2510 1458 2562 πιστοτάτων
1515 2510 1743 2579 ἀγγελία
1781 2510 1906 2579 ἀφί-

328 2610 478 2658 κετο,
510 2596 585 2659 ὡς
614 2597 859 2666 Σαουζῆς
895 2599 924 2652 ό
953 2600 1085 2671 ἐμὸς
1108 2604 1255 2668 παῖς,
1284 2602 1390 2655 ὑπὸ
1420 2601 1512 2656 τοῦ
1560 2603 1653 2658 σοῦ
1712 2606 1904 2671 παιδὸς

321 2688 721 2758 ἀναγκασθεὶς,
752 2694 1029 2764 ἀνήκεστα
1063 2712 1154 2766 μοι
1198 2694 1543 2765 βουλεύονται
1579 2701 1902 2769 πράγματα.

322 2782 454 2846 ῐίὦς
482 2779 576 2837 οὗν
610 2783 725 2855 ἔχει
764 2787 935 2858 μηδέν
987 2805 1071 2841 τοι
1124 2790 1497 2860 ἐπισταμένου
1550 2790 1648 2847 σοῦ
1698 2792 1907 2848 τούτων

323 2877 458 2948 πέρι
488 2880 545 2941 ἒς
600 2878 855 2934 τοσοῦτον
901 2881 1197 2951 ἀφικέσθαι
1253 2882 1585 2954 ἀφροσύνης,
1624 2885 1766 2940 ὥστε
1831 2885 1908 2959 μὴ

325 2970 491 3040 μόνον
560 2972 910 3043 ἐπιχειρῆσαι
940 2973 1032 3027 τὸν
1055 2974 1187 3043 ἐμὸν
1245 2976 1432 3041 παῖδα,
1484 2976 1624 3031 ἀλλὰ
1667 2976 1761 3030 καὶ
1817 2979 1909 3033 σὸν

322 3065 493 3118 παῖδα
518 3065 842 3119 συνέπαινον
887 3066 1141 3134 γενέσθαι
1173 3068 1232 3132 ἐς
1257 3069 1433 3125 ταῦτα
1460 3089 1475 3137 ;
1528 3071 1652 3136 Πῶς
1675 3072 1721 3124 δ’
1779 3071 1909 3126 ἄνευ

274 3198 282 3207 .
322 3157 428 3226 σῆς
449 3156 678 3227 γνώμης
704 3157 773 3212 τὰ
805 3157 1030 3213 τοιαῦτα
1059 3161 1311 3226 γενέσθαι
1368 3162 1517 3232 ἐξείη
1549 3162 1859 3233 λογίζεσθαι
1891 3180 1910 3231 ;

321 3252 470 3307 ’Δλλ’
495 3253 545 3304 εί
581 3252 684 3322 μὲν
708 3251 865 3325 δίκην
885 3254 1165 3324 ἐπιθήσων
1216 3255 1296 3327 τῷ
1327 3255 1404 3330 σῷ
1430 3257 1582 3312 παιδὶ
1623 3236 1818 3329 ἥντινα
1842 3258 1912 3315 ἂν

2089 2232 2194 2290 Ubi
2221 2231 2288 2288 de
2318 2231 2444 2290 istis
2470 2230 2676 2288 certior
2717 2228 2894 2287 factus
2925 2239 3011 2286 est
3042 2230 3358 2294 Amurates,
3427 2233 3592 2287 advo-

2013 2339 2139 2383 cato
2159 2323 2372 2382 Joanne
2418 2339 2547 2397 rege
2607 2322 2873 2395 Byzantii,
2930 2322 3305 2393 hujuscemodi
3361 2338 3594 2379 exorsus

2009 2428 2097 2477 est
2124 2419 2430 2475 orationem
2476 2434 2492 2473 :
2527 2415 2639 2473 Rex
2667 2416 3011 2481 Graecorum,
3039 2415 3173 2470 mihi
3215 2431 3391 2485 nuper
3420 2432 3452 2470 a
3485 2416 3591 2471 [ille

2011 2509 2355 2585 dignissimis
2388 2510 2440 2564 in
2471 2507 2693 2580 Europa
2724 2506 3037 2563 nuntiatum
3070 2516 3177 2572 est,
3225 2507 3456 2563 Sauzem
3526 2508 3590 2562 li-

2012 2603 2147 2659 lium
2181 2617 2362 2659 meum
2390 2600 2557 2658 alllio
2581 2608 2679 2658 tuo
2724 2610 3001 2665 coactum,
3055 2599 3340 2655 instituere
3390 2600 3456 2655 ad
3500 2617 3594 2656 ex-

2009 2704 2243 2752 tremam
2273 2709 2362 2751 mc
2382 2693 2675 2750 devolvere
2688 2691 2972 2748 miseriam
3003 2708 3018 2746 :
3044 2705 3152 2765 qua
3181 2691 3393 2747 ratione
3421 2691 3590 2763 igitur

2008 2786 2125 2844 ﬁeri
2151 2794 2360 2858 posset,
2386 2795 2448 2842 ut
2476 2784 2783 2841 inconsciis
2823 2784 2980 2840 vobis
3011 2784 3080 2840 ad
3115 2792 3323 2839 tantam
3355 2782 3591 2840 devene-

2009 2881 2121 2937 rint
2160 2880 2514 2948 dementiam,
2572 2887 2633 2936 ut
2671 2895 2780 2937 non
2825 2880 3005 2935 solum
3061 2895 3217 2937 meus
3281 2879 3423 2935 ﬁlius
3478 2888 3589 2937 tam

2010 2973 2177 3046 impia
2201 2974 2577 3046 aggrediatur,
2605 2988 2798 3032 verum
2822 2980 2953 3030 tuus
3016 2974 3246 3031 accedat
3295 2974 3591 3031 auxiliator

2010 3078 2066 3125 et
2103 3066 2363 3139 adiutor?
2394 3068 2616 3139 Absque
2637 3075 2731 3123 tuo
2760 3066 2996 3124 concilio
3028 3066 3149 3123 hac
3201 3069 3407 3139 parari,
3477 3081 3593 3137 quo

2009 3168 2173 3231 pacto
2192 3160 2438 3233 cogitare
2459 3158 2727 3231 possum?
2759 3156 2964 3215 Verum
3015 3158 3064 3216 si
3089 3175 3286 3232 poenas
3339 3162 3607 3231 exegeris.

2011 3249 2081 3309 de
2105 3251 2215 3307 lilio
2258 3258 2379 3317 tuo,
2431 3265 2569 3318 quas
2618 3265 2720 3322 ego
2759 3249 3068 3319 dictavcro,
3110 3265 3263 3308 certo
3298 3253 3493 3315 sciam,
3540 3261 3601 3308 te
3682 3274 3699 3294 -

322 3344 711 3413 ἔπιτάττοιμεν
735 3345 1020 3417 μηδοτιοῠν
1053 3346 1340 3421 ύπολογιῇ,
1370 3349 1592 3421 εἵσομαι
1647 3352 1768 3406 τότε
1814 3369 1912 3407 σα-

2015 3343 2192 3401 inscio
2231 3352 2287 3400 et
2310 3342 2482 3400 invito
2505 3343 2610 3400 ista
2637 3344 2957 3416 contigisse.
2984 3343 3084 3402 Sin
3115 3354 3298 3401 autem
3361 3346 3468 3400 alia
3492 3346 3603 3401 tibi

328 3434 472 3502 φῶς,
512 3434 587 3497 ὡς
612 3434 838 3500 ἄκοντος
863 3435 960 3490 σοῦ
1008 3437 1183 3491 ταῦτα
1238 3440 1491 3508 ὲγένετοο
1539 3441 1606 3511 ἢν
1658 3440 1716 3496 δὲ
1774 3443 1910 3517 ἄλλῃ

332 3526 676 3595 λογιζόμενος
693 3528 907 3582 ἀλλοῖον
937 3528 971 3596 ἢ
997 3530 1122 3600 ἐμοὶ
1154 3530 1296 3600 δόξει
1323 3533 1451 3602 περὶ
1486 3532 1581 3586 τοῦ
1612 3533 1749 3604 ἐμοῦ
1779 3553 1912 3591 παι-

339 3622 431 3685 δὸς
459 3621 535 3693 μὴ
557 3625 924 3696 τιμησάμενος
969 3626 1044 3698 μὴ
1105 3627 1318 3697 βούλοιο
1371 3627 1641 3698 τίθεσθαι,
1690 3629 1800 3686 ῐσθι
1847 3630 1915 3705 δὴ

334 3716 534 3768 σαυτὸν
557 3716 616 3768 ἐν
640 3716 790 3787 αἰτίᾳ
821 3717 962 3783 ἕξων
983 3719 1041 3783 ἐς
1072 3715 1320 3791 ὕστερον.
1348 3720 1613 3786 Βασιλεὺς
1636 3721 1693 3776 δὲ
1724 3721 1913 3796 Ἐλλή-

326 3826 438 3861 νων
464 3809 730 3879 ἀμείὸετο
754 3809 933 3863 τοῖσδε
961 3824 977 3841 ⁸
1007 3805 1079 3864 Ὦ
1107 3810 1357 3883 βασιλεῦ,
1387 3813 1488 3868 οὒκ
1536 3814 1604 3871 ἂν
1652 3816 1718 3889 δή
1778 3834 1910 3872 ποτε

322 3900 421 3955 τοῦ
448 3901 635 3955 λοιποῦ
689 3902 898 3976 ταύτην
953 3902 1296 3978 ἔμοιγειτὴν
1349 3905 1532 3963 αἰτίαν
1584 3908 1912 3980 αἰτιώμενος

320 3993 579 4063 ἐπιθείης
610 3995 706 4049 σὺν
734 3995 860 4068 δίκῃ
895 4012 908 4027 ο
945 3996 980 4068 ἢ
1014 3996 1122 4068 γὰρ
1155 3999 1327 4070 κάμοὶ
1347 4000 1645 4071 γενήσεται
1696 4002 1726 4056 ὁ
1781 4004 1913 4069 παῖς

317 4078 483 4149 οὗτος
506 4085 566 4141 ὃν
596 4086 663 4139 σὺ
703 4086 920 4157 ἔφησθα
943 4088 1038 4141 ἐπὶ
1068 4085 1245 4143 ταῦτα
1282 4089 1600 4161 ὡρμῆσθαι,
1644 4091 1799 4147 οὐδέν
1828 4109 1911 4149 τοι

317 4176 492 4252 ἦττον
519 4180 655 4250 ἐμοῦ
694 4180 1019 4247 συνειδότος,
1053 4180 1153 4252 ἤδη
1182 4180 1250 4253 δὴ
1277 4182 1400 4235 τότε
1442 4185 1783 4253 σαφέστατα,
1836 4186 1914 4252 ώς

317 4271 438 4342 ἔχοι
466 4272 567 4341 μὲν
596 4272 812 4336 εὐνοίας
831 4289 891 4326 τε
915 4273 1013 4326 καὶ
1043 4273 1446 4345 φιλοφροσύνης
1468 4277 1602 4346 περὶ
1625 4275 1685 4331 σέ
1731 4294 1790 4332 τε
1818 4280 1914 4333 καὶ

314 4359 419 4431 τὴν
482 4360 580 4430 σὴν
638 4359 981 4417 δυναστείαν.
1044 4360 1149 4416 Ἦν
1199 4362 1245 4415 δ’
1294 4363 1363 4418 ἂν
1395 4366 1709 4433 ἐπιτάττοις
1757 4368 1915 4440 δίκην

314 4455 524 4522 ἐκείνῳ
552 4452 825 4507 ἐπιθεῖναί
855 4472 946 4524 με,
974 4453 1052 4525 μὴ
1078 4453 1145 4509 ἂν
1173 4453 1318 4509 οὕτω
1376 4457 1685 4528 μεμηνέναι
1730 4461 1913 4528 δόξαιε-

316 4566 405 4617 μι,
451 4544 704 4616 ὥστετῷ
736 4546 859 4617 ἐμοί
896 4564 957 4601 τε
988 4546 1083 4600 καὶ
1115 4548 1198 4600 σοὶ
1230 4547 1467 4619 ἐχθίστω
1516 4567 1577 4605 τε
1626 4551 1723 4607 καὶ
1753 4552 1915 4609 πολε-

316 4640 596 4725 μιωτάτῳ
626 4639 1019 4710 διατεθειμένῳ
1040 4631 1390 4713 χαρίζεσθαι,
1436 4640 1618 4696 ὁτιοῦν
1645 4644 1915 4700 ἐνδιδόντα

2016 3449 2181 3506 quam
2220 3433 2353 3491 mihi
2380 3433 2653 3505 placuerit
2687 3435 2955 3517 puniendi
2999 3434 3099 3490 lilii
3128 3438 3425 3497 sententia.
3448 3438 3599 3493 scito

2016 3524 2211 3580 harum
2243 3525 2531 3579 turbarum
2559 3522 2775 3594 culpam
2800 3538 3019 3580 omnem
3053 3540 3142 3580 me
3185 3528 3236 3579 in
3272 3532 3324 3580 te
3356 3525 3596 3581 transla-

2014 3622 2223 3673 turum.
2250 3612 2352 3670 Cui
2375 3613 2692 3670 Grsecornm
2717 3604 2814 3670 rex
2838 3614 3135 3685 respondet
3167 3634 3183 3672 :
3209 3604 3592 3687 Nequaquam,

2014 3723 2049 3763 ο
2079 3723 2197 3775 rex,
2225 3709 2367 3764 hanc
2401 3707 2617 3777 culpam
2649 3721 2777 3763 vere
2831 3707 2887 3763 in
2922 3723 3010 3763 me
3055 3706 3295 3778 rej’icies.
3345 3706 3479 3767 Nam
3543 3708 3592 3764 si

2013 3812 2166 3856 nunc
2197 3796 2334 3854 mihi
2374 3797 2598 3853 daretur
2638 3796 2783 3853 illius
2811 3797 2903 3854 ille
2934 3813 3113 3865 meus,
3140 3814 3305 3869 quem
3339 3800 3423 3855 ais
3452 3800 3590 3857 adeo

2015 3887 2183 3960 impia
2216 3886 2272 3944 in
2295 3897 2346 3945 te
2368 3895 2586 3959 patrare
2619 3903 2639 3944 :
2675 3902 2809 3945 sane
2832 3888 3159 3959 cogniturus
3185 3905 3337 3946 esses
3361 3891 3588 3959 liquido,

2014 3997 2178 4054 quam
2194 3980 2601 4038 ardentissimis
2623 3981 2823 4038 studiis
2844 3990 2897 4038 tc
2920 3990 3183 4054 tuumque
3203 3998 3595 4055 regnumcom-

2016 4074 2309 4148 plecterer.
2339 4072 2433 4132 Sin
2460 4083 2642 4130 autem
2666 4073 2798 4130 mihi
2839 4073 3315 4132 animadvertendi
3347 4076 3400 4133 in
3423 4074 3592 4132 lilium

2015 4167 2292 4239 negotium
2321 4166 2656 4238 injuuxeris,
2683 4182 2751 4224 ne
2783 4183 2870 4224 me
2915 4169 3056 4224 adeo
3106 4170 3412 4225 dementem
3476 4171 3595 4225 l'orc

2014 4261 2318 4329 existimes,
2353 4270 2412 4316 ut
2443 4260 2743 4333 quidquam
2766 4263 2947 4334 gratia
2985 4277 3296 4333 repressus,
3321 4264 3389 4319 de
3414 4277 3594 4334 pinnae

2017 4352 2310 4408 severitate
2339 4353 2613 4408 remittam
2651 4370 2665 4408 :
2713 4355 3021 4425 przescrtim
3054 4370 3179 4409 cum
3207 4355 3256 4410 is
3282 4355 3598 4423 puniendus

2017 4447 2111 4513 sit,
2142 4446 2237 4518 qui
2266 4446 2477 4516 tibique
2503 4445 2752 4517 mibique
2805 4444 3229 4501 inimicissimus
3256 4455 3311 4499 et
3342 4445 3607 4502 infestis-.

2017 4540 2191 4596 simus
2223 4548 2332 4597 est.
2360 4538 2473 4595 Rex
2510 4539 2729 4595 dicendi
2751 4553 2877 4594 cum
2923 4538 3085 4594 linem
3116 4538 3360 4605 fecisset,
3388 4538 3598 4609 placuit

2018 4643 2079 4691 ut
2108 4624 2339 4705 uterque
2368 4649 2565 4704 parens
2584 4648 2749 4690 suum
2794 4632 2969 4687 [ilium
2995 4630 3163 4686 simili
3214 4647 3397 4702 paena,
3467 4648 3594 4687 cum

311 4723 417 4804 τῆς
474 4732 658 4801 δίκης.
714 4730 903 4786 Ταῦτα
952 4733 1164 4787 εἰπόντι
1228 4733 1308 4805 τῷ
1386 4733 1614 4804 βασιλεῖ,
1666 4735 1912 4794 ἐδέδοκτο

2017 4728 2225 4784 crimen
2256 4727 2549 4798 utriusque
2579 4726 2758 4782 simile
2780 4724 2945 4791 foret,
2971 4723 3184 4780 feriret.
3214 4723 3382 4779 Ptena
3409 4731 3592 4779 autem

313 4827 654 4900 ’Δμουράτῃ
699 4824 799 4895 τὴν
837 4825 1007 4898 αὐτὴν
1043 4828 1247 4899 ἀμφοῖν
1282 4827 1557 4884 ἐπιθεῖναι
1586 4830 1684 4900 τὴν
1734 4830 1917 4904 δίκην,

308 4919 490 4972 Rati
532 4916 706 4970 ταῦτα
746 4916 914 4988 ἄμφω
973 4918 1052 4971 τὼ
1093 4918 1303 4991 πατέρε
1362 4920 1751 4992 ὲπαιτιωμένω
1799 4926 1916 4988 τοῖς

310 5013 545 5076 παισὶν,
613 5009 869 5077 ὲξορύσαι
916 5009 995 5065 τὼ
1049 5009 1317 5081 ὀφθαλμὼ
1360 5013 1610 5084 ἑκατέρῳ
1663 5015 1914 5079 ἐκείνοις.

318 5106 421 5168 Ὠς
457 5104 522 5157 δὲ
549 5098 723 5157 ταῦτα
753 5102 1019 5163 ἑδὲιῗοκτο,
1066 5102 1299 5173 ἧλαυνεν
1344 5103 1438 5156 ἐπὶ
1476 5103 1574 5176 τὴν
1618 5104 1912 5176 Εὐρώπην,

307 5199 656 5271 στράτευμα
684 5196 950 5267 ἀγόμενος
978 5188 1255 5271 ᾖὲδύνατο
1290 5195 1561 5251 πλεῖστον.
1631 5197 1741 5251 Καὶ
1796 5197 1915 5251 δια-

308 5290 425 5353 ϐὰς
448 5287 555 5342 ἐπὶ
590 5286 693 5355 τὴν
722 5285 1017 5356 Εὐρώπην,
1061 5285 1176 5339 ίετο
1218 5285 1385 5358 ὁμόσε
1440 5287 1532 5339 ἐπὶ
1582 5288 1674 5340 τὸν
1728 5289 1913 5357 παῖδα,

310 5384 434 5452 ὅπη
465 5379 535 5450 δὴ
565 5378 903 5432 ἐπυνθάνετο
943 5377 1109 5434 αὐτὸν
1160 5378 1784 5451 ὲνστρατοπεδευόμενον
1816 5385 1915 5436 σὺν

310 5474 402 5557 τῷ
455 5471 734 5544 Ἐλλήνων
764 5473 1028 5544 βασιλέως
1053 5472 1224 5527 παιδί.
1280 5473 1347 5529 Οἳ
1399 5473 1467 5560 δὴ
1523 5474 1584 5527 τὸ
1645 5473 1915 5547 Εὐρώπης

267 5621 277 5629 ,
315 5568 660 5639 στράτευμα
691 5565 1046 5632 συλλέξαντες
1079 5567 1606 5639 ἐστρατοπεδεύοντο
1657 5571 1715 5623 ὲν
1750 5568 1914 5641 χώρῳ

2017 4830 2137 4877 erat
2167 4820 2490 4885 constituta,
2517 4819 2774 4877 videlicet
2809 4825 2868 4873 ut
2919 4818 3210 4885 utriusque
3238 4817 3383 4873 oculi
3433 4833 3595 4874 erue-

2018 4922 2231 4972 rentur.
2266 4912 2391 4971 llac
2424 4914 2515 4969 ubi
2538 4921 2669 4969 sunt
2702 4913 2946 4977 decreta,
2982 4910 3162 4983 copiis
3187 4927 3353 4982 quam
3414 4911 3595 4982 potuit

2017 5007 2274 5065 maximis
2300 5012 2637 5071 succinctus,
2669 5005 2951 5063 festinavit
2985 5003 3041 5059 in
3102 5003 3401 5074 Europam.
3456 5004 3594 5070 Qni-

2019 5103 2124 5159 bus
2164 5103 2496 5161 transvectis
2526 5101 2578 5156 in
2603 5100 2907 5170 Europam,
2966 5114 3182 5155 summo
3237 5097 3423 5154 studio
3462 5111 3593 5152 con-

2018 5196 2197 5254 tendit
2224 5195 2486 5252 adversus
2518 5193 2686 5249 lilium
2727 5193 2783 5249 in
2818 5207 2946 5249 eum
2990 5192 3170 5248 locum
3198 5191 3288 5245 ubi
3315 5203 3437 5244 cum
3464 5204 3587 5241 cum

2021 5288 2339 5344 Graecorum
2365 5287 2510 5359 regis
2538 5284 2652 5341 lilio
2686 5294 2864 5340 castra
2904 5283 3333 5339 communivisse
3365 5295 3593 5350 accepe«

2017 5391 2127 5436 rat.
2147 5380 2250 5448 Qui
2279 5381 2501 5452 quidem
2537 5386 2731 5433 coacto
2756 5377 2811 5431 in
2842 5375 3061 5446 Europa
3087 5373 3358 5437 exercitu,
3384 5381 3596 5425 castra-

2019 5475 2208 5531 metati
2233 5483 2362 5531 sunt
2394 5472 2447 5527 in
2481 5470 2726 5543 Byzantii
2763 5471 3000 5539 quodam
3053 5467 3194 5527 loco,
3252 5463 3591 5533 Apicridimn

2016 5570 2168 5625 dicto
2198 5583 2337 5637 :quo
2357 5580 2491 5622 sane
2508 5570 2872 5633 congregatos
2893 5574 3018 5614 esse
3032 5544 3327 5612 constabat
3346 5554 3589 5617 Graecos.

311 5661 437 5716 τινὶ
463 5659 763 5725 Βυζαντίου
804 5659 1144 5731 ’Δπικριδίου
1192 5661 1535 5732 καλουμένῳ.
1585 5661 1649 5717 Οἳ
1699 5662 1764 5732 δὴ
1797 5662 1912 5727 τούς

2030 5669 2085 5714 et
2140 5657 2381 5726 optimos
2427 5669 2677 5726 quosque
2735 5668 2801 5707 cx
2851 5648 3085 5718 Europa.
3156 5644 3367 5702 Ibidem
3432 5643 3589 5716 juxta

1613 5804 1858 5868 Notula:
1894 5799 2300 5879 marginales.

401 5926 449 5957 ³³
484 5926 580 5996 τῆς
609 5936 658 5981 ει
697 5926 760 5982 [ἰ.
869 5927 912 5959 ³³
945 5925 1263 5980 mnsam;
1289 5945 1371 5981 τε.
