4130 6440
517 318 587 381 55
1648 333 1960 393 LAONICI
1994 337 2673 411 CHALCOCONDYLE
3711 355 3781 419 ξε

513 432 695 489 olnnia
729 452 891 507 quam
920 439 1126 507 optime
1151 456 1331 510 agere,
1372 444 1438 497 ad
1469 454 1517 497 te
1553 447 1671 500 veni
1708 455 1788 501 tot
1846 450 2084 503 crimini-

2194 456 2349 511 τοῦδε
2379 461 2698 532 κηδόμενον,
2749 465 3115 538 ἁποδεδειχὼς
3140 466 3240 538 ἤδη
3285 467 3595 536 φαυλότατά
3624 484 3684 522 σε
3713 470 3780 541 δὴ

512 529 614 580 luis
649 530 915 595 irretitus,
945 542 1238 601 rogaturus
1260 537 1475 590 veniam
1526 552 1719 593 eorum
1750 556 1873 610 quae
1922 541 1978 595 in
2035 551 2090 597 te

511 637 855 693 regnumque
887 626 1050 696 impie
1076 630 1349 685 commisi.
1379 630 1475 686 llis
1502 632 1688 698 dictis,
1744 635 1962 691 veniam
2002 637 2084 691 dc-

2202 645 2290 714 ἐφ⁹
2324 647 2453 715 ὑμῖν
2507 652 2576 704 τὰ
2627 650 2726 721 τῆς
2762 626 3036 725 Εὐρώπης
3076 626 3401 725 πράγματα.
3448 626 3612 710 ’Ᾰλλί
3647 626 3781 725 ἑγὼ,

512 715 594 769 dit
627 717 919 774 Amurates
955 733 971 773 :
997 730 1051 774 et
1075 721 1141 774 ad
1170 731 1382 792 patrem
1413 740 1577 780 suum
1602 740 1728 781 eum
1780 718 2084 795 remittens,

2204 736 2307 808 ἔφη
2344 741 2568 808 ἐκεῖνος,
2626 715 2720 797 καὶ
2770 715 2906 800 Θεδν
2958 715 3134 801 αθτὸν
3169 748 3321 818 παρὰ
3360 748 3455 802 σοῦ
3565 749 3679 819 ἔχει
3704 748 3783 812 ὡς

508 808 681 878 jussit
709 820 765 865 ut
797 811 1107 868 lillumcum
1143 816 1284 871 bona
1304 819 1476 889 gratia
1507 819 1836 890 susciperet.
1858 820 1959 889 Qui
1986 823 2084 877 im-

2202 826 2401 897 ἄριστα
2449 829 2764 888 διανὺνοντα
2806 837 3130 908 αἰσθόμενος
3160 808 3275 908 ﬂia,
3311 808 3785 911 instrauto'oafirp

512 910 702 969 pcrata
731 902 961 969 faciens,
997 905 1168 961 tilium
1219 906 1365 963 illico
1400 909 1724 967 admittebat
1750 912 2084 986 Byzantium.

2203 920 2355 992 αίτίᾳ
2385 925 2698 994 γινόμενος,
2733 928 2808 993 ὡς
2862 930 2930 985 ἄν
2961 902 3051 999 μοι
3086 902 3411 1003 ἐπιτηδείως
3442 933 3650 1004 σχοίης.
3696 902 3785 1001 ἑῷ

517 994 603 1060 οἷς
653 999 1123 1074 πεπλημμέληταί
1175 1023 1265 1074 μοι
1292 1007 1387 1060 ἐπὶ
1440 1008 1499 1061 σὲ
1546 1009 1643 1063 καὶ
1682 1008 1786 1081 τὴν
1843 1012 1943 1083 σὴν
2010 1013 2315 1084 βασιλείαν.
2372 1020 2529 1075 Οὕτω
2593 1023 2652 1077 δὲ
2691 1026 2787 1079 καὶ
2852 994 3170 1102 Ἀμουράτῃ
3236 994 3788 1100 ’συνέγνωυτεῠαῦτίῇ

513 1095 616 1162 τὴν
661 1097 961 1168 ἁμαρτίαν,
1012 1103 1109 1156 καὶ
1142 1103 1223 1174 τῷ
1272 1106 1441 1175 πατρὶ
1464 1106 1630 1161 αὐτοῦ
1672 1110 2027 1179 ἐπιπέμπων,
2063 1113 2283 1170 ἐκέλευε
2310 1121 2404 1172 τὸν
2434 1121 2599 1175 παῖδα
2657 1123 2826 1178 αὐτοῦ
2876 1095 3169 1196 δέχεσθαιῖ
3215 1128 3243 1182 ό
3275 1128 3330 1181 δὲ
3364 1095 3536 1183 euolat
3585 1147 3645 1183 τε
3695 1095 3788 1184 οἷα

508 1192 823 1263 ἐνετείλετο,
858 1200 953 1253 καὶ
981 1200 1074 1253 τὸν
1104 1202 1270 1256 παῖδα
1296 1205 1499 1259 αὐτίκα
1524 1194 1785 1273 προσίετο
1807 1207 1865 1269 ἐς
1891 1209 2209 1275 Βυζάντιον.

578 1287 908 1348 Charatiues
933 1307 1200 1367 occupata
1230 1298 1489 1367 Therma,
1515 1314 1572 1359 et
1599 1308 1974 1366 defectoribus
2036 1311 2084 1364 iu

2269 1312 2585 1384 Χαρατίνης
2616 1316 2694 1383 δὲ,
2722 1317 2887 1388 τήνδε
2914 1317 3143 1390 Θέρμην
3172 1320 3638 1391 παρα).αεὼν,καὶ
3656 1320 3785 1384 τοὺς

505 1375 830 1441 servitutem
860 1390 1123 1458 redactis,
1151 1393 1451 1464 plurimum
1492 1399 1681 1469 glorias
1714 1403 2084 1475 invenitapud

2196 1375 2615 1475 ξυναςίεστῶτας
2652 1375 3108 1480 δᾉυλὶυσάμεᾴοξξ
3128 1375 3272 1482 μέγα
3305 1375 3587 1495 εὐδοκιμέι
3643 1415 3782 1486 παρ’

503 1478 851 1545 Amuratem.
903 1498 1027 1539 cum
1060 1496 1223 1544 antea
1280 1492 1540 1560 multum,
1593 1510 1744 1552 nunc
1789 1499 2084 1566 plurimum

2210 1497 2555 1573 Ἀμουράτῃ,
2594 1501 2688 1556 καὶ
2718 1478 2954 1574 πρόσθεν
3005 1478 3183 1576 μέγας
3211 1478 3305 1563 *ὢν
3333 1509 3467 1578 παρ’
3494 1478 3659 1579 *αὐτῷ
3689 1478 3787 1563 καὶ

505 1572 653 1641 apud
682 1588 808 1629 eum
835 1578 1088 1646 polleret.
1112 1578 1353 1639 Exstant
1376 1586 1525 1641 enim
1559 1588 1727 1660 hujus
1764 1589 2084 1648 Charatinis

2195 1566 2455 1660 μέγιστ-ον
2505 1566 2829 1664 δυνάμενος,
2885 1566 3102 1666 λέγε-ται
3151 1566 3252 1669 μὲν
3292 1566 3787 1671 περὶ-Χαρατίνεω

503 1663 743 1734 plurima
776 1685 1082 1728 memoratu
1116 1673 1305 1746 digna,
1332 1684 1391 1733 ut
1442 1680 1538 1751 qui
1570 1684 1821 1738 Amurati
1881 1686 2084 1756 optima

2191 1680 2368 1734 πολλὰ
2406 1681 2533 1747 ἄξια
2575 1663 2762 1753 λόγου,
2821 1686 2898 1749 ὡς
2933 1663 3329 1759 ὑποτιθεμένου
3365 1663 3684 1764 λΔμουράτῃ
3712 1692 3787 1746 τὰ

506 1764 843 1828 suggesserit
872 1766 1154 1835 consilia;
1194 1779 1249 1824 et
1304 1771 1570 1844 pleraque
1642 1776 1863 1847 egregia
1919 1792 2084 1847 opera

2189 1771 2400 1838 δέοντα,
2436 1775 2531 1829 καὶ
2560 1777 2629 1831 τὰ
2678 1776 2852 1831 πλείω
2887 1779 3289 1849 ὑπηρετοῦντος
3343 1782 3784 1855 διαπράττεσθαι

504 1852 561 1907 in
592 1853 723 1909 Asia
761 1855 1089 1931 Europaque
1125 1861 1272 1918 facta
1336 1864 1506 1934 hujus
1531 1882 1598 1922 ex
1655 1866 1934 1926 industria
1960 1886 2084 1941 pro-

2192 1865 2407 1934 μεγάλα
2438 1866 2575 1920 ἄττα
2602 1868 2743 1923 κατά
2776 1885 2836 1922 τε
2881 1870 3065 1926 Ἀσίαν
3097 1875 3193 1928 καὶ
3232 1852 3524 1944 Εὐρώπην.
3560 1875 3670 1929 Καὶ
3690 1876 3783 1929 λό-

500 1961 721 2003 venere.
757 1948 990 2007 Exstant
1013 1953 1114 2008 viri
1141 1956 1306 2024 hujus
1362 1973 1650 2017 sermones
1686 1952 1913 2033 quidam
1971 1979 2084 2019 me-

2191 1973 2278 2025 γοι
2310 1958 2367 2011 δὲ
2401 1958 2570 2012 αὐτοῦ
2610 1959 2746 2030 πρὸς
2802 1961 3152 2033 ’Δμουράτην
3202 1964 3783 2038 ἀπομνημονεύονται,

502 2051 719 2096 morato
755 2042 1093 2115 dignissimi,
1134 2064 1273 2119 quos
1299 2065 1423 2105 cum
1448 2067 1573 2124 rege
1598 2053 1862 2112 habuisse
1883 2055 2083 2124 fertur,

2192 2050 2469 2122 ἐρίζοντος
2532 2053 2680 2124 αὐτῷ
2736 2056 2867 2125 περὶ
2925 2057 3196 2120 συνέσεως
3261 2061 3356 2112 καὶ
3411 2060 3780 2129 στρατηγίας.

502 2136 844 2192 contendens
880 2155 1005 2192 cum
1041 2154 1110 2194 eo
1135 2156 1302 2212 super
1333 2144 1444 2201 illis
1483 2161 1604 2216 quae
1630 2146 1696 2202 ad
1731 2148 2083 2223 prudentiam

2201 2144 2494 2215 Ἐρομένου
2519 2145 2628 2216 γὰρ
2676 2146 2841 2199 αὑτοῦ
2876 2146 3122 2216 λέγεται’
3172 2146 3511 2220 Ἀμουράτη,
3545 2142 3591 2202 ὦ
3625 2149 3786 2218 βασι-

501 2227 693 2298 reique
725 2229 980 2285 militaris
1019 2233 1311 2290 scientiam
1343 2237 1606 2293 attinent.
1654 2238 1791 2295 Nam
1819 2256 1946 2296 eum
2000 2242 2084 2297 in-

2188 2234 2307 2302 λεῦ,
2345 2237 2460 2299 πῶς
2491 2236 2558 2291 ἂν
2593 2236 2658 2307 δὴ
2693 2237 2934 2306 μάλιστα
2968 2242 3275 2310 στρατηγῇ,
3302 2239 3409 2305 ἕως
3436 2240 3504 2294 ἂν
3532 2240 3785 2311 βούλοιτό

500 2321 924 2389 terrogationem
990 2323 1402 2395 institue-intem,
1452 2329 1663 2386 dixisse
1728 2344 2084 2393 memorant:

2188 2331 2237 2384 οἱ
2256 2331 2509 2400 γενέσθαι
2552 2331 2762 2386 τούτων
2788 2332 2986 2404 ῥᾳδίως
3020 2334 3413 2404 ὲπιτυγχάνοι;
3449 2334 3553 2389 Τὸν
3585 2336 3641 2389 δὲ
3674 2336 3781 2404 φάο

497 2406 611 2462 Rex
634 2410 955 2481 Amurates,
976 2429 1087 2484 quo
1124 2424 1285 2485 pacto
1315 2432 1407 2473 res
1447 2418 1659 2477 bellicae
1687 2423 2084 2481 administran-

2188 2442 2276 2478 ναι
2298 2424 2540 2492 λέγεται,
2573 2419 2646 2479 Εὖ
2681 2442 2742 2478 τε
2776 2425 3195 2496 στοχαζόμενος,
3223 2429 3317 2480 καί
3342 2429 3470 2490 τοὺς
3506 2430 3780 2497 στρατιώ-

497 2499 581 2554 da:
616 2509 767 2564 sunt.
802 2514 862 2559 ut
893 2521 982 2571 eo,
1016 2508 1162 2576 quod
1197 2510 1481 2567 desideras
1544 2514 1657 2569 tuis
1704 2517 1882 2586 copiis
1936 2516 2078 2575 edici

2188 2535 2286 2581 τας
2308 2517 2381 2581 ὡς
2412 2511 2606 2572 οἷόντε
2644 2519 2883 2589 μάλιστα
2918 2519 3250 2591 εὐεργετῶν.
3284 2521 3390 2576 Τὸν
3433 2522 3488 2576 δὲ
3517 2524 3785 2593 ὲπανὲρε-

498 2595 757 2663 potiare?
802 2596 1005 2668 Regem
1066 2600 1223 2655 aiunt
1288 2604 1688 2674 respondisse:
1742 2607 1797 2663 Si
1850 2609 2082 2682 singulis

2190 2610 2339 2673 σθαι,
2365 2612 2478 2666 Καὶ
2510 2612 2629 2675 πῶς
2658 2606 2723 2666 ἂν
2746 2612 2811 2683 δὴ
2833 2612 3062 2666 εἰπόντα
3086 2614 3402 2685 στοχάζοιτο
3434 2614 3649 2685 όρθῶς;
3672 2617 3786 2670 Τὸν

499 2688 910 2755 occasionibus,
945 2707 1012 2762 ne
1041 2692 1347 2764 aut‘ugiant,
1382 2696 1679 2768 diligenter
1708 2696 1867 2755 luero
1902 2700 2084 2757 inten-

2188 2704 2244 2758 δὲ
2273 2705 2459 2775 φάναι,
2485 2704 2548 2759 El
2582 2706 2796 2777 μετρῶν
2820 2705 2885 2759 τὰ
2913 2706 3124 2771 εἰκότα,
3156 2707 3231 2779 μὴ
3252 2707 3524 2777 σφάληται
3560 2711 3687 2779 περὶ
3713 2714 3788 2765 τὰ

2203 552 2594 622 ὕιαγενόμενον
2621 575 2633 587 ·
2698 557 2775 623 ὡς
2808 560 2978 633 ταύτῃ
3035 559 3262 631 ἄμεινον
3310 561 3423 632 ἔχει
3468 562 3782 633 γενόμενος.

500 2791 594 2837 tus
625 2799 639 2836 :
670 2790 955 2852 praeterea,
998 2785 1042 2840 si
1072 2786 1322 2855 plurimis
1345 2790 1628 2847 beneﬁciis
1660 2793 1897 2869 militum
1956 2795 2079 2850 ani-

2191 2798 2388 2871 μέτρα.
2446 2799 2716 2856 Ἐνταῦθα
2763 2800 3046 2871 καγχάσαι
3103 2801 3149 2832 ³³
3184 2801 3408 2869 λέγεται
3461 2805 3789 2875 Χαρατίνην

501 2888 625 2930 mos
653 2875 785 2930 mihi
804 2875 1122 2935 devinxere.
1157 2881 1508 2959 Charatinem
1538 2885 1847 2956 subiecisse
1875 2888 2041 2945 audio
2065 2905 2079 2944 :

2188 2892 2331 2946 πάνυ
2365 2893 2533 2964 μίγα,
2591 2894 2688 2947 καὶ
2721 2895 2977 2947 ἐπειπεῖν
3024 2895 3345 2968 Ἀμουράτῃ
3369 2934 3383 2961 ,
3432 2892 3502 2950 Ὦ
3531 2896 3786 2966 βασιλεῦ,

496 2966 569 3018 At
596 2982 701 3036 qua
730 2971 941 3024 ratione
973 2972 1295 3028 occasiones
1328 2989 1438 3030 nou
1476 2978 1760 3040 omiseris.
1810 2987 2079 3052 praeterea

2188 2987 2488 3058 σωφρονεῖν
2507 2985 2687 3057 ἄριστ’
2721 2985 2788 3040 ἂν
2818 2986 3036 3058 δοκοίης
3062 3003 3078 3020 ο
3116 2988 3234 3045 πῶς
3267 2966 3419 3042 δίᾶν
3449 2991 3678 3062 μετροίη
3708 2992 3786 3045 ἂν

497 3074 722 3129 scopum
751 3069 856 3116 tua:
892 3063 1102 3119 militiae
1145 3065 1438 3136 attigeris?
1493 3066 1698 3140 Regem
1773 3072 2077 3129 intulisse:

497 3148 556 3206 Si
579 3153 764 3209 animo
793 3154 1087 3224 diligenter
1144 3158 1468 3216 verisimilia
1516 3178 1639 3233 qua:
1701 3163 1770 3219 ad
1841 3180 2076 3236 scopum

495 3254 776 3315 spectant,
809 3248 1205 3316 pensitaverim
1245 3270 1259 3307 :
1304 3254 1449 3310 etin
1494 3257 1618 3314 iStis
1645 3275 1769 3330 quae
1825 3261 1894 3318 ad
1945 3277 2071 3318 sco-

494 3356 625 3410 pum
652 3340 880 3410 faciunt,
911 3360 1022 3401 non
1051 3348 1405 3407 aberravero.
1425 3351 1569 3410 Hinc
1596 3357 1843 3427 tradunt,
1872 3360 2083 3419 Chara-

494 3435 666 3490 tinem
702 3437 757 3492 in
787 3439 1082 3495 maximum
1111 3440 1346 3499 ell‘usum
1379 3446 1735 3515 cachinnum,
1814 3452 2023 3512 dixisse
2060 3471 2078 3513 :

495 3528 614 3584 Rex
645 3527 963 3601 Amurates,
988 3535 1221 3604 plurima
1286 3540 1557 3608 sapientia
1621 3550 1675 3599 te
1740 3545 2075 3604 instructum

495 3637 623 3677 esse
649 3638 844 3678 cerno.
872 3626 941 3679 At
965 3641 1075 3697 quo
1097 3637 1258 3699 pacto
1286 3632 1609 3690 verisimilia
1635 3634 1932 3707 diligenter
1956 3639 2076 3696 ani-

499 3730 587 3767 mo
612 3715 917 3783 expendas,
951 3718 1062 3773 nisi
1102 3735 1349 3791 praesens
1370 3734 1609 3798 utraque
1667 3733 2076 3800 experimentis

497 3805 849 3874 cognoveris,
876 3824 999 3877 qme
1041 3810 1182 3878 fieri,
1208 3829 1439 3886 quaeque
1464 3833 1570 3873 non
1597 3820 1715 3876 lieri
1778 3825 2080 3896 oporteat?

500 3896 616 3952 haec
644 3897 697 3952 in
727 3902 1135 3959 consultatione
1166 3918 1224 3960 ut
1250 3923 1504 3978 respuas,
1560 3911 1652 3966 illa
1716 3924 1776 3969 ut
1836 3919 2080 3976 maxima

495 4001 630 4042 cura
690 3988 921 4061 deligas.
1004 3993 1117 4048 Ista
1172 3996 1266 4050 ubi
1326 3996 1737 4073 praecesserint,
1794 4008 2079 4078 signiﬁcat

496 4076 664 4132 etiam
694 4080 900 4148 requiri
932 4083 1439 4155 celeritatem,qu:e
1476 4091 1782 4161 plurimum
1807 4076 2079 4158 momenti

497 4169 567 4224 ad
600 4184 686 4225 res
711 4173 974 4240 praeclare
1018 4178 1288 4245 gerendas
1362 4181 1552 4248 habet,
1588 4195 1649 4240 ut
1707 4188 1843 4245 nihil
1900 4194 2078 4264 magis

2188 3076 2265 3148 μὴ
2299 3076 2493 3150 παρὼν
2536 3078 2778 3149 ἑκάτερα
2812 3077 2992 3151 θεωρῇ
3018 3078 3089 3133 τά
3114 3096 3174 3132 τε
3208 3079 3420 3144 δέοντα,
3456 3081 3551 3135 καὶ
3577 3084 3785 3135 τάναν-

2182 3170 2276 3225 τία
2296 3170 2530 3237 τούτων,
2561 3171 2670 3227 τῶν
2706 3172 2807 3241 μὲν
2839 3173 3121 3243 ἀπέχοιτο,
3150 3172 3220 3227 τὰ
3247 3173 3305 3228 δὲ
3332 3174 3483 3251 αὑτῷ
3506 3176 3784 3245 μεταδιώ-

2185 3280 2271 3318 xor.
2301 3264 2578 3335 ἐλόμενος,
2609 3264 2831 3333 φθάνων
2860 3282 2919 3318 τε
2949 3265 3041 3319 τὸν
3075 3266 3284 3321 τούτων
3314 3268 3508 3339 καιρὸν
3532 3268 3599 3322 τὰ
3621 3267 3783 3321 δέον-

2184 3372 2292 3424 τα;
2323 3356 2423 3410 Διὰ
2442 3355 2616 3410 ταῦτα
2641 3356 2721 3420 δι,
2753 3356 3034 3429 ταχύτητα
3066 3357 3437 3427 αἰνιττόμενος
3465 3361 3779 3433 προφέρειν

2188 3450 2330 3519 μέγα
2349 3449 2458 3505 τῶν
2489 3448 2670 3505 ἄλλων
2691 3449 2938 3519 ἀγαθῶν,
2971 3452 3029 3514 ἐς
3061 3450 3124 3504 τὸ
3156 3450 3372 3522 μεγάλα
3400 3455 3783 3525 κατερργάζε-

2186 3544 2349 3609 σθαι,
2381 3543 2457 3608 ὡς
2482 3542 2636 3598 οὐδὲν
2672 3543 2804 3598 ἄλλο
2849 3544 2957 3616 πρὸ
2979 3545 3284 3616 ταχυτῆτός
3308 3561 3370 3599 τε
3405 3546 3503 3599 καὶ
3534 3546 3778 3617 σπουδῆς

2180 3639 2275 3693 τόν
2304 3653 2369 3704 γε
2395 3638 2704 3709 στρατηγὸν
2724 3638 2927 3710 χρῆναι
2961 3639 3331 3709 ἐπιτηδεύειν,
3365 3639 3463 3693 καὶ
3491 3643 3778 3712 πανταχοῦ

2184 3731 2635 3802 παραγενόμενον
2658 3729 2782 3783 ὅποι
2809 3730 2876 3783 ἂν
2905 3730 3016 3782 δέοι
3050 3746 3127 3800 πη
3151 3720 3431 3800 παρεῖναι.
3453 3732 3639 3787 Ταῦτα
3672 3735 3781 3803 μὲν

2182 3822 2278 3878 οὖν
2301 3824 2711 3894 διειλεγμένους
2763 3823 3021 3893 ἀλλήλοις
3068 3823 3499 3878 ἀποδείκνυσθαι
3538 3825 3779 3895 γνώμας

2183 3919 2244 3971 οὐ
2276 3916 2371 3971 τοῦ
2396 3916 2607 3979 δέοντος
2657 3915 2952 3979 ἐλλειπεῖς.
2997 3916 3344 3989 ’Δμουράτης
3370 3917 3469 3986 μὲν
3497 3913 3592 3972 οὖν
3621 3918 3779 3972 διιὼν

2186 4007 2481 4077 ἅπανταχῆ
2511 4008 2587 4070 ὡς
2610 4007 2868 4076 τάχιστα,
2902 4004 3058 4069 δέους
3082 4022 3141 4059 τε
3168 4005 3409 4077 ἐπλήρου
3438 4005 3653 4063 ᾶπαντα
3678 4009 3775 4061 καὶ

2184 4099 2459 4169 φυλακῆς,
2496 4099 2784 4171 Χαρατίνῃ
2830 4099 3111 4171 χρώμενος
3147 4098 3394 4171 ὑπηρέτῃ
3448 4101 3526 4172 τῷ
3593 4102 3773 4155 πάντα

2184 4192 2418 4264 ἀρίστῳ,
2453 4191 2547 4245 καὶ
2601 4193 2659 4254 ἐς
2686 4190 2748 4244 τὸ
2803 4189 3205 4259 συλλαμϐάνειν
3253 4190 3403 4262 αὐτῷ
3435 4192 3534 4246 καὶ
3590 4192 3775 4247 ὁτιοῦν

498 4260 695 4316 ducem
727 4279 895 4334 quam
931 4267 1273 4325 celeritatem
1300 4280 1356 4327 et
1412 4274 1749 4334 indefessam
1773 4298 1964 4339 curam
1998 4260 2076 4343 'in

2188 4260 2659 4350 ξυνεπιλαϐἐσθαι,
2718 4286 2810 4338 καὶ
2839 4283 3167 4355 ἐπιτηδείως
3220 4260 3399 4355 ἔχοντι
3430 4286 3487 4348 ἐς
3516 4288 3584 4340 τὰ
3615 4288 3775 4356 μάλι-

498 4357 712 4426 agendo
742 4367 797 4413 et
821 4362 1187 4418 consultando
1238 4369 1441 4423 sectari
1494 4380 1776 4440 oporteat.
1831 4374 2082 4437 Prazsens

497 4464 622 4505 esse
652 4466 723 4507 ne
745 4453 1006 4524 negligat,
1073 4456 1387 4531 ubicunque
1443 4477 1543 4517 sua
1596 4470 1888 4537 praesentia
1936 4488 2078 4544 cpus

498 4543 683 4601 fuerit.
717 4543 870 4599 Talia
898 4562 1023 4601 cum
1058 4549 1201 4604 inter
1224 4567 1283 4606 se
1335 4555 1656 4613 conferrent
1703 4543 2083 4622 sermocinan-

500 4643 603 4701 tes,
645 4640 1076 4707 pronuntiarunt
1106 4646 1432 4713 sententias,
1465 4660 1735 4719 quantum
1801 4659 2082 4724 pertinere

498 4728 718 4784 videtur
737 4732 803 4785 ad
825 4748 912 4787 res
937 4736 1230 4803 gerendas,
1263 4755 1609 4812 nequaquam
1639 4746 1887 4808 inutiles.
1913 4753 2084 4809 Amu-

499 4812 648 4877 rates
674 4840 1008 4896 quocunque
1070 4828 1334 4887 movisset
1375 4837 1676 4906 exercitus,
1707 4841 1816 4913 25
1882 4848 2073 4904 statim

498 4928 676 4972 metus
699 4917 1032 4977 adversariis
1088 4925 1462 4983 oboricbatur.
1497 4929 1751 5004 Hincque
1821 4952 2082 4997 accurate

504 5010 625 5067 loca
655 5025 757 5065 sua
789 5012 1131 5071 muniebant.
1205 5016 1346 5075 Usus
1392 5032 1479 5075 est
1535 5040 1703 5095 opera
1762 5027 2081 5090 Charatiuis

501 5094 607 5157 viri
639 5105 859 5175 optimi,
887 5106 1060 5175 quiin
1090 5111 1349 5167 omnibus
1386 5094 1731 5189 quacunque
1758 5136 1854 5176 rex
1894 5122 2079 5184 facere

503 5199 948 5270 aggrediebatur,
985 5217 1208 5272 operam
1267 5222 1420 5260 suam
1448 5208 1649 5265 locavit
1724 5213 2078 5285 imlel‘essam,

507 5288 735 5358 regique
771 5292 1009 5345 maxima
1045 5294 1455 5353 necessitudine
1490 5302 1783 5358 devinctus
1811 5306 1938 5363 fuit.
1971 5312 2082 5365 .ςά-

501 5380 655 5448 jutus
685 5383 755 5437 ab
779 5383 885 5438 isto
920 5386 1056 5447 viro.
1087 5403 1197 5442 non
1256 5391 1469 5446 modica
1524 5392 1673 5462 fecit,
1725 5415 1847 5469 qua:
1900 5405 2087 5459 tende-

2187 4397 2312 4444 στα,
2339 4376 2433 4431 καὶ
2462 4377 2562 4430 οὐκ
2591 4376 2750 4444 ὀλίγα
2784 4379 2840 4438 ἐς
2886 4375 2986 4448 τὴν
3021 4378 3198 4448 ἀρχὴν
3229 4375 3380 4447 αὐτῷ
3412 4380 3773 4447 ποιησαμένῳ

2186 4475 2327 4526 κατά
2369 4472 2468 4541 τὴν
2522 4470 2819 4543 Εὐρώπην.
2888 4470 3241 4541 Ὑπηγάγετο
3294 4471 3394 4540 μὲν
3450 4467 3544 4525 οὖν
3579 4466 3769 4525 τοσάδε

2184 4565 2313 4635 ἔθνη
2346 4565 2441 4618 καὶ
2493 4564 2770 4634 ἡγεμόνας
2794 4563 2921 4625 τοὺς
2958 4562 3017 4615 ὲν
3048 4565 3115 4633 τῇ
3164 4559 3402 4632 Εὐρώπῃ
3424 4577 3437 4590 ·
3489 4562 3584 4615 καὶ
3616 4579 3773 4614 συνεο

2189 4658 2463 4728 πομένους
2487 4655 2637 4726 αὐτῷ
2665 4657 2787 4710 ὅποι
2815 4654 2882 4709 ἂν
2905 4653 3286 4725 στρατεύοιντο
3315 4653 3585 4724 Ἑλλήνων
3617 4652 3778 4723 βασι-

2188 4750 2299 4813 λεῖς
2331 4744 2445 4819 εἶχέ
2477 4748 2526 4801 οἱ
2563 4747 3055 4820 στρατευομένους.
3103 4743 3503 4816 Ἐμμανουήλῳ
3550 4745 3606 4799 δὲ
3638 4744 3778 4814 ἠρέ-

2188 4820 2373 4905 σκετο,
2401 4839 2642 4909 μάλιστα
2666 4839 2722 4891 δὲ
2745 4838 3072 4908 ξνμπάντων
3103 4836 3396 4907 Ἑλλήνων.
3432 4832 3559 4906 Εἶχε
3595 4834 3653 4887 δὲ
3676 4835 3777 4888 καὶ

2184 4935 2293 4989 τῶν
2310 4935 2511 4989 Μυσῶν
2542 4933 2790 5005 βασιλέα,
2819 4933 2956 5004 πρὸς
2989 4932 3048 4985 δὲ
3074 4932 3170 4987 καὶ
3194 4932 3487 5002 Δράγασην
3509 4930 3600 4985 τὸν
3622 4931 3771 5001 Ζάρ-

2192 5046 2291 5082 γ.ου
2344 5030 2510 5083 παῖδα
2539 5030 2635 5083 καὶ
2674 5028 2999 5096 Μπόγδανον
3027 5026 3118 5079 τὸν
3155 5027 3255 5096 τὴν
3318 5025 3580 5095 Ῥοδόπην
3610 5026 3772 5079 κατέἀ

2194 5142 2379 5194 χοντα,
2432 5125 2526 5178 καὶ
2569 5123 2766 5187 ἄλλους
2818 5125 2944 5185 τοὺς
2973 5123 3032 5175 ὲν
3082 5123 3149 5192 τῇ
3186 5120 3431 5191 Εὐρώπῃ
3472 5117 3777 5189 ἡγεμόνας,

2194 5216 2287 5270 καὶ
2316 5214 2660 5285 Τριϐαλλῶν,
2716 5217 2824 5268 καὶ
2857 5212 3149 5284 Ἑλλήνων,
3200 5209 3606 5267 καὶἈλὸανών.
3638 5210 3779 5263 Τού-

2192 5325 2301 5361 των
2352 5308 2410 5360 δὲ
2463 5308 2723 5363 ἁπάντων
2774 5306 3302 5377 κατεστραμμένων,
3351 5303 3579 5358 καὶτῶν
3617 5305 3674 5355 ὲν
3706 5305 3777 5373 τῇ

2209 5401 2367 5472 Ἀσίᾳ
2423 5400 2708 5471 ἡγεμόνων
2743 5399 2893 5471 αὐτῷ
2943 5398 3325 5468 συνεπομένων
3361 5398 3420 5458 ἐς
3461 5394 3585 5455 τοὺς
3617 5393 3773 5448 πολέ-

504 5474 717 5529 bantad
749 5477 1152 5550 subjugandum
1207 5482 1311 5538 sibi
1352 5484 1580 5559 Europae
1632 5491 1944 5563 imperium.
1982 5495 2084 5552 Tot

2201 5513 2337 5567 μους
2381 5474 2584 5564 ἠλαυνε
2632 5492 2689 5545 δὲ
2736 5490 3023 5546 τελευτῶν.
3068 5490 3157 5555 Ὠς
3213 5488 3313 5561 μὲν
3351 5484 3445 5544 οὖν
3506 5485 3777 5558 ’Έλληνες

1782 5640 2030 5703 Νοιυιεο
2083 5638 2491 5718 marginales.

576 5820 619 5854 ³³
652 5825 993 5896 καγχαλασαι
1028 5829 1090 5887 R.
1129 5845 1180 5889 ut
1208 5835 1257 5888 in
1290 5845 1437 5891 cont.
