4130 6440
334 370 407 438 57
1458 373 1564 434 DE
1596 368 2243 439 BEBUS:TUBCICIS
2286 376 2431 439 LIB.
2479 376 2531 437 Ι.
3414 422 3415 425 η
3549 381 3621 445 58

336 487 821 559 κατεστραμμένοι
848 487 1203 555 ἐδεδούλωντο
1256 490 1575 564 ’Δμουράτῃ
1606 491 1686 561 τῷ
1730 491 1928 563 Ὀρχά-

2054 493 2138 548 tibi
2174 493 2394 565 subegit
2423 507 2644 566 gentes,
2680 509 2761 554 tot
2803 501 2868 559 in,
2914 498 3132 566 Europa
3187 496 3357 553 duces
3410 496 3624 566 stipen-

337 598 474 646 νεω,
505 579 602 634 καὶ
631 580 895 652 πρότερόν
929 598 1018 651 μοι
1038 580 1357 653 δεδήλωται,
1394 583 1490 635 καὶ
1513 583 1608 638 νῦν
1637 584 1695 639 δέ
1728 584 1924 639 τοσάδε

2054 585 2193 641 lium
2222 587 2530 657 pendentes
2569 607 2583 642 :
2619 600 2882 661 praeterea
2914 590 3234 646 Grecorum
3258 596 3475 658 gentes,
3498 601 3623 656 qua

340 671 415 724 ἂν
433 671 643 740 λέγοιτο
672 673 728 738 ἐς
752 673 1058 743 ὑπόμνησιν
1101 674 1325 738 ἱκανῶς.

2054 680 2395 750 :ogebantur,
2426 696 2756 752 quocunque
2783 692 3055 737 terrarum
3097 679 3353 744 dixisset,
3378 681 3518 733 Amu
3532 693 3624 731 ra-

344 776 461 820 tem
496 769 817 823 militantem
847 770 1134 841 subsequi.
1194 770 1595 829 Etnmauuelen
1641 790 1773 847 prie.
1819 776 2079 833 omnibus
2145 777 2351 833 Graecis
2431 777 2728 847 plurimum
2782 767 3179 835 delectabatur.
3229 776 3288 832 In
3340 777 3625 833 Amuratis

349 869 672 936 potestatem
704 862 925 919 devenit
955 880 1047 920 rex
1079 863 1376 937 Mysiorum
1426 867 1716 938 Drageses,
1772 868 1927 926 Zarci
1969 870 2116 926 ﬁlius
2151 888 2166 925 :
2198 887 2303 927 nec
2331 887 2438 927 non
2480 872 2797 941 Pogdanus,
2866 874 2960 944 qui
3004 870 3312 942 RhodOpen
3387 869 3625 941 imperio

347 954 585 1009 tenebat.
643 955 945 1013 Accessere
996 959 1162 1014 etiam
1242 960 1298 1015 in
1362 961 1628 1017 ditionem
1700 973 1757 1017 et
1813 964 1905 1019 alii
1980 964 2233 1036 Europwi
2286 966 2481 1032 duces,
2547 968 2911 1024 Triballorum
2968 969 3248 1032 videlicet,
3302 967 3624 1022 Grmcorum

340 1059 397 1105 et
422 1051 783 1109 Albanorum.
824 1052 921 1108 [lis
958 1057 1218 1112 omnibus
1253 1058 1489 1128 imperio
1520 1075 1621 1116 suo
1672 1061 1911 1119 admetis
1950 1064 2119 1118 etiam
2168 1064 2392 1120 Asianis
2446 1065 2687 1122 ducibus
2747 1067 3003 1137 stipatus,
3045 1068 3306 1133 deinceps
3342 1062 3627 1135 quoslibet

343 1144 491 1199 bello
520 1145 791 1205 lacessere
819 1150 1036 1206 statuit.
1068 1148 1243 1207 Graeci
1274 1168 1383 1221 quo
1424 1163 1588 1224 pacto
1630 1171 1697 1212 ex
1753 1172 1921 1228 regno
1964 1158 2019 1212 in
2069 1146 2390 1218 servitutem
2422 1163 2750 1228 ceciderint,
2810 1164 2922 1233 jam
2987 1171 3114 1217 ante
3183 1158 3622 1232 explanavimus.

338 1239 613 1298 Praedicta
633 1262 779 1300 nunc
807 1245 1047 1301 breviter
1078 1248 1133 1302 in
1163 1250 1495 1305 memoriam
1549 1266 1809 1308 revocare
1832 1254 2004 1322 iurat.
2052 1301 2058 1310 .

426 1338 682 1409 Ἰωάννης
730 1340 842 1410 γὰρ
885 1341 1009 1395 ἐπεί
1054 1360 1117 1395 τε
1177 1345 1411 1415 κατέσχε
1460 1347 1563 1417 τὴν
1617 1346 1921 1417 βασιλείαν,

338 1433 649 1498 συνελάσας
693 1435 742 1469 ⁸⁸
797 1438 1261 1508 Καντακουζηνῦν
1310 1439 1404 1494 τὸν
1470 1442 1709 1514 πρόσθεν
1765 1444 1924 1514 βασι·

335 1528 571 1582 λεὺοντα
614 1526 915 1599 Ἑλλήνων,
950 1531 1009 1595 ἐς
1046 1534 1152 1592 τὴν
1180 1530 1517 1603 Ναξηραίων
1564 1535 1799 1598 δίαιταν,
1835 1537 1925 1588 tvo

2102 1351 2347 1409 Joannes
2366 1355 2431 1409 ad
2454 1354 2606 1424 regni
2626 1354 2998 1423 gubernacula
3019 1351 3641 1417 evectus,Cantacuzeo'

2031 1463 2187 1512 num,
2206 1458 2610 1504 antecessorem
2634 1447 3126 1512 suum,Naxareum
3148 1446 3267 1502 sive
3288 1443 3623 1499 monachum

2034 1541 2151 1596 ﬁeri
2169 1542 2453 1611 compulit.
2480 1540 2684 1596 Deinde
2705 1556 2832 1596 cum
2859 1540 3329 1595 animadverteret
3353 1553 3442 1592 res
3476 1534 3626 1590 Tur-

337 1620 495 1690 εώρα
527 1636 595 1689 γε
618 1622 689 1676 τὰ
710 1622 974 1692 Τούρκων
998 1625 1310 1695 πράγματα
1332 1628 1426 1681 ἐπὶ
1468 1629 1609 1699 μέγα
1645 1629 1927 1701 χωροῦντα

2054 1647 2221 1687 :orum
2246 1631 2552 1688 incredibili
2579 1632 2765 1701 augeri
2790 1647 3082 1692 successu.
3117 1631 3392 1700 navigavit
3430 1630 3483 1684 in
3515 1629 3629 1683 Ita—

340 1716 656 1784 δυνάμεως,
679 1717 1034 1773 ἀπέπλευσεν
1059 1720 1118 1782 ἐς
1155 1720 1415 1776 Ἰταλίαν.
1444 1722 1559 1776 Καὶ
1603 1723 1802 1794 πρῶτα
1833 1724 1933 1793 μὲν

2060 1726 2193 1782 iam.
2227 1725 2417 1782 Primo
2452 1725 2588 1780 adiit
2621 1723 2882 1789 Venetos,
2909 1734 3170 1780 oraturus
3202 1724 3488 1779 auxilium.
3524 1722 3629 1779 Ubi

344 1810 442 1862 ἐπὶ
473 1810 725 1875 Ἐνετοὺς
758 1814 1124 1882 τραπόμενος,
1176 1812 1500 1887 ἐπικουρίας
1534 1818 1635 1887 μὲν
1669 1817 1827 1872 οὐδέν
1850 1835 1935 1872 τοι

347 1899 505 1964 ἀξίας
533 1902 697 1972 λόγου
734 1904 936 1975 τυχὼν,
970 1908 1288 1965 ἐδανείσατο
1343 1913 1630 1982 χρήματα,
1685 1915 1746 1968 ἐν
1790 1907 1837 1984 ᾧ
1882 1912 1925 1946 ⁵⁸

343 1990 488 2061 ἔχων
522 1993 615 2046 ἐπὶ
663 1995 756 2048 τὸν
787 1997 1061 2062 Γαλατίας
1112 2002 1158 2034 δ’
1213 2002 1441 2072 βασιλέα
1484 2004 1730 2061 ἀπιέναι.
1781 2007 1928 2070 Ἀφί-

341 2102 476 2139 κετο
502 2088 604 2156 μὲν
630 2088 725 2141 οὖν
748 2093 845 2146 καὶ
870 2091 964 2145 ἐπὶ
989 2093 1037 2126 ⁸⁸
1058 2096 1185 2158 τοὺς
1214 2096 1439 2161 λοιποὺς
1458 2098 1568 2153 τῶν
1593 2099 1735 2169 πρὸς
1768 2100 1938 2155 ἐατέ’

347 2196 451 2249 ραν
476 2181 773 2250 ἡγεμόνας,
800 2184 1055 2254 δεόμενός
1089 2204 1150 2241 τι
1180 2190 1530 2259 ἐπικουρίας.
1569 2192 1668 2246 καὶ
1701 2192 1940 2247 ἀποπει-

354 2272 603 2341 ρώμενος
658 2276 735 2335 dic
786 2272 901 2332 οἷόν
927 2296 987 2332 τε
1020 2281 1260 2349 μάλιστα
1311 2282 1485 2352 αὐτῷ.
1536 2284 1742 2354 Παριόν
1778 2285 1828 2319 ⁸⁸
1876 2303 1938 2340 τε

356 2365 455 2417 ἐπὶ
486 2366 595 2419 τῶν
620 2368 846 2422 Κελτῶν
895 2370 1148 2441 βασιλέα,
1213 2374 1487 2427 κατέλαϐε
1544 2374 1645 2444 μὲν
1679 2375 1749 2430 τὰ
1799 2376 1942 2431 οίκοι

356 2456 511 2525 αὐτῷ
549 2458 892 2530 διεφθορότα,
946 2465 1037 2517 καὶ
1086 2466 1234 2519 πάνυ
1266 2464 1324 2519 at
1371 2466 1568 2538 έχοντα
1622 2469 1937 2540 μοχθηρῶς,

353 2551 538 2618 τυχεῖν
566 2551 803 2618 οὐδενδ;,
837 2551 915 2607 ὦν
934 2555 1097 2610 ἕνεκα
1113 2557 1348 2626 ἀφίκετο
1373 2559 1466 2614 ἐπὶ
1498 2559 1755 2624 Ἰταλίαςι
1774 2562 1946 2616 Ἐπα-

352 2641 487 2695 νιὼν
518 2642 577 2696 δὲ
604 2647 895 2711 ἐπὀίκου,
936 2648 1014 2712 ὡς
1047 2651 1286 2718 ἐγένετο,
1326 2654 1470 2707 κατὰ
1503 2654 1633 2717 τοὺς
1671 2654 1941 2722 Ἐνετοὺς,

353 2736 455 2786 καὶ
488 2736 551 2789 τὸ
582 2736 797 2791 δάνειον
824 2741 927 2793 οὐκ
955 2738 1104 2811 εἶχεν
1160 2742 1570 2814 ἀπαιτούμενος
1602 2744 1944 2812 ἀποδιδόναι,

351 2828 383 2882 ὃ
411 2830 751 2897 ἐδανείσατο,
780 2832 964 2887 ἀπιὼν
999 2836 1094 2889 ἐπὶ
1123 2835 1399 2890 Γαλατίαν
1441 2838 1509 2903 ⁸³,
1535 2838 1840 2911 κατεσχέθη
1884 2857 1945 2894 τε

2037 1834 2162 1874 cum
2182 1835 2319 1889 paru
2334 1835 2385 1873 ιιι
2406 1821 2599 1875 auxilii
2622 1832 2772 1875 esset
2787 1829 3145 1883 consecutus,
3166 1829 3387 1891 accepta
3428 1834 3456 1872 a
3476 1818 3629 1871 fene-

2040 1914 2325 1970 ratoribus
2344 1928 2539 1983 magna
2567 1913 2813 1984 pecuniae
2833 1913 3241 1979 vi,decrevitad
3264 1913 3452 1968 Galliae
3478 1911 3633 1967 abire

2041 2024 2246 2079 regem,
2260 2008 2373 2063 Nec
2387 2009 2573 2063 omisit
2586 2009 2827 2078 reliquos
2842 2007 3156 2064 Occidentis
3171 2006 3469 2078 principes,
3490 2020 3631 2075 quos

2039 2114 2233 2155 omnes
2264 2114 2429 2169 quam
2455 2100 2693 2154 maxime
2722 2099 3063 2154 sollicitabat
3119 2097 3185 2152 ad
3218 2097 3488 2152 auxilium
3540 2095 3624 2149 fe—

2039 2189 2295 2246 rendum.
2324 2189 2463 2244 Cum
2502 2190 2749 2244 venisset
2771 2190 2839 2243 ad
2897 2187 3179 2243 Gallorum
3243 2202 3428 2257 regem
3488 2185 3630 2257 (22),

2042 2285 2209 2340 etiam
2236 2285 2405 2354 huius
2434 2298 2523 2338 res
2554 2282 2697 2338 bello
2719 2291 2774 2338 et
2807 2280 3082 2337 seditione
3106 2279 3303 2349 agitari
3337 2279 3540 2341 cernit,
3567 2287 3626 2331 et

2043 2377 2342 2434 admodum
2366 2378 2593 2432 adversa
2629 2377 2707 2431 uti
2737 2376 2981 2431 fortuna.
3042 2372 3156 2428 Nec
3192 2372 3416 2427 interim
3475 2368 3637 2441 quid-

2043 2489 2210 2544 quam
2250 2470 2439 2527 auxilii
2488 2471 2544 2526 in
2594 2470 2752 2525 italia
2803 2471 2947 2524 tulit.
3009 2466 3268 2523 Reditum
3324 2452 3636 2529 maturans,

2044 2581 2170 2622 cum
2225 2563 2466 2620 venisset
2520 2561 2802 2627 Venetias,
2862 2575 2972 2615 non
3028 2561 3207 2627 potuit
3257 2571 3455 2612 usuras
3514 2556 3636 2625 ejus

2047 2659 2217 2718 sortis
2277 2657 2594 2719 exsolvere,
2659 2669 2824 2724 quam
2876 2667 2906 2706 a
2977 2647 3384 2706 feneratoribus
3444 2653 3638 2700 mutuo

2047 2757 2357 2823 acceperat.
2396 2747 2759 2804 Profecturus
2795 2745 2926 2801 inde
2956 2743 3009 2798 in
3034 2742 3333 2803 Galatiam.
3384 2746 3639 2794 retentus

2047 2850 2135 2899 est
2166 2857 2196 2897 a
2220 2841 2470 2905 Venetis,
2514 2854 2624 2894 non
2662 2836 2978 2895 sinentibus
2996 2850 3121 2890 eum
3152 2833 3349 2902 pedem
3402 2845 3638 2900 usquam

354 2925 529 2979 αὐτοῦ
558 2925 668 2980 ὑπὸ
701 2928 938 2983 Ἐνετῶν
976 2930 1038 2984 οὐ
1076 2931 1421 3003 μεθιεμένων
1466 2933 1630 2988 αὐτὸν
1675 2933 1948 2989 ἀποπλιῐν

2054 2936 2224 3001 ferre,
2248 2934 2425 2989 donec
2456 2931 2829 2989 satisfecisset
2869 2925 3260 2983 creditoribus.
3311 2921 3409 2976 His
3468 2921 3641 2975 rebus

354 3019 565 3084 οἴκαδε,
598 3020 765 3091 ἄχρις
794 3019 866 3076 ἂν
934 3021 1012 3093 μὴ
1054 3024 1248 3096 ἐκτίσῃ
1297 3025 1359 3079 τὸ
1407 3023 1571 3098 χρέος
1598 3027 1712 3091 τοίς
1776 3025 1952 3082 δανει-

2057 3027 2277 3091 anxius,
2308 3024 2460 3080 misit
2498 3022 2827 3095 Byzantium
2885 3019 2950 3075 ad
2975 3016 3383 3087 ’gAndronicum
3442 3013 3638 3076 filium,

361 3116 545 3177 σταῖς.
592 3114 654 3168 '0
699 3114 759 3171 δέ
785 3114 845 3168 έν
903 3117 1114 3188 ἀπορίᾳ
1167 3118 1485 3188 γενόμενος,
1524 3117 1860 3190 ἐπιπέμπων
1891 3120 1951 3184 ἐς

2054 3119 2140 3175 cui
2164 3132 2394 3189 regnum
2426 3118 2805 3181 commiserat,
2830 3126 3034 3183 rogans
3078 3118 3140 3166 ut
3164 3108 3456 3179 pecuniam
3488 3119 3643 3160 com-

356 3209 666 3274 Βυζάντιον
698 3212 854 3281 παρὰ
896 3211 1244 3280 ’Δνδρόνικον
1275 3212 1371 3266 τὸν
1404 3214 1573 3267 παῖδα
1624 3212 1796 3268 αὐτοῦ
1828 3215 1952 3266 htt-

356 3303 754 3372 τετραμμένον
777 3302 880 3375 τὴν
912 3302 1217 3375 βασιλείαν,
1273 3307 1432 3376 ἠξίου
1485 3309 1749 3380 χρήματα
1801 3306 1954 3372 tetu-

362 3396 533 3464 ρόντα
561 3395 671 3449 ἀπό
700 3411 761 3448 τε
793 3395 907 3449 τῶν
937 3396 1103 3467 ίερῶν
1128 3397 1456 3467 κειμηλίων,
1489 3398 1585 3450 καὶ
1635 3396 1814 3450 ἄλλων
1843 3397 1953 3449 τῶν

367 3487 518 3539 κατὰ
546 3486 644 3556 τὴν
673 3487 873 3559 ἀρχὴν,
903 3487 1122 3559 πέμψαι
1167 3489 1220 3542 οἱ
1251 3490 1434 3553 ἱκανὰ,
1467 3488 1738 3543 ἀπολῦσαι
1767 3488 1953 3555 αὐτὸν,

376 3580 476 3633 καὶ
510 3579 583 3649 μὴ
613 3581 877 3649 περιιδεῖν
906 3581 1070 3636 αὐτὸν
1101 3584 1161 3635 ἐν
1179 3582 1399 3654 φυλακῇ
1424 3581 1579 3650 ὄντα,
1612 3583 1758 3638 πάνυ
1782 3582 1955 3636 πολὺν

372 3672 675 3742 διατρίϐειν
712 3674 929 3745 χρόνον.
984 3674 1045 3727 '0
1081 3675 1182 3747 μὲν
1232 3671 1329 3730 οὖν
1380 3656 1721 3748 Ἀνδρόνίκος
1760 3680 1821 3731 ἐν
1846 3677 1958 3732 ὀλι-

371 3767 556 3837 γωρίᾳ
584 3768 827 3822 ἐποιεῖτο
853 3767 926 3821 τὰ
963 3769 1353 3839 ἐπεσταλμένα
1381 3771 1555 3842 αὐτῷ,
1587 3765 1675 3825 οἵα
1703 3774 1832 3843 περὶ
1855 3771 1955 3843 τὴν

365 3860 659 3932 βασιλείαν
701 3860 1165 3932 μαλακιζόμενος,
1206 3862 1303 3917 καὶ
1337 3862 1416 3933 τῷ
1474 3866 1661 3938 πατρὶ,
1699 3865 1762 3918 οὐ
1808 3868 1977 3919 πάνυ

364 3969 451 4005 τοι
496 3953 898 4023 ἀρεσκόμενος,
964 3953 1304 4007 ἐπιστέλλων
1361 3954 1593 4023 ἔφασκε,
1655 3956 1792 4027 μήτε
1830 3958 1958 4021 τοὺς

366 4044 645 4116 Ἕλληνας
692 4049 1023 4115 ἐπιτρέπειν
1075 4046 1228 4117 αὐτῷ
1275 4047 1518 4117 χρῆσθαι
1594 4051 1710 4112 τοῖς
1764 4049 1956 4120 ιεροῖς,

367 4138 510 4207 μήτε
539 4137 705 4192 αὐτὸν
724 4137 970 4194 ἄλλωθὲν
1026 4137 1196 4192 ποθεν
1259 4133 1375 4193 οἷόν
1426 4141 1477 4192 τ’
1504 4135 1651 4194 εἶναι
1694 4142 1962 4212 χρήματα

362 4232 638 4301 ἐξευρεῖν,
671 4230 895 4284 ἐκέλευέ
926 4248 988 4284 τε
1017 4230 1153 4303 ἄλλῃ
1192 4232 1566 4302 τραπόμενον,
1622 4232 1698 4304 μὴ
1732 4233 1958 4303 διαμέλ-

362 4325 482 4378 λειν
501 4322 768 4389 κήδεσθαι
795 4323 1022 4389 ἑαυτοῦ,
1043 4324 1191 4386 ὅπως
1210 4324 1277 4378 ἄν
1298 4323 1591 4380 ἀπολύοιτο
1611 4325 1706 4380 τοῦ
1732 4328 1954 4399 χρέους.

375 4417 802 4489 Ἐμμανουῆλος
833 4417 889 4472 δέ
947 4419 976 4471 ὁ
1009 4417 1277 4488 νεώτερος
1311 4417 1579 4483 βασιλέως
1634 4391 1788 4486 παῖς,
1819 4439 1956 4475 πυν-
1985 4391 2038 4450 D

361 4509 668 4581 θεινόμενος
721 4510 841 4573 οἵας
879 4510 1131 4581 ἀνάγκης
1193 4510 1429 4579 ἀφίκετο
1487 4512 1515 4566 ὁ
1550 4512 1738 4584 πατὴρ
1788 4513 1957 4568 αὐτοῦ

364 4603 629 4674 βασιλεὺς
650 4601 758 4656 ὑπὸ
792 4601 1047 4670 Ἐνετῶν,
1068 4602 1247 4673 εὑρὼν
1271 4603 1557 4673 χρήματα,
1594 4607 1691 4659 καὶ
1723 4608 1960 4677 πορισά-

368 4713 540 4767 μενος
572 4697 676 4749 ὅσα
703 4695 962 4766 ἠδύνατο,
995 4697 1079 4750 ὅτι
1135 4697 1371 4768 τάχιστα
1422 4697 1597 4767 ἐπέϐη
1663 4700 1813 4771 νηὸς,
1866 4706 1962 4758 καὶ

359 4788 666 4854 διαπλέων,
692 4790 753 4853 ἐς
778 4790 877 4859 τὴν
905 4789 1144 4845 Ἐνετῶν
1167 4791 1325 4845 πόλιν
1354 4790 1609 4861 ἀερίκιτο,
1640 4792 1713 4846 τά
1735 4810 1795 4847 τε
1818 4795 1958 4864 χρή·

365 4898 527 4954 ματα
556 4884 760 4955 φέρων,
781 4882 1035 4937 ἀπέδωκε
1061 4884 1141 4955 τῷ
1173 4885 1347 4954 πατρὶ
1376 4885 1481 4937 ὅσα
1511 4883 1811 4957 ἐπορίσατο
1823 4887 1964 4941 κατὰ

359 4979 477 5046 τὴν
502 4976 753 5048 Θέρμην,
783 4976 982 5048 ἥντινα
1011 4978 1417 5049 ἐπετέτραπτο,
1446 4980 1543 5033 καὶ
1559 4979 1964 5035 καταλέλειπτο

363 5070 791 5141 ἐπιτροπεύειν.
834 5073 931 5126 καὶ
957 5071 1156 5127 ἑαυτὸν
1180 5072 1237 5125 δὲ
1274 5073 1427 5139 ἄγων
1477 5075 1775 5145 παρείχετο
1830 5077 1968 5147 χρῆ-

368 5165 509 5219 σθαι
538 5164 619 5233 τῷ
656 5164 855 5235 πατρὶ,
879 5165 909 5218 ὅ
934 5181 988 5219 τι
1010 5163 1082 5217 ἂν
1106 5165 1373 5233 βούλοιτο,
1427 5167 1520 5220 καὶ
1568 5167 1634 5220 τὸ
1670 5169 1780 5221 ἀπὸ
1810 5168 1965 5223 τοῦδε

366 5255 693 5328 ᾠκειῶσθαι
728 5255 1147 5327 Ἐμμανουῆλον
1192 5256 1273 5327 τῷ
1301 5259 1471 5328 πατρὶ
1513 5260 1571 5322 ές
1622 5258 1691 5312 τὰ
1725 5258 1964 5330 μάλιστα

2052 3218 2295 3283 pararet,
2332 3220 2442 3266 tam
2480 3223 2549 3265 ex
2593 3206 2989 3265 ecclesiasticis
3050 3218 3215 3276 quam
3275 3217 3343 3257 ex
3414 3197 3642 3269 reliquis

2053 3304 2206 3377 regni
2240 3303 2521 3359 thesauris
2553 3317 2570 3356 :
2597 3316 2769 3372 quam
2813 3299 3014 3356 deinde
3056 3298 3122 3353 ad
3157 3312 3217 3353 se
3273 3297 3538 3367 mitteret,
3585 3300 3646 3345 ut

2054 3414 2116 3455 se
2149 3413 2181 3454 a
2212 3396 2586 3454 creditoribus
2609 3394 2886 3450 redimere
2928 3392 3107 3463 possit
3139 3408 3154 3444 :
3181 3404 3281 3445 nec
3311 3405 3370 3444 se
3394 3386 3643 3457 neglige-

2054 3502 2160 3558 ret,
2180 3492 2294 3563 jam
2321 3490 2486 3560 longo
2516 3499 2761 3557 tempore
2817 3486 2874 3541 in
2903 3498 3133 3541 carcere
3185 3490 3467 3552 agentem.
3531 3479 3648 3532 An-

2055 3586 2322 3642 dronicus
2349 3584 2436 3640 bis
2465 3583 2706 3653 cognitis
2741 3595 2935 3651 parum
2985 3576 3234 3632 animqu
3297 3573 3645 3637 intendebat,

2056 3695 2182 3734 cum
2211 3679 2378 3734 nimis
2436 3690 2607 3745 regno
2646 3674 2912 3748 gauderet
2962 3680 3283 3742 patremque
3312 3667 3642 3739 despiceret.

2056 3775 2312 3830 Attamen
2356 3772 2407 3827 ei
2445 3769 2689 3825 nuntiari
2712 3767 2872 3839 jubet
2901 3765 3127 3822 Grrecos
3180 3762 3327 3819 nolle
3376 3758 3645 3816 concede-

2058 3884 2140 3936 re,
2174 3875 2231 3921 ut
2263 3880 2457 3922 sacros
2489 3864 2786 3918 thesauros
2839 3858 3069 3929 diripiat
3101 3875 3115 3912 :
3145 3868 3249 3911 nec
3304 3869 3364 3909 se
3417 3849 3643 3905 aliunde

2060 3974 2266 4019 tantam
2295 3960 2545 4032 pecuniae
2565 3957 2676 4011 vim
2708 3956 2819 4028 26
2845 3952 3145 4011 corradere
3177 3963 3364 4023 posse.
3395 3943 3638 4000 Proinde

2060 4056 2109 4111 si
2147 4055 2393 4124 seipsum
2423 4050 2706 4122 negligere
2736 4049 2896 4110 nolit,
2928 4046 3039 4100 alio
3065 4059 3127 4100 se
3176 4051 3359 4098 vertat
3380 4039 3445 4093 ad
3473 4052 3647 4109 pecu-

2062 4150 2209 4203 niam
2238 4147 2700 4220 parandam,quo
2728 4159 2788 4200 se
2815 4142 3057 4198 liberare
3086 4150 3228 4193 nexu
3284 4134 3484 4206 possit.
3517 4132 3651 4187 Em-

2063 4242 2280 4299 manuel
2316 4242 2464 4296 illius
2489 4241 2640 4312 regis
2658 4240 2875 4307 junior,
2900 4251 3027 4290 cum
3049 4233 3358 4289 audivisset
3389 4229 3443 4285 in
3467 4243 3651 4299 quan-

2064 4349 2173 4390 tam
2205 4336 2594 4391 necessitatem
2619 4346 2777 4402 pater
2808 4347 2944 4386 suus
2987 4343 3081 4383 rex
3147 4342 3175 4379 a
3213 4324 3440 4381 Venetis
3498 4331 3651 4378 esset

2068 4430 2320 4490 adactus,
2352 4426 2587 4481 collecta
2619 4435 2674 4480 et
2701 4433 2900 4479 exacta
2928 4434 3095 4491 quam
3135 4417 3372 4472 maxima
3404 4414 3654 4484 pecunias

2063 4521 2141 4586 vi,
2170 4526 2362 4574 navem
2401 4515 2729 4572 conscendit
2763 4531 2780 4570 :
2828 4525 3159 4581 summaque
3187 4508 3468 4565 celeritate
3493 4522 3650 4570 usus,

2064 4611 2218 4666 venit
2242 4607 2524 4664 Venetias.
2550 4605 2846 4662 Pecuniam
2896 4616 3143 4665 onmem,
3178 4613 3341 4669 quam
3396 4604 3657 4667 exegerat

2066 4703 2338 4767 Thermte,
2368 4700 2458 4756 cui
2502 4700 2627 4755 urbi
2658 4695 2913 4769 regendae
2975 4693 3272 4765 praefectus
3323 4699 3463 4753 erat,
3512 4688 3658 4757 patri

2065 4795 2288 4850 obtulit.
2323 4792 2591 4850 Praeterea
2621 4791 2871 4862 seipsum
2930 4800 3153 4858 quoque
3207 4784 3350 4855 patri
3399 4781 3655 4846 tradidit,

2077 4893 2136 4942 ut
2170 4902 2229 4942 se
2257 4901 2357 4956 pro
2396 4884 2629 4940 arbitrio
2654 4891 2923 4939 uteretur.
2948 4878 3064 4934 Hoc
3089 4878 3293 4934 factum
3325 4875 3662 4930 Emmanue-

2072 4979 2178 5034 lem
2208 4979 2349 5051 patri
2376 4987 2434 5035 et
2465 4979 2853 5034 charissimam
2888 4982 2944 5029 et
3001 4971 3502 5028 familiarissimum
3532 4969 3659 5022 red-

2073 5073 2263 5128 didit:
2304 5081 2359 5126 at
2431 5072 2663 5128 alterum
2718 5069 2918 5132 lilium,
2993 5082 3193 5137 nempe
3257 5064 3658 5124 Andronicum,

2072 5167 2463 5223 incitatissimo
2486 5166 2686 5222 eximie
2709 5163 2836 5219 odio
2868 5160 3302 5232 persequebatur
3331 5173 3348 5223 ;
3370 5154 3517 5228 quod
3537 5169 3661 5208 eum

2084 5262 2217 5318 hinc
2274 5261 2540 5333 originem
2618 5256 2968 5328 sumpsisset,
3055 5253 3392 5327 pertinacius
3444 5247 3667 5307 inhaesit

1660 5425 1914 5488 Notuiaa
1965 5428 2374 5506 marginales.

456 5581 568 5654 (22)
600 5582 649 5640 Is
679 5588 801 5637 erat
822 5580 1059 5637 Carolus
1084 5577 1180 5646 Vl,
1218 5593 1364 5634 anno
1391 5556 1597 5636 Christi
1631 5580 1792 5638 illi.

440 5775 490 5808 “
518 5774 781 5842 ἐξελάσας
807 5774 861 5827 in
890 5772 973 5829 ed.
1005 5781 1061 5826 ut
1096 5773 1148 5825 in
1179 5789 1229 5826 ι’.
1308 5771 1349 5803 ⁸⁸
1378 5770 1473 5838 νῷ.
1507 5772 1567 5832 R.
1603 5785 1655 5831 ut
1691 5787 1827 5833 cont.
1916 5779 1957 5810 "
1988 5776 2237 5840 Γαλλίας.

371 5862 600 5905 meant.
680 5848 726 5880 "
755 5846 1008 5901 Γαλλίαν.
1035 5844 1119 5901 AI.
1150 5856 1203 5899 ut
1235 5846 1283 5897 in
1320 5852 1465 5898 cont.

2321 5775 2366 5807 "
2396 5775 2577 5846 μέντοι
2604 5772 2697 5829 καὶ
2865 5770 2907 5801 ⁸⁸
2935 5762 3143 5839 παριών
3178 5780 3235 5819 τε
3273 5764 3361 5820 καὶ
3398 5761 3460 5819 Β.
3489 5763 3574 5821 Al.
3605 5773 3669 5820 »αι
