4130 6436
472 372 547 434 63

1586 379 1895 441 LAONICI
1939 383 2609 447 CHALCOCONDYLE

3641 383 3716 451 64

471 485 689 541 defessa
724 487 986 555 plurimos
1031 489 1272 545 illustres
1304 491 1472 546 duces
1504 501 1561 546 et
1593 509 1750 562 reges
1799 496 1852 548 in
1881 497 2042 552 rebus

2147 500 2360 560 σιλέων,
2387 505 2484 553 καὶ
2514 503 2687 571 πάντη
2721 502 3047 566 ἁοκνότατός
3076 520 3136 555 τε
3164 503 3262 556 καὶ
3291 501 3710 562 σπουδαιότατος

473 578 728 647 gerendis
785 580 1046 634 anteibat.
1102 577 1296 634 Omnia
1345 583 1425 637 sic
1474 586 1917 653 aggrediehatur,
1985 597 2042 642 ut

436 719 439 727 .
475 671 611 723 nihil
636 685 825 724 eorum
852 687 972 739 qua:
1021 673 1336 727 necessaria
1391 672 1600 742 forent,
1632 677 2070 747 negligentibus-

474 761 774 815 outitteret.
812 760 1068 829 Majorem
1112 763 1394 818 hominum
1424 768 1626 821 caedem
1653 769 1800 832 fecit,
1869 786 2036 838 quam

471 867 662 905 omnes
687 852 772 906 sui
800 863 1203 909 antecessores.
1242 857 1506 912 Subditos
1534 860 1770 912 maxima
1820 863 2041 930 regebat

473 959 787 996 sermonum
813 945 1075 1012 aequitate
1101 955 1158 1000 et
1199 949 1479 1004 comitate.
1517 949 1723 1003 Ducum
1758 951 1884 1007 ﬁliis
1915 968 2041 1006 cou-

471 1037 792 1089 versabatur
833 1052 998 1101 quam
1050 1041 1512 1095 moderatissimc.
1581 1042 2038 1112 Expeditissiutus

470 1126 570 1178 fuit
602 1127 667 1180 ad
698 1128 1082 1183 honorandum
1107 1143 1158 1184 et
1185 1134 1624 1203 compellandnm
1653 1137 1826 1190 virum
1847 1154 2038 1207 quem-

467 1219 619 1274 libet.
658 1218 890 1273 Maxima
917 1223 966 1276 vi
1000 1223 1262 1290 praeditus
1292 1226 1393 1279 fuit
1433 1228 1498 1281 ad
1523 1229 1906 1284 cohortandos
1934 1231 2038 1284 tui-

467 1310 871 1378 litutuanituos,
898 1313 941 1365 si
967 1315 1212 1382 prmlium
1233 1317 1530 1388 iucundum
1563 1319 1774 1388 fuerat;
1801 1321 2039 1377 maxima

464 1410 581 1455 erat
610 1403 730 1472 ejus
763 1403 816 1456 in
853 1406 1018 1460 rebus
1046 1385 1300 1475 gerendis
1345 1411 1720 1473 vehementia,
1777 1413 1916 1467 adeo
1980 1423 2039 1468 ut

465 1508 699 1563 semper,
755 1492 976 1564 quando
1056 1513 1251 1554 manus
1331 1511 1782 1566 consererentnr,
1837 1505 2038 1572 ubique

468 1593 843 1652 praestoesset.
874 1588 1112 1658 Aspectu
1137 1606 1246 1645 nou
1281 1590 1487 1655 torvus,
1516 1610 1701 1647 verum
1729 1594 1878 1650 mitis
1895 1605 2034 1660 erat,

469 1694 836 1750 sermoneque
866 1680 1284 1738 blandissimus.
1325 1684 1580 1740 Peccanti
1644 1687 1850 1741 nullam
1909 1687 2042 1742 deli-

467 1778 681 1823 ctorum
739 1772 1082 1826 concedebat
1153 1773 1590 1843 impunitatem;
1657 1792 1846 1831 verum
1913 1793 2038 1831 eum

469 1862 680 1916 meritis
699 1862 1022 1931 subjiciebat
1055 1864 1256 1934 pomis.
1289 1865 1574 1922 Sermonis
1607 1876 1730 1922 crat
1782 1867 2044 1938 parcissi-
2074 1851 2116 1907 θ

469 1969 611 2008 ιιιιιε.
649 1954 1018 2010 Confirmasse
1049 1955 1223 2009 fertur
1251 1971 1359 2025 prae
1387 1958 1616 2028 reliquis
1671 1960 1893 2029 generis
1946 1959 2039 2014 sui

469 2047 693 2115 regibus
715 2047 1125 2118 jusjurandum.
1189 2047 1328 2105 Hinc
1382 2065 1505 2104 cum
1558 2051 1779 2120 plurimi
1844 2063 2041 2106 contra

470 2145 648 2212 ipsum
677 2142 1049 2200 audacissime
1087 2143 1458 2214 insurgerent,
1486 2144 1840 2198 existimasse
1896 2145 2037 2197 nihil

469 2236 698 2302 periculi
721 2243 1051 2306 accepturos
1078 2255 1092 2303 ;
1121 2238 1264 2307 quod
1300 2248 1482 2292 tamen
1508 2236 1724 2306 cognita
1759 2234 1880 2300 ejus
1941 2250 2042 2305 po-

467 2329 635 2381 tentia
665 2343 826 2384 secus
857 2329 1079 2384 accidit.
1111 2329 1246 2381 Eum
1287 2329 1378 2398 qui
1410 2344 1469 2383 se
1498 2326 1786 2398 magnifice
1847 2325 2042 2381 eﬂ'erc-

466 2420 557 2473 bat
587 2427 640 2473 ct
673 2418 743 2473 ob
774 2419 827 2472 id
860 2417 1250 2474 contumacius
1276 2417 1581 2479 resisteret,
1617 2425 1882 2485 praeterea
1918 2431 2042 2471 eum

466 2511 558 2579 qui
588 2510 799 2581 aliquid
834 2511 888 2564 iu
922 2511 1104 2580 ipsum
1162 2510 1511 2580 deliquisset,
1545 2524 1895 2580 nequaquam
1948 2509 2042 2562 la:-

467 2603 585 2656 titia
619 2602 834 2656 ebrium
872 2601 1101 2656 dimisit.
1137 2599 1274 2657 Cum
1328 2599 1473 2655 foret
1503 2600 1620 2656 suis
1679 2601 1763 2656 vel
1808 2599 2044 2654 maxime

465 2693 818 2759 metuendus,
859 2700 1104 2746 attamen
1141 2697 1353 2745 certum
1399 2699 1482 2746 est
1507 2707 1631 2745 eum
1661 2691 1783 2761 plus
1839 2690 2044 2746 favoris

465 2801 628 2856 quam
665 2785 903 2855 reliquos
934 2785 1103 2839 duces
1148 2799 1338 2840 omnes
1373 2783 1516 2854 apud
1549 2799 1680 2839 suos
1702 2783 2039 2839 obtinuisse.

464 2877 544 2931 Ne
566 2877 690 2946 quis
727 2877 893 2946 igitur
923 2875 1270 2946 persuadeat,
1301 2875 1446 2945 quod
1510 2875 1599 2930 hic
1625 2875 1728 2940 vir,
1763 2875 1810 2930 si
1872 2873 2044 2929 armis

465 2969 739 3038 appetitus
817 2967 1070 3024 fuisseta
1128 2968 1350 3024 Temire
1411 2967 1552 3040 (26),
1593 2968 1833 3037 pessime
1896 2967 2044 3022 istud

463 3061 664 3132 Ltellum
694 3062 1162 3118 administrasset.
1195 3060 1504 3132 Pugnasset
1543 3061 1749 3117 etenim
1793 3060 2036 3119 fortiter,

479 3151 518 3209 ἤ
549 3155 595 3208 si
633 3167 744 3208 non
773 3153 974 3212 victor.
998 3167 1101 3208 nec
1148 3162 1331 3207 tamen
1351 3153 1532 3208 victus
1592 3155 1699 3209 isto
1728 3167 1794 3208 ex
1853 3151 2042 3221 praelia

461 3245 818 3301 excessisset.
850 3245 1052 3317 Pugnae
1086 3245 1231 3300 enim
1259 3245 1368 3316 29
1395 3247 1574 3302 locum
1635 3246 1895 3316 elegisset
1944 3261 2041 3314 op-
2070 3243 2114 3268 ’λ

461 3345 784 3405 portunum,
829 3337 882 3391 in
916 3352 1026 3406 quo
1058 3352 1166 3391 non
1190 3335 1352 3393 facile
1409 3337 1554 3392 vinci
1592 3338 1884 3408 potuisset.
1943 3336 2047 3392 Te-

464 3428 620 3483 miris
649 3438 835 3483 autem
861 3428 1167 3483 exercitum
1198 3427 1480 3484 hostiliter
1541 3429 1922 3492 accedentem,
1980 3441 2042 3485 ut

462 3521 630 3585 ferro,
665 3521 981 3589 ubicunque
1009 3519 1236 3575 occasio
1282 3535 1343 3576 se
1368 3519 1634 3582 dedisset,
1690 3519 2038 3584 decerneret,

462 3617 797 3683 gravissima
864 3614 1018 3671 clade
1064 3615 1363 3671 affecisset.
1419 3615 1693 3671 Defuncto
1750 3615 2041 3680 Amurate,

462 3708 736 3762 Orchauis
759 3707 891 3772 tilio,
921 3708 1059 3776 regii
1091 3717 1348 3777 satrapas,
1374 3708 1470 3778 qui
1499 3706 1694 3765 Januis
1742 3716 2040 3778 praeerant,

463 3799 762 3866 Pajaziteu,
797 3800 1083 3854 Amuratis
1122 3799 1296 3854 filium
1352 3800 1660 3871 juniorem,
1727 3801 1782 3854 in
1807 3798 2044 3869 imperio

463 3907 658 3962 magno
695 3908 972 3948 consensu
1008 3892 1311 3948 collocant.

2151 596 2208 655 ἐς
2244 593 2442 648 πάντα.
2471 594 2696 646 Πάντων
2726 594 2784 646 δὲ
2812 595 3190 660 ἐφαπτόμενος
3218 593 3494 646 οὐδοτιοῦν
3524 593 3714 659 παρίει

2148 685 2440 738 ὑπόλοιπον
2473 685 2582 737 τῶν
2613 683 2949 751 πράττεσθαι
2972 685 3242 752 δεομένων
3267 701 3281 716 ·
3309 683 3402 736 καὶ
3435 683 3526 734 ἐπὶ
3553 682 3718 750 φόνον

2148 775 2338 828 ἐλάσαι
2378 775 2634 844 μέγιστον
2663 775 2728 845 δὴ
2775 775 2885 826 τῶν
2917 775 3023 844 πρὸ
3061 774 3227 827 αὑτοῦ
3277 774 3546 844 βασιλέων
3575 776 3714 842 ἀκοῇ

2148 866 2591 935 παρειλήφαμεν.
2639 865 2816 932 Λόγου
2870 865 3056 933 μέντοι
3109 865 3385 933 ἐπιεικείᾳ
3432 863 3717 933 χρώμενον

2147 961 2204 1021 ἐς
2229 960 2297 1011 τὰ
2335 959 2572 1026 μάλιστα
2603 960 3011 1028 προσφέρεσθαι
3047 960 3162 1020 τοῖς
3195 974 3254 1010 τε
3289 955 3393 1010 ὑπὸ
3436 957 3591 1024 χεῖρα
3622 955 3718 1006 αὑ-

2145 1050 2262 1112 τοῦ,
2287 1049 2381 1101 καὶ
2414 1051 2526 1112 τοῖς
2556 1051 2840 1118 ἡγεμόνιον
2874 1049 3059 1101 παισὶν
3083 1048 3158 1110 ὡς
3187 1049 3554 1117 μετριώτατα.
3605 1047 3717 1099 Καὶ

2146 1143 2378 1212 τιμῆσαι
2407 1142 2463 1194 δὲ
2490 1142 2658 1212 ἄνδρα
2679 1142 2932 1204 ἕκαστον,
2959 1141 3054 1193 καὶ
3076 1141 3400 1210 προσειπεῖν
3427 1138 3712 1204 ἑτοιμότασ

2145 1249 2258 1295 τος,
2296 1234 2386 1285 καὶ
2417 1235 2542 1293 τοὺς
2579 1232 2699 1301 μεθ’
2725 1231 2922 1285 ἑαυτοῦ
2955 1231 3235 1300 ἐξοτρῦναι
3276 1231 3355 1290 εἰς
3400 1231 3579 1297 μάχην
3605 1229 3712 1280 δει-

2146 1325 2389 1386 νότατοςο
2418 1324 2654 1394 χρῆσθαι
2684 1327 2796 1386 τοῖς
2818 1341 2879 1376 τε
2909 1324 3199 1394 πράγμασι
3228 1321 3399 1373 δεινὸν
3425 1319 3713 1386 ἁπανταχῆ

2146 1415 2444 1481 γενόμενος
2466 1410 2534 1483 ἦν
2633 1415 2817 1480 φασιν,
2847 1415 3008 1466 ὁπότε
3055 1412 3186 1464 ἴοιτο
3235 1412 3330 1463 ἐπὶ
3367 1410 3551 1478 μάχην
3575 1425 3587 1440 ο
3617 1427 3713 1477 κα-

2148 1506 2283 1575 ρίιις
2311 1523 2370 1557 τε
2403 1505 2530 1558 ἰδεῖν
2562 1507 2656 1558 καὶ
2692 1504 3108 1563 ἐπιεικέστατος
3140 1503 3219 1562 εἰς
3255 1501 3316 1553 τὸ
3347 1499 3712 1565 διαλέγεσθαι.

2147 1599 2256 1649 Καὶ
2293 1595 2385 1648 τὸν
2421 1594 2522 1664 μὲν
2555 1594 2733 1648 ὁτιοῦν
2785 1594 3164 1663 ἐξαμαρτόντα
3203 1589 3528 1658 ἐτιμωρεῖτο
3559 1588 3717 1655 ἀφει-

2147 1690 2403 1751 δέστατα,
2438 1689 2534 1740 καὶ
2564 1685 3052 1756 προσδιαλέγεσθαι
3083 1683 3476 1754 μετριώτατος.
3509 1681 3715 1748 Ἐμπε-

2146 1782 2271 1834 δοῦν
2300 1781 2518 1850 λέγεται
2549 1779 2638 1832 τὸν
2683 1780 2845 1847 ὅρκον
2885 1776 3077 1841 αὑτοῦ,
3119 1776 3357 1844 μάλιστα
3390 1774 3446 1826 δὲ
3481 1774 3587 1825 τῶν
3619 1772 3718 1823 τοῦ

2147 1875 2334 1942 γένους
2362 1873 2554 1927 τούτου
2583 1871 2869 1944 βασιλέων.
2909 1871 3020 1924 Καὶ
3053 1869 3281 1930 πολλοὺς
3308 1866 3397 1919 διὰ
3421 1865 3596 1919 ταῦτα
3621 1865 3718 1918 αὒ-

2146 1969 2271 2020 τὶκα
2325 1966 2504 2019 ἵεσθαι
2546 1968 2604 2027 ἐς
2657 1965 2819 2017 αὑτὸν
2865 1961 3229 2032 θαρροῦντας,
3267 1957 3559 2029 μηδοτιοῦν
3607 1957 3717 2009 olo-

2149 2062 2346 2127 μένους
2393 2056 2680 2109 πείσεσθαι
2719 2052 2978 2124 χαλεπὴν,
3011 2051 3180 2122 πρινὴ
3223 2052 3281 2113 ἐς
3318 2051 3509 2118 χεῖρας
3553 2045 3718 2099 αὐτοῦ

2147 2149 2426 2212 ἐλθόντας,
2462 2145 2852 2217 διαπειρᾶσθαι
2895 2146 2996 2214 τῆς
3046 2143 3328 2210 δυνάμεως
3379 2140 3564 2193 αὐτοῦ.
3607 2137 3719 2190 Ka‘.

2142 2237 2232 2287 τόν
2253 2255 2316 2305 γε
2343 2235 2791 2308 μεγανρονοῦντα
2816 2235 2911 2288 καὶ
2937 2233 3331 2302 αὐθαδέστερον
3362 2230 3511 2300 αὐτῷ
3543 2241 3715 2296 προσ-

2143 2330 2464 2402 φερόμενον,
2490 2329 2579 2382 τόν
2615 2345 2678 2396 γε
2729 2331 2786 2390 ἐς
2847 2327 3011 2380 αὐτὸν
3047 2325 3225 2377 ὁτιοῦν
3259 2320 3720 2391 πεπλημμεληκό-

2143 2443 2233 2487 τα,
2274 2426 2474 2492 μηκέτι
2537 2422 2798 2491 χαίροντα
2829 2419 3292 2472 ἀπαλλάττεσθαι.
3333 2414 3722 2483 Φοὸερὼτατον

2143 2517 2200 2569 δὲ
2232 2515 2526 2583 γενόμενον
2558 2517 2669 2577 τοῖς
2715 2513 2804 2582 ὑφ’
2851 2513 3001 2580 αὑτῷ
3036 2511 3335 2579 φιλεῖσθαι,
3382 2508 3619 2578 μάλιστα
3663 2504 3722 2557 δὲ

2145 2609 2434 2678 ἡγεμόνων
2465 2607 2783 2675 ἐπυθόμεθα
2809 2605 2994 2658 αὐτόν.
3022 2605 3184 2655 Ὥστε
3224 2602 3363 2673 μηδὲ
3397 2599 3580 2661 κακῶς
3610 2599 3719 2650 οἶε-

2146 2699 2270 2751 σθαι
2296 2697 2369 2761 ὡς
2403 2697 2469 2766 ἣν
2500 2697 2594 2750 ἐπὶ
2630 2697 2778 2749 τόνδε
2810 2696 2899 2748 τὸν
2933 2694 3101 2764 ἄνδρα
3143 2691 3499 2763 ἐστρατεύετο
3529 2691 3717 2758 Τεμή-

2149 2809 2246 2861 ρης
2279 2791 2306 2842 ὁ
2345 2791 2625 2862 βασιλεὺς,
2666 2789 2741 2858 μὴ
2772 2789 2838 2842 ἂν
2865 2787 3007 2841 οὕτω
3047 2787 3363 2856 φαυλότατα
3407 2784 3599 2837 θέσθαι
3625 2784 3721 2834 τὸν

2145 2885 2384 2952 πόλεμον
2406 2899 2419 2913 ο
2469 2882 2642 2952 ἀλλ’ἢ
2678 2881 3056 2951 μαχεσάμενον
3092 2878 3411 2951 περιφανῶς
3446 2877 3522 2947 μὴ
3565 2892 3722 2942 περι-

2145 2977 2440 3046 γενόμενον
2474 2969 2570 3028 toﬁ
2603 2973 2999 3043 Τεμήρεω,’μὴ
3029 2973 3212 3042 μέντοι
3251 2969 3384 3040 μηδὲ
3413 2968 3718 3038 ἡττηθῆναι

2147 3067 2390 3136 ἑλομένῳ
2438 3055 2620 3136 χώραν
2670 3065 2726 3126 ἐς
2786 3064 2846 3116 τὸ
2902 3061 3368 3132 διαμαχέσασθαι,
3397 3061 3520 3113 καθ’
3545 3060 3614 3128 ἢν
3649 3058 3718 3111 ἂν

2151 3156 2228 3226 μὴ
2257 3155 2499 3226 ἡττῷντο
2540 3153 2759 3225 ῥᾳδίως,
2795 3153 2828 3223 ἢ
2869 3155 2942 3222 μὴ
2990 3151 3375 3221 μαχεσάμενον
3405 3149 3619 3218 μεγάλα
3648 3147 3716 3200 ἂν

2152 3247 2353 3318 βλάψαι
2386 3247 2476 3298 τὸν
2508 3246 2778 3316 Τεμήρεω
2813 3244 3082 3315 βασιλέως
3125 3243 3358 3314 στρατὸν
3402 3241 3719 3308 ἐπιιέμενον

2153 3340 2326 3409 αὐτῷ.
2358 3340 2451 3392 καὶ
2482 3339 2880 3408 ἐπιτιθέμενον,
3020 3335 3172 3402 αὖτῷ
3230 3335 3568 3405 προχωροίη.
3629 3331 3720 3393 Ὠς

2155 3434 2253 3504 μὲν
2300 3432 2394 3486 οὖν
2446 3432 2804 3504 ἐτελεύτησεν
2843 3430 3190 3502 Ἀμουράτης
3227 3430 3256 3480 ὁ
3299 3429 3594 3498 Ὀρχάνεω,
3622 3427 3726 3480 αὖ·

2149 3527 2278 3581 τίκα
2303 3528 2354 3578 οἱ
2375 3527 2434 3578 ἐν
2462 3527 2583 3588 ταῖς
2611 3524 2822 3594 Θύραις
2851 3526 3007 3587 ὄντες
3038 3522 3132 3576 τοῦ
3169 3522 3518 3591 ’Δμουράτευ
3545 3521 3724 3588 ἁρμο-

2151 3621 2276 3674 σταὶ
2330 3619 2650 3689 Παιαζήτην
2685 3619 2779 3674 τὸν
2817 3617 3084 3688 νεώτερον
3115 3615 3285 3670 αὑτοῦ
3336 3613 3500 3667 παῖδα
3555 3628 3721 3666 κατε·-

2150 3713 2425 3784 στήσαντο
2461 3710 2708 3783 βασιλέα.

1778 4001 2028 4066 Νοιιιίω
2065 4003 2470 4083 marginales.

537 4131 648 4200 (96)
685 4131 765 4184 Al.
797 4130 1130 4185 Tamcrlaue.
