4130 6422
368 358 475 427 199

1448 353 1546 414 DE
1585 350 1841 413 REBUS
1879 343 2242 407 TURCICIS
2281 342 2436 401 LIB.
2478 340 2555 399 Π.

3507 329 3608 397 110

369 493 563 550 μενος,
601 471 698 525 καὶ
720 472 820 540 τὴν
845 470 1125 542 ἡμετέραν
1157 468 1458 537 Θρησκείαν
1496 470 1591 521 ἐπὶ
1614 466 1678 519 τὸ
1715 467 1942 534 ἄμεινον

2049 464 2162 511 stes
2183 466 2399 510 nostros
2421 453 2683 509 severiter
2702 450 3000 511 vindicare,
3038 456 3094 504 at
3135 449 3343 505 amicos
3356 460 3410 505 et
3427 452 3609 507 socios

369 566 661 636 καθιστᾷς.
703 562 790 625 Ὠς
818 563 876 615 δέ
905 562 1079 633 ταύτῃ
1111 578 1193 614 σοι
1217 562 1330 631 ἔχει
1367 560 1550 623 καλῶς
1575 560 1703 620 τοὺς
1724 555 1936 627 ἡμετέ-

375 678 508 731 ρους
541 658 839 728 ἀμύνεσθαι
894 655 1211 724 πολεμίους,
1243 653 1368 717 τούς
1413 670 1475 720 γε
1508 652 1725 720 φίλους,
1753 666 1810 702 τε
1841 647 1938 701 καὶ

375 751 737 822 ἐπιτηδείους,
761 750 857 802 καὶ
892 750 949 811 ἐς
973 748 1040 801 τὰ
1065 746 1300 815 μάλιστα
1330 745 1674 815 καθημένους
1705 743 1777 808 ⁶¹,
1803 743 1937 811 ἡμῖν

378 842 668 913 πολεμίους
691 838 993 899 ποιεῖσθαι,
1032 838 1165 907 μηδέ
1191 838 1416 900 ἀδικεῖν,
1469 834 1585 888 ἀλλ’
1630 836 1683 897 ἐς
1713 832 1938 894 τούτους

374 936 476 1005 μὲν
501 931 789 1003 μηδοτιοῦν
820 930 1150 999 ἐκφέρεσθαι
1178 929 1348 982 κακὸν
1404 927 1710 989 κάκείνους.
1747 925 1849 978 Ἦν
1881 924 1938 975 δὲ

370 1025 447 1094 ί·ιῆ
485 1026 544 1085 ὲς
588 1024 716 1085 τοὺς
764 1021 1076 1091 ὁμοφύλους
1125 1019 1448 1088 ἐπιτηδείως
1505 1019 1654 1089 ἔχῃς,
1707 1018 1822 1078 πῶς
1871 1016 1939 1070 ἂν

365 1122 480 1180 τοῖς
520 1116 807 1186 πολεμίοις
848 1114 1347 1184 προσφέροιςςΔιὰ
1374 1112 1548 1166 ταῦτα
1587 1112 1652 1181 δὴ
1702 1109 1940 1172 κελεύει,

363 1212 470 1280 τήν
499 1227 560 1262 τε
590 1208 767 1280 ἀρχὴν
801 1210 916 1266 τοῖς
947 1210 1007 1261 ἐν
1029 1209 1098 1279 τῇ
1125 1207 1285 1276 Ἀσίᾳ
1324 1204 1619 1275 ἡγεμόσιν.
1652 1206 1718 1274 ἣν
1745 1203 1941 1271 ἀφελό-

366 1319 536 1373 μενος
587 1301 758 1371 ἐχεις,
790 1299 1107 1363 ἀποδοῦναι,
1162 1298 1451 1369 μηδοτιοῦν
1501 1298 1941 1366 παραϐαίνοντας

364 1393 478 1447 τῶν
510 1394 665 1464 σφίσι
694 1394 830 1463 πρὸς
859 1392 965 1462 τὴν
997 1395 1097 1460 σὴν
1141 1391 1316 1463 ἀρχὴν
1373 1391 1775 1461 ἐσπεισμένων.
1833 1390 1943 1444 Καὶ

360 1488 547 1541 ταῦτα
572 1486 760 1550 ποιῶν,
793 1485 993 1554 ἐκείνῳ
1020 1502 1079 1537 τε
1120 1488 1309 1555 χαριῇ,
1341 1488 1435 1537 καὶ
1464 1483 1527 1537 τὸ
1584 1485 1641 1537 ἐν
1672 1486 1738 1554 τῇ
1783 1482 1942 1554 Ἀσίᾳ

359 1578 548 1645 γένος,
576 1579 669 1629 καὶ
700 1578 757 1630 ἐν
784 1580 851 1648 τῇ
884 1576 1146 1645 Εὐρώπῃ.
1188 1578 1350 1647 χάριν
1381 1575 1703 1645 εἰσομένους
1740 1594 1821 1630 σοι
1853 1576 1942 1630 διὰ

360 1668 545 1722 τοῦτο.
597 1669 661 1721 Et
691 1669 750 1722 δέ
806 1686 861 1721 τι
919 1670 1069 1739 παρὰ
1118 1669 1217 1732 τὰς
1267 1668 1538 1741 συνθήκας
1585 1672 1945 1739 πεποιημένοι

365 1755 499 1823 εἷεν,
533 1760 915 1829 ἐπετράποντο
940 1760 1121 1832 διαίτῃ
1168 1760 1246 1832 τῷ
1278 1762 1488 1832 βασιλεῖ
1536 1761 1786 1835 Τεμῆρῃ,
1824 1766 1881 1827 ἐς
1916 1764 1945 1817 ὃ

2041 548 2203 602 nobis
2226 545 2709 616 eonjunctissimos
2730 557 3074 612 nequaquam
3098 541 3349 596 inimicos
3364 551 3415 596 et
3436 543 3623 599 hostes

2041 640 2251 695 facere:
2273 652 2373 693 nec
2399 640 2565 693 etiam
2591 638 2807 705 injuriis
2824 637 3078 701 obruere,
3109 649 3296 690 verum
3334 634 3620 691 beneﬂciis

2042 746 2139 786 eos
2164 731 2258 786 tibi
2288 730 2553 785 obnoxios
2594 729 2819 783 reddere
2854 729 3145 782 aunitaris.
3167 725 3226 781 Si
3257 729 3400 782 enim
3425 741 3616 795 parum

2043 820 2231 877 dextre
2246 835 2373 890 erga
2392 829 2513 875 tuos
2530 819 2756 875 aﬂ'ectus
2781 820 2972 885 fueris,
2993 821 3268 889 quomodo
3290 821 3474 873 hostes
3490 833 3616 872 cum

2043 911 2211 981 gloria
2235 911 2484 965 domabis
2506 910 2862 980 iouaproptet
2887 909 3051 963 edicit
3068 924 3161 962 rex
3182 907 3451 971 Temires,
3476 908 3621 961 Asia:

2047 1003 2335 1072 imperium
2371 1003 2604 1057 ducibus
2631 1003 2944 1071 ademptum
2980 1003 3262 1062 restituas.
3329 1016 3452 1054 cum
3483 1000 3618 1053 nilid

2044 1094 2349 1149 semiudum
2386 1110 2447 1147 ea
2480 1111 2601 1164 qua:
2630 1095 2803 1163 pactis
2835 1101 3227 1153 convenerant.
3262 1092 3313 1145 in
3383 1106 3614 1159 regnum

2046 1196 2198 1241 tuum
2232 1186 2587 1256 deliquerint.
2618 1185 2674 1240 Si
2725 1186 3210 1255 obtemperaveris,
3236 1183 3432 1237 feceris
3483 1182 3615 1235 mihi

2047 1292 2157 1332 rem
2190 1278 2579 1347 gratissimam,
2609 1292 2708 1332 nec
2732 1292 2840 1333 nou
2875 1278 3056 1333 Asiam
3112 1276 3491 1345 Europamque
3527 1274 3616 1328 in-

2043 1369 2372 1435 colentibus,
2411 1371 2502 1443 qui
2536 1372 2632 1425 tibi
2663 1371 2866 1437 gratias
2915 1376 3079 1438 agi-nt
3130 1367 3490 1421 immortales.
3519 1364 3615 1419 Sin

2045 1471 2229 1515 autem
2258 1462 2387 1530 quid
2419 1476 2611 1516 contra
2634 1460 2839 1518 hedera
2860 1476 2956 1516 eos
3022 1460 3220 1515 fecisse
3271 1467 3453 1530 putas.
3503 1456 3615 1528 regi

2046 1553 2278 1609 Teuiirse
2319 1555 2438 1626 ejus
2493 1556 2574 1611 rei
2624 1556 2895 1626 judicium
2962 1553 3321 1619 mandarunt,
3386 1551 3615 1605 subituri

2047 1651 2614 1723 pmttasinjuriarnm,
2646 1652 2694 1705 si
2732 1649 3094 1719 quaeillorum
3154 1649 3209 1703 in
3260 1656 3316 1702 te
3377 1655 3617 1710 exstant,

2049 1756 2408 1811 quascunque
2438 1742 2812 1813 imperaverit.
2847 1742 3142 1812 Pajazitem
3181 1746 3489 1795 memorant
3518 1752 3620 1792 cte-

365 1869 420 1906 τι
462 1853 527 1905 ἂν
561 1853 745 1922 λέγοις
805 1854 895 1906 ὑπ’
930 1854 1110 1907 αὐτῶν
1158 1855 1482 1925 ἠδικῆσθαι.
1530 1855 1636 1907 Τὸν
1699 1860 1795 1925 μέν
1848 1851 1942 1909 οὖν

2047 1842 2161 1887 tera
2190 1849 2297 1889 non
2327 1837 2514 1906 iniquo
2537 1835 2745 1899 animo.
2773 1852 2894 1906 qua:
2915 1836 2983 1890 ab
3008 1835 3202 1905 legatis
3223 1831 3616 1893 aﬂ'erebantur,

367 1942 693 2014 Παιαζήτην
720 1944 1054 2014 διακηκοότα
1108 1945 1327 2012 λέγεται
1362 1946 1469 1999 τῶν
1535 1947 1821 2017 πρέσϐεων
1874 1947 1944 2001 τὰ

368 2034 475 2104 μὲν
507 2034 641 2088 ἄλλα
676 2037 738 2086 οὐ
767 2033 1048 2104 χαλεπῶς,
1079 2034 1410 2104 ἀχθεσθῆναι
1464 2036 1521 2089 δέ
1584 2036 1729 2105 μάλα
1776 2038 1944 2088 ἐπιει-

366 2127 485 2189 κῶς
520 2125 607 2179 διὰ
628 2125 727 2192 τὴν
755 2126 980 2196 ἐσθῆτα,
1006 2126 1100 2180 καὶ
1132 2127 1208 2198 μὴ
1257 2128 1648 2199 ἀνασχόμενον,
1680 2131 1854 2182 εἰπεῖν
1887 2130 1944 2191 ἐς

367 2222 497 2281 τοὺς
524 2220 823 2288 πρέσϐεις·
878 2217 1278 2288 ’Δπαγγείλατε
1331 2220 1511 2274 τοίνυν
1567 2223 1644 2292 τῷ
1688 2222 1942 2292 ὑμετέρῳ

379 2312 611 2381 βασιλεῖ,
631 2311 703 2374 ὠς
733 2310 925 2381 ἔμοιγε
957 2312 1347 2381 ἀγωνιζομένῳ
1379 2313 1522 2384 ὑπέρ
1549 2331 1607 2367 τε
1634 2314 1730 2366 τοῦ
1761 2315 1940 2383 ἥρωος

375 2404 517 2473 πρὸς
548 2406 667 2467 τοὺς
694 2404 825 2473 ύμῖν
851 2403 1300 2474 πολεμιωτάτους
1334 2406 1497 2475 χάριν
1528 2405 1594 2459 ἂν
1642 2407 1843 2475 εἰδείης
1876 2407 1939 2460 σύ

373 2513 434 2549 τε
465 2497 626 2549 καὶοὶ
657 2496 717 2548 ἐν
751 2499 818 2566 τῇ
842 2496 1020 2568 Ἀσίᾳ,
1078 2497 1214 2565 πρὸς
1262 2495 1364 2568 τὴν
1397 2498 1674 2570 ἡμετέραν
1703 2515 1941 2568 τετραμ-

366 2591 527 2659 μένοι
558 2590 885 2661 υρησκείαν.
923 2589 1035 2643 Καὶ
1066 2590 1128 2644 σέ
1148 2607 1209 2643 τε
1261 2591 1383 2645 ἀντὶ
1421 2590 1518 2644 τοῦ
1581 2592 1760 2646 ὁτιοῦν
1809 2595 1940 2662 ἡμῖν

364 2684 772 2756 συλλαμϐάνειν
811 2688 868 2749 ἐς
894 2687 986 2739 τὸν
1017 2686 1288 2758 ἠμετέρον
1318 2685 1508 2741 τοῦτον
1541 2688 1751 2757 ἀγῶνα,
1774 2693 1941 2758 στρά-

358 2782 548 2848 τευμά
586 2795 645 2832 τε
676 2781 770 2833 καὶ
819 2780 1077 2850 χρήματα
1103 2781 1512 2850 ἐπιπέμποντα,
1541 2782 1644 2836 οὐκ
1673 2781 1739 2837 ἄν
1768 2785 1941 2838 δέοιτο

359 2871 433 2942 δὴ
489 2870 717 2924 τοιαῦτα
799 2870 932 2940 ἡμῖν
992 2870 1362 2941 ἐξηγούμενον
1437 2872 1936 2942 συμδουλεύεσθαι-

364 2962 729 3032 ἀφαιρεῖσθαι
763 2962 817 3017 δέ
846 2962 1189 3034 πειρώμενον
1242 2962 1452 3034 χώραν,
1504 2964 1594 3036 ἠν,
1629 2982 1940 3038 καταστρε-

358 3057 611 3126 ψάμενος
639 3056 765 3119 τοὺς
795 3055 919 3124 ἐμοὶ
948 3054 1429 3119 ἐπιϐουλεύοντας,
1458 3055 1590 3129 ἔχω,
1626 3058 1745 3121 πῶς
1768 3059 1834 3112 ἂν
1866 3059 1942 3113 εί-

358 3147 517 3217 δείης
544 3148 706 3215 χάριν
737 3148 886 3215 ἐμοὶ,
982 3144 1196 3213 ἐφησοα
1228 3145 1430 3200 εἰδέναι
1463 3164 1476 3211 ;
1551 3146 1790 3217 Ἐσοῆτα
1845 3148 1937 3201 τοῦ
1971 3155 2015 3215 c

361 3239 563 3292 λοιποῦ
617 3240 996 3308 ἀπαγγείλατε
1054 3237 1132 3308 τῷ
1178 3238 1390 3308 βασιλεῖ
1441 3238 1519 3308 τῷ
1566 3240 1813 3310 ὑμετέρῳ
1864 3242 1939 3313 μὴ

366 3335 729 3402 ἐπιπέμπειν,
762 3332 879 3386 ἀντὶ
934 3330 1132 3384 ἐαυτοῦ
1183 3330 1244 3382 τὸ
1282 3332 1440 3398 γένος
1498 3334 1592 3385 καὶ
1622 3333 1721 3402 τὴν
1770 3332 1943 3405 τύχην

370 3424 640 3494 ἀμείνονι.

358 3677 366 3684 ﬂ
453 3605 635 3661 Ταυτα
675 3608 748 3669 ὡς
796 3607 1067 3676 ἀνηνέχθη
1102 3609 1252 3676 παρὰ
1300 3605 1527 3675 βασιλέα
1567 3603 1830 3674 Τεμήργρι
1888 3607 1945 3669 ἐς

374 3701 786 3772 Σεμαρχάνδην,
845 3698 1236 3770 τεθυμωμένον
1290 3699 1543 3769 μεγάλως
1600 3699 1664 3769 τῇ
1718 3698 1944 3767 ἐσθῆτος

370 3796 553 3867 ὕϐρει,
584 3794 819 3862 ἄγγελον
851 3794 1067 3860 λέγεται
1102 3791 1437 3862 ἐπιπέμψαι,
1490 3791 1944 3862 προαγορεύοντα

367 3890 472 3957 τήν
521 3904 580 3938 τε
622 3886 796 3956 ἀρχὴν
830 3885 885 3946 ἐς
917 3885 1042 3947 τοὺς
1085 3884 1362 3953 ἡγεμόνας
1412 3884 1588 3936 ὀπίσω
1627 3882 1942 3944 ἀποδοῦναι,

371 3982 469 4032 ιαί
504 3979 579 4048 μὴ
611 3981 711 4046 τὴν
744 3975 1005 4047 ταχίστην
1036 3976 1350 4045 διαμέλλειν
1380 3990 1395 4005 ·
1425 3976 1475 4029 εί
1522 3976 1580 4028 δὲ
1614 3975 1711 4046 μὴ,
1762 3978 1947 4046 περιό-

367 4070 570 4140 ψεσεαι
598 4069 673 4129 ὡς
710 4068 994 4132 πολέμιον.
1029 4065 1248 4136 Ταύτην
1282 4066 1343 4121 δὲ
1398 4067 1499 4135 τὴν
1541 4066 1698 4135 δίκην
1736 4066 1946 4137 ἔφασαν

370 4163 542 4216 αὑτὸν
569 4162 795 4231 βασιλέα
824 4159 1096 4229 Τεμήρην
1150 4159 1493 4226 ἐπιδικάσαι,
1525 4158 1600 4221 ὡς
1624 4160 1944 4231 ἠδικημένοι

368 4272 431 4308 τε
460 4250 571 4307 εἷεν
599 4255 648 4306 οἱ
681 4253 918 4324 Τούρκοι
947 4251 1219 4321 ἡγεμόνες
1244 4251 1335 4302 ὐπ’
1361 4250 1526 4304 αὐτοῦ
1563 4252 1626 4321 δὴ
1651 4250 1743 4305 τοῦ
1776 4254 1944 4306 Παια-

370 4348 578 4418 ζήτεω,
607 4346 706 4399 καὶ
743 4346 819 4416 μὴ
851 4345 1122 4416 περιιδεῖν
1145 4345 1370 4406 αὐτοὺς,
1410 4344 1810 4415 ἐστερημένους
1848 4345 1945 4413 τῆς

370 4439 527 4507 σφῶν
563 4439 762 4508 ἀρχῆς,
800 4437 1141 4506 περινοστεῖν
1189 4434 1331 4488 κατὰ
1379 4433 1479 4498 τὴν
1520 4433 1724 4499 Ἀσίαν,
1766 4436 1945 4507 Τεμή-

2046 1927 2406 1992 anscultasse,
2459 1942 2644 1981 verum
2676 1932 2913 1999 graviter
2945 1926 3212 1981 oil'ensum
3243 1939 3367 1981 esse
3393 1936 3619 1977 munere

2045 2019 2234 2081 vi-stis,
2276 2033 2439 2086 quam
2472 2017 2719 2075 Temires
2751 2022 2997 2074 miserat.
3063 2018 3203 2072 Hine
3256 2017 3524 2079 irritatus,
3561 2014 3615 2066 iu

2047 2107 2191 2163 hunc
2223 2111 2441 2163 modum
2479 2113 2829 2181 respondisse
2864 2112 3077 2167 fertur:
3136 2111 3471 2166 Renuntiate
3502 2109 3614 2177 regi

2044 2208 2245 2263 vestro,
2285 2200 2432 2267 quod
2467 2202 2601 2254 milii
2630 2202 2896 2266 Temires,
2930 2218 3030 2257 nec
3067 2218 3178 2256 non
3212 2202 3404 2272 reliqui
3434 2202 3525 2272 qui
3560 2201 3613 2255 in

2042 2292 2169 2344 Asia
2184 2294 2400 2362 degunt,
2431 2296 2633 2365 gratias
2652 2306 2844 2366 agunt,
2864 2296 2991 2348 dum
3018 2311 3100 2351 me
3122 2297 3528 2361 incunctanter,
3554 2305 3613 2347 ut

2046 2383 2358 2453 religionem
2386 2396 2627 2442 nostram
2651 2398 2828 2453 tuear,
2905 2388 3155 2444 hostibus
3180 2389 3406 2459 impigre
3441 2403 3613 2457 oppo-

2044 2489 2189 2539 nam,
2219 2494 2303 2533 nte
2319 2480 2611 2534 admodum
2636 2482 2821 2535 mirari
2849 2520 2866 2537 .
2889 2482 2945 2537 lu
2968 2483 3157 2553 primis
3176 2492 3355 2536 autem
3376 2484 3615 2538 adrnira.

2044 2565 2240 2621 tionem
2262 2569 2393 2623 mihi
2422 2569 2602 2637 infert,
2621 2570 2749 2626 dttm
2771 2575 3059 2641 pecuniam
3078 2574 3345 2629 etmilites
3377 2576 3613 2645 reliqua-

2043 2673 2149 2725 que
2165 2660 2232 2714 ad
2256 2661 2360 2716 ista
2375 2665 2671 2719 certamina
2691 2669 2996 2722 necessaria
3010 2667 3167 2722 offert
3186 2686 3202 2724 :
3219 2684 3317 2723 nec
3348 2678 3531 2724 tamen
3558 2670 3612 2725 in

2044 2753 2427 2821 hujuscemodi
2449 2759 2668 2825 negotio
2686 2773 2715 2810 a
2736 2760 2983 2828 partibus
3015 2762 3222 2817 nostris
3243 2769 3392 2816 stare
3422 2761 3616 2832 depre-

2046 2847 2321 2912 lienditur,
2355 2863 2539 2903 verum
2562 2850 2614 2903 in
2636 2864 2720 2905 me
2744 2851 2960 2904 hostilia
2985 2852 3303 2919 meditatur,
3325 2854 3615 2909 adimenda

2042 2939 2339 3008 regionem,
2370 2957 2532 3010 quam
2564 2957 2686 2998 meo
2711 2953 2906 3008 marte,
2933 2945 3161 2999 devictis
3209 2947 3537 3003 adversariis
3560 2958 3616 3002 et

2045 3029 2465 3088 insidiatoribus
2494 3036 2654 3101 meis,
2710 3037 2765 3091 in
2800 3045 3128 3107 potestatem
3178 3052 3355 3094 meam
3426 3042 3612 3111 redegi

2044 3132 2098 3178 et
2129 3127 2408 3195 possideo.
2445 3127 2732 3194 Quomodo
2772 3131 2946 3198 igitur
3000 3132 3134 3186 mihi
3187 3137 3392 3204 gratias
3445 3137 3617 3192 habes

2046 3226 2209 3285 atque
2226 3220 2363 3289 agis,
2395 3224 2854 3291 quemadmodum
2884 3226 3043 3280 modo
3068 3229 3249 3282 verbis
3278 3229 3571 3284 declat-usti
3592 3232 3617 3284 Ἰ

2046 3310 2220 3366 Porro
2251 3316 2396 3383 quod
2427 3316 2493 3369 ad
2522 3330 2723 3371 vestem
2757 3319 2975 3385 attinet,
2997 3304 3106 3391 regi
3135 3332 3318 3377 vestro
3346 3325 3615 3389 nuntiate,

2047 3421 2114 3459 ne
2136 3414 2363 3475 posthac
2385 3419 2434 3463 et
2455 3426 2651 3478 genere
2680 3412 2984 3482 opibusque
3016 3415 3381 3484 praestantiori
3426 3417 3619 3489 hujus-

2046 3500 2190 3551 mudi
2225 3516 2451 3554 munera
2478 3502 2690 3556 mittere
2724 3504 2777 3557 in
2815 3506 3057 3558 animum
3088 3506 3333 3564 inducat.

2118 3591 2243 3645 Hice
2285 3601 2342 3645 ut
2381 3595 2549 3648 relata
2587 3605 2715 3649 sunt
2743 3598 2808 3648 ad
2856 3613 3036 3668 regem
3079 3599 3349 3655 Temirem
3399 3604 3620 3658 Scutar-

2048 3684 2339 3750 cliandam,
2366 3686 2446 3739 ira
2471 3689 2708 3755 graviter
2734 3688 2840 3759 55
2863 3705 3154 3746 accensum
3186 3695 3367 3751 ferunt
3386 3701 3617 3756 vestitus

2048 3778 2400 3843 contumelia,
2429 3790 2480 3832 et
2510 3780 2693 3834 statim
2730 3783 2879 3835 misit
2904 3798 3208 3852 praeconem
3268 3791 3357 3858 qui
3383 3791 3620 3861 impera~

2049 3874 2154 3929 ret,
2188 3882 2255 3921 ne
2284 3870 2685 3937 quamprimum
2712 3871 2946 3927 ducibus
2977 3876 3268 3946 imperiutn
3330 3884 3621 3938 restituere.

2047 3959 2260 4014 dubitet
2286 3978 2302 4015 :
2327 3976 2384 4014 se
2408 3963 2553 4016 enim
2589 3961 2670 4018 sic
2718 3963 3053 4022 decrevisse.
3109 3968 3203 4022 Sin
3242 3987 3435 4041 parere
3465 3991 3620 4031 recu-

2050 4055 2210 4117 sarit,
2232 4069 2291 4109 se
2324 4054 2504 4124 ipsum
2534 4070 2634 4124 pro
2654 4054 2808 4111 hoste
2837 4058 3173 4117 habiturum.
3200 4062 3437 4121 Causam
3470 4069 3617 4125 illam

2049 4147 2382 4214 disceptavit
2418 4161 2514 4202 res
2543 4146 2820 4214 'l‘emires,‘
2853 4163 3019 4221 atque
3076 4156 3238 4210 talem
3290 4163 3618 4219 sententiam

2050 4238 2202 4293 dedit
2234 4257 2250 4294 :
2279 4240 2586 4293 Turcorum
2627 4239 2801 4296 duces
2829 4241 3050 4309 injuriis
3108 4262 3137 4300 a
3195 4247 3438 4319 Pajazite
3493 4271 3619 4310 esse

2051 4332 2297 4387 aﬂectos.
2330 4330 2574 4386 Proinde
2597 4348 2657 4388 se
2678 4334 2851 4403 ipsos,
2888 4347 3016 4390 dum
3078 4339 3188 4392 vita
3219 4341 3450 4409 fruatur,
3476 4347 3620 4403 haud

2052 4425 2427 4494 neglecturum
2466 4440 2628 4493 vagos
2693 4429 2951 4484 aberrare
3009 4446 3105 4495 per
3160 4434 3368 4502 Asiam,
3422 4452 3622 4500 exutos

373 4548 489 4601 ρεω
518 4529 598 4582 ἔτι
627 4527 928 4598 περιόντος.
960 4527 1066 4578 Τὸν
1114 4526 1171 4578 δὲ
1221 4524 1544 4596 [lataijqu
1608 4527 1944 4580 ὑπολαϐόντα

2053 4529 2220 4583 regno
2244 4530 2363 4569 suo.
2393 4515 2656 4583 Pajazites
2691 4522 2944 4574 nuntium
2992 4536 3116 4575 eum
3178 4525 3491 4594 hujusmodi
3535 4549 3621 4588 re-

369 4628 428 4685 e;
459 4623 551 4675 τὸν
584 4622 815 4689 ἄγγελον
843 4620 1009 4687 φάναι
1031 4634 1045 4648 ⁸
1082 4619 1142 4670 Εἰ
1170 4617 1344 4670 τοίνυν
1373 4616 1447 4688 μὴ
1478 4618 1608 4688 ἐπῖῃ
1662 4619 1944 4688 μαχούμεο

370 4731 462 4775 νος
496 4714 651 4781 ἡμῖν,
675 4714 732 4772 ἐς
764 4710 885 4780 τρὶς
917 4712 1013 4778 τὴν
1044 4708 1241 4760 ἐαυτοῦ
1276 4710 1516 4777 γυναῖκα
1546 4709 1714 4776 ἐχέτω
1742 4708 1948 4761 ἀπολα-

371 4805 511 4857 ϐών.
544 4802 716 4855 Τοῦτο
756 4801 820 4870 δὴ
842 4797 936 4855 οὖν
969 4801 1025 4864 ἐς
1057 4798 1216 4870 ὓϐριν
1261 4802 1417 4869 φέρει
1455 4799 1531 4870 τῷ
1555 4800 1702 4866 γένει
1746 4800 1945 4870 τούτῳ,

370 4898 647 4965 Μεχμέτῃ
710 4893 1042 4963 ἐξορκῶσαι,
1082 4897 1139 4956 ἐς
1177 4894 1298 4960 τρὶς
1330 4892 1432 4964 ἤδη
1497 4892 1792 4946 ἀπολαϐεῖν
1846 4894 1946 4963 τὴν

371 4987 574 5041 ἑαυτοῦ
597 4991 859 5054 γυναῖκα,
889 4988 954 5040 ἂν
989 4987 1065 5056 μὴ
1114 4985 1386 5054 πείθηται.
1452 4985 1621 5038 Τοῦτο
1668 4985 1725 5037 δέ
1774 4987 1943 5049 ἐστιν,

372 5084 463 5133 ὅτι
496 5080 655 5148 νόμος
689 5079 810 5131 ἔστι
835 5079 1070 5141 τούτοις,
1114 5080 1582 5149 ἀποπεμπόμενον
1621 5079 1722 5148 τὴν
1747 5079 1946 5133 ἑαυτοῦ

372 5174 636 5243 γυναῖκα,
694 5171 924 5225 ἕκαστον
956 5171 1345 5240 ἀπαγορεύειν,
1400 5170 1493 5223 τοῦ
1548 5170 1737 5223 λοιποῦ
1790 5167 1946 5234 αὖθις

373 5265 614 5333 ἄγεσθαι
636 5265 691 5326 ἐς
712 5267 778 5317 τὰ
812 5264 990 5316 οἰκεῖα
1009 5279 1023 5294 ·
1045 5264 1120 5325 ὼς
1139 5265 1201 5315 ού
1234 5263 1457 5333 θεμιτὸν
1488 5262 1570 5325 ὃν,
1619 5263 1839 5316 ἐπειδὰν
1891 5266 1949 5326 ἐς

374 5359 527 5427 τρεῖς
554 5354 726 5425 ἔφησε
762 5354 1005 5421 σπλῆνας
1036 5355 1392 5424 διαστήσαιτο
1441 5355 1532 5407 τὸν
1564 5356 1741 5424 γάμον
1799 5355 1949 5425 αὐτῷ

374 5450 404 5499 ὁ
439 5446 599 5516 ἀνὴρ,
629 5447 1014 5517 ἀρνησάμενον
1045 5443 1132 5498 ἔτι
1165 5445 1260 5500 ἐπὶ
1295 5444 1390 5499 τὸν
1426 5447 1589 5498 αὐτὸν
1644 5448 1821 5515 γάμον
1860 5448 1948 5499 ἐλ-

378 5540 515 5604 θεῖν,
540 5543 587 5592 εἰ
628 5540 702 5610 μή
753 5554 839 5601 τις
870 5541 991 5608 τρὶς
1020 5537 1262 5608 σπληνὸς
1290 5538 1347 5601 ἐς
1394 5538 1560 5608 μέσον
1590 5537 1947 5607 structuris-0;.

2051 4619 2253 4674 sponso
2282 4606 2489 4660 dimisit
2525 4607 2823 4664 :Nisicum
2877 4614 3119 4683 exercitu
3184 4616 3470 4675 adversum
3520 4639 3620 4679 nos

2052 4696 2334 4766 procedat,
2358 4713 2551 4767 precor
2586 4710 2645 4752 ut
2676 4717 2900 4757 uxorem
2938 4720 3092 4758 suam
3150 4714 3233 4761 ter
3271 4713 3615 4781 repudiatam

2051 4790 2271 4842 tandem
2312 4790 2507 4845 iterum
2526 4807 2792 4848 assumat.
2826 4795 2939 4848 Hoc
2966 4799 3183 4865 quidem
3211 4807 3383 4863 versit
3408 4809 3459 4862 in
3486 4829 3617 4864 ron-

2052 4883 2331 4936 tumeliam
2367 4883 2694 4953 Turcorum,
2738 4889 2988 4944 videitcet
3044 4902 3128 4946 ter
3179 4912 3405 4955 uxorem
3465 4919 3618 4958 Suam

2057 4976 2321 5045 recipere,
2351 4980 2458 5032 nisi
2517 4981 2930 5046 persuadeatur.
3003 4984 3143 5049 Quia
3196 4989 3361 5060 legem
3419 4993 3621 5049 habent

2058 5067 2243 5129 Turri,
2261 5086 2365 5137 qua
2390 5082 2632 5137 cavetur,
2654 5082 2711 5125 ut
2735 5075 2780 5128 is
2796 5074 2887 5143 qui
2915 5091 3139 5134 uxorem
3169 5081 3416 5148 dimittit,
3441 5089 3622 5141 edieat

2056 5179 2113 5215 Se
2144 5177 2247 5215 noo
2280 5165 2515 5233 amplius
2570 5167 2739 5232 ipsam
2775 5167 2827 5220 in
2861 5181 2959 5223 sua
3009 5172 3402 5232 admissurum.
3451 5181 3621 5241 Quasi

2057 5255 2110 5308 id
2136 5258 2384 5309 iactitare
2434 5257 2578 5309 haud
2625 5256 2709 5311 fas
2759 5261 2853 5324 sit,
2903 5274 3190 5334 postquam
3230 5269 3334 5322 sibi
3388 5272 3455 5323 ad
3512 5279 3623 5327 tres

2022 5346 2275 5426 _splenes
2326 5349 2734 5403 matrimonium
2780 5352 3065 5410 dissidisse
3117 5357 3321 5414 dixerit
3368 5363 3622 5429 maritus,

2059 5455 2316 5494 recusans
2334 5442 2401 5493 ad
2431 5440 2569 5493 idem
2594 5442 2999 5501 matrimonium
3028 5450 3203 5505 redire
3225 5468 3240 5505 :
3259 5453 3364 5506 nisi
3392 5457 3515 5522 quis
3544 5467 3624 5510 ter

2058 5535 2242 5602 splene
2272 5533 2324 5586 in
2364 5533 2604 5586 medium
2639 5537 2990 5606 procedente,
3023 5541 3202 5596 denuo
3229 5543 3391 5597 ducat
3419 5548 3486 5600 ab
3517 5550 3626 5604 alio

1635 5675 1880 5737 Nolulaa
1919 5674 2317 5752 marginales.

458 5808 498 5843 "
531 5804 979 5877 καθισταμένους.
