4130 6430
563 383 671 448 115

612 536 3623 578 mw

1710 394 1907 457 LAON
1923 396 2015 457 [Cl
2060 400 2723 463 CHALCOCONDYLIE

3720 416 3833 479 116

934 624 1830 868 ΛΑΟΝΙΚΟΥ
1904 737 3451 890 ΧΑΛΚΟΚΟΝΔΥΛΟΥ

1895 977 2486 1068 ΑΘΗΝΑΙοΥ

836 1089 1678 1289 ΑΠΟΔΕΙΞΙΣ
1770 1179 2490 1297 ΙΣΤΟΡΙΩΝ
2600 1184 2809 1302 ΤΟ
2922 1188 3522 1306 ΤΡΙΤΟΝ.

1083 1547 1725 1676 LAONICI
1841 1549 3269 1680 CHALCOCONDYLXE

1772 1809 2229 1901 ΑΤΗΕΝΙ
2257 1812 2591 1901 ENSIS

1683 2023 2684 2143 HISTORIARUM

742 2291 931 2440 ,ΒΕ
1051 2288 1520 2443 (illlGINE
1661 2289 1803 2441 At}
1918 2289 2119 2439 ΚΕΗ

2229 2289 2287 2440 s
2419 2289 2817 2444 usus
2932 2277 3541 2497 militum

1597 2583 1974 2684 LIBER
2130 2581 2738 2687 TERTIUS.

929 2769 1314 2835 Tamerlanis
1343 2768 1582 2847 Scytha:
1612 2767 1811 2844 origo,
1851 2758 2234 2824 incrementa
2264 2774 2320 2825 ει
2360 2767 2675 2845 expeditio
2711 2770 3007 2834 adversus
3035 2774 3411 2854 Bajazetem.

622 3034 858 3090 Temiris
905 3029 1180 3102 expeditio
1230 3027 1410 3098 prima
1456 3024 1721 3081 adversus
1776 3022 2108 3083 Sebastiam,

2287 3022 2558 3093 Τεμήρεω
2597 3025 2784 3090 μέντοι
2816 3028 2849 3097 ὴ
2882 3027 3075 3099 πρώτη
3098 3028 3286 3093 ἔλασις
3320 3032 3542 3099 ἐγένετο
3575 3035 3669 3115 ἐπὶ
3705 3036 3826 3089 Σε-

553 3127 911 3199 Cappadoeize
961 3124 1151 3178 urbem
1195 3120 1528 3187 opulentam,
1568 3130 1823 3187 suscepta
1847 3131 1949 3172 est.
1987 3116 2120 3171 Nam

552 3235 678 3277 cum
707 3216 1015 3287 accepisset
1065 3213 1360 3283 Pajazitem
1391 3226 1587 3284 parum
1616 3222 1817 3282 pacato
1837 3225 1965 3266 esse
2003 3208 2121 3264 ani-

553 3327 643 3367 mo
678 3325 808 3381 erga
862 3309 1033 3364 duces
1086 3308 1253 3370 Asiae,
1290 3304 1594 3362 Turcorum
1652 3318 1850 3375 genere
1916 3311 2119 3366 natos.

550 3421 653 3461 nec
679 3404 924 3459 voluisse
956 3417 1080 3456 cum
1118 3401 1206 3455 bis
1232 3401 1286 3453 in
1319 3400 1553 3469 gratiam
1592 3397 1798 3461 redire,
1825 3407 2119 3469 postquam

551 3515 646 3555 eos
676 3511 870 3551 omnes
903 3495 1015 3550 suis
1042 3493 1280 3550 fortunis
1309 3492 1643 3563 expulisset:
1672 3501 1936 3561 praeterea
1968 3508 2117 3562 eum,

549 3589 749 3658 saepius
791 3588 982 3659 legatis
1016 3586 1221 3650 missis,
1250 3585 1386 3640 nihil
1415 3586 1553 3655 aequi
1579 3585 1875 3655 impetrare
1906 3593 2116 3655 posset,

550 3698 746 3739 verum
780 3681 998 3736 audiret
1028 3678 1194 3735 istum
1244 3696 1421 3749 usque
1471 3678 1838 3734 contumelias
1874 3693 2113 3745 sonare;

552 3774 699 3830 haud
732 3773 1103 3829 cunctandum
1136 3780 1314 3837 ratus.
1345 3773 1488 3827 bello
1554 3770 1860 3827 Sebastiam
1893 3772 2117 3827 adortus

548 3875 656 3923 est.
691 3863 996 3920 Primordia
1026 3872 1209 3917 autem
1257 3863 1413 3932 regni
1468 3861 1584 3915 haec
1637 3868 1816 3926 erant,
1864 3859 2119 3913 videlicet

551 3969 611 4014 ut
637 3958 842 4014 bellum
877 3969 1076 4027 gerens
1100 3952 1400 4023 Pajazitem
1425 3952 1699 4017 domaret,
1724 3951 1967 4020 reliquos
1989 3964 2119 4004 vero

549 4061 696 4107 metu
734 4048 1024 4118 perculsos
1068 4045 1124 4099 in
1167 4046 1433 4101 ditionem
1486 4043 1791 4112 redigeret;
1830 4059 1930 4097 nec
1964 4043 2117 4112 prius

554 4142 697 4196 bello
729 4139 1056 4201 abstineret,
1102 4151 1266 4203 quam
1306 4136 1478 4190 totius
1518 4135 1659 4189 Asiae
1691 4135 1996 4189 dominium
2028 4151 2118 4190 ae-

506 4296 513 4305 ι
554 4232 913 4304 quisivisset;
958 4243 1082 4297 qua:
1114 4227 1337 4296 quidem
1369 4226 1477 4298 59
1504 4226 1685 4281 omnia
1709 4226 1982 4282 accidisse
2025 4242 2117 4282 co-

553 4327 866 4398 gnovimus.

2230 3113 2518 3180 δάπτειαν,
2545 3117 2699 3173 πόλιν
2754 3120 2853 3188 τῆς
2888 3120 3288 3185 Καππαδοκίας
3351 3113 3667 3194 εὐδαίμονα.
3712 3129 3821 3194 Ὡς

2229 3211 2335 3280 γὰρ
2357 3211 2678 3278 ἠγγέλλετο,
2706 3214 2860 3267 οὐδὲν
2897 3214 3047 3283 ὑγιὲς
3077 3217 3410 3286 Παιαξήτεω
3456 3217 3617 3287 εἶναι,
3652 3221 3709 3279 ἒς
3740 3239 3824 3277 τε

2227 3304 2320 3356 ἐπὶ
2358 3304 2470 3356 τῶν
2493 3305 2594 3375 τῆς
2616 3304 2805 3372 Ἀσίας
2833 3309 3121 3379 ἡγεμόνων
3150 3310 3432 3381 Τούρκων,
3483 3313 3580 3367 καὶ
3613 3316 3668 3377 ἐς
3698 3315 3823 3386 τὴν

2227 3396 2365 3466 πρὸς
2386 3396 2516 3462 τοὺς
2543 3398 2820 3468 ἡγεμόνας
2845 3401 3163 3472 διαλλαγὴν.
3192 3400 3284 3466 οὓς
3302 3404 3399 3473 τὴν
3428 3404 3613 3475 χώραν
3657 3409 3823 3475 σύμ.-

2228 3507 2408 3544 πασαν
2434 3493 2774 3562 ἀφελόμενος
2816 3494 3079 3565 ἐξήλασεν
3103 3510 3118 3524 ·
3175 3496 3252 3558 ὡς
3285 3498 3394 3565 γὰρ
3420 3500 3421 3503 “
3448 3497 3512 3568 δὴ
3561 3499 3824 3567 ἐπιπέμπ-

2226 3599 2383 3638 ποντι
2407 3586 2561 3639 οὐδὲν
2593 3586 2688 3641 ἐπὶ
2741 3586 2902 3640 πλέον
2940 3589 3280 3658 προύχώρει.
3334 3583 3411 3643 ὧν
3470 3591 3816 3646 ἐπέστελλεν

2226 3677 2397 3747 αὐτῷ,
2420 3677 2538 3730 ἀλλ’
2571 3678 2720 3748 ἑώρα
2741 3695 2801 3731 τε
2839 3680 2896 3742 ἐς
2928 3680 3098 3735 πολλά
3120 3697 3180 3734 τε
3203 3680 3341 3735 ἄλλα
3369 3680 3461 3736 καὶ
3491 3681 3809 3755 βλάσφημα

2226 3769 2673 3839 ἐξενηνεγμένον,
2712 3772 3161 3839 παρεσκευάζετο
3214 3773 3458 3826 ἐλαύνειν
3498 3777 3590 3827 ἐπὶ
3615 3776 3806 3830 Σεϐά-

2228 3881 2433 3917 στειαν.
2466 3863 2638 3935 Ἀρχὴ
2661 3863 2719 3916 δὲ
2745 3863 2890 3933 αὐτῷ
2909 3864 2944 3936 ἤ
2978 3882 3037 3918 τε
3064 3867 3155 3917 ὲπί
3210 3866 3308 3935 τὴν
3334 3866 3510 3936 ἀρχὴν
3539 3869 3804 3937 πάροδος,

2225 3960 2322 4010 καὶ
2350 3957 2427 4020 ὡς
2458 3957 2551 4011 τὸν
2580 3957 2682 4028 μὲν
2726 3958 3005 4027 πολεμῶν,
3060 3960 3127 4013 τὰ
3158 3959 3217 4012 δὲ
3273 3960 3367 4013 καὶ
3417 3960 3793 4029 σπενδόμενος

2224 4048 2333 4101 δέει
2363 4048 2424 4102 τὸ
2454 4048 2592 4118 ἀμφ’
2625 4048 2809 4113 αὑτὸν,
2845 4048 3138 4118 ξύμπασαν
3166 4050 3486 4120 ὑπηγάγετο
3506 4050 3811 4123 ἑαυτῷτὴν

2237 4146 2447 4215 Ἀσίαν,
2474 4139 2576 4201 ὧδε
2611 4147 2758 4218 αὒτῷ
2782 4147 3410 4220 ξυμϐῆναιὲπυθόμεθα.

621 4419 724 4473 Hic
763 4416 1012 4472 Temires
1053 4412 1157 4469 fuit
1211 4414 1355 4469 filius
1411 4413 1683 4485 Saugalis,
1723 4416 1826 4470 viri
1852 4417 2119 4486 privatam

2298 4418 2474 4482 Οὗτος
2505 4419 2606 4488 μὲν
2630 4418 2693 4487 δὴ
2718 4420 2747 4472 ὁ
2773 4418 3040 4488 Τεμήρης
3078 4416 3295 4485 ἐγένετο
3355 4418 3525 4487 πατρὶ⁵
3579 4418 3803 4485 Σαγγά-

499 4570 511 4581 ,
551 4513 720 4566 vitam
753 4511 996 4581 agentis;
1057 4509 1169 4571 cui,
1218 4509 1311 4563 ubi
1368 4508 1523 4563 duxit
1569 4524 1819 4575 uxorem,
1852 4512 1957 4565 tale
1989 4501 2120 4581 quid

552 4605 824 4661 accidisse
869 4604 1265 4674 comperimus.
1325 4601 1569 4658 Temires
1619 4619 1745 4659 cum
1781 4611 1928 4660 esset
1972 4603 2123 4657 adul-

551 4708 662 4761 tus,
688 4698 909 4768 jamque
940 4713 1036 4767 per
1080 4705 1294 4751 aetatem
1336 4695 1427 4750 isti
1465 4695 1647 4750 ofﬁcio
1671 4696 1909 4752 idoneus
1957 4696 2119 4757 foret.

551 4786 927 4842 deferentibus
1001 4786 1315 4856 oppidanis,
1384 4788 1784 4856 oppidanorum
1852 4803 2121 4857 equorum

552 4894 742 4935 curam
774 4890 970 4933 nactus
1002 4891 1105 4935 est.
1138 4878 1379 4933 Tandem
1422 4881 1475 4934 in
1528 4880 1860 4948 colloquium
1896 4881 2121 4937 veniens

558 4985 683 5026 cum
710 4969 936 5040 reliquis
960 4970 1120 5027 istius
1169 4972 1412 5042 regionis
1482 4974 1820 5041 pastoribus,
1852 4974 2035 5029 effecit
2064 4984 2122 5030 ut

552 5065 698 5118 inter
730 5078 791 5119 se
821 5063 1197 5133 conjurarent,
1228 5081 1288 5119 se
1313 5064 1448 5118 velle
1483 5064 1646 5120 furtis
1677 5066 1937 5135 Colligere
1963 5083 2119 5137 opes,

551 5170 601 5211 et
625 5156 823 5210 deinde
878 5155 944 5209 ad
991 5154 1154 5208 aliam
1198 5156 1494 5225 confugere
1538 5159 1836 5227 regionem.
1878 5161 2122 5217 Temires

549 5263 675 5301 eum
729 5246 947 5301 furandi
1002 5247 1144 5300 foret
1199 5249 1591 5317 peritissimus,
1624 5249 1889 5320 plurimos
1946 5269 2120 5323 equos

547 5350 602 5391 et
630 5337 1003 5404 iumentorum
1034 5336 1327 5406 oviumque
1359 5336 1765 5391 multitudinem
1797 5339 2118 5394 immensam

553 5438 751 5485 nactus
775 5440 897 5495 est;
940 5444 1122 5499 neque
1155 5428 1457 5499 quidquam
1492 5430 1687 5502 integri
1721 5442 1814 5485 aut
1837 5433 1972 5487 satis
2002 5434 2120 5487 sani

551 5524 609 5574 in
638 5522 745 5575 isto
770 5522 990 5576 homine
1012 5530 1151 5576 erat.
1182 5519 1389 5576 Ferunt
1418 5538 1542 5577 eum
1591 5526 1893 5594 quondam,
1930 5537 1988 5581 ut
2029 5545 2121 5598 pe-

550 5614 701 5670 coris
726 5615 1004 5671 stabulum
1051 5617 1273 5670 intrare.
1316 5625 1521 5686 posset,
1572 5622 1961 5677 conscendisse
2004 5640 2120 5676 mu-

2225 4515 2355 4579 λεω,
2382 4511 2572 4583 ἀνδρὸς
2602 4510 2855 4564 ἰδιώτου*
2897 4511 2956 4573 ὃς
3001 4510 3122 4563 ἐπεί
3152 4527 3210 4561 τε
3268 4509 3507 4580 ἠγάγετο
3556 4508 3655 4581 τὴν
3700 4528 3804 4579 γυ-

2225 4610 2388 4661 ναῖκα
2418 4605 2605 4665 αὑτοῦ,
2639 4604 2859 4671 λέγεται
2911 4601 3184 4673 ξυμϐῆναι
3218 4600 3369 4671 αὑτῷ
3417 4600 3646 4656 τοιόνδε.
3704 4601 3800 4666 Ὡς

2225 4699 2448 4767 ἐγένετο
2502 4697 2550 4729 ⁸⁸
2585 4696 2870 4766 Τεμήρης,
2930 4695 3031 4762 τήν
3065 4711 3128 4747 τε
3174 4693 3274 4762 τῆς
3333 4692 3542 4755 πόλεως
3584 4694 3803 4763 φορϐὴν

2224 4789 2718 4861 ἐπιτετραμμένος,
2783 4787 3122 4857 ἱπποφορϐὸς
3160 4803 3221 4840 τε
3272 4780 3364 4857 ἦν,
3421 4785 3517 4837 καὶ
3572 4787 3682 4847 τοῖς
3735 4803 3801 4838 τε

2225 4884 2357 4954 περὶ
2388 4884 2528 4937 αὐτὰ
2554 4883 2619 4949 δὴ
2654 4882 2721 4936 τὰ
2760 4881 2938 4951 χωρξα
2964 4880 3064 4942 τὰς
3096 4879 3306 4948 φορῦὰς
3368 4877 3798 4948 ἐπινεμομένοις

2225 4975 2424 5031 συνιών
2454 4992 2511 5028 τε
2566 4976 2660 5028 καὶ
2704 4973 3110 5041 διαλεγόμενος,
3172 4972 3426 5024 συνέθετο
3464 4972 3670 5038 αὐτοῖς,
3715 4969 3795 5033 ὡς

2224 5070 2332 5124 ἀπὺ
2362 5068 2575 5137 κλοπῆς
2609 5067 2814 5135 σφίσιν,
2851 5066 2918 5130 ἢν
2943 5065 3235 5128 δύνωνται,
3272 5063 3576 5132 χρημάτων
3596 5061 3794 5131 κτῆσιν

2226 5148 2603 5231 ποιησόμενοι,
2666 5157 2757 5211 ἐπ’
2820 5159 2989 5226 ἄλλην
3027 5158 3149 5209 [ωσι
3200 5156 3420 5225 χώραν’
3474 5154 3567 5207 καὶ
3617 5153 3794 5216 δεινὸς

2222 5255 2482 5307 κλέπτειν
2512 5250 2806 5320 γενόμενος
2861 5247 3067 5310 ἵππους
3099 5264 3158 5299 τε
3210 5248 3301 5299 καὶ
3345 5245 3638 5313 ὑποζύγια,
3695 5244 3796 5295 aut

2224 5345 2514 5419 πριὸἅτων
2537 5342 2742 5410 πλῆθος
2778 5338 3116 5410 ἐδηδοκέναι,
3151 5337 3306 5390 οὐδὲν
3329 5337 3481 5405 ὑγιὲς
3513 5331 3584 5405 ἢν
3623 5334 3795 5389 αὑτοῦ

2223 5441 2284 5493 τὸ
2302 5436 2588 5509 παράπαν.
2621 5434 2737 5488 Καί
2758 5448 2889 5484 ποτε
2930 5431 3022 5482 ἐπὶ
3068 5429 3310 5500 μάνδραν
3344 5429 3563 5496 λέγεται
3590 5426 3800 5496 ἀναϐῆ-

2221 5550 2336 5591 ναι,
2382 5529 2478 5581 καὶ
2538 5526 2773 5595 ὀφθέντα
2824 5522 2930 5576 ὑπὸ
2962 5520 3070 5575 τῶν
3115 5519 3393 5572 δεσποτῶν
3458 5516 3553 5571 τοῦ
3610 5517 3793 5581 οἴκου,

2226 5623 2487 5680 ἅλλεσθαι
2527 5620 2592 5690 δὴ
2650 5613 2797 5688 ἅλμα
2839 5619 3116 5688 μέγιστον,
3148 5614 3253 5668 ἀπὸ
3309 5611 3401 5666 τοῦ
3438 5612 3655 5682 τείχους
3688 5610 3791 5683 τῆς

1822 5763 2070 5825 Notulaa
2103 5764 2510 5845 marginales.

624 5880 670 5916 ⁸³
704 5882 832 5953 γὰρ.
865 5881 916 5935 in
951 5896 1051 5934 uno
1088 5880 1164 5948 δὲ,
1202 5882 1253 5934 in
1280 5881 1351 5937 al.
1393 5892 1450 5935 ut
1484 5884 1534 5936 in
1568 5899 1613 5937 ε.
