4130 6422
312 372 405 440 121

1407 379 1509 438 DE
1547 378 1802 441 BEBUS
1835 380 2198 442 TUElClClS
2228 383 2379 452 LIB.
2431 385 2548 447 IlI.

3444 385 3541 448 122

313 485 649 556 παρασχόντι
680 484 758 556 τῷ
787 485 1021 557 βασιλεῖ,
1054 488 1239 561 ἰδιώτῃ
1259 489 1376 543 τότε
1407 492 1544 555 ὄντι,
1570 494 1643 562 μὴ
1684 512 1865 562 παρα.-
1890 554 1891 557 η

1989 499 2124 555 ωιιάι
2179 498 2344 568 jussit
2373 499 2638 565 Temires;
2688 499 2744 554 in
2803 497 3126 553 memoriam
3182 496 3438 568 redigens
3482 515 3543 554 se

316 578 478 647 ὖῆναι
538 580 636 648 τὴν
695 580 992 652 συνθήκην.
1049 582 1239 650 Ἔλεγε
1291 581 1348 636 δὲ
1407 589 1545 655 πρὸς
1612 586 1861 656 Μυρξίην

320 669 533 722 τοιάδε·
591 666 811 723 Οῖεσθαι
871 666 1045 742 οἶμαι,
1096 666 1141 726 ὧ
1198 674 1436 744 Μυρξίη,
1490 674 1583 729 δύο
1633 694 1712 739 τι,
1767 679 1864 732 καὶ

327 759 626 829 σύμπαντες
671 762 720 815 οἱ
762 762 935 829 ἄλλοι,
967 766 1092 818 ὅσον
1123 766 1214 819 ἐπὶ
1253 767 1408 836 τήνδε
1448 769 1548 839 τὴν
1590 769 1765 839 ἀρχὴν
1798 768 1868 822 τὰ

329 852 609 921 πράγματα
659 854 1069 941 προηγάγομεν.
1111 858 1216 911 Δύο
1274 858 1452 913 τούτω
1497 859 1573 923 ὡς
1633 862 1867 927 μάλιστα

270 991 276 996 .
326 944 443 1012 ἡμῖν
471 943 1017 1014 ἐπιϐεϐαιωσάμενοι,
1056 947 1149 1000 ἐπὶ
1184 948 1281 1017 τὴν
1323 948 1602 1019 βασιλείαν
1636 950 1870 1019 παρείης

324 1051 433 1102 μεν,
477 1037 717 1104 σπουδήν
747 1054 807 1090 τε
854 1037 991 1106 ἃμα,
1040 1038 1115 1103 ώς
1155 1036 1269 1093 οἷόν
1314 1058 1397 1106 τε,
1422 1042 1867 1109 μεταδιώκοντες.

319 1128 408 1179 καὶ
440 1129 804 1195 ἐμπεδοῦντες
852 1131 1004 1201 ἡμῖν,
1035 1130 1063 1185 δ
1107 1150 1158 1186 τι
1191 1135 1257 1185 ἂν
1307 1134 1628 1201 συνθέμενοι
1670 1139 1783 1197 τοῖς
1812 1151 1871 1185 τε

316 1220 656 1288 ἐπιτηδείοις,
692 1223 787 1275 καὶ
816 1224 1102 1284 ἐναντίοις,
1138 1227 1237 1296 οὐχ
1265 1226 1413 1289 ὅπως
1447 1225 1509 1296 δὴ
1543 1227 1713 1296 ὅρκῳ,
1737 1226 1874 1280 ἀλλὰ

314 1314 405 1364 καὶ
452 1312 596 1382 λόγῳ
640 1315 1005 1385 ἐψηφισμένοι
1063 1312 1213 1386 ὦμεν
1263 1319 1470 1383 αὐτοῖς,
1499 1320 1574 1381 ὡς
1608 1319 1763 1372 ούδέν
1794 1319 1874 1372 ἔτι

312 1406 552 1475 οὐδαμοῦ
602 1406 661 1458 ὃν
702 1409 1131 1480 ἀσφαλέστερον,
1167 1411 1287 1465 οὐδὲ
1338 1414 1704 1484 ἐχυρώτερον,
1758 1418 1876 1482 ἒρυ-

312 1500 497 1566 μάτων
528 1514 588 1551 τε
638 1500 732 1553 καὶ
774 1502 976 1560 ὃπλων,
1005 1505 1063 1566 ἐς
1107 1504 1198 1558 τὸν
1245 1505 1361 1575 βίον
1402 1507 1575 1571 τόνδε,
1606 1506 1877 1575 ἀνθρώπῳ

312 1586 586 1658 συμφώνῳ
608 1604 666 1641 τε
691 1585 832 1643 εἶναι
861 1594 917 1654 ἐς
945 1593 1016 1646 τὰ
1040 1594 1238 1655 πάντα,
1277 1596 1373 1649 καὶ
1407 1596 1480 1667 μὴ
1511 1597 1876 1665 διαφωνοῦν-ει

311 1682 526 1749 φρονεῖν
586 1681 780 1734 ἄλλοτε
832 1682 1044 1747 ἄλλως·
1102 1686 1291 1755 ἐπειδὴ
1345 1687 1612 1750 πολλάκις
1670 1688 1880 1756 ἔφαμεν

310 1772 481 1843 τούτῳ
511 1774 658 1843 μόνῳ
712 1775 884 1845 ἴσχειν
915 1777 1207 1847 ὁμοιότητα
1236 1777 1315 1846 τῷ
1345 1778 1487 1850 Θεῷ.
1522 1778 1688 1833 Ὀτου
1733 1780 1778 1833 δ’
1816 1782 1881 1834 ἂν

311 1865 413 1918 τῶν
462 1866 770 1936 ἀνθρώπων
819 1869 985 1941 μηδὲν
1039 1871 1188 1939 ὑγιὲς
1248 1867 1389 1926 εἶναι
1433 1872 1707 1941 λέγοντος,
1764 1878 1881 1938 πῶς

310 1958 371 2012 ἂν
419 1959 488 2030 δὴ
540 1961 873 2026 πράττοντος
927 1957 987 2016 εὖ
1035 1964 1238 2031 γένοιτ’
1290 1964 1358 2019 ἂν
1413 1966 1635 2020 πώποτε
1691 1967 1877 2035 αύτῷς

308 2054 574 2123 Μέμνησο
599 2054 656 2106 δὲ
689 2053 762 2116 ὡς
793 2054 927 2125 ἐμοῦ
966 2054 1065 2125 τῆς
1102 2057 1283 2124 δεξιᾶς
1314 2056 1639 2129 λαϐόμενος,
1666 2060 1881 2131 ἔφησθα

309 2145 564 2198 τεθνάναι
606 2144 828 2214 ἕτοιμος
869 2144 1030 2209 εἶναι,
1069 2147 1117 2201 εί
1153 2149 1246 2202 ἐπὶ
1289 2150 1357 2203 τὰ
1406 2150 1654 2217 βασίλεια
1684 2150 1881 2222 πάρει-

319 2254 438 2306 μεν.
480 2238 588 2289 Καὶ
645 2237 738 2291 ἐπὶ
803 2238 1099 2310 μαρτύρων
1145 2238 1203 2295 δὲ
1260 2240 1421 2295 τοῦτό
1467 2259 1549 2295 σοι
1592 2242 1881 2312 εἰρημένον

322 2330 626 2385 συνθέσθαι.
661 2331 805 2401 ’Ὦρα
834 2327 927 2386 οὖν
963 2349 1047 2386 σοι
1073 2335 1140 2388 τά
1166 2351 1225 2387 τε
1255 2333 1515 2405 λεχθέντα
1543 2334 1878 2399 ἐπιτελέσαι,

321 2424 413 2476 καὶ
472 2423 570 2492 τὴν
618 2424 801 2487 δεξιὰν
854 2425 954 2495 τήν
1004 2426 1285 2495 ἡμετέραν
1342 2426 1727 2481 ἀπολύσασθαι
1779 2425 1882 2497 τῆς

320 2514 609 2585 συνθήκης.
640 2518 895 2588 Μυρξίης
931 2518 989 2571 δέ
1018 2520 1274 2588 ἀμείϐετο
1302 2519 1479 2574 τοῖσδε
1503 2536 1518 2550 ⁸
1563 2519 1706 2575 Ἀλλ’
1735 2520 1882 2583 ὅπως

318 2604 433 2675 μὲν,
488 2599 535 2660 ὦ
578 2606 824 2679 βασιλεῦ,
865 2607 959 2661 ἐπὶ
1010 2608 1165 2678 τήνδε
1216 2610 1319 2678 τὴν
1366 2611 1566 2679 ἀρχὴν,
1606 2609 1754 2673 ὅπως
1799 2627 1883 2663 σοι

313 2695 547 2762 γένοιτο,
585 2698 680 2750 καὶ
732 2703 799 2750 σὺ
845 2693 1028 2762 οἶσθα,
1062 2698 1156 2752 καὶ
1204 2700 1408 2763 πάντες
1456 2695 1604 2753 οῦτοι
1654 2700 1704 2752 oi
1745 2716 1883 2770 συμ-

316 2791 587 2860 παρᾶντες
653 2792 968 2861 συνήσουσι,
1023 2793 1119 2847 καὶ
1166 2793 1245 2857 ὡς
1310 2795 1492 2848 πάντα
1548 2794 1617 2845 τὰ
1675 2792 1881 2865 ἔσχατα

315 2885 707 2953 ὑποδυόμενος,
760 2883 901 2938 ὥστε
961 2887 1045 2939 σοὶ
1110 2884 1169 2941 εὖ
1228 2886 1486 2957 γενέσθαι
1538 2886 1738 2951 ὁτιοῦν,
1794 2888 1886 2942 καὶ

317 2978 616 3048 τραύματα
650 2979 707 3030 δὲ
753 2976 901 3032 ἐστιν
938 2978 1070 3033 ἰδεῖν
1122 2980 1223 3033 ὅσα
1258 2981 1464 3038 λαϐὼν,
1496 2980 1618 3034 οὐδὲ
1667 2979 1885 3034 πώποτε

319 3070 728 3140 ὑπελογιζόμην
781 3072 955 3126 δεινδν
1012 3074 1116 3142 πρὸ
1174 3072 1268 3127 τοῦ
1330 3074 1691 3145 χαρίζεσθαιο
1734 3076 1782 3128 εί
1828 3075 1885 3127 δέ

319 3162 466 3216 ἐστιν
491 3160 669 3215 ὁτιοῦν
712 3160 845 3233 ἡμῖν
887 3163 1177 3233 εἰρημένον
1204 3165 1303 3218 οὐκ
1338 3163 1514 3235 ἀγαθῇ
1566 3164 1726 3235 τύχῃ,
1776 3164 1885 3218 δέοι

322 3251 383 3303 ἂν
413 3253 493 3323 μὴ
522 3252 840 3322 χαρίζεσθαι
884 3257 999 3316 τοῖς
1039 3252 1393 3325 ἐπιτηδείοις,
1425 3254 1516 3323 ὑφ’
1548 3245 1624 3309 ὧν
1674 3255 1889 3327 μεγάλα

325 3344 379 3401 εῦ
425 3345 720 3410 ⁶πεπονθὼς
769 3346 909 3416 εἴης.
958 3345 1166 3400 Ἐκεῖνο
1211 3347 1298 3418 δὴ,
1354 3348 1598 3418 βασιλεῦ,
1631 3349 1892 3420 ίδιωτέρῲ

334 3438 425 3505 μὶν
470 3436 585 3489 ὄντι
634 3435 940 3507 τάνθρώπῳ
982 3438 1040 3489 οὗ
1101 3439 1242 3493 πάνυ
1295 3454 1379 3492 τοι
1424 3438 1758 3509 ἐμπεδοῦντα
1799 3443 1892 3495 καὶ

338 3527 528 3582 ἑαυτοῦ
583 3528 719 3600 βίον.
754 3528 1009 3583 Ἐπειδὰν
1062 3529 1123 3585 δέ
1180 3546 1265 3585 σοι
1318 3532 1380 3585 τὸ
1436 3533 1628 3603 ἄρχειν
1690 3535 1893 3603 ἑτέρως

337 3619 614 3691 ἀφίκηται,
646 3624 769 3676 τότε
817 3623 882 3693 δὴ
937 3624 996 3677 ού
1042 3623 1264 3693 θεμιτὸν
1399 3623 1711 3695 παραϐῆναι
1765 3627 1818 3680 ετ
1842 3645 1893 3680 τι

335 3715 602 3769 συνέθετο.
638 3716 747 3769 Καὶ
795 3717 926 3787 ἡμῖν
955 3718 983 3769 ὀ
1015 3716 1149 3782 Θελς
1199 3717 1373 3771 πολλὰ
1418 3717 1605 3786 ἀγαθὰ
1655 3719 1894 3789 παρέχε-

328 3825 431 3873 rat,
464 3811 554 3863 διὰ
598 3810 660 3862 τὸ
690 3809 1019 3877 συγγνώμην
1070 3810 1246 3880 ῐσχειν
1272 3812 1383 3873 τοῖς
1425 3810 1897 3881 ἐξαμαρτάνουσιν

329 3905 384 3966 ἐς
414 3904 565 3974 ἡμᾶς
609 3903 809 3957 ὁτιοῦν.
845 3903 948 3957 Ἢν
979 3903 1007 3955 δ
1049 3905 1173 3973 ἐμοὶ
1218 3905 1314 3958 καὶ
1361 3902 1570 3975 ταύτην
1598 3920 1898 3976 παραιτου-

332 3998 476 4067 μένῳ
528 4000 787 4067 χαρίσαιο
836 3997 935 4065 τὴν
991 3997 1286 4067 ἁμαρτίαν,
1331 3999 1431 4051 καὶ
1473 3998 1649 4053 πλείω
1690 3999 1898 4052 τούτων

329 4107 406 4144 σοι
436 4092 654 4160 γένοιτο
700 4090 900 4158 ἀγαθά.
936 4089 1119 4142 Ταῦτα
1168 4090 1366 4158 λέγων,
1411 4090 1513 4144 οὐκ
1552 4090 1762 4156 ἔπειθε,
1795 4092 1898 4159 φά-

329 4201 535 4237 σκοντα
578 4183 691 4236 δεῖν
728 4181 1059 4251 συγγνώμην
1093 4182 1285 4254 ἴσχειν,
1321 4178 1400 4246 οἷς
1451 4182 1517 4235 ἂν
1568 4182 1644 4253 μὴ
1675 4183 1899 4236 ἑκούσια

325 4270 358 4348 ᾗ
410 4276 483 4329 τά
552 4274 951 4343 ἁμαρτήματα.
994 4272 1119 4334 Πῶς
1173 4273 1221 4325 δ’
1269 4274 1347 4326 ἂν.
1392 4272 1621 4336 σώζοιτο
1659 4272 1812 4343 αύτῷ
1861 4274 1896 4344 ἡ

324 4368 483 4438 τύχη,
532 4368 608 4435 μὴ
638 4368 731 4417 τὸν
760 4365 1057 4417 ἀντίπαλον
1084 4364 1400 4435 διωσαμένη
1428 4384 1443 4431 ;
1477 4366 1663 4418 Ταῦτα
1703 4364 1897 4429 εἰπὼν,

322 4463 414 4512 τόν
439 4474 503 4513 τε
539 4456 792 4528 Μυρξίην
837 4457 1187 4527 διεχρήσατο,
1225 4458 1319 4510 καὶ
1363 4458 1577 4511 ἐπένθει
1611 4458 1776 4512 αὐτὸν
1809 4458 1901 4527 δη-

1966 600 2188 645 nactum
2213 606 2337 646 esse
2366 589 2792 645 Semarchandte
2822 604 3077 659 regnum,
3099 588 3389 657 ipsumque
3435 588 3541 640 fal-

1966 698 2088 738 sum
2114 700 2234 740 esse
2258 686 2465 751 animo,
2497 683 2729 754 proinde
2757 683 2955 739 mortis
3002 698 3155 738 reum
3203 682 3398 736 teneri.
3432 682 3541 735 Du-

1968 775 2180 831 bitabat
2208 785 2390 830 autem
2440 790 2552 845 quo
2603 786 2766 845 pacto
2806 788 2930 828 eum
2980 774 3121 827 mori
3172 782 3413 842 cogeret,
3441 780 3533 840 qnt

1968 868 2094 923 olim
2127 868 2236 939 regi
2267 868 2482 938 privato
2522 867 2702 922 adhuc
2749 867 2998 921 dextram
3043 865 3326 923 societatis
3354 865 3540 918 dedis-

1970 970 2076 1025 set,
2110 976 2180 1015 ne
2226 960 2401 1028 pactis
2439 959 2827 1013 contravcnire
2876 958 3176 1011 videretur.
3218 954 3539 1010 Orationem

1972 1054 2136 1123 igitur
2170 1053 2437 1121 ejusmodi
2468 1067 2590 1106 cum
2618 1050 2824 1121 Myrxie
2856 1050 3048 1104 habuit
3097 1048 3286 1104 :Haud
3312 1048 3548 1101 arbitror

1974 1147 2142 1213 latere
2168 1161 2287 1210 eos,
2316 1160 2350 1199 ο
2383 1145 2643 1215 Myrxies,
2676 1159 2881 1212 vosque
2912 1144 3042 1209 duo,
3094 1151 3155 1197 et
3205 1141 3396 1209 reliqui
3426 1156 3545 1193 om-

1976 1252 2097 1295 nes,
2164 1236 2366 1297 quibus
2424 1234 2637 1289 artibus
2697 1232 2985 1303 imperium
3034 1231 3373 1286 auxerimus.
3430 1230 3546 1284 Duo

1977 1327 2066 1381 illa
2091 1341 2310 1396 semper
2342 1341 2555 1380 summa
2586 1325 2871 1394 diligentia
2918 1326 3114 1380 sectati
3161 1339 3374 1385 sumus.
3412 1323 3541 1376 dum

1976 1419 2140 1472 nobis
2197 1432 2423 1487 regnum
2481 1417 2880 1487 amplissimum
2940 1431 3282 1485 pararemus,
3352 1426 3547 1482 nempe

1978 1512 2223 1568 studium
2251 1512 2548 1566 vehemens
2593 1512 2646 1564 in
2693 1509 2859 1566 rebus
2910 1509 3187 1579 gerendis.
3235 1516 3375 1562 etut
3406 1507 3545 1561 bona

1982 1604 2089 1658 ﬁde
2112 1603 2417 1658 coleremus
2464 1613 2646 1671 pacta,
2699 1615 2821 1669 quas
2866 1613 2991 1653 cum
3041 1596 3237 1651 amicis
3268 1594 3545 1650 hostibus—

1981 1714 2090 1769 que
2137 1696 2487 1752 fecissemus.
2521 1691 2635 1747 Nec
2672 1694 2850 1747 solum
2889 1692 3226 1760 iuramento,
3286 1702 3475 1741 verum
3498 1694 3555 1740 et

1983 1805 2235 1846 sermone
2292 1788 2708 1849 declaravimus,
2768 1799 2866 1840 nos
2919 1784 3269 1839 concordiam
3313 1797 3441 1837 cum
3482 1781 3552 1835 iis

1988 1884 2217 1955 agitare,
2248 1882 2404 1952 quasi
2450 1881 2588 1935 nihil
2622 1880 2825 1949 ubique
2860 1888 3128 1933 terrarum
3164 1884 3220 1933 et
3250 1876 3421 1931 tutius
3461 1890 3551 1928 ar-

1987 1975 2198 2044 misque
2249 1972 2507 2027 omnibus
2550 1971 2764 2026 firmius
2806 1971 2861 2024 in
2903 1970 3013 2024 vita
3044 1969 3287 2022 humana
3314 1965 3551 2021 inveniri

1985 2066 2178 2135 possit,
2213 2080 2377 2134 quam
2417 2062 2769 2118 concordiam
2821 2060 3102 2129 amplecti,
3132 2074 3231 2113 nec
3261 2058 3330 2110 ab
3358 2056 3554 2110 amicis

1979 2156 2293 2220 dissentire,
2326 2169 2474 2210 nunc
2521 2154 2649 2213 hoc.
2682 2167 2831 2207 nunc
2873 2151 3018 2204 aliud
3061 2148 3215 2218 sequi
3260 2148 3552 2203 consilium

1979 2257 2384 2323 proponentes;
2439 2244 2714 2316 siquidem
2766 2257 2909 2312 saepe
2968 2238 3551 2297 commemoravimus,

1982 2359 2085 2399 nos
2127 2343 2221 2397 illo
2271 2340 2389 2396 solo
2441 2338 2532 2392 Dei
2582 2334 2876 2406 imaginem
2910 2340 3335 2402 repraesentare.
3372 2328 3427 2381 Si
3457 2343 3554 2380 att-

1985 2446 2092 2491 tem
2124 2435 2248 2503 quis
2291 2432 2606 2488 mortalium
2670 2429 2803 2483 nihil
2861 2426 2980 2481 sani
3037 2437 3277 2491 unquam
3326 2420 3549 2481 dixerit,

1984 2522 2262 2596 quomodo
2284 2522 2391 2594 62
2441 2521 2486 2575 si
2534 2520 2662 2590 quid
2705 2517 2889 2573 facere
2920 2514 3288 2586 aggrediatur,
3324 2510 3372 2565 ei
3406 2510 3552 2563 bona

1984 2614 2319 2674 obvenient?
2360 2612 2745 2675 Meministine,
2802 2623 2979 2663 meam
3028 2621 3149 2659 ctum
3184 2603 3554 2673 prehendercs

1986 2724 2230 2773 manum,
2263 2716 2317 2763 te
2347 2706 2531 2761 dicere
2563 2723 2577 2760 ι
2614 2701 2671 2759 Si
2727 2698 3149 2756 Semarchandte
3194 2697 3555 2761 nancisccrc‘r

1985 2815 2234 2872 regnum,
2267 2807 2518 2869 paratum
2564 2806 2616 2849 to
2650 2809 2775 2849 esse
2825 2802 3085 2861 cppetere
3125 2785 3403 2843 mortem?
3429 2783 3556 2839 lla'c

1987 2894 2176 2964 igitur,
2229 2904 2355 2945 cum
2405 2889 2509 2945 sub
2554 2886 2746 2942 multis
2793 2883 3027 2939 testibus
3057 2895 3122 2936 ea
3150 2876 3555 2949 pronuntiaris,

1988 2996 2204 3057 tempus
2235 2994 2318 3040 est
2363 2990 2425 3038 ut
2451 2980 2732 3043 conﬁcias,
2780 2987 3139 3044 nostramque
3171 2972 3418 3026 dextram
3451 2967 3558 3021 isto

1987 3089 2147 3153 pacto
2196 3079 2420 3133 liberes.
2488 3072 2747 3146 Myrxies,
2803 3080 2863 3125 ut
2916 3066 3135 3124 dicendi
3205 3066 3369 3120 linem
3429 3062 3565 3117 fecit

1910 3190 1957 3254 ο
1990 3187 2104 3239 rex,
2145 3170 2307 3224 talem
2350 3181 2584 3222 exorsus
2611 3172 2696 3219 est
2740 3161 3046 3217 orationem
3090 3178 3103 3214 :
3138 3156 3343 3211 Verum
3374 3154 3553 3209 enim-

1993 3277 2145 3327 vero,
2172 3276 2206 3316 ο
2235 3274 2353 3323 rex,
2391 3256 2460 3311 ad
2491 3257 2597 3311 hoc
2643 3253 2935 3324 imperium
2978 3259 3037 3305 ut
3066 3245 3383 3309 deveneris,
3414 3253 3469 3298 et
3504 3253 3572 3297 tul

1992 3353 2162 3415 nosti.
2196 3362 2250 3407 et
2278 3365 2467 3406 omnes
2512 3356 2783 3416 quotquot
2819 3354 3021 3415 prasto
3057 3349 3206 3395 sunt.
3256 3335 3366 3393 Nec
3397 3336 3571 3392 etiam

1995 3446 2189 3504 horrui
2220 3458 2437 3501 summa
2467 3441 2593 3496 vita
2632 3440 2785 3493 adire
2815 3436 3156 3500 discrimina,
3195 3441 3253 3487 ut
3278 3430 3433 3486 istam
3463 3427 3569 3484 tibi

1996 3552 2223 3608 parares
2275 3534 2618 3589 felicitatem.
2653 3528 2889 3585 Vulnera
2948 3526 3136 3582 videre
3186 3533 3291 3587 est,
3332 3536 3450 3591 quae
3476 3535 3569 3575 ac-

1995 3631 2114 3699 cepi
2160 3628 2290 3684 dum
2342 3624 2443 3680 tibi
2482 3624 2755 3680 inservire
2822 3631 2877 3676 et
2932 3616 3232 3690 gratiﬁcari
3274 3614 3458 3685 cupio.
3496 3613 3570 3666 At

1996 3721 2142 3777 enim
2195 3716 2240 3771 si
2292 3714 2421 3786 quid
2466 3722 2674 3769 temere
2709 3710 2968 3769 diximus.
3000 3724 3070 3763 an
3110 3723 3220 3761 non
3257 3707 3310 3761 id
3344 3718 3565 3774 aequum

1997 3818 2082 3868 est
2106 3808 2238 3863 mihi
2269 3809 2496 3862 adversa
2539 3803 2757 3859 fortuna
2812 3800 3010 3864 utenti,
3058 3796 3346 3857 ctamicis,
3379 3812 3408 3850 a
3443 3794 3570 3864 qui-

1997 3904 2100 3959 bus
2128 3899 2408 3956 beneliciis
2433 3898 2663 3951 affectus
2697 3894 2890 3959 fueris,
2927 3889 3280 3947 condonare?
3307 3888 3439 3943 Illud
3476 3904 3572 3939 au-

1999 4006 2133 4060 tem,
2160 4010 2193 4048 o
2227 4008 2343 4054 rcx,
2382 3989 2596 4061 privato
2646 3985 2856 4041 homini
2903 3999 3010 4039 non
3060 3981 3357 4038 admodum
3396 3980 3571 4046 impe-

2000 4088 2243 4143 dimento
2292 4083 2475 4140 fuerit.
2540 4080 2638 4136 Ubi
2668 4091 2849 4133 autem
2917 4078 3022 4132 alia
3081 4074 3233 4146 regni
3307 4070 3575 4128 affulserit

2001 4182 2197 4245 forma,
2227 4188 2340 4233 tum
2370 4192 2481 4231 non
2508 4176 2587 4229 fas
2626 4184 2730 4234 est,
2762 4173 2804 4226 si
2830 4171 2958 4241 quid
2998 4179 3193 4237 pactus
3228 4166 3416 4232 fueris,
3450 4164 3577 4219 irri-

2000 4278 2115 4326 tum
2148 4272 2327 4326 facere
2350 4278 2405 4324 et
2439 4264 2767 4338 transgredi.
2821 4263 3000 4318 Etiam
3037 4262 3181 4319 Deus
3208 4260 3439 4331 plurima
3475 4274 3576 4313 no-

2002 4365 2089 4419 bis
2124 4364 2267 4418 bona
2295 4361 2545 4430 largitur,
2581 4361 2628 4414 si
2663 4358 2719 4412 in
2745 4352 2845 4411 nos
2873 4354 3325 4424 delinquentibus
3357 4350 3577 4406 veniam

2003 4454 2339 4511 dederimus.
2394 4452 2451 4509 Si
2505 4452 2672 4522 igitur
2725 4450 2857 4504 mihi
2924 4448 3139 4518 peccati
3193 4446 3575 4515 impunitatem

326 4555 499 4622 μοσίᾳ
546 4552 642 4603 ἐπὶ
677 4551 874 4619 συχνόν
917 4567 1039 4603 τινα
1085 4550 1299 4620 χρόνον,
1351 4549 1529 4619 θάψας
1578 4549 1891 4618 βασιλικῶς.

2010 4547 2376 4610 concesseris,
2411 4545 2613 4616 majora
2660 4561 2690 4598 a
2741 4543 2852 4597 Deo
2908 4539 3001 4595 tibi
3032 4539 3326 4595 olivenient
3354 4537 3575 4590 tandem

322 4646 482 4698 Μετὰ
539 4643 599 4695 δέ
648 4640 821 4694 ταῦτα
869 4643 965 4694 ἐπὶ
1023 4641 1325 4711 Ὑρκανοὺς
1373 4642 1752 4708 ἐστρατεύετο,
1811 4642 1908 4694 καὶ

323 4740 426 4809 τὴν
473 4737 686 4806 ταύτης
720 4734 1018 4793 θάλασσαν,
1050 4734 1147 4786 καὶ
1178 4734 1303 4805 ἔθνη
1363 4752 1422 4787 τε
1480 4735 1584 4787 ούκ
1633 4735 1793 4802 ὀλίγα
1850 4737 1908 4797 ἐς

322 4832 426 4900 τὴν
446 4829 754 4883 θάλασσαν.
787 4828 900 4896 Τὴν
949 4826 1007 4880 δὲ
1057 4826 1354 4896 Ὑρκανίαν
1400 4825 1715 4881 ἐνοικοῦντα
1771 4844 1910 4897 παρ-

323 4923 456 4975 άλια
490 4923 918 4988 κατεστρέφετο.
948 4919 1180 4986 Λέγεται
1211 4919 1265 4972 δέ
1296 4918 1441 4989 αῦτη
1490 4921 1586 4972 καὶ
1659 4920 1907 4981 Κασπία,

322 5015 384 5076 ἐς
434 5012 542 5082 τὴν
585 5009 679 5063 τοῦ
730 5010 920 5072 ἔθνους
970 5007 1164 5062 τούτου
1223 5011 1578 5080 ἐπωνυμίαν·
1616 5010 1797 5080 διήκει
1850 5011 1908 5063 δὲ

322 5104 475 5157 κατὰ
546 5101 925 5172 μεσημϐρίαν,
972 5102 1157 5163 Σάκας
1202 5101 1261 5154 δὲ
1314 5101 1452 5173 ἔχων
1512 5103 1607 5153 καὶ
1662 5101 1903 5155 Καδδου-

326 5194 509 5257 σίους,
565 5194 660 5245 ἐπὶ
708 5193 959 5256 σταδίους
997 5191 1377 5262 τρισμυρίους,
1407 5193 1548 5263 πρὸς
1594 5192 1670 5243 ἕω
1702 5190 1758 5244 δὲ
1810 5192 1908 5244 καὶ

330 5287 569 5358 βορρᾶν,
630 5286 1004 5353 Μασαγέτας,
1061 5286 1215 5351 γένος
1280 5283 1515 5353 ἄλκιμον
1567 5299 1627 5335 τε
1687 5285 1782 5336 καὶ
1847 5287 1906 5336 ὲν

324 5378 600 5448 πολέμοις
628 5376 974 5443 gemmam,
1000 5376 1094 5429 ἐπὶ
1144 5377 1396 5439 σταδίους
1436 5376 1763 5444 δισμυρίους
1801 5378 1906 5444 μά-

327 5472 521 5526 λτστα.
548 5471 722 5525 Τοῦτο
763 5471 821 5522 δὲ
860 5471 926 5523 τὸ
957 5470 1116 5538 γένος
1142 5470 1384 5524 ἐλαύνων
1419 5470 1515 5522 ἐπὶ
1546 5472 1646 5540 τὴν
1680 5469 1907 5541 Περσῶν

330 5564 546 5634 χώραν,
579 5562 798 5630 λέγεται
831 5562 1351 5631 καταστρεψάμενον
1397 5562 1707 5630 πολίσματα
1740 5578 1908 5613 κατα-

335 5657 517 5725 σχεῖν.
555 5656 746 5709 Ἔστιν
801 5654 837 5708 ἃ
892 5654 986 5706 καὶ
1051 5655 1315 5726 Τεμήρην
1346 5655 1439 5706 τοῦ
1490 5655 1681 5721 γένους
1714 5655 1904 5706 τούτου

334 5747 634 5816 γενόμενον
679 5749 778 5801 σὺν
813 5750 923 5810 τοῖς
964 5749 1334 5815 Μασαγέταις,
1366 5747 1640 5817 ὁρμᾶσθαι
1684 5749 1774 5800 ἐπὶ
1807 5749 1905 5815 τὴν

335 5840 731 5910 Σεμαρχὰνδης
764 5842 957 5912 ἀρχὴν,
993 5844 1087 5896 καὶ
1124 5842 1429 5911 Ἀσσυρεων
1463 5841 1562 5913 τὴν
1591 5832 1772 5912 χώραν
1809 5859 1902 5893 κα-

2008 4642 2173 4695 bona.
2210 4636 2306 4690 llis
2330 4635 2518 4698 dictis,
2553 4648 2666 4688 non
2721 4629 2996 4703 persuasit
3050 4626 3278 4686 Temiri.
3341 4625 3434 4694 qui
3492 4640 3579 4677 rc-

2008 4731 2314 4803 spondcbat
2349 4745 2363 4783 :
2392 4727 2562 4784 Venia
2607 4725 2786 4780 danda
2824 4732 2910 4778 est
2943 4720 3227 4777 erroribus
3260 4734 3450 4773 eorum
3483 4718 3581 4785 qni

2008 4824 2137 4893 quid
2165 4831 2362 4893 praeter
2394 4817 2724 4874 voluntatem
2754 4813 3096 4871 admiserint.
3131 4811 3252 4878 Quo
3295 4822 3453 4881 pacto
3479 4826 3581 4863 au-

2009 4925 2118 4970 tem
2178 4914 2454 4968 fortunam
2504 4910 2745 4965 retinere
2791 4916 2987 4977 potero
3038 4905 3355 4975 propitiam.
3400 4904 3443 4955 si
3486 4905 3569 4955 ho-

2009 5018 2149 5061 stem
2188 5019 2371 5060 meum
2411 5017 2518 5057 non
2565 4998 2870 5056 necavero?
2898 4997 3021 5052 llaec
3081 4997 3174 5050 ubi
3222 4997 3439 5050 locutus
3476 5003 3582 5056 est,

2009 5097 2271 5170 Myrxiem
2313 5093 2567 5166 peremit.
2595 5091 2946 5159 Peremptum
3001 5086 3259 5157 regaliter
3305 5083 3582 5154 sepelivit,

2008 5190 2283 5259 longoque
2323 5198 2570 5255 tempore
2595 5184 2753 5236 luxit.
2811 5179 3056 5235 Posthrc
3093 5178 3293 5233 bellum
3350 5173 3582 5243 sumpsit

2008 5282 2272 5335 adversus
2343 5276 2622 5348 Hyrcanos
2677 5285 2731 5328 ιιι
2786 5282 2974 5328 contra
3015 5279 3203 5343 gentes
3262 5281 3384 5337 quae
3434 5279 3585 5319 mare

2009 5371 2320 5443 Hyrcanum
2361 5368 2613 5421 accolunt
2644 5380 2659 5416 :
2692 5379 2828 5431 quas
2861 5377 3051 5417 omnes
3071 5359 3401 5430 perdomuit.
3436 5353 3581 5409 Idem

2008 5480 2160 5519 mare
2195 5474 2249 5518 et
2287 5460 2542 5529 Caspium
2573 5457 2795 5519 dicitur,
2832 5468 3025 5508 versus
3065 5449 3349 5504 meridiem
3380 5447 3584 5503 Saccas

2010 5558 2215 5611 habens
2257 5555 2473 5608 accolas
2522 5558 2577 5604 et
2635 5547 2942 5603 Caddusios
2998 5562 3011 5598 :
3066 5544 3288 5613 triginta
3347 5541 3587 5595 millibus

2007 5648 2310 5705 stadiorum
2336 5657 2531 5698 versus
2567 5643 2828 5695 orientem
2847 5649 2900 5693 et
2919 5640 3345 5706 septentrionem
3368 5635 3587 5690 accolas

2008 5745 2216 5797 habens
2274 5739 2629 5806 Massagetas,
2680 5750 2851 5804 genus
2906 5733 3185 5787 hominum
3240 5731 3581 5785 bellicosum.

2008 5836 2253 5906 Longum
2278 5842 2358 5889 cst
2394 5830 2580 5900 viginti
2628 5827 2870 5882 millibus
2902 5825 3226 5881 stadiorum.
3264 5822 3583 5891 Massagetm
