4130 6422
361 393 468 461 125

1448 400 1544 458 DE
1588 400 1843 460 ΗΕΒυὸ
1880 402 2238 460 'l‘UHClClS
2280 400 2427 462 LIB.
2470 401 2585 459 Ill.

3512 397 3608 461 li’ﬁ

360 506 611 578 γίνεσθαι
658 504 752 575 τῆς
817 504 1023 564 Ἀσίας.
1063 508 1217 561 Ἐστι
1262 508 1319 561 δὲ
1368 509 1400 577 ἡ
1446 511 1598 581 χώρα
1636 510 1774 580 αὕτη
1815 511 1932 564 επί-

2036 521 2247 578 partem
2283 511 2493 565 scimus
2529 511 2583 564 in
2611 508 2940 564 Chersonesi
2971 506 3202 561 formam
3236 507 3432 577 redigt,
3472 509 3610 561 Ara-

362 616 555 670 ιρορος,
586 599 674 651 καὶ
697 597 933 667 δένδρων
962 616 1022 651 τε
1075 603 1170 654 καὶ
1197 602 1460 668 φοινίκων
1490 603 1925 673 πεπληρωμένη,

364 693 467 746 καὶ
495 696 548 745 ἐν
579 693 722 763 μέσῳ
770 692 917 745 δυοῖν
950 696 1214 761 ποταμοῖν
1258 696 1588 766 περίρρυτος
1634 694 1928 763 γενομένη.

340 784 630 855 .Καρπούς
682 801 741 836 τε
793 785 1016 852 ἐκφέρει
1079 786 1379 855 ὑπερφυεῖς
1426 786 1504 855 τῷ
1561 785 1785 855 μεγέθει
1834 785 1930 839 καὶ

369 877 823 938 πολλαπλασίους,
853 879 992 931 ὥστε
1050 878 1353 945 Εὐδαίμονα
1395 878 1500 930 ὑπὸ
1544 878 1654 932 τῶν
1705 878 1929 931 παλαιο-

362 969 535 1037 τέρων
585 970 891 1038 κεκλῆσθαι
941 970 1175 1039 ἀνδρῶν.
1208 973 1307 1024 Διὰ
1340 971 1512 1024 ταῦτα
1577 972 1670 1024 ἐπὶ
1720 972 1929 1043 ταύτην

359 1062 457 1131 τὴν
496 1062 776 1130 Ἀραϐίαν.
809 1063 891 1115 ὅτι
920 1062 1295 1124 Καδδουσίοις,
1337 1063 1431 1117 ὑπ’
1461 1062 1626 1117 αὑτοῦ
1660 1062 1929 1128 πολεμου-

359 1154 568 1224 μένοις,
605 1155 924 1225 συνεμάχει,
961 1155 1375 1221 αἰτιασάμενος,
1403 1156 1787 1225 ἐστρατεύετο.
1818 1155 1930 1208 Καὶ

352 1248 438 1310 δὶς
476 1249 573 1315 μὲν
609 1250 926 1318 ἐμαχέσατο
965 1250 1044 1318 τῷ
1086 1249 1337 1320 Ἀράϐων
1388 1248 1785 1319 στρατεύματι.
1821 1248 1931 1302 Καὶ

352 1340 433 1393 ὅδ’
458 1341 533 1401 ὡς
559 1341 799 1411 ἠδυνήθη
848 1342 1174 1412 τρέψασθαι,
1207 1341 1346 1411 μετὰ
1396 1342 1452 1394 δὲ
1495 1340 1931 1410 διαπρεσϐευσά-

352 1452 545 1504 μενος,
576 1434 718 1489 ὥστε
772 1436 1038 1507 στρατιὰν
1088 1436 1296 1500 δοῦναι,
1329 1437 1427 1491 καὶ
1477 1435 1647 1506 φόρον
1694 1435 1931 1504 ἀπάγειν

349 1527 454 1582 τοῦ
514 1528 685 1595 ἔτους,
723 1529 847 1583 ὅσον
896 1530 964 1583 ἂν
1016 1531 1201 1597 σφίσιν
1255 1529 1557 1594 ἐπιτάττοι,
1592 1529 1823 1589 σπονδάς
1871 1544 1931 1581 τε

348 1622 656 1691 ἐποιήσατο
689 1621 755 1687 ⁸⁸,
787 1622 882 1674 καὶ
912 1620 972 1674 τὸ
1020 1620 1109 1674 ἐπ’
1160 1621 1322 1675 αὑτὸν
1365 1620 1615 1693 Ἀράϐων
1649 1620 1928 1691 πρέσϐεις,

351 1717 405 1770 )2
458 1714 556 1769 καὶ
614 1716 963 1784 ἀφικόμενοι,
1000 1716 1321 1785 προΐσχοντο
1348 1733 1406 1769 τε
1459 1715 1557 1785 τὴν
1605 1716 1790 1785 χώραν
1833 1715 1930 1767 τοῦ

352 1809 536 1879 ἥρωος
571 1807 647 1877 μὴ
682 1808 985 1874 λεηλατεῖν,
1035 1811 1128 1862 καὶ
1175 1809 1387 1862 ἐδέοντο
1435 1810 1599 1877 σφᾶς,
1628 1809 1725 1863 ἅτε
1772 1809 1927 1877 γένος

351 1918 413 1954 τε
440 1900 604 1963 ὄντας
635 1901 732 1955 τοῦ
782 1903 1098 1971 νομοθέτου,
1132 1903 1230 1956 καὶ
1276 1906 1523 1975 πατέρας
1556 1898 1699 1957 εἶναι
1729 1903 1840 1956 τῶν
1872 1905 1931 1966 ἐς

352 1994 516 2063 τήνδε
548 1993 643 2046 τοῦ
691 1995 873 2065 ἥρωος
918 1996 1218 2050 τελούντων
1273 1997 1593 2066 θρησκείαν.
1627 1996 1929 2064 Νομίζεται

348 2087 413 2139 δὲ
454 2086 617 2141 τοῦτο
662 2089 724 2141 τὸ
775 2090 932 2157 γένος
985 2090 1207 2159 εὐαγές,
1239 2108 1297 2143 τε
1346 2094 1438 2145 καὶ
1492 2090 1670 2156 ἅγιον,
1724 2090 1807 2143 ὅτι
1868 2105 1930 2142 τε

349 2180 632 2249 προῆλθεν
677 2182 742 2234 ὲκ
784 2183 883 2248 τῆς
916 2183 1102 2252 χώρας
1150 2183 1335 2236 αὐτῶν
1368 2185 1668 2252 Μεχμέτης
1706 2185 1735 2236 ὁ
1761 2199 1929 2252 νομο-

354 2271 670 2338 θὲτης,καὶ
729 2272 828 2324 σὺν
879 2271 957 2341 τῷ
991 2273 1230 2346 Ὀμοῠρῃ
1279 2274 1377 2345 τὴν
1428 2273 1752 2341 νομοθεσίαν
1778 2274 1931 2339 δεξαο

366 2364 540 2432 μένῳ,
573 2366 659 2418 ἐπὶ
704 2366 805 2435 τὴν
857 2366 958 2434 τῆς
990 2365 1181 2428 Ἀσίας
1224 2366 1400 2435 ἀρχὴν
1460 2362 1929 2435 προεληλύθεσαν,

363 2461 578 2531 μεγάλα
631 2461 1047 2528 ἀποδειξάμενοι
1088 2460 1250 2532 ἔργα.
1296 2463 1356 2515 Ὀ
1397 2462 1583 2530 μέντοι
1629 2463 1933 2532 νομοθέτης

363 2554 564 2606 τούτων
596 2556 625 2608 ὁ
656 2554 953 2625 Μεχμέτης
1003 2557 1135 2618 παῖς
1176 2554 1393 2623 λέγεται
1438 2554 1693 2621 γενέσθαι
1736 2554 1934 2609 Ἀλίεω

358 2648 468 2704 ἆπδ
520 2647 776 2716 Ἀραϐίας
815 2650 913 2717 τῆς
957 2649 1310 2717 Εὐδαίμονος.
1357 2648 1690 2719 Ἐκθέμενον
1731 2650 1789 2702 δὲ
1833 2648 1932 2719 τὴν

359 2742 687 2809 νομοθεσίαν
722 2742 910 2808 αὐτοῦ,
941 2744 1118 2813 ἀρχὴν
1152 2743 1251 2810 μέν
1295 2760 1379 2796 τοι
1422 2744 1591 2813 μηδὲν
1624 2743 1930 2813 βιάζεσθαι,

357 2834 731 2892 ἀναπείθοντά
770 2851 829 2885 τε
880 2838 1008 2898 τοὺς
1060 2836 1328 2906 Ἄραϐας.
1374 2839 1469 2891 καὶ
1521 2837 1730 2907 Σύρους
1794 2837 1936 2907 μετὰ

358 2927 567 2982 ταῦτα·
608 2928 748 2998 μετὰ
788 2930 844 2983 δὲ
877 2929 1048 2984 ταῦτα
1097 2928 1544 3000 προσλαϐόμενον
1594 2929 1690 2983 τοῦ
1739 2929 1934 2983 ’Δλίεω

358 3018 630 3073 δυνάστου
660 3038 721 3073 τε
763 3024 863 3090 τῆς
908 3019 1116 3091 χώρας,
1145 3022 1240 3075 καὶ
1286 3021 1600 3078 ἐπιτηδείου
1657 3020 1830 3091 αὐτῷ,
1861 3021 1938 3085 ὡς

364 3111 606 3182 μάλιστα
664 3113 910 3179 ἐπιόντα,
941 3112 1314 3185 προσάγεσθαι
1348 3114 1497 3182 αὐτῷ
1541 3117 1599 3178 ις
1639 3115 1742 3186 τὴν
1779 3131 1936 3184 νομο-

2032 601 2286 672 biamque
2311 610 2467 656 extra
2517 600 2705 655 Asiam
2738 598 2994 668 relinqui.
3026 601 3122 654 Est
3173 609 3356 653 autem
3412 600 3609 654 Arabia

2030 695 2282 766 plurimis
2331 694 2649 753 arboribus.
2682 693 2990 763 palmisque
3021 694 3262 757 consita,
3302 700 3357 746 et
3412 692 3467 746 itt
3494 710 3611 745 me-

2028 790 2119 844 dio
2174 791 2409 845 duorum
2468 789 2753 844 fluminum
2789 787 2917 852 sita,
2975 788 3045 842 ab
3095 796 3332 853 utroque
3373 786 3614 854 undique

2028 884 2274 937 alluitur.
2297 880 2534 935 Fructus
2560 881 2765 944 profert
2790 895 2955 950 supra
2972 879 3194 932 tnodum
3221 890 3336 931 tum
3362 893 3610 946 magnos,

2028 980 2144 1029 tum
2183 973 2695 1043 multiplicesﬂinc
2740 984 2956 1028 veteres
2997 971 3346 1026 occasionem
3391 985 3605 1025 sumen.

2031 1077 2133 1133 tes,
2154 1082 2273 1121 eam
2301 1066 2542 1121 Felicem
2564 1066 2931 1135 appellavere.
2960 1065 3111 1119 Hanc
3140 1064 3416 1134 regionem
3444 1064 3612 1115 armis

2031 1159 2247 1214 infestis
2276 1173 2563 1230 aggressus
2595 1169 2679 1214 est
2704 1157 2978 1220 Temires,
2997 1156 3197 1210 incolis
3226 1155 3447 1209 crimini
3471 1155 3612 1208 dans

2034 1266 2255 1321 operam
2288 1261 2521 1307 strenue
2551 1259 2810 1305 navatam
2841 1248 2952 1319 64
2977 1248 3293 1309 Catldusiis,
3351 1262 3477 1325 cum
3512 1261 3611 1298 eos

2032 1342 2183 1397 bello
2213 1342 2505 1397 statuisset
2532 1342 2784 1397 domare.
2821 1338 2912 1393 Bis
2939 1339 3182 1392 conﬂixit
3210 1352 3335 1392 cum
3366 1338 3610 1389 Arabum

2032 1433 2300 1487 exercitu.
2327 1432 2576 1502 Cumque
2602 1448 2700 1489 eos
2723 1433 2899 1487 victos
2928 1431 3060 1486 dare
3083 1447 3191 1485 non
3228 1439 3435 1501 posset,
3462 1430 3610 1499 lega-

2034 1533 2119 1580 tos
2149 1525 2396 1589 mittens,
2444 1525 2715 1581 militibus
2750 1526 3095 1594 tributoque,
3127 1524 3272 1594 quod
3307 1524 3611 1594 quotannis

2033 1617 2359 1687 penderent,
2389 1618 2699 1687 imperatis,
2727 1633 2916 1685 pacem
2944 1633 3070 1672 cum
3088 1617 3172 1672 eis
3194 1616 3344 1672 fecit.
3378 1616 3449 1670 lia
3474 1625 3612 1668 tem-

2034 1719 2268 1780 pestate,
2302 1712 2627 1779 priusquam
2660 1711 2715 1765 in
2749 1709 2930 1766 fiedus
2958 1711 3227 1775 coiretur,
3255 1710 3504 1764 Arabum
3537 1709 3615 1763 le-

2036 1802 2148 1870 gati
2173 1802 2240 1857 ad
2259 1802 2538 1858 Tetttirem
2582 1818 2891 1867 accessere,
2928 1811 3218 1872 poscentes
3242 1816 3311 1856 ne
3333 1801 3612 1871 regionem

1959 1870 2007 1931 Β
2038 1894 2242 1959 herois,
2270 1894 2363 1964 qui
2383 1902 2435 1947 et
2455 1894 2557 1964 ipsi
2576 1893 2644 1949 de
2667 1909 2865 1965 genere
2894 1895 3232 1964 legislatoris
3260 1900 3472 1960 essent,
3522 1908 3618 1945 va-

2040 1995 2191 2041 stare
2223 1996 2535 2055 pergerent.
2560 1986 2701 2042 Huic
2717 1988 2956 2042 orationi
2977 1987 3332 2055 adjiciebant,
3362 1995 3423 2041 ut
3446 1985 3616 2040 velint

2033 2094 2159 2134 esse
2182 2088 2363 2146 patres
2395 2096 2586 2134 eorum
2617 2082 2709 2151 qui
2744 2081 2928 2135 herois
2957 2080 3281 2150 religionem
3305 2089 3612 2135 sectentur.

2033 2169 2179 2227 Gens
2215 2172 2305 2225 illa
2329 2188 2434 2226 nou
2462 2171 2716 2241 profana,
2759 2188 2948 2226 verum
2986 2188 3141 2227 sacra
3161 2180 3468 2239 sant-taque
3488 2188 3614 2225 rre-

2033 2266 2199 2329 ditttr,
2232 2264 2360 2333 quia
2392 2265 2564 2320 edidit
2595 2264 2953 2321 Mechmetem
2993 2266 3388 2335 legislaturem.
3424 2266 3617 2329 Aiunt,

2034 2358 2400 2430 legislatoretn
2434 2359 2797 2415 Meclttnetem
2827 2360 2999 2415 fuisse
3029 2360 3200 2413 filium
3244 2359 3441 2422 Haliis,
3482 2360 3620 2411 Ara-

2034 2451 2183 2507 biam
2232 2450 2471 2507 Felicem
2524 2454 2845 2508 incolentis.
2892 2452 3055 2508 Initio
3109 2451 3469 2520 legislutionis
3505 2467 3619 2504 sun

2034 2545 2171 2601 nihil
2205 2545 2255 2599 vi
2286 2545 2416 2615 egit,
2435 2544 2531 2600 sed
2556 2545 2919 2615 persuasione
2945 2546 3179 2614 primum
3203 2546 3436 2607 Arabes,
3461 2544 3621 2597 dein-

2036 2640 2106 2696 de
2161 2638 2328 2712 Syros
2365 2641 2529 2708 cepit.
2578 2637 2773 2695 Postea
2806 2639 2860 2693 in
2916 2654 3071 2694 suam
3133 2639 3466 2694 sententiam
3505 2648 3618 2691 trn-

2036 2733 2192 2788 duxit
2236 2732 2449 2788 Haliem
2482 2732 2726 2804 regionis
2757 2731 3297 2794 administratorem,
3338 2729 3432 2798 qui
3487 2745 3614 2783 cum

2036 2826 2141 2897 ipsi
2173 2826 2315 2880 foret
2362 2826 2551 2881 inlinta
2592 2824 2984 2881 familiaritate
3039 2825 3396 2894 conjunctus.
3455 2823 3618 2878 facile

2037 2935 2231 2975 omnes
2256 2928 2414 2974 terrae
2438 2933 2552 2973 sua:
2606 2918 2819 2973 incolas
2871 2915 3194 2971 Meehmetis
3250 2914 3399 2984 leges
3440 2915 3619 2969 susci-

2039 3027 2170 3083 pere
2203 3013 2400 3081 cocgit.
2456 3009 2631 3082 Leges
2688 3011 2833 3066 enim
2884 3009 3006 3063 istas
3058 3008 3195 3063 nihil
3249 3008 3398 3062 aliud
3452 3021 3617 3076 quam

2040 3106 2305 3176 quietem,
2320 3116 2373 3160 et
2392 3104 2645 3160 Numinis
2663 3102 2959 3175 quemdam
2984 3100 3247 3165 furorem,
3272 3108 3620 3171 perpetuam-

359 3208 576 3270 θεσίαν,
605 3207 729 3261 ὅποι
781 3208 848 3261 ἂν
904 3208 1032 3277 ἐπίῃ
1089 3209 1215 3268 τοὺς
1261 3208 1361 3278 τὴν
1404 3208 1590 3279 χώραν
1628 3209 1934 3272 οίκοῦντας,

2044 3215 2151 3270 que
2185 3199 2590 3255 meditationem
2614 3196 2999 3253 continebant.
3047 3194 3185 3250 Nam
3233 3196 3377 3249 inter
3417 3204 3618 3249 caetera

363 3296 510 3350 ἀνίει
539 3314 597 3349 τε
650 3298 751 3364 τὴν
802 3297 1145 3367 νομοθεσίαν,
1179 3298 1234 3360 ἐς
1285 3317 1345 3353 τε
1394 3301 1494 3370 τὴν
1527 3300 1813 3371 ῥᾳστώνην
1842 3300 1939 3354 καὶ

367 3387 473 3448 τὴν
502 3387 594 3440 τοῦ
625 3386 788 3441 Θείου
836 3389 1095 3461 βακχείαν
1148 3392 1354 3463 μέντοι,
1386 3395 1580 3463 συνεχῆ
1611 3394 1667 3446 δὲ
1715 3394 1790 3457 ὡς
1840 3393 1943 3464 μά-

369 3479 431 3531 λι
448 3495 535 3532 πα
569 3482 818 3553 μελέτην.
851 3484 1155 3550 Νομίζεται
1189 3489 1297 3555 γὰρ
1333 3484 1484 3557 αὐτῷ
1535 3488 1797 3558 τετράκις
1838 3491 1941 3561 τῆς

372 3571 592 3642 ἡμέρας
630 3575 1029 3645 προσεύχεσθαι
1072 3579 1152 3648 τῷ
1188 3578 1330 3647 Θεῷ,
1365 3578 1459 3633 ὕπ’
1480 3580 1698 3643 οὐδενὸς
1728 3579 1939 3634 κωλυόο

374 3680 545 3732 μενον
579 3667 654 3731 εἰς
677 3668 860 3730 τοῦτο.
886 3669 1024 3724 ὥστε
1056 3673 1129 3741 μὴ
1172 3673 1605 3743 προσεύξασθαι.
1643 3675 1724 3745 Τῇ
1757 3674 1813 3727 δὲ
1838 3673 1940 3743 τῆς

382 3756 704 3829 ’Δςρροδίτης
742 3760 929 3831 ἡμέρα
969 3765 1122 3832 κοινῇ
1150 3780 1209 3815 τε
1242 3762 1489 3826 ἅπαντας
1518 3765 1572 3825 ἐς
1602 3763 1730 3825 τοὺς
1779 3763 1942 3826 ναοὺς

369 3849 554 3911 ἰόντας
608 3851 1036 3922 προσεύχεσθαι.
1095 3855 1401 3925 Νομίζεται
1446 3839 1758 3927 μηδοτιοῦν,
1802 3859 1942 3926 μήτε

363 3940 613 4009 ἄγαλμα,
657 3945 796 4014 μήτε
831 3946 961 3999 ἄλλο
995 3964 1048 3999 τι
1081 3947 1192 4000 τῶν
1233 3950 1663 4019 γεγραμμένων,
1698 3950 1941 4019 προσλα-

367 4035 604 4104 ϐόμενον
661 4038 847 4105 σφίσιν
888 4042 947 4102 ες
989 4041 1089 4110 τὴν
1150 4040 1459 4111 προσευχὴν
1502 4042 1560 4095 ἐν
1609 4046 1722 4104 τοῖς
1770 4045 1942 4104 ναοῖς.

386 4128 579 4197 Ίερεῖς
608 4147 668 4182 τε
705 4132 889 4198 σφίσιν
915 4132 1307 4196 καθιστῶντες,
1336 4132 1479 4187 ὥστε
1509 4134 1616 4204 πρὸ
1649 4134 1743 4187 τοῦ
1787 4136 1943 4199 ναοῦ,

368 4223 429 4283 ἐς
466 4224 758 4294 περιωπήν
781 4241 903 4277 τινα.
932 4225 1142 4295 πύργον
1167 4228 1538 4297 πεποιημένον
1561 4228 1944 4296 ἀναόαίνοντα,

367 4313 779 4382 προσεύχεσθαι
817 4315 893 4385 τῷ
925 4316 1046 4387 Θεῷ
1098 4319 1312 4389 μεγάλῃ
1348 4321 1523 4389 φωνῇ,
1565 4322 1661 4375 καὶ
1704 4321 1797 4375 ἀεὶ
1844 4322 1945 4385 τὰς

2046 3293 2129 3347 les
2158 3300 2245 3348 est
2272 3301 2555 3362 utquater
2607 3291 2810 3346 diurno
2864 3299 3114 3359 tempore
3141 3290 3313 3344 Deum
3360 3289 3615 3354 adorent,

2046 3398 2148 3438 nec
2185 3383 2371 3438 sittant
2401 3423 2418 3447 ,
2455 3398 2802 3453 quaecunque
2834 3392 3015 3438 tamen
3052 3382 3373 3447 inciderint,
3411 3380 3482 3436 ab
3511 3380 3620 3435 ista

2044 3476 2162 3546 lege
2191 3492 2251 3531 se
2288 3476 2530 3530 avocari.
2570 3472 2799 3541 Yeneris
2822 3474 2912 3529 die
2952 3490 3149 3530 omnes
3178 3488 3287 3529 uno
3344 3488 3622 3528 consensu

2046 3568 2355 3636 frequentes
2375 3567 2429 3621 in
2450 3568 2648 3638 templa
2669 3568 3342 3631 comtneant,oratiouib-us
3394 3580 3620 3636 operam

2045 3662 2261 3716 dantes.
2295 3660 2494 3729 Legem
2525 3661 2748 3725 habent,
2779 3676 2901 3730 qua:
2932 3662 3121 3724 edicit,
3154 3670 3216 3715 ut
3237 3660 3443 3715 nullam
3488 3662 3623 3713 ima-

2044 3755 2252 3822 ginem,
2287 3769 2468 3821 ncque
2494 3754 2654 3808 aliam
2688 3753 3035 3824 picturamin
3070 3752 3274 3823 templa
3304 3751 3620 3813 adnuttant,

2048 3849 2418 3920 precationem
2460 3852 2526 3903 ad
2560 3848 2728 3903 Deum
2753 3850 3220 3903 transmittentes.
3259 3847 3481 3915 Eligunt
3532 3862 3619 3900 sa-

2046 3943 2322 4009 cerdotes,
2352 3943 2420 3998 de
2446 3958 2678 4012 quorum
2714 3957 2878 4011 grege
2908 3957 3057 3996 unus
3082 3951 3239 3996 extra
3272 3941 3529 4010 templum
3564 3944 3618 3993 in

2047 4035 2213 4090 turris
2237 4036 2588 4104 pinnaculum
2608 4033 2676 4087 ad
2699 4033 2750 4088 id
2774 4042 3153 4102 comparatum
3177 4033 3450 4098 ascendit,
3474 4046 3621 4101 mag-

2047 4143 2227 4197 naque
2260 4142 2390 4181 voce
2424 4126 2592 4181 Deum
2628 4127 2843 4182 adorat.
2873 4124 3073 4182 Preces
3102 4126 3377 4180 solemnes
3407 4141 3623 4196 semper

2049 4220 2253 4288 majore
2285 4234 2416 4275 voce
2434 4234 2693 4291 peragere
2715 4220 2918 4274 solt-nt.
2942 4221 3056 4273 Hoc
3075 4221 3237 4274 modo
3251 4219 3416 4273 Turci
3436 4233 3624 4285 preces

2049 4328 2179 4368 suas
2207 4313 2622 4378 concelebrant,
2679 4321 2848 4376 atque
2880 4322 3032 4367 tanta
3060 4320 3294 4366 utuntur
3343 4311 3627 4383 diligentia

2050 4405 2105 4459 in
2139 4405 2206 4458 iis
2238 4402 2609 4470 perficiendis,
2643 4412 2701 4456 ttt
2726 4402 2949 4458 interim
2990 4402 3132 4457 nihil
3167 4402 3253 4456 vel
3284 4402 3509 4466 laboris,
3543 4402 3627 4458 vel

366 4408 741 4475 νομιζομένας
780 4409 950 4479 εὐχὰς
1000 4412 1271 4464 ποιεῖσθαι
1332 4414 1646 4482 κεκραγότα
1706 4416 1949 4483 γεγωνό-

362 4515 555 4566 τερον.
600 4500 686 4577 Ἐς
719 4502 819 4570 μὲν
862 4499 955 4556 οὖν
984 4503 1083 4575 τὴν
1115 4506 1426 4577 προσευχὴν
1473 4508 1661 4575 αὐτοῦ,
1702 4508 1858 4576 γένος
1890 4508 1934 4560 δὲ

2051 4497 2278 4551 alterius
2310 4496 2386 4552 rei
2443 4497 2771 4565 suscipiant,
2817 4490 2929 4564 quo
2953 4498 3138 4550 minus
3166 4497 3300 4566 ipse
3330 4496 3632 4551 interrum-

361 4590 532 4643 τοῦτο
567 4576 732 4662 ίσμεν
761 4595 816 4657 ἐς
843 4594 911 4648 τὰ
943 4595 1181 4661 μάλιστα
1226 4600 1605 4668 ἐντεταμένον,
1654 4601 1934 4670 μηδοτιοῦη

2050 4587 2567 4661 paulur.Quantum
2603 4589 2671 4643 ad
2689 4598 2911 4651 caetera,
2944 4588 3196 4643 videlicet
3233 4588 3300 4644 ad
3335 4588 3515 4643 victus
3543 4606 3632 4643 ra-

356 4681 583 4734 ἁνιέναι
624 4684 1125 4756 προσδεχομένους·
1160 4689 1219 4751 ὲς
1261 4688 1317 4742 δὲ
1359 4689 1426 4743 τὰ
1455 4690 1613 4757 ἄλλα,
1662 4691 1733 4744 τά
1782 4710 1840 4745 τε
1891 4694 1934 4754 ἐς

2048 4683 2253 4739 tionem
2315 4689 2371 4736 et
2400 4682 2467 4734 ad
2501 4680 2771 4750 reliquum
2796 4680 2922 4735 vitae
2974 4681 3194 4733 modum
3243 4680 3466 4745 attinet,
3498 4695 3632 4736 con-

352 4775 603 4841 δίαιταν,
635 4779 728 4830 καὶ
770 4780 828 4842 ἐς
866 4781 959 4833 τ’ὺν
990 4781 1106 4851 βίον
1150 4783 1357 4848 αὐτοῖς.
1400 4782 1524 4836 οὔτε
1565 4785 1934 4853 κεκολαπμένσ

2043 4783 2156 4829 stat
2197 4788 2294 4829 eos
2323 4772 2488 4828 nullis
2510 4772 2755 4829 inhiberi
2791 4773 2968 4843 pinnis
3000 4789 3016 4825 :
3050 4773 3190 4827 adeo
3216 4774 3489 4837 feruntur,
3522 4790 3634 4845 quo

362 4867 657 4937 νομίζεται
678 4886 692 4900 ⁸
721 4871 865 4925 ὥστε
914 4875 991 4945 μὴ
1018 4876 1075 4936 ἐς
1120 4874 1183 4927 τὸ
1215 4875 1308 4930 τοῦ
1339 4876 1458 4948 βίου
1503 4878 1603 4947 ἡδὺ
1663 4877 1934 4930 πολιτεύε-

2045 4868 2231 4922 minus
2253 4865 2620 4935 voluptariam
2639 4876 2927 4921 sectentur
2952 4866 3140 4930 vitam,
3167 4865 3471 4922 affectibus
3493 4882 3634 4920 nun—

362 4959 526 5024 σθαι,
558 4961 700 5016 οὕτω
746 4964 848 5037 τὴν
882 4967 1046 5035 φύσιν
1083 4968 1310 5040 μηδαμῆ
1356 4966 1624 5039 βιάζεται.
1672 4970 1934 5033 Γυναῖκας

2041 4976 2205 5029 quam
2227 4975 2333 5013 non
2354 4958 2824 5027 obtemperantes.
2867 4956 3077 5012 Uxores
3100 4958 3245 5012 enim
3266 4958 3493 5020 ducunt,
3519 4960 3636 5028 ρει·

367 5052 478 5122 μὶν
511 5054 618 5125 γὰρ
648 5056 900 5124 ἄγεσθαι,
933 5060 1269 5123 παλλακίδας
1294 5062 1477 5131 μέντοι
1517 5063 1624 5118 ἀπὸ
1666 5063 1934 5132 ἀνδραπό-

2051 5054 2292 5123 Iicesque
2308 5066 2372 5106 ex
2396 5052 2799 5118 mancipiorum
2822 5065 2986 5119 grege
3011 5065 3240 5105 numero
3270 5059 3350 5105 tot
3372 5050 3630 5120 diligunt,

364 5146 504 5211 δων,
525 5149 654 5210 ὅσας
676 5149 744 5203 ἂν
773 5151 1003 5216 ἕκαστος
1033 5152 1144 5216 οἷός
1169 5171 1230 5207 τε
1260 5156 1346 5222 εἴη
1374 5159 1581 5225 τροφὴν
1609 5155 1934 5226 παρέχεσθαι

2053 5145 2566 5216 quotquetquilibet
2593 5143 2739 5198 alere
2770 5152 2983 5209 potest:
3018 5160 3218 5198 usores
3260 5153 3443 5197 autem
3472 5144 3635 5209 virgi—

370 5240 440 5298 ἐς
469 5240 562 5289 τὶν
589 5240 702 5304 βίον
725 5257 740 5271 ο
790 5249 1062 5310 γυναῖκας
1092 5247 1148 5317 δὲ
1184 5247 1465 5317 κουριδίας
1491 5247 1726 5316 ἄγεσθαι
1765 5250 1823 5309 ἐς
1848 5246 1934 5308 τὰς

2058 5258 2161 5295 nrs
2179 5240 2458 5309 accipiunt
2502 5238 2723 5293 nemine
2769 5239 3118 5305 prohibente,
3154 5238 3331 5291 donec
3389 5235 3634 5306 quinque

376 5330 565 5383 πέντε.
601 5335 708 5387 Καὶ
762 5337 887 5400 τούς
914 5354 972 5389 τε
1014 5338 1124 5391 ἀπὸ
1163 5339 1513 5410 ἀνδραπόδων
1561 5340 1758 5404 παῖδας
1802 5339 1934 5409 νομί

2053 5335 2153 5389 sibi
2179 5332 2579 5402 copulaverint.
2624 5330 2853 5384 Liberos
2889 5346 2956 5385 ex
3013 5330 3342 5384 mulieribus
3399 5329 3636 5399 captivis

367 5423 568 5489 ζεσθαι
620 5430 810 5497 σφίσιν
851 5431 910 5483 οὐ
949 5431 1157 5495 νόθους.
1207 5434 1303 5486 Ἂν
1341 5432 1398 5486 δὲ
1445 5431 1555 5485 ἀπὸ
1610 5432 1934 5485 παλλακίδωι

2062 5436 2221 5482 natos
2285 5441 2395 5480 non
2488 5422 2801 5493 spuriorum
2905 5436 3137 5476 numero
3230 5421 3453 5476 habent.
3534 5420 3632 5475 Sin

365 5518 680 5588 ἐλευθέρων
731 5523 997 5588 γένωνται
1040 5525 1195 5592 σφίσι
1238 5526 1447 5590 παῖδες,
1479 5524 1622 5578 νόθοι
1666 5541 1725 5577 τε
1770 5524 1934 5577 αὐτοῖέ

2061 5530 2242 5576 autem
2271 5535 2336 5574 ex
2424 5519 2712 5589 pollicibus
2768 5518 2973 5589 liberos
3032 5517 3234 5579 ferant,
3286 5530 3385 5570 eos
3413 5515 3634 5585 spurius

365 5612 716 5682 νομίζονται,
752 5616 844 5668 καὶ
869 5618 967 5670 οὒκ
995 5621 1074 5682 εἰς
1102 5619 1201 5688 τὴν
1255 5619 1516 5691 πατρῴαν
1548 5618 1737 5674 οὐσίαν
1773 5617 1934 5686 εἰσέρι

2060 5612 2169 5684 65
2206 5621 2472 5679 censent,
2504 5624 2605 5666 nec
2667 5619 2906 5681 pateram
2955 5608 3288 5663 luereditatis
3343 5606 3637 5678 participes

1657 5755 1903 5816 anttlaa
1940 5749 2350 5828 ωδε-εἰσοίσει.

442 5871 488 5903 ⁸⁸
512 5868 755 5928 Lacuna.
