4130 6466
487 408 587 473 151

1630 399 1952 463 LAONICI’
1978 398 2655 464 Cl-IALCOCONDYLIE

3643 399 3702 464 1'?
3722 401 3779 467 2-

486 517 888 582 tentoriorum,
921 513 1229 584 cujusmodi
1263 514 1316 567 iu
1362 529 1467 568 usu
1528 513 1732 567 habent
1798 519 2052 581 pastores

2176 527 2216 562 τε
2246 511 2516 582 δισχιλίας
2570 510 2856 583 καμήλους
2909 510 3202 582 βουτύρου,
3257 512 3349 564 καὶ
3408 513 3620 578 σκηνὰς
3685 514 3763 584 δὴ

485 627 585 677 per
612 611 821 664 Asiam.
843 607 1230 661 Postulabatur
1263 621 1503 676 quoque,
1531 615 1587 660 ut
1618 621 1716 675 per
1741 605 2059 657 universum

486 699 749 770 Pajazitis
778 716 1004 769 regnum
1036 698 1282 752 Temircs
1320 698 1778 767 pronuntiaretur
1806 712 1921 749 rex.
1957 693 2064 747 Vo-

486 794 636 850 lebat
669 807 908 862 quoque,
939 800 997 846 ut
1026 790 1296 861 Pajazitcs
1343 791 1394 842 in
1427 805 1580 844 suam
1628 788 1900 857 regionem
1953 785 2060 839 'l'e-

489 883 649 937 miris
685 883 960 935 numisma
996 881 1291 949 reciperet,
1317 889 1369 934 et
1395 895 1554 933 suum
1584 879 1800 932 irritum
1833 879 2060 931 faceret.

486 977 773 1032 Postremo
801 974 1202 1044 imperabatur,
1247 981 1305 1027 ut
1332 988 1474 1026 unus
1502 972 1576 1026 de
1634 984 1863 1024 numero
1929 969 2066 1022 lilio-

488 1088 606 1126 rum
639 1069 894 1140 Pajazitis
921 1069 1180 1122 militaret
1215 1067 1268 1120 iu
1315 1067 1504 1136 januis
1531 1065 1786 1120 'l‘emiris'.
1832 1063 1988 1129 Quod
2015 1064 2060 1119 si

485 1163 903 1234 Pajaziteshaac
945 1163 1173 1223 faceret,
1219 1160 1337 1213 fore
1374 1174 1500 1214 eum
1555 1159 1793 1212 amicum
1854 1167 1912 1212 et
1969 1172 2064 1211 ne-

485 1257 790 1310 cessarium
816 1255 966 1325 regis
986 1253 1229 1308 Temiris
1258 1270 1271 1306 :
1309 1252 1393 1306 sin
1420 1262 1604 1305 autem
1635 1251 1734 1305 has
1769 1249 2069 1318 petitiones

485 1357 863 1411 avorsaretur,
896 1349 1064 1403 sciret
1103 1347 1376 1400 Temirem
1400 1345 1582 1412 ipsum
1617 1359 1718 1413 pro
1773 1344 1928 1397 hoste
1969 1342 2066 1395 ha-

485 1440 756 1494 biturum.
814 1439 912 1494 llis
944 1438 1173 1504 auditis,
1210 1436 1396 1490 ierunt
1457 1434 1760 1505 Pajazitem
1801 1437 1883 1488 ira
1916 1447 2068 1487 com-

487 1541 726 1587 motum,
761 1528 896 1582 illud
939 1541 1274 1598 responsum
1307 1525 1554 1590 dedisse,
1589 1526 1736 1593 quod
1772 1538 1939 1594 supra
1969 1523 2067 1578 de-

486 1623 846 1686 claravimus,
885 1621 1143 1677 videlicet
1177 1637 1192 1674 :
1221 1619 1276 1674 Si
1315 1634 1424 1675 non
1471 1619 1657 1674 veniat
1709 1618 2069 1688 quemadmo-

488 1717 620 1770 dum
653 1717 960 1782 minitatur,
1017 1729 1212 1784 precor
1245 1727 1478 1768 uxorem
1507 1727 1663 1766 suam
1699 1721 1782 1766 ter
1811 1711 2070 1780 repudia-

490 1813 600 1859 tam
628 1806 878 1874 recipiat.
928 1806 1084 1871 Quod
1113 1805 1339 1872 quidem
1369 1804 1579 1857 dictum
1611 1817 1870 1871 magnam
1923 1801 2062 1857 infa-

495 1898 668 1952 miam
713 1898 973 1967 importat
1015 1897 1170 1961 ei,in
1221 1911 1382 1966 quem
1431 1895 1658 1950 dicitur.
1709 1894 1844 1948 Cum
1909 1894 2073 1962 igitur

493 2003 620 2042 cum
671 1988 768 2042 tali
823 2003 1090 2057 responso
1154 1988 1368 2059 legatos
1429 1987 1766 2052 dimisisset,
1823 1985 2073 2042 Temires

493 2081 898 2150 expeditionem
937 2097 1120 2144 suam,
1169 2095 1337 2150 quam
1395 2081 1586 2135 animo
1631 2080 1912 2142 versabat,
1963 2095 2072 2134 non

493 2171 729 2238 amplius
768 2170 954 2225 differt
984 2180 1180 2225 contra
1234 2169 1557 2237 Pajazitent.
1611 2169 1719 2225 Sed
1773 2169 2071 2224 confestim

490 2263 788 2318 contractis
813 2263 986 2330 copiis
1015 2279 1178 2333 quam
1226 2264 1401 2333 potuit
1433 2263 1708 2333 plurimis.
1745 2261 2073 2332 Scytharum

491 2365 546 2409 et
571 2355 1032 2418 Tzachaidarum.
1061 2357 1154 2424 qui
1189 2364 1388 2424 praesto
1411 2364 1589 2417 erant,
1618 2354 1838 2408 delectu
1861 2353 2074 2416 habito,

491 2446 828 2516 conscripsit
860 2447 1194 2507 exercitum,
1233 2445 1327 2515 qui
1353 2445 1833 2514 complectebatur
1883 2453 2075 2498 octna-

491 2537 646 2606 ginta
701 2536 980 2607 myriades
1008 2536 1338 2590 lmininum:
1374 2545 1428 2590 et
1457 2535 1737 2606 profectus
1773 2545 1860 2589 est
1883 2547 2075 2590 contra

493 2628 818 2696 Pajazitem,
848 2643 947 2697 per
984 2626 1276 2696 Phrygiam
1311 2627 1654 2698 Lydiamque
1699 2628 1804 2682 iter
1846 2627 2074 2683 faciens.

494 2719 770 2788 Pajazites
820 2728 884 2773 ut
927 2719 1075 2775 hosti
1111 2719 1330 2774 obviam
1387 2722 1713 2789 procederet
1750 2721 2075 2784 instructus,

495 2811 836 2882 comparavit
857 2812 1054 2882 etipse
1087 2826 1253 2882 quam
1292 2814 1475 2881 potuit
1526 2815 1834 2870 exercitum
1897 2813 2076 2868 maxi-

495 2920 668 2968 ιιιυιιι,
698 2904 998 2975 assumptis
1035 2905 1202 2958 etiam
1255 2885 1519 2960 Triballis
1566 2905 1903 2960 satellitibus
1936 2905 2076 2968 suis,

493 2999 590 3070 qni
680 3013 914 3054 numero
964 3006 1122 3054 erant
1189 2998 1346 3068 quasi
1391 2998 1582 3053 decem
1639 2997 1810 3054 mille.
1871 2997 1932 3052 lu
1991 2997 2078 3053 his

496 3105 650 3159 spem
686 3091 985 3148 maximam
1036 3088 1281 3144 habebat
1318 3088 1616 3157 Pajazites,
1643 3099 1725 3166 ,ιιι
1754 3090 1849 3158 qui
1911 3088 2072 3143 forti-

2166 605 2454 675 δισχιλίας,
2485 602 2570 668 αἷς
2614 604 2873 660 εἰώθασιν
2903 607 2951 659 oi
2979 606 3230 675 Νομάδες
3261 608 3366 660 ἀνὰ
3412 609 3508 676 τὴν
3555 609 3764 662 Ἀσίαν

2167 698 2428 769 χρῆσθαι.
2463 699 2575 752 Καὶ
2597 699 2656 752 ὲν
2679 701 2790 761 τοῖς
2818 700 2986 762 ναοῖς,
3018 701 3132 761 τοῖς
3160 698 3264 752 ὑπὸ
3287 699 3386 769 τὴν
3415 700 3764 768 ῐιαιαζήτεω

2170 789 2370 862 ἀρχὴν,
2407 792 2844 861 μνημονεύεσθαι
2875 791 3036 844 αύτδν
3052 790 3126 852 ὡς
3173 789 3421 869 βασιλέα,
3460 793 3553 844 καὶ
3589 794 3767 860 νομί-

2169 901 2351 952 σματα
2386 885 2407 916 ⁸
2441 884 2499 937 δὲ
2531 883 2768 956 χρῆσθαι
2794 883 2873 954 τῷ
2906 883 3174 953 βασιλέως
3205 886 3488 955 Τεμήρης.
3518 889 3571 947 ἐς
3609 889 3764 955 σύμ-

2166 986 2347 1028 πασαν
2378 976 2477 1044 τὴν
2508 976 2685 1046 ἀρχὴν
2725 976 2916 1042 αὑτοῦ,
2945 978 3245 1030 καθελόντα
3295 979 3355 1030 τὸ
3414 977 3611 1031 ἑαυτοῦ
3653 979 3752 1028 νό-

2171 1085 2374 1138 μισμα.
2417 1068 2564 1134 Πρδς
2591 1069 2648 1121 δὲ
2678 1069 2775 1122 καὶ
2802 1067 2913 1124 τῶν
2933 1069 3141 1124 παίδων
3176 1067 3342 1123 αὑτοῦ
3382 1067 3478 1122 ἕνα
3515 1069 3768 1139 ᾐτοῦντο

2166 1159 2572 1232 παραγίνεσθαι
2608 1163 2660 1225 ἐς
2683 1163 2784 1225 τὰς
2809 1162 3086 1232 Τεμήρεω
3116 1161 3306 1232 θύρας.
3334 1162 3442 1214 Καὶ
3469 1161 3533 1231 ἦν
3571 1161 3764 1213 ταῦτα

2167 1255 2320 1322 ποιῇ,
2363 1253 2521 1321 φίλον
2582 1271 2642 1306 τε
2705 1257 2800 1307 καὶ
2856 1255 3163 1325 ἐπιτήδειον
3200 1254 3422 1306 ἔσεσθαι
3474 1254 3768 1322 Ὶέμὴρεω

2169 1331 2470 1414 βασιλέωςο
2505 1347 2572 1417 ἢν
2594 1345 2652 1399 δὲ
2696 1347 2770 1416 μὴ
2805 1349 3030 1419 ποιήσῃ.
3071 1346 3307 1415 χρῆσθαι
3354 1345 3506 1414 αὐτῷ
3547 1346 3626 1415 ei);
3664 1363 3772 1397 πο-

2165 1439 2342 1509 λεμίῳ
2380 1439 2607 1504 βασιλέα
2638 1437 2926 1511 Τεμήρην.
2958 1433 3036 1512 ⁷ῌ
3067 1440 3126 1492 δὲ
3173 1439 3238 1508 δὴ
3289 1438 3510 1504 λέγεται
3562 1438 3767 1507 θυμω-

2169 1529 2332 1584 θέντα
2359 1531 2451 1583 τδν
2501 1531 2844 1600 Παιαζήτην,
2889 1533 3069 1585 ὲκείνο
3127 1531 3190 1601 δὴ
3223 1530 3284 1582 τὸ
3323 1530 3454 1593 ἔπος
3494 1533 3704 1590 εἰπεῖν,
3737 1528 3767 1581 ὃ

2169 1619 2266 1672 καὶ
2310 1619 2582 1691 πρότερόν
2615 1637 2704 1690 μοι
2731 1621 3054 1690 δεδήλωται,
3096 1621 3171 1684 ὡς
3201 1621 3268 1690 ἢν
3303 1619 3377 1690 μὴ
3407 1621 3769 1682 ὲπικαταϐὰς

2169 1706 2426 1775 ἀφίκοιτο
2487 1709 2577 1761 ἐπ’
2609 1710 2799 1774 αὐτὸν,
2849 1710 2950 1779 τὴν
3011 1712 3248 1777 γυναῖκα
3301 1709 3468 1763 αὐτοῦ
3522 1709 3577 1770 ἐς
3634 1709 3770 1777 τρὶς

2173 1799 2648 1869 ἀποπεμψάμενον
2687 1801 2984 1854 ἀπολαϐεῖν
3044 1801 3235 1864 αὖθις*
3289 1801 3318 1853 δ
3360 1800 3424 1871 δὴ
3477 1799 3765 1870 αἰσχύνην

2177 1891 2331 1959 φέρει
2392 1893 2636 1964 μεγάλην
2689 1891 2946 1962 είρῆσθαι
3023 1893 3228 1961 ὁτῳοῦν
3269 1893 3329 1944 τὸ
3387 1893 3516 1953 ἔπος
3571 1891 3766 1944 τοῦτο.

2177 1984 2524 2054 Προθέμενος
2557 1985 2660 2055 μὲν
2687 1984 2783 2039 οὖν
2826 1985 2894 2039 τὰ
2934 1985 3089 2056 παρὰ
3117 1985 3215 2053 τῆς
3254 1983 3550 2054 πρεσϐείας
3585 1983 3769 2036 αὑτοῦ

2173 2075 2234 2128 τὸ
2267 2075 2591 2144 Παιαζήτεω
2623 2075 2757 2139 ἔπος
2797 2079 2825 2128 ὁ
2850 2075 3135 2146 Τεμήρης,
3167 2076 3351 2128 οὗκέτι
3391 2075 3447 2136 ἐς
3483 2071 3768 2142 ἀναϐολὴν

2174 2169 2417 2220 ἐποιεῖτο
2442 2168 2542 2234 τὴν
2575 2167 2781 2220 ἔλασιν.
2822 2167 2931 2222 Καὶ
2955 2167 3158 2219 αὐτίκα
3183 2168 3769 2237 παρασκευασάμενος

2177 2261 2432 2330 στρατὸν,
2470 2262 2560 2313 τόν
2587 2277 2647 2313 τε
2666 2260 2810 2331 ’παρ’
2839 2259 3020 2330 ἑαυτῷ
3057 2259 3283 2312 Σκυθῶν
3315 2259 3424 2312 τῶν
3458 2259 3766 2327 Νομάδων,

2176 2353 2274 2406 καὶ
2302 2351 2700 2421 Τζαχαῖτίδων,
2752 2355 2809 2415 ἐς
2853 2352 3210 2422 ὁγδοήκοντα,
3259 2349 3332 2412 ὡς
3375 2349 3620 2418 λέγεται,
3658 2365 3771 2418 μυ-

2181 2447 2389 2514 ριάδας,
2429 2446 2663 2516 ἤλαυνεν
2711 2447 2804 2497 ἐπὶ
2856 2445 3140 2518 Παιαζήτῃ
3173 2445 3263 2522 διὰ
3300 2442 3542 2514 Φρυγίας
3567 2459 3628 2494 τε
3663 2442 3768 2496 καὶ

2178 2538 2382 2602 Λυδίας
2416 2537 2516 2607 τὴν
2565 2540 2791 2608 πορείαν
2850 2538 3200 2606 ποιούμενος.
3239 2536 3558 2606 Παιαζήτης
3590 2534 3652 2588 δὲ
3685 2535 3773 2597 ὡς

2179 2629 2494 2700 ἐξορκώσας
2524 2630 2567 2660 ¹⁰
2592 2629 2878 2700 Τεμήρην,
2905 2628 2970 2700 ἦν
3003 2629 3078 2699 μὴ
3107 2629 3184 2691 ὡς
3219 2628 3456 2698 ἠδύνατο
3483 2625 3767 2698 κράτιστα

2181 2722 2712 2792 παρεσκευασμένος
2763 2720 2944 2792 ἐπῄει,
2989 2721 3320 2790 συναγείρας
3369 2721 3630 2792 στρατὸν,
3688 2719 3768 2781 ώς

2180 2813 2415 2884 ἠδύνατο
2452 2817 2716 2884 μέγιστον
2743 2854 2758 2880 ,
2801 2813 3257 2884 συμπαραλαϐὼν
3304 2815 3397 2868 καὶ
3448 2814 3578 2876 τοὺς
3633 2813 3770 2883 Τρι-

2182 2909 2417 2972 ϐαλλοὺς
2473 2906 2639 2960 αὐτοῦ
2691 2907 3048 2980 δορυφόρους,
3108 2909 3167 2973 ἐς
3228 2908 3460 2978 μυρίους
3516 2904 3769 2976 μάλιστά

2182 3017 2287 3053 που
2319 3000 2653 3069 γενομένους
2698 2999 2946 3062 τούτους·
2992 3000 3078 3068 ἐφ’
3117 2992 3198 3063 οἷς
3239 2999 3300 3052 δὲ
3331 2998 3475 3068 μέγα
3512 2983 3766 3068 ἐφρόνει,

2179 3093 2255 3155 ὡς
2284 3093 2408 3146 ὅποι
2439 3094 2916 3164 παρατυγχάνοιεν
2941 3093 3155 3163 ἀνδρῶν
3175 3092 3398 3162 ἀγαθῶν
3423 3095 3764 3163 γενομένωνι

493 3183 708 3238 tudinis
741 3191 931 3238 essent
959 3196 1178 3251 semper
1203 3195 1482 3236 memores
1528 3197 1861 3252 quocunque
1890 3181 2070 3236 venis-

2184 3191 2296 3244 Καὶ
2325 3191 2669 3260 προθέμενος
2695 3231 2711 3257 ,
2761 3190 2839 3254 ὡς
2887 3189 3239 3258 Ἀλέξανδρος
3269 3193 3297 3243 ὁ
3327 3189 3596 3242 Φιλίππου
3633 3188 3772 3251 τοὺς

493 3284 637 3331 sent.
657 3275 807 3340 Quos
825 3274 1243 3340 cohortabatur,
1261 3273 1454 3328 dicens
1477 3291 1498 3329 :
1513 3274 1820 3330 Alexander
1840 3275 2076 3346 Philippi

493 3368 822 3424 Macedones
848 3366 960 3440 (74)
984 3367 1213 3433 habens,
1250 3376 1636 3437 transgressus
1667 3379 1749 3424 est
1782 3369 1836 3423 in
1859 3370 2070 3434 Asiam,

495 3461 716 3519 crimini
747 3461 902 3516 dans.
941 3459 1107 3515 Dario
1141 3458 1339 3517 Xerxis
1384 3461 1441 3515 in
1494 3459 1716 3518 Graecos
1759 3462 2073 3533 expeditio-

495 3571 645 3618 nem,
682 3569 853 3624 pauca
883 3568 1112 3610 suorum
1145 3569 1320 3608 manu.
1349 3569 1581 3624 pergens
1612 3554 1664 3608 in
1703 3555 1942 3622 hostem,
1975 3555 2080 3609 Da-

497 3650 640 3703 rium
672 3647 898 3713 devicit,
928 3655 986 3702 et
1009 3646 1200 3701 Asiam
1229 3647 1474 3714 subegit,
1510 3648 1870 3718 pervenitque
1900 3664 2074 3718 usque

496 3745 566 3801 ad
584 3744 765 3800 Phain
779 3744 894 3812 (75)
911 3743 1078 3799 Asiae.
1105 3743 1165 3798 in
1184 3758 1335 3812 spem
1355 3742 1541 3811 erigor
1554 3753 1608 3798 et
1637 3744 1778 3814 ipse,
1804 3761 1889 3800 me
1912 3744 2074 3801 facile

490 3847 690 3905 nostro
705 3837 952 3893 exercitu
985 3835 1398 3892 destructurum
1418 3835 1788 3906 79,.Temiris
1823 3855 2073 3907 regnum.

491 3939 548 3986 et
581 3930 781 3994 deinde
817 3942 1171 3984 accessurum
1221 3929 1288 3982 ad
1322 3929 1492 3983 ludos
1517 3945 1718 3998 usque.
1768 3933 2072 3985 Assumens

492 4023 680 4090 itaque
738 4021 1066 4090 Euromequ
1130 4021 1512 4088 Asianumq-ue
1573 4021 1902 4090 exercitum,
1976 4022 2070 4091 qui

491 4115 984 4185 complectebatur.
1027 4116 1186 4182 quasi
1226 4113 1514 4168 duodecim
1562 4113 1840 4183 myriades
1886 4114 2070 4168 homi-

492 4221 650 4268 num,
681 4213 828 4260 recta
862 4206 964 4259 iter
1018 4204 1262 4258 instituit
1297 4205 1562 4257 adversus
1619 4202 1920 4268 'l'emirem,
1975 4221 2072 4259 cu.

493 4300 653 4370 piens
685 4312 809 4352 eum
837 4304 1188 4366 praevertere,
1218 4303 1271 4348 et
1303 4295 1354 4348 in
1399 4293 1574 4363 ipsius
1610 4295 1832 4366 regione
1891 4307 2092 4352 castra.

491 4391 851 4461 locarejuxta
887 4388 1244 4458 Euphratem,
1284 4387 1468 4441 animo
1516 4388 1733 4457 agitans
1769 4388 1847 4445 ibi
1909 4391 2064 4445 dimi-

492 4501 620 4540 care
646 4499 771 4537 cum
807 4482 1050 4538 'l‘emire.
1087 4480 1339 4535 'l‘emires
1379 4479 1603 4549 quidem
1632 4481 1938 4536 exercitum
1970 4497 2068 4550 per

2183 3285 2502 3347 Μακεδόνας
2531 3283 2673 3354 ἔχων
2702 3282 2823 3354 μεθ’
2847 3283 3064 3348 ἑαυτοῦ,
3093 3284 3190 3336 καὶ
3215 3283 3273 3345 ὲς
3293 3282 3393 3352 τὴν
3423 3283 3613 3336 Ἀσίαν
3645 3283 3766 3338 δια-

2185 3377 2306 3440 ϐὰς,
2362 3378 2593 3446 Δαρεῖον
2637 3376 3032 3443 αἰτιασάμενος
3085 3376 3186 3441 τῆς
3217 3377 3275 3438 ὲς
3325 3374 3452 3438 τοὺς
3484 3374 3768 3444 Ἕλληνας

2184 3469 2404 3540 Ξέρξεω
2449 3468 2712 3534 ἐλάσεως,
2741 3467 2820 3539 τῷ
2855 3468 3055 3522 ἑαυτοῦ
3111 3467 3365 3524 ἐλάσσονι
3417 3467 3482 3536 δὴ
3537 3466 3766 3540 στρατῷ

2184 3563 2379 3626 ἐπιὼν,
2413 3563 2869 3633 κατεστρέψατο,
2915 3562 3012 3616 καὶ
3070 3561 3175 3632 τὴν
3224 3561 3412 3614 Ἀσίαν
3463 3561 3556 3630 ὕφ’
3603 3559 3767 3628 αὐτῷ

2183 3655 2500 3724 ἐποιήσατο,
2529 3655 2585 3717 ἔς
2614 3672 2677 3708 τε
2703 3656 2796 3708 ἐπὶ
2830 3655 3066 3720 Ἐνφαῖν
3111 3654 3211 3721 τῆς
3257 3652 3442 3716 Ἀσίας
3474 3654 3519 3685 ¹¹
3561 3653 3766 3724 ἐληλά-

2183 3762 2292 3799 κειο
2326 3747 2582 3799 ἐπίστευε
2619 3746 2676 3798 δὲ
2704 3745 2799 3798 καὶ
2828 3745 2989 3807 αὐτὸς
3027 3744 3108 3814 τῷ
3139 3745 3346 3798 ἑαυτοῦ
3377 3745 3764 3823 στρατεύματι

2183 3838 2378 3904 ἐπιὼν,
2409 3838 2770 3908 καθαιρήσειν
2797 3839 2937 3908 ταχὺ
2977 3839 3119 3892 πάνυ
3168 3838 3267 3909 τὴν
3301 3837 3575 3908 Τεμήρεω
3597 3823 3766 3906 ’βασι-

2180 3933 2356 3997 λείαν,
2411 3932 2505 3984 καὶ
2561 3931 2654 3983 ἐπὶ
2713 3931 2913 3992 Ἰνδοὺς
2967 3931 3287 4000 ἀφικέσθαι.
3319 3925 3670 4002 Παραλαϐὼν
3698 3930 3764 4000 δὴ

2181 4020 2276 4078 οὖν
2305 4024 2428 4076 τότε
2462 4023 2738 4092 Εὐρώπης
2761 4023 2856 4076 καὶ
2900 4022 3083 4087 Ἀσίας
3130 4024 3469 4095 στράτευμα,
3510 4024 3568 4087 ἐς
3597 4025 3766 4076 δώδε-

2180 4137 2258 4174 κα
2281 4117 2578 4188 μυριάδας,
2611 4118 2721 4170 ἵετο
2758 4118 2927 4188 ὁμόσε
2968 4119 3063 4170 ἐπὶ
3093 4118 3186 4172 τὸν
3216 4117 3502 4189 Τεμήρην,
3550 4117 3762 4189 φθῆναι

2181 4211 2345 4265 αὐτὸν
2377 4211 2702 4280 βουλόμενος
2754 4211 2814 4264 ὲν
2843 4212 2909 4281 τῇ
2961 4210 3140 4281 χώρα,
3192 4211 3775 4280 ἐστρατοπεδευμένσνι

2181 4303 2316 4374 πρὸς
2367 4301 2446 4372 τῷ
2495 4303 2780 4375 Εὐφράτῃ,
2833 4305 2892 4356 ἐν
2952 4301 3032 4372 νῷ
3084 4302 3224 4372 ἔχων
3263 4302 3481 4372 βασιλεῖ
3523 4303 3762 4372 Τεμήρῃ

2185 4396 2560 4466 μαχέσασθαι.
2591 4395 2852 4466 Τεμήρης
2888 4395 2945 4449 δὲ
2978 4395 3140 4466 ἐπῄει
3191 4396 3281 4450 διὰ
3324 4395 3567 4465 Φρυγίας
3601 4397 3762 4449 ἔλα-ἰ-

2181 4509 2309 4545 νων.
2343 4489 2676 4560 ῐι-αιαζήτηης,
2704 4488 2761 4542 δὲ
2778 4489 2874 4542 διὰ
2896 4491 2998 4558 τῆς
3042 4490 3446 4548 Καππαδοκίας
3473 4489 3754 4558 ἐπείγετο,

495 4575 784 4647 Phrygiam
822 4573 1134 4628 ductabat:
1169 4581 1224 4626 at
1289 4571 1560 4641 Pajazites
1625 4573 1800 4629 cita-to
1852 4575 2070 4643 agmine

2183 4583 2388 4656 φθῇναι
2416 4583 2580 4645 αὐτὸς
2620 4582 2758 4652 πρὸς
2800 4582 2878 4651 τῷ
2932 4583 3192 4653 Εὐφράτῃ
3235 4583 3377 4636 κατὰ
3405 4582 3506 4649 τὴν
3553 4584 3758 4654 Ἀρμε-

494 4671 792 4729 ferebatur.
833 4683 944 4736 per.
964 4665 1393 4735 Cappadociam,
1461 4679 1847 4735 praeoccupare
1885 4665 2074 4721 volens

496 4760 834 4826 Euphratem
875 4773 970 4826 per
1013 4757 1356 4812 Armeniam.
1398 4755 1465 4811 Ut
1514 4769 1719 4825 autem,
1752 4774 1874 4813 cum
1931 4759 2071 4815 foret

495 4851 550 4904 in
585 4851 872 4913 Armenia,
907 4851 1121 4919 accepit
1177 4847 1451 4903 Temirem
1497 4850 1610 4918 jam
1651 4850 1706 4904 in
1770 4866 1926 4911 suam
1983 4867 2076 4912 ac-

493 4943 735 4998 cessisse
769 4943 1071 5010 regionem,
1116 4943 1225 4997 iter
1279 4957 1374 5011 per
1425 4942 1714 5012 Phrygiam
1757 4943 2070 5010 facientem,

496 5043 708 5089 mutato
753 5031 988 5097 consilio
1044 5043 1192 5087 recta
1229 5034 1284 5087 in
1346 5034 1636 5103 Phrygiam
1721 5037 2009 5090 contendit
2053 5055 2067 5092 :

499 5122 590 5176 ubi
630 5121 847 5175 obviam
903 5120 1159 5192 progredi
1204 5121 1480 5184 'l‘emirem
1525 5124 1890 5182 intellexerat.
1917 5128 2068 5190 Cum

497 5229 680 5272 autem
715 5219 1047 5271 acceleraret
1090 5218 1216 5282 iter,
1252 5220 1451 5273 accidit
1489 5229 1548 5274 ut
1589 5223 1865 5278 exercitus
1911 5225 2072 5294 longo

498 5312 696 5365 itinere
760 5310 1001 5380 graviter
1060 5321 1314 5377 vexatus,
1383 5311 1608 5382 Pajaziti
1671 5315 2074 5385 indignaretur,

499 5407 642 5474 quod
675 5408 916 5476 ipsorum
950 5421 1139 5476 opera,
1166 5405 1326 5465 etiam
1359 5423 1457 5462 sua
1485 5409 1736 5478 audacia,
1770 5427 1894 5466 cum
1921 5417 2068 5469 nulla

2179 4677 2310 4732 νίων
2360 4678 2548 4748 χώραν
2600 4677 2950 4748 βουλόμενος.
2995 4677 3085 4740 Ὦς
3135 4678 3192 4731 δὲ
3235 4681 3294 4731 ἐν
3345 4681 3410 4748 τῇ
3449 4679 3756 4748 Ἀρμενίων

2181 4771 2477 4841 γενόμενος
2508 4772 2688 4842 χώρᾳ,
2735 4769 2971 4828 ἐπύθετο
3021 4772 3115 4825 τὸν
3157 4770 3388 4842 Τεμήηρη
3438 4771 3540 4841 ἥδη
3587 4773 3645 4822 ἐν
3685 4772 3760 4838 τῇ

2179 4864 2378 4920 ἑαυτοῦ
2412 4865 2857 4934 ἀναστρέφεσθαι
2907 4867 3084 4937 χώρᾳ,
3118 4864 3209 4918 διὰ
3249 4865 3494 4934 Φρυγίας
3527 4861 3757 4918 ἐλάσαν-

2176 4975 2267 5022 τα,
2298 4959 2364 5012 τὰ
2389 4958 2631 5028 ἔμπαλιν
2655 4957 2948 5027 γενόμενος
3002 4957 3296 5028 ἐπορεύετο
3327 4957 3460 5010 εὐθὺ
3486 4957 3750 5026 Φρυγίας,

2174 5051 2250 5112 ὡς
2288 5050 2332 5081 ¹²
2361 5049 2426 5120 δὴ
2485 5051 2576 5102 καὶ
2611 5050 2855 5120 Τεμήρη
2919 5049 3085 5103 αὑτὸν
3147 5048 3326 5102 [εσθαι
3391 5047 3748 5102 ἐπυνθάνετο.

2176 5140 2329 5209 Ταχὺ
2352 5140 2407 5193 δὲ
2432 5140 2830 5210 ἐπειγομένων,
2861 5139 3058 5206 ἠνύετο
3102 5140 3128 5191 ὁ
3159 5138 3359 5207 δρόμος
3389 5137 3530 5190 ὥστε
3562 5137 3656 5189 καὶ
3684 5132 3753 5185 τά

2178 5230 2568 5302 στρατεύματα
2600 5231 2767 5284 αὑτοῦ
2803 5231 3007 5302 πολλὴν
3035 5230 3368 5284 διανύσαντα
3399 5229 3650 5298 πορείαν,
3681 5225 3780 5278 δι’·

2176 5324 2359 5392 ὀλίγον
2412 5323 2617 5394 ἔκαμνέ
2672 5341 2732 5376 τε
2779 5324 3033 5394 χαλεπῶς
3077 5323 3354 5393 φέροντα,
3409 5323 3503 5375 καὶ
3553 5320 3752 5391 ἤχθετο

2179 5418 2349 5488 αὐτῷ,
2377 5419 2460 5472 ὅτι
2493 5419 2569 5488 μὴ
2596 5420 2651 5471 ἐν
2681 5418 2854 5472 δέοντι
2886 5418 3161 5488 ἐχρήσατο
3192 5419 3259 5488 τῇ
3307 5414 3504 5468 ἑαυτοῦ
3546 5413 3750 5482 τόλμῃ.

1779 5531 2026 5596 Notulee
2072 5537 2480 5615 marginales.

575 5625 687 5696 (74)
713 5627 1008 5681 Numerum
1042 5643 1152 5682 non
1181 5627 1341 5682 habet
1375 5629 1655 5700 exemplar
1711 5633 1987 5692 Gnaeum.

2244 5641 2356 5713 (75)
2390 5642 2474 5697 Al.
2513 5643 2778 5712 Euplzain.
2804 5641 2888 5697 Al.
2923 5639 3224 5712 Ilyphasin.

570 5786 936 5871 fvepiapart;
962 5786 1308 5871 Sic’etiamin
1341 5805 1464 5844 uno.
1503 5788 1561 5842 In
1586 5790 1658 5844 al.
1693 5801 1749 5871 gl
1781 5795 1831 5848 in
1867 5815 1913 5853 ε.
2003 5801 2070 5850 ¹⁰ε

2176 5800 2402 5871 nguina;
2486 5802 2526 5834 “
2563 5803 2613 5857 in
2647 5817 2772 5870 uno,
2803 5801 2845 5857 ὲ.
2881 5800 3040 5870 Ἔνφ.
3074 5799 3172 5870 τῆς
3205 5795 3419 5862 Ἰνδίας,
3451 5804 3501 5849 et
3539 5793 3593 5849 in
3633 5807 3756 5858 ora...

502 5855 791 5928 Ὕφασιν(
843 5861 884 5890 ’³
914 5857 992 5912 ὃς.
1021 5855 1167 5912 Unus
1203 5860 1636 5930 ut.in,cont.,_al.
1665 5855 1746 5918 οὗ.
