4130 6454
368 445 473 510 153

1432 446 1528 505 DE
1569 446 1821 507 llEBUS
1853 444 2214 506 TURCICIS
2271 447 2415 507 LIB.
2452 447 2562 509 illi

3549 459 3656 528 151

361 558 660 612 Ξυνέϐαινε
687 555 744 609 δὲ
770 556 868 609 καὶ
905 558 967 609 τὸ
999 557 1194 627 μηδενῖ
1217 559 1541 628 ἐπιτρέπειν
1574 558 1671 612 τοῦ
1709 560 1949 630 στρατοῦ

2067 563 2376 616 necessitas
2409 573 2679 629 moneret,
2715 563 3063 621 abuteretur.
3104 565 3385 624 Praeterea
3415 573 3652 640 contigit

365 651 468 705 ἐπὶ
506 651 713 719 πυροὺς
747 651 850 702 καὶ
877 649 1077 717 κριθάς
1105 649 1198 702 ἐπὶ
1219 651 1498 719 Προύσης,
1525 651 1643 722 ὥρα
1678 649 1744 719 ἦν
1779 669 1961 722 παρα-

369 743 593 795 ϐάλλειν
648 743 737 792 τὸν
787 740 986 805 ἵππον,
1015 740 1378 809 χαλεπαίνειν
1407 757 1467 792 τε
1505 741 1572 792 τά
1614 736 1763 807 αὑτῷ
1796 758 1964 810 στρα-

373 834 643 903 τεύματα,
690 834 784 885 καὶ
836 832 1238 903 ἀπαγορεύειν.
1276 832 1596 902 Ἀπείρηται
1626 834 1734 900 γάρ
1771 834 1962 904 μηδενὶ

376 926 577 991 ἐξεῖναι
621 927 701 988 είς
754 926 965 994 πυροὺς
1029 927 1286 979 εἰσιέναι.
1316 927 1546 980 ὐντινα
1617 927 1664 978 δ’
1697 928 1762 980 ἂν
1801 926 1960 979 λάϐοι

375 1020 711 1084 είσελθόντα,
749 1021 1106 1090 ἐτιμωρεῖτο.
1159 1020 1399 1086 Λέγεται
1460 1021 1518 1072 δὲ
1561 1020 1714 1090 αύτῷ
1759 1023 1959 1090 ἐστρα-

365 1113 750 1182 τοπεδευμένῳ
775 1112 907 1181 περὶ
955 1113 1355 1166 Καππαδοκίαν
1381 1113 1601 1182 πνεῦμα
1649 1113 1962 1183 βιαιότατον

365 1203 712 1258 ἐπιπνεύσαν
749 1205 792 1237 ³⁸
817 1204 899 1273 τῷ
929 1205 1310 1274 στρατεύματι
1359 1203 1548 1269 αὑτοῦ,
1586 1205 1686 1266 τάς
1734 1222 1794 1256 τε
1828 1221 1961 1274 σκη-

361 1297 462 1357 νάς
495 1297 971 1364 ἀπενεγκάμενον,
1003 1297 1098 1350 ἐπὶ
1123 1297 1258 1350 πολὺ
1291 1297 1675 1359 ἀποσπᾶσθαι,
1699 1298 1790 1349 καὶ
1821 1315 1959 1366 μετ-

357 1387 574 1456 εώρους
627 1388 1006 1456 ποιησάμενον
1057 1388 1388 1441 καταϐαλεῖν
1419 1405 1434 1421 ο
1477 1390 1573 1442 καὶ
1640 1388 1802 1442 τοῦτο
1834 1390 1958 1443 κατ’

359 1478 539 1531 αὑτοῦ
565 1477 823 1546 γενέσθαι
882 1479 1076 1533 οἰωνὸν
1129 1481 1208 1542 είς
1255 1479 1324 1532 τά
1361 1481 1770 1551 στρατεύματα.
1804 1482 1959 1535 Μετά

359 1568 426 1620 δὲ
462 1568 637 1621 ταῦτα
663 1569 740 1632 ὡς
779 1568 1140 1624 ὲπελαύνοντι
1171 1569 1216 1601 ⁸⁸
1247 1571 1341 1623 ἐπὶ
1380 1573 1483 1638 τὴν
1511 1572 1758 1641 Φρυγίαν
1789 1575 1960 1643 ἐσκή-

360 1679 532 1723 νωτο,
555 1662 659 1732 τήν
690 1679 750 1714 τε
783 1662 992 1732 σκηνὴν
1017 1664 1184 1716 αὐτοῦ
1219 1664 1276 1728 ἐς
1310 1667 1462 1732 τρεῖς
1505 1667 1957 1735 συστησαμένους

355 1753 494 1816 τοὺς
523 1753 660 1822 ἀμφ’
691 1755 860 1807 αὑτὸν
888 1754 1114 1818 παῖδας,
1152 1754 1471 1824 αὐτόματον
1513 1755 1812 1819 πεσοῦσαν,
1844 1756 1954 1808 εἴτε

357 1847 469 1914 τῆς
507 1847 611 1914 γῆς
654 1846 730 1917 μὴ
781 1847 1091 1917 δυναμένης
1141 1848 1396 1916 κατέχειν
1451 1848 1520 1899 τὰ
1586 1848 1803 1916 σχοινία
1855 1848 1955 1916 τῆς

359 1941 597 2008 σκηνῆς,
647 1941 758 1993 εἴτε
811 1941 908 1992 καὶ
951 1940 1088 2011 ἄλλῃ
1139 1959 1215 2010 πη
1267 1941 1466 2010 ξυνέϐη
1505 1941 1698 1994 τοῦτο’
1749 1944 1852 2010 τῆς
1893 1958 1953 1994 τε

353 2032 472 2099 γῆς
505 2033 846 2103 ἀπειρῆσθαι
884 2027 1060 2104 αὐτῷ,
1098 2033 1172 2103 μὴ
1205 2033 1521 2085 ἐπιϐαίνειν
1550 2035 1649 2101 τῆς
1688 2034 1951 2101 Φρυγίας.

366 2125 650 2196 Ἐλλήνων
693 2125 754 2178 τέ
795 2141 944 2188 τινες
1000 2125 1169 2178 αὐτοῦ
1223 2127 1690 2195 παραγενόμενοι,
1734 2127 1765 2195 ἦ
1821 2127 1954 2196 Τρι-

354 2217 582 2271 ϐαλλῶν
627 2217 965 2282 οἰωνίζοντο.
1023 2217 1260 2286 Λέγεται
1325 2217 1425 2285 μὲν
1482 2216 1577 2268 οὖν
1628 2220 1722 2270 καὶ
1785 2220 1952 2288 πρινὴ

356 2311 458 2361 ἐπὶ
520 2307 620 2379 τὴν
683 2308 870 2362 Ἀσίαν
924 2308 1224 2376 διαϐῆναι,
1267 2307 1453 2374 Ἀλίην
1502 2306 1593 2358 τὸν
1629 2307 1953 2376 Χαρατίνεω

358 2404 558 2467 παῖδα,
593 2402 764 2471 ἄνδρα
802 2402 868 2473 δὴ
898 2404 1009 2455 τῶν
1041 2403 1172 2472 παρ’
1200 2401 1382 2471 ἑαυτῷ
1413 2400 1484 2453 τὰ
1511 2404 1568 2462 ές
1607 2402 1826 2453 σύνεσιν
1857 2400 1952 2454 ού-

358 2495 517 2556 am;
566 2494 929 2564 λειπόμενον,
981 2497 1350 2565 ἶχρηματίσαι
1436 2493 1584 2561 αύτῷ
1651 2497 1724 2562 μὴ
1790 2511 1952 2564 στρα-

356 2588 623 2642 τεύεσθαι
645 2588 738 2642 ἐπὶ
764 2589 1051 2658 Τεμήρηνο
1089 2590 1283 2658 τρόπῳ
1309 2589 1365 2641 δὲ
1391 2589 1498 2658 ὅτῳ
1532 2589 1750 2641 δύναιτο
1784 2590 1952 2655 ἀσφα-

355 2683 638 2755 λεστάτῳ,
669 2683 988 2740 διαλύεσθαι
1020 2683 1170 2755 αὐτῷ
1202 2687 1304 2754 τὴν
1360 2685 1502 2753 πρὸς
1530 2685 1794 2753 Τεμήρην
1835 2685 1962 2738 δια-”

358 2776 567 2846 φοράν.
614 2775 870 2829 Ἐκέλευε
902 2777 961 2829 δὲ
1002 2776 1169 2828 αὐτὸν
1209 2777 1477 2846 πέμπειν,
1517 2778 1612 2829 καὶ
1639 2777 1950 2845 ὑπισχνεῖτο

354 2869 650 2933 διαλλάξαι
683 2886 744 2921 τε
783 2868 932 2939 αὐτῷ
965 2868 1196 2940 βασιλέα
1231 2866 1516 2939 Τεμήρην,
1661 2869 1727 2920 ἂν
1785 2869 1950 2930 αὐτὸς

355 2961 633 3034 βούλοιτο.
662 2962 770 3017 Τὸν
797 2963 853 3016 δὲ
886 2962 1236 3015 ὑπολαϐόντα
1265 2962 1452 3030 φάναι,
1483 2960 1560 3024 ὡς
1599 2961 1660 3013 οὗ
1705 2964 1771 3031 τῇ
1807 2961 1952 3015 ὲκεί-

348 3072 453 3109 νου
505 3055 718 3108 συνέσει
795 3054 1094 3120 πιστεύων,
1141 3054 1399 3122 ἀφίκοιτο
1443 3054 1539 3106 ἐπὶ
1583 3052 1727 3123 μέγα
1763 3053 1950 3105 εὐδαι-

354 3146 599 3218 μονίας,
656 3148 938 3218 ἡγεμόνας
1008 3147 1303 3209 τοσούτους
1378 3146 1945 3217 καταστρεψάμενον,

2067 659 2128 704 ut
2177 653 2455 707 exercitus
2487 651 2825 723 aiﬂigeretur
2877 657 3116 710 max-ima
3155 659 3414 714 frumenti
3439 672 3492 716 et
3523 663 3662 716 lier-

2067 742 2153 797 dei
2195 743 2408 814 inopia,
2470 756 2694 816 propter
2726 749 2980 803 Prusam.
3023 751 3164 805 Hine
3193 755 3476 820 equitatus
3527 771 3652 824 gra-

2067 834 2209 888 viter
2243 835 2685 902 periclitabatur.
2739 836 3032 894 Exercitus
3081 856 3196 895 rem
3249 844 3413 897 istam
3457 845 3651 914 iniquo

2065 926 2252 979 animo
2285 926 2518 991 ferebat,
2572 936 2627 981 et
2658 929 2768 996 jam
2799 931 3144 986 detrectabat
3202 935 3480 988 militiam.
3551 937 3652 991 Sc-

2066 1018 2269 1071 veriter
2300 1019 2445 1072 enim
2498 1021 2854 1076 interdictum
2892 1033 3034 1089 erat,
3075 1042 3140 1079 ne
3177 1027 3529 1095 quis-manus
3553 1033 3651 1078 al-

2067 1110 2356 1164 moliretur
2424 1109 2740 1176 frumento,
2775 1113 2986 1168 addens
3013 1155 3028 1178 ,
3061 1131 3120 1170 se
3157 1117 3416 1171 acerbius
3465 1118 3651 1171 vindi-

2063 1207 2317 1252 caturum
2350 1215 2500 1266 eum,
2539 1205 2631 1272 qui
2674 1205 2927 1260 lraudem
2955 1207 3082 1262 huic
3125 1209 3446 1262 suo.edicto
3470 1210 3643 1263 fecis-

2065 1299 2170 1345 st-t.
2230 1291 2396 1348 Fama
2424 1305 2538 1361 est,
2601 1311 2725 1351 cum
2761 1308 3190 1353 castrametatus
3224 1311 3369 1355 esset
3399 1302 3451 1353 in
3509 1303 3647 1364 Cap.

2063 1385 2476 1452 padocia,venti
2503 1387 2782 1444 turbinem
2813 1390 3270 1445 violentissimum
3330 1391 3649 1446 incubuisse

2062 1477 2355 1538 exercitui,
2412 1478 2552 1534 adeo
2611 1487 2673 1534 ut
2731 1480 3238 1550 tentoriaatlisjccta
3275 1491 3330 1536 et
3387 1481 3442 1535 in
3476 1482 3649 1536 subli-

2061 1583 2150 1620 me
2197 1577 2377 1624 tracta
2453 1572 2764 1628 destrueret
2821 1575 3195 1640 planissime:
3227 1574 3374 1644 quod
3420 1574 3642 1643 quidem

2060 1661 2338 1716 exercitus
2389 1677 2488 1730 pro
2518 1663 2705 1718 omine
2734 1679 2930 1732 parum
2961 1663 3144 1720 fausto
3181 1664 3418 1734 accepit.
3450 1663 3644 1717 Postea

2059 1767 2190 1805 cum
2241 1753 2296 1808 in
2341 1753 2639 1826 Phrygiam
2677 1771 2907 1812 movens
2939 1765 3121 1813 castra
3161 1757 3646 1818 communivisset.

2062 1845 2362 1900 tentorium
2417 1863 2577 1902 suum
2633 1849 2687 1903 in
2721 1857 2837 1905 tres
2872 1864 3099 1920 pueros,
3137 1849 3230 1920 qui
3266 1850 3338 1903 ibi
3391 1849 3649 1912 aderant,

2059 1950 2158 1989 sua
2194 1945 2394 2005 sponte
2425 1940 2707 1995 ceciderat
2740 1959 2754 1996 :
2783 1943 2901 1998 sive
2942 1943 3088 2010 quod
3141 1950 3286 1998 terra
3336 1943 3649 2013 nequiverit

2058 2030 2344 2086 sustinere
2391 2033 2720 2099 retinacula,
2759 2035 2878 2090 sive
2939 2036 3048 2090 alia
3080 2044 3359 2091 estcausa
3397 2035 3454 2090 in
3478 2051 3643 2106 quam

2057 2133 2224 2176 casus
2282 2121 2372 2176 ille
2428 2123 2614 2179 reduci
2655 2126 2877 2194 peterit.
2934 2125 3168 2191 Quidam
3214 2125 3472 2181 Grmcivet
3526 2127 3648 2180 Tri-

2057 2212 2185 2266 balli
2246 2215 2340 2284 qui
2407 2225 2610 2286 praesto
2645 2229 2824 2281 erant,
2889 2233 3052 2273 omen
3097 2219 3150 2274 id
3198 2235 3322 2275 esse
3364 2220 3662 2284 dicebant,.

2057 2318 2124 2358 ne
2181 2307 2508 2363 ascenderet
2543 2308 2598 2362 in
2656 2309 2975 2380 Phrygiam.
2998 2309 3206 2366 Feruut
3245 2321 3425 2365 tamen
3460 2312 3644 2380 prius.

2055 2412 2222 2468 quam
2257 2399 2524 2460 transiret
2558 2400 2611 2454 in
2637 2401 2850 2464 Asiam,
2883 2401 3060 2455 Aliem
3097 2401 3414 2457 Charatiuis
3442 2401 3640 2465 lilium,

2054 2491 2232 2543 virum
2263 2506 2454 2544 eorum
2504 2489 2599 2556 qui
2635 2506 2760 2545 eum
2809 2489 3053 2561 Pajazite
3111 2500 3290 2558 erant,
3348 2492 3648 2562 prudentia

2055 2581 2382 2650 primarium
2419 2582 2793 2649 consuluisse,
2823 2598 2893 2640 ne
2955 2584 3262 2641 exercitum
3288 2593 3484 2640 contra
3530 2584 3662 2640 'l'e-’

2055 2675 2251 2728 mirem
2311 2675 2560 2740 duceret,
2588 2691 2779 2730 verum
2849 2677 3202 2734 adniteretur
3253 2686 3314 2732 ut
3356 2677 3460 2731 ista
3509 2693 3644 2732 con-

2055 2769 2324 2824 troversia
2381 2785 2548 2839 quam
2589 2770 2902 2826 tutissimis-
2950 2773 3263 2828 rationibus
3305 2771 3640 2828 dissolvere-

2053 2871 2143 2917 tur
2203 2869 2260 2917 et
2287 2875 2736 2932 componeretur.
2791 2861 2864 2917 Se
2895 2863 3137 2933 legatum
3162 2863 3282 2921 fore
3334 2864 3390 2919 in
3427 2865 3528 2918 hac
3582 2881 3644 2920 re

2053 2955 2442 3025 promittebat,
2495 2963 2552 3009 et
2629 2957 2783 3025 juxta
2837 2955 3007 3010 animi
3062 2957 3238 3026 ipsius
3308 2957 3640 3012 sententiam

2054 3043 2330 3100 Temirem
2406 3045 2913 3101 reconciliaturum.
2971 3045 3246 3117 Pajazites
3303 3047 3636 3116 respondit:

2052 3135 2349 3208 Nunquam
2407 3145 2624 3193 tantum
2665 3138 2958 3194 felicitatis
2992 3140 3449 3196 conscendissent
3484 3140 3642 3194 fast-i-

344 3239 500 3293 ἀλλά
537 3240 605 3310 τῇ
639 3237 839 3292 ἑαυτοῦ
874 3239 1024 3309 ὁρμῇ
1056 3255 1120 3290 τε
1171 3239 1266 3291 καὶ
1307 3237 1680 3306 γενναιότητι,
1717 3236 1858 3308 τύχῃ
1886 3237 1944 3290 δὲ

2054 3233 2228 3304 gium,
2286 3249 2390 3290 nec
2441 3235 2611 3290 etiam
2650 3244 2732 3311 tot
2786 3237 2955 3292 duces
3014 3237 3307 3307 imperium
3387 3238 3639 3307 accipere

347 3331 561 3391 εἰπεῖν,
597 3330 694 3382 καὶ
744 3329 928 3400 τόλμῃ
985 3327 1466 3396 ὲπιτραπομένους
1517 3327 1628 3379 τῶν
1681 3325 1949 3396 βασιλέων

357 3424 618 3491 πολλοὺς,
651 3425 748 3476 καὶ
777 3423 904 3492 δίχα
951 3421 1226 3484 συνέσεως
1264 3419 1530 3490 μεγάλης,
1567 3419 1949 3483 ἐπιδείξασθαι

359 3518 541 3587 ἔργω
576 3517 793 3570 συνέσει
838 3517 897 3570 δὲ
952 3517 1015 3569 τὸ
1061 3517 1173 3569 πᾶν
1223 3513 1656 3585 ἐπιτρέψαντας,
1689 3513 1950 3583 αἴσχιστα

361 3610 682 3664 ἀπολέσθαι.
725 3610 885 3664 Μετὰ
935 3609 994 3664 δὲ
1043 3608 1241 3674 ταῦτα,
1296 3608 1370 3672 ὡς
1427 3610 1484 3661 έν
1527 3610 1593 3677 τῇ
1638 3607 1948 3678 Ἀρμενίων

357 3705 604 3772 ἐγένετο,
637 3705 730 3757 ἐπὶ
753 3705 978 3776 Τεμέρῃ
1008 3702 1474 3774 στρατευόμενος,
1507 3701 1845 3765 ἐϐουλεύετο,
1870 3699 1947 3765 ὡς

350 3799 424 3869 δὴ
459 3799 731 3868 κράτιστα
782 3799 887 3868 τὴν
930 3796 1112 3868 μάχην
1141 3797 1456 3864 ποιήσαιτο.
1490 3795 1947 3864 Μεταπεμψάμε-

350 3905 450 3951 νος
497 3888 555 3940 δὲ
608 3889 738 3951 τοὺς
793 3889 1094 3958 ἀρίστους,
1138 3889 1193 3950 ές
1231 3885 1430 3957 βουλὴν
1474 3885 1794 3940 καθίστατο.
1835 3885 1948 3940 Καί

346 3999 525 4036 τινων
555 3983 868 4051 γενομένων
916 3983 1003 4034 ἐπ’
1035 3980 1326 4051 ἀμφότερα
1367 3983 1488 4043 ταῖς
1541 3979 1815 4050 γνώμαις,
1857 3981 1947 4033 λέ-

353 4090 525 4142 γεται
559 4074 818 4142 Ιιραῒμην
856 4072 950 4125 τὸν
995 4070 1208 4134 Ἀλίεω,
1267 4069 1526 4140 μέγιστον
1561 4067 1626 4140 δὴ
1666 4069 1820 4137 παρά
1866 4067 1945 4140 τῷ

351 4164 650 4234 Ιιαιαξήτη
678 4164 1005 4231 δυνάμενον,
1057 4161 1385 4229 βουλεύοντα
1438 4160 1589 4225 λέξαι
1643 4160 1844 4214 τοιάδε⁶
1875 4155 1944 4212 Ὦ

351 4255 586 4328 βασιλεῦ
618 4295 634 4318 ,
683 4254 776 4306 ἐπ’
825 4253 1028 4324 ἄνδρας
1094 4251 1498 4324 παρασκευάζῃ
1547 4251 1944 4323 στρατεύεσθαι

345 4350 426 4403 τά
459 4365 518 4401 τε
551 4350 792 4415 πολέμια
827 4347 1158 4416 λεγομένους
1191 4342 1334 4400 εἶναι
1375 4347 1620 4413 ἀγαθοὺς
1661 4345 1768 4398 sub
1807 4345 1944 4399 πάν-

346 4461 486 4508 των,
515 4442 630 4494 ὅσοι
664 4442 709 4474 ¹⁵
739 4439 804 4511 δὴ
841 4439 945 4507 τῆς
977 4455 1037 4491 τε
1072 4439 1304 4510 γνώμης
1371 4440 1554 4494 αὐτῶν
1594 4441 1689 4493 καὶ
1735 4439 1942 4510 ἀρετῆς

307 4546 328 4551 '
348 4535 747 4604 ἐπειράσαντο.
777 4533 1006 4597 Τούτοις
1034 4532 1148 4601 ἐγὼ
1186 4535 1267 4597 είς
1305 4533 1521 4607 λόγους,
1555 4533 1631 4597 ὡς
1661 4534 1729 4586 τὰ
1767 4532 1940 4587 πολλὰ

347 4628 659 4699 ἀφικόμην,
715 4627 1006 4697 ὲπυθόμην
1054 4628 1155 4698 τήν
1202 4644 1264 4679 τε
1326 4625 1534 4696 ἀρετὴν
1563 4621 1706 4679 εἶναι
1737 4625 1940 4686 παντὸς

346 4723 518 4789 λόγου
556 4721 738 4788 ἀξίαν.
775 4723 884 4773 Καὶ
914 4720 1119 4790 πλῆθος
1146 4719 1212 4789 δὴ
1241 4720 1646 4774 πολλαπλάσιον
1670 4718 1766 4772 τοῦ
1803 4721 1941 4789 ἠμε-

345 4813 516 4882 τέρου
554 4813 974 4884 στρατεύματος
1009 4813 1340 4882 ἀγγέλλεται
1375 4812 1512 4883 ἡμῖν
1541 4809 1687 4864 εἶναι
1735 4813 1798 4864 τὸ
1836 4811 1939 4866 Τε-

349 4906 551 4976 μήρεω
593 4905 942 4974 στράτευμα.
997 4903 1164 4956 Ὥστε
1238 4903 1362 4956 κατ’
1414 4904 1582 4973 ἄμφω
1642 4903 1707 4973 δὴ
1759 4904 1938 4974 τούτῳ

342 4999 427 5052 ὅτ’
457 4999 501 5029 ³⁸
526 4999 593 5051 ἂν
618 4996 1100 5068 συμϐουλεύσαιμι
1123 4996 1364 5069 θαρροῦν
1388 4995 1466 5066 τῷ
1495 4997 1751 5067 ἡμετέρῳ
1777 5013 1937 5067 στραο

341 5087 428 5157 τῷ
474 5088 615 5140 ἰέναι
647 5089 814 5158 ὁμόσε
863 5090 920 5150 ἐς
961 5089 1022 5141 τὸ
1047 5088 1324 5158 Τεμήρεω
1356 5086 1748 5156 στρατόπεδον.
1796 5087 1935 5140 Ἀλλ’

340 5179 464 5234 οὐδ’
498 5181 565 5232 ἂν
590 5184 638 5232 εί
676 5182 1054 5251 μαχεσάμενοι
1099 5179 1554 5250 περιγενοίμεθα,
1581 5181 1669 5249 εἴη
1703 5180 1770 5233 ἂν
1802 5182 1935 5250 ἡμῖν

341 5271 547 5341 ὄφελος
575 5275 783 5343 ὁτῳοῦν
854 5272 918 5326 Ei
957 5273 1059 5342 μὲν
1091 5273 1203 5343 γάρ
1256 5273 1314 5334 ἐς
1345 5276 1446 5339 τὴν
1481 5271 1710 5323 ἐκείνων
1737 5272 1937 5324 ἐσϐάλ-

343 5364 539 5426 λοντες
579 5363 929 5435 ἐμαχόμεθα,
959 5359 1028 5436 ἦν
1089 5365 1157 5417 ἂν
1212 5362 1352 5433 ὁμοῦ
1403 5361 1696 5431 ξύμπαντα
1729 5362 1934 5430 ἀγαθά,

344 5453 484 5524 περὶ
524 5471 583 5507 τε
623 5457 726 5525 τῆς
772 5456 948 5525 αρχῆς
980 5455 1190 5506 ἐκείνου
1225 5449 1634 5521 ἀγωνίζεσθαι,
1676 5452 1770 5504 καὶ
1808 5454 1939 5523 περὶ

2054 3327 2387 3397 coegissem,
2439 3328 2487 3384 si
2545 3339 2653 3385 tuae
2712 3331 3025 3400 prudentiae
3080 3346 3166 3385 me
3211 3331 3636 3386 commisissem.

2053 3418 2266 3489 lmpetu
2308 3420 2642 3486 vehementi,
2704 3437 2939 3492 meaque
2993 3423 3370 3493 generositate
3411 3423 3636 3486 ductus,

2053 3517 2206 3566 tanta
2263 3527 2432 3582 opera
2485 3512 2796 3583 designavi.
2863 3513 3138 3571 Praeterea
3187 3516 3410 3587 quidam
3483 3532 3639 3584 reges

2052 3604 2334 3660 fortunam
2363 3614 2420 3660 et
2453 3605 2745 3661 audaciam
2781 3607 2982 3672 secuti,
3013 3609 3257 3676 neglecta
3322 3609 3636 3678 prudentia,

2048 3699 2162 3769 80
2221 3698 2424 3754 eximia
2477 3700 2659 3754 iecere
2708 3715 2875 3769 opera
2914 3718 2927 3754 :
2961 3715 3088 3754 cum
3149 3701 3349 3770 reliqui
3393 3701 3634 3765 interim,

2049 3793 2146 3863 qui
2215 3793 2270 3847 in
2304 3791 2566 3847 omnibus
2601 3791 2964 3862 praatulerunt
3011 3793 3388 3862 prudentiam,
3430 3794 3636 3863 turpis-

2052 3885 2192 3940 Sltllc
2243 3885 2534 3954 perierint.
2595 3885 2731 3940 Cum
2781 3889 2836 3940 in
2892 3885 3156 3942 Armenia
3193 3886 3355 3952 foret,
3411 3888 3632 3942 animus

2050 3979 2512 4042 erat,universis
2571 3979 2752 4050 copiis
2810 3981 2863 4034 in
2914 3980 3086 4036 aciem
3123 3981 3357 4045 eductis,
3418 3996 3632 4036 summa

2048 4069 2102 4124 vi
2146 4078 2364 4126 certare
2408 4085 2535 4124 eum
2572 4071 2752 4126 hoste.
2801 4071 3084 4127 Adhibitis
3119 4071 3290 4142 igitur
3351 4073 3407 4126 in
3446 4077 3635 4129 consi-

2051 4158 2186 4213 lium
2248 4161 2614 4229 optimatibus
2671 4172 2731 4214 ut
2774 4161 3023 4230 praelium
3083 4160 3400 4218 iaciendum
3461 4177 3632 4231 esset,

2046 4248 2406 4306 deliberabat.
2426 4251 2560 4305 Cum
2589 4262 3026 4322 essentquorum
3047 4254 3400 4310 sententiain
3423 4266 3544 4310 utra
3555 4273 3636 4308 m-

2047 4357 2156 4413 que
2178 4352 2391 4412 partem
2411 4342 2766 4407 inclinarent,
2793 4345 2936 4400 fama
2967 4355 3055 4412 est
3075 4346 3332 4403 Praimen
3353 4348 3631 4419 Aleis(76)

2046 4431 2246 4496 lilium,
2292 4433 2387 4502 qui
2447 4433 2748 4504 plurimum
2811 4434 3054 4503 pollebat
3111 4436 3259 4504 apud
3307 4434 3627 4504 Pajazitem.

2050 4527 2133 4582 sie
2184 4527 2437 4581 locutum
2477 4541 2604 4582 esse
2638 4545 2652 4581 :
2691 4524 2735 4582 Ο
2773 4543 2892 4594 rex,
2941 4541 3137 4582 contra
3191 4531 3344 4584 viros
3392 4533 3633 4584 adornas

2049 4621 2322 4704 prmlium,
2382 4621 2476 4691 qui
2525 4622 2725 4691 peritia
2761 4609 2947 4678 rerum
2999 4623 3344 4679 bellicarum
3376 4623 3634 4681 feruntur

2049 4729 2175 4769 esse
2224 4713 2387 4782 primi
2443 4715 2512 4768 ab
2541 4715 2611 4769 iis
2654 4714 2749 4784 qui
2805 4730 3000 4771 eorum
3035 4715 3252 4773 animos
3293 4725 3352 4772 et
3373 4717 3628 4773 virtutem

2049 4818 2181 4864 sunt
2215 4811 2454 4878 experti.
2487 4807 2624 4862 Cum
2663 4809 2749 4864 bis
2779 4825 2880 4880 ego
2897 4824 3119 4880 quoque
3147 4810 3350 4880 saepius
3374 4810 3427 4864 in
3461 4813 3633 4867 collo-

2047 4906 2240 4975 quium
2271 4903 2417 4968 veni,
2469 4903 2770 4972 audivique
2817 4903 3078 4959 virtutem
3106 4918 3300 4959 eorum
3334 4905 3491 4962 miris
3516 4922 3617 4960 mo

2046 5001 2131 5054 dis
2187 4995 2484 5052 celebrari.
2568 4995 2841 5051 Praeterea
2931 4997 3318 5063 annuntiatur,
3394 4997 3665 5053 Teiniris‘

2031 5091 2237 5161 copias
2281 5089 2474 5144 multis
2533 5088 2712 5144 modis
2774 5102 3012 5143 numero
3060 5103 3328 5158 superare
3385 5099 3628 5145 nostras.

2044 5185 2232 5254 Itaque
2277 5192 2337 5237 ut
2386 5183 2550 5238 modo
2583 5190 2948 5251 utrorumque
3006 5181 3253 5238 intellexi
3296 5183 3628 5248 sententias,

2045 5275 2094 5329 si
2147 5284 2203 5329 et
2248 5287 2427 5328 meum
2467 5272 2710 5327 dandum
2782 5279 2868 5326 est
2909 5273 3229 5340 consilium,
3268 5271 3632 5337 consuluero,

2046 5372 2240 5418 nostro
2283 5363 2550 5417 exercitui
2580 5363 2776 5429 ﬁdens,
2817 5363 3031 5420 irruere
3071 5367 3126 5419 in
3155 5374 3338 5419 castra
3370 5363 3627 5419 Temiris.

2051 5454 2440 5511 Verumtamen
2493 5456 2598 5511 etsi
2647 5439 2826 5524 praelii
2874 5456 3054 5513 aleam
3114 5455 3438 5527 jecerimus,
3487 5472 3626 5527 pra:-

1643 5595 1892 5658 Notulm
1934 5600 2342 5677 marginales.

421 5701 541 5774 (76)
573 5703 950 5760 Cbarambcus
982 5701 1166 5759 Halies
1196 5700 1259 5756 F.
1301 5703 1388 5756 Al.
1426 5701 1567 5757 llali.

421 5848 466 5879 ⁸³
503 5848 852 5906 ἐπιπνεῦσαι.
894 5849 959 5906 li.
999 5860 1051 5904 ut
1085 5853 1136 5905 in
1169 5860 1310 5905 cont.

346 5925 390 5964 η
420 5922 499 5984 ιιί.
543 5921 680 5975 οὔτ’.

2119 5760 2145 5780 Ν

1392 5849 1433 5884 ⁸⁵
1459 5850 1834 5908 άπελαύνοντι.
1877 5851 1940 5906 Ii.

2063 5851 2117 5906 in
2148 5858 2290 5906 cont.
2371 5845 2577 5916 “500v,
2602 5845 3018 5903 aliudmauusc.
3051 5844 3168 5898 ὅπα.
3205 5843 3265 5898 Il.
3302 5855 3353 5898 ut
3384 5845 3436 5898 iu
3479 5852 3642 5901 conta.
