4130 6446
630 395 734 462 159

1726 402 2044 464 LAONICI
2095 403 2767 466 CHALCOCONDYL/E

3792 406 3882 472 160

630 517 912 565 certantes
943 509 1235 565 victoriam
1263 509 1603 592 invenirent,
1627 511 1810 582 primo
1847 527 2108 582 agressus
2131 520 2218 569 est

2327 517 2389 568 ἂν
2426 517 2501 586 μὴ
2539 516 2928 584 κυκλούμενοι,
2953 519 3107 587 σφῶν
3155 520 3442 589 ἀμείνονες
3479 520 3738 588 γίνοιντο,
3767 528 3881 593 περὶ

636 599 869 671 Europae
910 604 1236 661 exercitum.
1283 602 1354 658 Ut
1393 590 1577 658 autem
1615 620 1799 676 pugna
1854 606 1924 660 ad
1974 606 2214 660 multum

635 695 747 749 diei
777 704 860 750 est
897 706 1176 760 extracta,
1208 711 1388 766 neque
1435 698 1680 767 quietem
1716 715 1742 750 a
1781 697 2076 768 pugnando
2116 697 2220 752 Pa-

632 787 820 855 jazitis
856 788 1060 843 milites
1089 789 1381 851 haberent,
1419 791 1493 843 ibi
1535 788 1762 844 Triballi
1816 790 2065 860 pristina:
2105 805 2223 846 sua

635 879 855 934 virtutis
881 895 1177 945 memores,
1195 881 1444 949 praelium
1475 882 1696 936 ciebant
1721 896 1916 951 magna
1950 897 2077 936 cum
2112 883 2222 938 for-

635 971 885 1064 tetidinei
906 980 961 1025 et
993 971 1164 1040 gloria
1204 989 1218 1027 :
1258 973 1636 1043 impetumque
1663 975 1859 1028 dantes
1886 975 1940 1028 in
1974 975 2222 1030 'l‘zacba-

639 1063 839 1123 laidas.
876 1063 1067 1120 hastas
1113 1065 1488 1134 ini'regerunt,
1533 1080 1732 1135 magna
1769 1082 1894 1120 cum
1928 1067 2224 1122 vehemen-

637 1155 714 1208 tia
741 1155 928 1222 praelia
983 1157 1392 1212 incumbentes.
1439 1157 1712 1227 Pajazites
1764 1167 1825 1212 ut
1869 1161 2225 1230 conspicatus

637 1255 723 1301 est
752 1246 1080 1318 Europaeum
1115 1249 1420 1304 exercitum
1453 1249 1675 1318 longius
1703 1266 1734 1304 a
1764 1266 1825 1306 se
1858 1261 2109 1307 evectum
2128 1267 2228 1307 cu-

642 1340 829 1408 pidine
861 1356 1078 1410 pugnae.
1113 1342 1268 1398 illico
1297 1340 1496 1398 ducem
1530 1345 1784 1412 Europaei
1832 1348 2113 1400 exercitus
2145 1360 2227 1399 re-

641 1441 826 1496 vocat,
866 1432 1088 1498 timens,
1125 1450 1192 1488 ne
1213 1435 1259 1488 si
1291 1433 1412 1503 ejus
1436 1436 1722 1490 exercitus
1753 1443 1902 1491 esset
1948 1436 2168 1504 longius
2195 1450 2225 1490 a

640 1531 827 1578 monte
851 1523 1165 1588 submotus,
1199 1526 1318 1595 ipse
1348 1525 1417 1579 ab
1467 1526 1722 1581 hostibus
1774 1526 2228 1580 circmnducere-

641 1621 753 1678 tur,
778 1613 918 1694 etin
961 1615 1272 1684 periculum
1324 1617 1450 1670 vita:
1501 1618 1732 1671 veniret.
1784 1615 2016 1672 Jubehat
2060 1617 2228 1686 igitur

642 1723 766 1762 eum
792 1709 1004 1778 regredi
1039 1709 1093 1763 in
1125 1724 1250 1764 cum
1275 1709 1480 1772 locum,
1505 1709 1599 1764 ubi
1640 1709 1709 1762 ab
1730 1709 1890 1764 initio
1923 1709 2229 1764 collocatus

642 1805 785 1852 erat.
822 1799 891 1850 At
939 1797 1049 1852 dux
1087 1799 1266 1867 primo
1295 1815 1644 1869 nequaquam
1667 1801 1816 1854 dicto
1849 1800 2081 1856 audiens
2103 1800 2226 1864 fuit,

2319 609 2494 678 ψυχῆς
2525 609 2942 677 ἀγωνιζόμενοι,
2982 611 3246 665 συνέϐαλε
3291 630 3349 666 τε
3383 615 3527 668 κατὰ
3559 615 3622 667 τὸ
3652 615 3750 682 τῆς
3793 619 3883 670 Εὑ-

2324 702 2515 770 ρώπης
2554 702 2893 770 στράτευμα,
2931 703 3025 755 καὶ
3073 705 3346 773 ἐμάχετο·
3376 705 3454 766 ὡς
3501 705 3590 758 ἐπὶ
3636 706 3768 758 πολὺ
3798 707 3884 776 μὲν

2323 796 2423 862 τῆς
2451 793 2667 863 ἡμέρας
2701 796 2988 866 ἐμάχοντο,
3017 796 3158 850 ὥστε
3191 797 3316 865 μηδ’
3339 797 3716 851 ἀναπαύεσθαι
3759 799 3885 866 ἔχειν

2323 887 2384 939 τὸ
2440 887 2756 958 Παιαζήτου
2807 889 3148 959 στράτευμα.
3206 890 3508 958 Τριόαλλοὶ
3553 891 3607 943 δὲ
3665 892 3897 952 ἐνταῦθα,

2325 979 2520 1044 ἄνδρες
2572 981 2856 1049 γενόμενοι
2905 981 3126 1048 ἀγαθοὶ,
3185 983 3455 1052 ἐμάχοντο
3497 979 3673 1047 iam;
3717 983 3888 1048 λόγου,

2327 1072 2422 1125 καὶ
2443 1072 2772 1140 ἐμϐαλόντες
2803 1076 2860 1135 ἐς
2883 1074 3010 1136 τοὺς
3046 1074 3448 1142 Τζαχατάῖδας,
3500 1075 3571 1127 τά
3615 1092 3674 1127 τε
3705 1074 3890 1140 δόρατι

2327 1163 2624 1228 κατέαξαν,
2656 1167 2752 1217 καὶ
2799 1165 3191 1233 διηγωνίζοντο
3241 1166 3620 1232 ἐντεταμένως
3656 1165 3889 1235 ἐχόμενοι

2325 1257 2422 1310 τοῦ
2453 1255 2638 1324 ἔργον.
2674 1257 2994 1326 Παιαζήτης
3020 1257 3098 1319 δὲ,
3119 1257 3193 1319 ὡς
3227 1257 3372 1326 ἐώρα
3401 1255 3464 1309 τὸ
3503 1255 3602 1326 τῆς
3635 1255 3888 1324 Εὐρώπης

2328 1346 2482 1417 αὐτῷ
2511 1350 2829 1418 στράτευμα
2855 1348 3078 1418 κινηθὶν
3103 1349 3162 1411 ἐς
3195 1353 3406 1418 πρόσω,
3440 1349 3534 1402 καὶ
3570 1350 3888 1418 μαχόμενον.

2327 1439 2646 1492 ἀνεκαλεῖτο
2681 1440 2780 1509 μὲν
2803 1441 2859 1492 ἐν
2885 1442 2953 1510 τῇ
2999 1443 3151 1510 ἀκμῇ
3178 1439 3276 1508 τῆς
3306 1439 3578 1508 Εὐρώπης
3609 1441 3700 1492 τδιν
3745 1456 3885 1507 στρα-

2329 1531 2534 1599 τηγὸν,
2581 1530 2840 1602 ὀρρωδῶν
2894 1530 2972 1602 μὴ
3020 1532 3363 1601 παρασυρεὶς
3415 1529 3762 1598 κυκλωθείη,
3809 1528 3888 1580 καὶ

2331 1621 2653 1690 κινδυνεύσῃ
2687 1620 3077 1690 διαφθαρῆναι,
3127 1620 3518 1692 μετεπέμπετο
3565 1621 3622 1682 ἐς
3668 1618 3759 1670 τὸν
3797 1617 3887 1684 χῶν

2333 1727 2444 1781 ρον,
2479 1712 2535 1774 ἐς
2574 1711 2631 1765 ὃν
2666 1713 2851 1782 ἵδρυτο
2893 1712 2994 1782 τὴν
3035 1713 3233 1781 ἀρχήν.
3270 1711 3378 1766 Καὶ
3419 1711 3613 1781 πρῶτα
3667 1709 3766 1779 μὲν
3805 1709 3888 1776 οὐχ

2333 1804 2632 1874 ὑπήκουσε,
2664 1803 2854 1868 δεδιὼς
2893 1803 2954 1858 τὸ
2988 1806 3260 1874 πρᾶγμα·
3316 1804 3459 1873 μετὰ
3512 1803 3568 1857 δὲ
3615 1803 3692 1866 ὡς
3721 1805 3888 1870 ἐπιφε-

643 1889 853 1946 veritus
871 1905 982 1944 rem
1015 1907 1138 1960 qua:
1161 1893 1482 1960 parabatur.
1507 1892 1713 1948 Deinde
1747 1908 1875 1948 cum
1904 1909 1993 1948 rex
2023 1893 2225 1948 violen-

2334 1898 2565 1968 ρομένου
2619 1895 2770 1966 αὐτῷ
2807 1895 2903 1950 τοῦ
2956 1895 3251 1966 βασιλέως,
3292 1895 3388 1950 καὶ
3430 1894 3887 1966 βλασφημοῦντος,

642 1981 757 2038 tius
778 1985 1011 2046 saeviret,
1036 1999 1137 2040 nec
1166 1985 1429 2041 conviciis
1458 1985 1782 2049 abstineret,
1813 1986 2014 2053 paruit,
2047 1987 2228 2041 acies-

641 2089 753 2142 que
804 2084 1058 2130 revocata
1111 2083 1218 2138 est.
1276 2077 1354 2131 lbi
1411 2084 1527 2130 tum
1566 2075 1972 2130 Tzachataides
2029 2080 2229 2132 acriter

643 2167 937 2232 instantes,
963 2168 1294 2224 occidebant
1312 2169 1522 2225 Turcos
1541 2170 1830 2238 plurimos.
1861 2171 2042 2224 donec
2069 2183 2225 2242 terga

641 2260 862 2316 darent.
889 2261 990 2328 Qui
1014 2278 1138 2316 cum
1167 2262 1422 2332 fugerent
1451 2264 1915 2333 persequentibus
1949 2263 2226 2328 hostibus,

641 2355 812 2406 etiam
843 2353 1124 2409 exercitus
1157 2355 1396 2409 Asianus
1432 2355 1576 2410 haud
1607 2355 1781 2420 stetit,
1817 2371 2008 2409 verum
2049 2357 2230 2410 conti-

643 2444 966 2516 nuo'fugatn
1009 2438 1247 2515 arripuit
1289 2447 1427 2516 (80).
1470 2446 1761 2515 Pajazites,
1801 2448 1993 2501 videns
2031 2448 2085 2501 in
2119 2463 2229 2516 quo

642 2547 786 2592 statu
825 2554 915 2591 res
950 2553 1062 2592 sua:
1092 2547 1304 2601 essent,
1335 2539 1663 2592 conscendit
1717 2554 1940 2607 equam,
1987 2541 2229 2608 totisque

643 2631 856 2685 viribus
885 2633 1043 2694 fugit.
1081 2629 1354 2696 Temires,
1389 2646 1514 2686 cum
1563 2631 1719 2699 prius
1771 2633 2110 2700 praaconium
2145 2632 2229 2686 di-

645 2723 892 2778 misisset
919 2721 1028 2791 83
1051 2736 1146 2791 per
1169 2731 1374 2787 castra,
1398 2737 1466 2776 ne
1491 2737 1652 2790 quem
1680 2721 1749 2776 de
1785 2721 2042 2788 Pajazitis
2074 2737 2230 2776 excr-

643 2816 758 2870 citu
811 2823 1094 2883 caperent,
1153 2821 1209 2867 et
1247 2813 1314 2868 ad
1380 2814 1780 2883 mancipiorum
1849 2814 2227 2868 conditionem

645 2909 903 2964 miseram
961 2907 1325 2970 deducerent,
1363 2907 1662 2962 curavitut
1705 2906 1960 2972 spoliatis
1993 2906 2229 2961 abii-eli-

644 3015 814 3057 reret.
846 3000 965 3055 Non
1006 2999 1152 3054 enim
1189 2997 1271 3053 fas
1301 3013 1424 3054 esse
1455 2997 1711 3060 ducebat,
1755 3009 1811 3052 ut
1833 2997 2063 3067 gentiles
2097 3012 2228 3052 suos

643 3092 713 3147 ad
753 3091 1155 3158 mancipiorum
1202 3089 1434 3142 formam
1481 3088 1823 3160 redigerent.
1860 3089 1922 3141 At
1959 3087 2228 3155 Pajazites

643 3184 1014 3246 contrarium,
1042 3189 1339 3250 antequam
1365 3179 1609 3250 praelium
1635 3181 1893 3245 iniretur,
1919 3195 2016 3250 per
2049 3191 2226 3236 castra

653 3289 784 3331 voce
817 3275 1090 3344 praeconis
1120 3273 1362 3328 nuntiari
1409 3274 1671 3339 jusserat,
1713 3288 1913 3342 nempe
1946 3280 2003 3326 ut
2039 3287 2229 3340 quem-

647 3383 865 3436 cunque
895 3365 965 3421 de
991 3364 1224 3419 Temiris
1261 3364 1532 3418 militibus
1566 3364 1770 3418 fuerint
1800 3365 1972 3428 nacti,
2012 3380 2138 3418 eum
2165 3365 2228 3418 il-

639 3461 754 3526 lico
783 3460 1204 3514 obtruncarent.
1264 3457 1620 3512 Sachruchus
1655 3457 1823 3527 igitur
1851 3463 1910 3511 ut
1950 3456 2003 3510 in
2043 3455 2225 3526 fugam

647 3559 889 3606 verterat
914 3551 1151 3611 hostem,
1172 3549 1288 3618 jam
1319 3549 1556 3604 Temiris
1584 3550 1775 3617 c0piae,
1795 3566 1916 3618 «una:
1937 3549 1992 3604 in
2029 3551 2229 3604 castris

646 3652 1054 3714 exspectaram,
1080 3642 1289 3712 junctae
1317 3641 1688 3712 pugnantibus
1738 3642 1942 3712 impetu
1977 3640 2228 3696 fereban-

645 3747 756 3799 tur,
800 3735 1042 3789 volentes
1080 3743 1412 3802 prazvertere
1438 3731 1698 3801 Pajazitis
1724 3733 2051 3789 exercitum.
2081 3733 2228 3788 Con-

645 3829 788 3884 versi
816 3829 1002 3897 itaque
1033 3825 1104 3880 ad
1143 3824 1548 3895 pepulatioues,
1583 3825 1882 3878 maximam
1916 3825 2228 3878 vastitatem

645 3921 828 3975 fecere
863 3919 914 3973 in
943 3917 1102 3972 Jouia
1142 3926 1197 3972 et
1230 3916 1607 3986 Hellesponto.
1635 3913 1755 3970 Vici
1811 3919 2064 3984 occupati
2101 3923 2230 3970 sunt

645 4013 864 4081 plurimi
906 4028 920 4064 :
955 4009 1221 4079 oppidula
1253 4009 1309 4062 in
1352 4006 1751 4062 desolationem
1778 4008 2088 4075 migrarunt
2112 4007 2231 4074 plu-

645 4103 808 4164 rima,
831 4101 1035 4169 ubique
1064 4099 1348 4168 equitibus
1367 4096 1604 4154 Temiris
1630 4097 1684 4151 in
1717 4096 1979 4168 Pajazitis
2006 4099 2230 4167 regione

643 4193 1047 4264 grassantibus.
1071 4189 1298 4244 interim
1327 4202 1511 4244 autem
1562 4190 1674 4244 haec
1711 4189 1964 4244 accidere
2000 4189 2228 4259 Pajaziti

635 4261 894 4356 'l'ugienti.
920 4283 1057 4337 Cum
1099 4282 1311 4354 fugeret
1341 4268 1731 4352 peniicisSimo
1785 4297 1976 4347 cursu,
2012 4281 2230 4354 fugien-

642 4392 752 4436 tem
793 4376 1232 4445 insequebantur
1266 4373 1692 4440 Tzachataides,
1729 4373 2052 4429 aliectautes
2101 4389 2226 4429 eum

639 4485 856 4538 capere.
884 4467 1002 4524 Jam
1045 4469 1280 4522 multum
1323 4466 1538 4521 itineris
1587 4463 1847 4535 fugiendo
1888 4467 2224 4534 confecerat,

2331 1988 2648 2041 ἀνεκαλεῖτο
2682 1987 2782 2057 τὴν
2834 1987 3109 2052 σύνταξιν.
3151 1987 3419 2041 Ἐνταῦοα
3448 1987 3498 2039 οἱ
3534 1985 3886 2056 Τζαχατάῖόες

2331 2081 2750 2142 ἐπεισπεσόντες
2799 2083 2915 2142 τοῖς
2959 2081 3246 2151 Τούρκοις,
3283 2079 3574 2133 ἐπέκειντο
3623 2079 3765 2132 πάνυ
3807 2094 3888 2144 φο·

2331 2173 2600 2239 νεύοντες,
2628 2177 2683 2238 ἐς
2745 2174 2774 2228 ὅ
2831 2174 2894 2244 δὴ
2954 2175 3009 2236 ἐς
3059 2175 3240 2246 φυγὴν
3304 2173 3654 2244 κατέστησαν
3709 2171 3888 2234 αὐτοὺς

2328 2267 2628 2335 τραπῆναι.
2673 2265 2944 2322 Ἐνταῦθα
2976 2266 3052 2331 ὡς
3079 2266 3341 2338 ὥρμηντο
3373 2267 3430 2329 ἐς
3461 2269 3664 2336 φυγὴν,
3697 2267 3889 2320 ἐπικει-

2332 2357 2511 2426 μένων
2536 2357 2644 2410 τῶν
2680 2357 2986 2428 πολεμίων,
3019 2358 3112 2410 καὶ
3145 2357 3206 2410 τδ
3242 2357 3352 2410 ἀπὸ
3386 2357 3484 2426 τῆς
3525 2355 3714 2419 Ἀσίας
3743 2354 3889 2422 στρὰ-

2329 2465 2509 2519 τευμα
2572 2451 2772 2506 αὐτίκα
2825 2452 2885 2512 ἐς
2944 2448 3126 2521 φυγὴν
3181 2449 3434 2520 ὥρμητο.
3467 2449 3578 2503 Καὶ
3632 2447 3823 2502 αὐτίκα
3866 2445 3890 2496 6

2333 2541 2652 2610 Παιαζήτης
2693 2541 2817 2596 ἰδὼν
2848 2541 3046 2609 ταῦτα,
3094 2542 3279 2594 οὐκέτι
3311 2540 3616 2606 ἐνέμεινεν,
3657 2540 3768 2593 ἀλλ’
3811 2537 3890 2590 ἐπὶ

2332 2633 2500 2686 ἵππον
2549 2632 2771 2700 Θήλειαν
2822 2632 3050 2697 ἀναϐὰς,
3081 2632 3286 2699 ἔφευγε
3333 2630 3477 2684 κατά
3522 2630 3746 2698 κράτος.
3785 2625 3890 2682 Ἐν.

2330 2726 2503 2778 ταῦοα
2533 2725 2607 2787 ὡς
2639 2725 2902 2795 πρότερον
2929 2725 3192 2795 κήρυγμα
3228 2723 3604 2793 πεποιημένου
3634 2723 3888 2791 Τεμήρεω

2333 2817 2620 2890 βασιλέως,
2664 2817 2866 2886 μηδένα
2894 2815 3250 2870 καταϐαίνειν
3290 2815 3337 2847 ³⁷
3367 2817 3479 2869 τῶν
3529 2815 3622 2869 τοῦ
3667 2813 3890 2877 Παιαζή·

2331 2925 2446 2973 του,
2502 2908 2662 2977 μόνον
2715 2907 2770 2960 δὲ
2817 2907 3218 2976 ἁπεκδυόμενοι
3262 2905 3510 2967 τούτους,
3549 2905 3799 2972 ἠφίεσαν.
3828 2900 3890 2953 0-3

2331 3001 2442 3072 γὰρ
2473 3001 2602 3067 ἐξῆν
2629 3000 2936 3069 ὁμοφύλους
2981 2999 3142 3062 ὄντας
3178 2996 3697 3068 ἀνδραποδέζεσθαι.
3741 2997 3891 3048 Παια-

2331 3093 2504 3163 ζήτης
2546 3093 2602 3145 δέ
2641 3093 2904 3147 τάναντία
2946 3093 3153 3145 τούτων
3201 3090 3444 3161 κηρύξας
3481 3094 3537 3154 ἐς
3563 3091 3643 3144 ’τὸ
3692 3087 3891 3160 στρατό-

2332 3183 2512 3249 πεδον,
2572 3185 2648 3246 ὡς
2703 3182 2763 3236 ὃν
2817 3181 2883 3236 ἂν
2941 3182 3162 3236 λάϐοιεν
3205 3181 3295 3236 τοῦ
3344 3183 3615 3252 Τεμὴρεω
3653 3177 3890 3252 στρατοῦ.

2331 3270 2540 3332 πάντας
2565 3270 2963 3324 κατακτείνειν.
3000 3271 3313 3341 Σαχροῦχος
3367 3269 3469 3340 μὲν
3505 3270 3617 3337 οὖν,
3649 3271 3724 3334 ὡς
3754 3269 3892 3338 ἐτρέ-

2329 3361 2470 3433 ψατο
2510 3364 2853 3432 Παιαζήτην,
2887 3362 2987 3435 ἤδη
3049 3363 3118 3416 τὰ
3177 3361 3567 3432 στρατεύματα
3613 3361 3890 3432 Τεμήρεω,

2331 3457 2424 3510 καὶ
2461 3457 2564 3510 ὅσα
2620 3456 2906 3525 ἐμάχοντο,
2945 3453 3043 3508 καὶ
3095 3454 3198 3507 ὅσα
3250 3453 3344 3506 ἐπὶ
3400 3451 3496 3504 τοῦ
3543 3451 3890 3522 στρατοπέδου

2330 3550 2630 3618 ἐτύγχανεν
2662 3548 2814 3607 ὄντα,
2859 3547 3088 3618 ὥρμητο
3133 3547 3225 3599 ἐπὶ
3261 3545 3352 3598 τὸν
3388 3543 3718 3614 Παιαζήτεω
3745 3559 3892 3612 στρα-

2329 3643 2420 3695 τὸν
2463 3643 2667 3712 φοῆναι
2719 3639 3066 3710 βουλόμενος,
3102 3637 3199 3692 καὶ
3237 3638 3330 3690 ἐπὶ
3383 3637 3484 3706 τὴν
3531 3635 3718 3706 χώραν
3748 3633 3891 3703 ἐτρὰ·

2331 3749 2494 3786 ποντο
2524 3733 2617 3785 ἐπ)⁵
2649 3731 2986 3802 διαρπαγὴν,
3029 3730 3301 3800 ἐπιδρομῇ
3337 3729 3704 3800 χρησάμενοι,
3740 3728 3792 3789 ἐς
3837 3741 3887 3776 τε

2331 3827 2429 3896 τὴν
2473 3825 2702 3886 Ἰωνίαν,
2754 3825 2852 3879 καὶ
2905 3825 2961 3888 ἐς
3016 3825 3106 3877 τὸν
3165 3824 3590 3893 Ἑλλήσποντον
3648 3823 3777 3875 ἔνθα
3833 3819 3886 3884 δὴ

2333 3918 2528 3972 πολλαὶ
2576 3919 2674 3988 μὲν
2705 3917 2890 3987 κῶμαι
2923 3916 3243 3986 ἐλήφθησαν
3267 3931 3279 3944 ⁸
3318 3914 3634 3984 πολίσματα
3671 3914 3728 3966 δὲ
3770 3916 3888 3981 ἡρηο

2334 4008 2490 4080 μώοη
2542 4009 2624 4062 ὅτι
2677 4010 2929 4079 πλεῖστα,
2957 4007 3068 4059 τῶν
3104 4005 3462 4073 ἱπποδρόμων
3508 4005 3601 4057 τοῦ
3637 4005 3889 4072 Τεμήρεω

2331 4102 2435 4157 ἀνὰ
2487 4101 2585 4171 τὴν
2618 4101 2804 4173 χώραν
2853 4097 2949 4152 τοῦ
3003 4097 3334 4168 Παιαζήτεω
3377 4096 3705 4150 διαθεόντων
3738 4098 3887 4150 ditav-

2330 4195 2495 4265 ταχῆ.
2544 4195 2677 4265 Περὶ
2725 4193 2784 4247 δὲ
2835 4190 2929 4243 τὸν
2973 4187 3293 4259 Παιαζήτην
3340 4189 3544 4241 τοιόνδε
3605 4185 3887 4258 ξυνηνέχθη

2331 4285 2604 4352 γενέσθαι.
2647 4282 2736 4344 Ὡς
2787 4281 2900 4351 γὰρ
2955 4280 3071 4333 ἔθει
3119 4280 3224 4333 ἀνὰ
3272 4281 3474 4349 κράτος
3528 4272 3724 4342 οὗτος,
3781 4276 3889 4328 ἐπέ-

2305 4375 2512 4430 -κειντό
2556 4393 2617 4429 τε
2659 4376 2754 4429 καὶ
2803 4372 3112 4427 ἀπεδίωκον
3165 4375 3213 4424 οἱ
3248 4371 3638 4442 Τζαχατάῖδες,
3676 4367 3889 4440 dtu-liti»

2333 4487 2484 4540 μενοι
2535 4468 2675 4520 ἑλεῖν
2712 4465 2898 4520 αὐτόν.
2926 4465 3036 4516 Καὶ
3083 4464 3221 4517 πολὺ
3264 4465 3364 4532 μὲν
3407 4465 3775 4532 προήλαυνεν.
3806 4462 3889 4512 an

640 4571 702 4618 ut
743 4563 838 4633 qui
887 4562 1242 4619 velocissima
1291 4559 1591 4616 veheretur
1633 4573 1797 4629 equa.
1847 4546 2043 4614 Postea
2097 4575 2221 4614 cum

2329 4561 2420 4612 ἐπὶ
2451 4558 2604 4626 ἵππῳ
2626 4553 2916 4626 ταχυτάτῳ
2944 4553 3347 4624 ἐπιῳερόμενος
3367 4570 3384 4586 ο
3424 4555 3563 4622 μετὰ
3604 4553 3662 4604 δὲ
3711 4553 3781 4613 ὡς
3810 4550 3892 4600 ἐπὶ

640 4658 784 4712 forte
811 4658 1050 4712 venisset
1082 4657 1149 4711 ad
1179 4655 1405 4719 ﬂumen,
1442 4668 1583 4723 equa
1611 4654 1959 4708 intoleranda
1981 4652 2071 4708 siti
2107 4653 2211 4709 sti-

639 4747 847 4800 mulata
877 4747 1070 4801 bibere
1111 4745 1393 4816 cupiebat.
1429 4743 1704 4813 Pajazites
1744 4756 1925 4798 autem
1968 4744 2222 4815 chiragra

637 4843 695 4891 et
722 4835 965 4905 podagra
1006 4836 1329 4905 gravissime
1362 4833 1666 4890 laborabat.
1702 4832 1938 4888 Proinde
1961 4847 2155 4902 equam
2191 4847 2220 4886 a

641 4925 864 4997 potandi
888 4926 1148 4996 Cupidine
1171 4927 1423 4982 inhibere
1448 4927 1589 4980 haud
1615 4933 1847 4996 poterat.
1873 4925 2025 4997 Equa
2053 4926 2224 4996 igitur

639 5027 700 5073 ut
731 5017 892 5084 bibit,
926 5033 1121 5088 parum
1156 5019 1449 5086 dissoluta,
1479 5019 1732 5074 nonnihil
1771 5017 1837 5071 de
1869 5033 2066 5073 cursus
2091 5032 2218 5086 pcr-

639 5108 864 5163 nicitate
909 5107 1146 5174 remisit,
1201 5110 1341 5164 adeo
1378 5119 1438 5164 ut
1476 5111 1677 5166 milites
1709 5108 1947 5163 Temiris
1979 5107 2220 5179 Pajazite

642 5203 974 5272 potirentur,
1006 5213 1336 5272 captumque
1367 5204 1433 5259 ad
1482 5219 1642 5258 suum
1687 5219 1873 5272 regem
1912 5204 2219 5256 traherent.

641 5293 699 5349 lu
731 5277 834 5350 hoc
877 5283 1063 5366 praelio
1104 5305 1400 5364 captusest
1431 5295 1646 5350 .‘llosrs:
1683 5295 1829 5364 capti
1866 5303 1995 5348 sunt
2024 5293 2219 5362 reliqui

639 5404 776 5454 pene
797 5405 989 5442 omnes
1022 5387 1282 5459 Pajazitis
1317 5388 1507 5444 duces.
1543 5385 1653 5441 Nic
1685 5395 1869 5440 tamen
1917 5385 2220 5457 quidquam

639 5481 870 5551 periculi
895 5481 1040 5550 passi
1067 5491 1218 5546 sunt,
1251 5479 1353 5534 nisi
1380 5482 1523 5549 quod
1550 5479 1795 5534 vestibus
1822 5488 1950 5532 sunt
1968 5477 2210 5547 spoliati.

639 5573 858 5627 Etenim
907 5572 1087 5628 Moses
1136 5572 1428 5627 videbatur
1463 5573 1688 5641 reliquis
1743 5571 2092 5640 prwstantior
2129 5583 2215 5621 ru-

2321 4651 2413 4705 τὸν
2439 4649 2689 4719 ποταμὸν
2719 4648 2970 4715 ἀφίκετο,
3000 4645 3101 4716 τὴν
3130 4645 3303 4698 ἵππον
3333 4646 3556 4712 λέγουσι
3588 4644 3890 4715 διψήσασαν

2321 4742 2630 4814 καρτερῶς,
2660 4739 2914 4812 ἐθελῆσαι
2961 4739 3060 4792 τοῦ
3137 4720 3354 4800 ὓδατος.
3414 4735 3735 4806 Παιαξήτης
3794 4733 3892 4800 γὰρ

2322 4838 2495 4890 ἐνόσει
2539 4833 2617 4887 τὼ
2659 4834 2807 4904 χεῖρε
2867 4831 2964 4886 καὶ
3017 4829 3098 4883 τὼ
3131 4829 3264 4884 πόδε
3310 4829 3416 4882 ὑπὸ
3473 4829 3775 4898 ποδάγρας,
3807 4825 3894 4875 καὶ

2323 4929 2618 4997 κατατχεῖν
2667 4927 2767 4996 οὐχ
2821 4920 2934 4986 οἷός
2964 4941 3022 4977 τε
3064 4923 3306 4992 ἐγένετο.
3354 4920 3623 4975 Ἐνταῦθα
3657 4920 3724 4990 δὴ
3773 4919 3892 4970 ὑπο-

2324 5019 2558 5090 χαλάσαι
2590 5017 2689 5087 τὴν
2731 5017 2893 5069 ῐππον
2944 5015 3050 5068 ὑπὸ
3097 5013 3194 5067 τοῦ
3240 5013 3456 5076 ὓδατος,
3488 5013 3586 5064 καὶ
3616 5010 3889 5077 λειφθῆναι

2321 5109 2417 5162 τοῦ
2443 5108 2671 5176 δρόμου,
2703 5105 2844 5160 ὥστε
2896 5105 3021 5167 τοὺς
3054 5101 3394 5173 στρατιώτας
3431 5101 3658 5171 Τεμήρη
3711 5097 3890 5151 συλλα-

2324 5201 2440 5253 ϐεῖν
2489 5215 2550 5250 τε
2608 5199 2948 5268 Παιαζήτην,
3008 5195 3105 5248 καὶ
3166 5194 3400 5262 ἀγαγεῖν
3461 5195 3613 5263 παρὰ
3657 5187 3889 5258 ,βασιλέα

2326 5294 2608 5362 Τεμήρην.
2654 5291 2932 5345 Ἐἀλωταν
2963 5289 3059 5358 μὲν
3086 5285 3179 5339 οὖν
3214 5287 3270 5340 ἐν
3301 5289 3478 5354 ταύτῃ
3531 5286 3595 5354 τῇ
3630 5283 3779 5352 μάχῃ
3807 5276 3890 5329 καὶ

2331 5385 2558 5450 Μωσῆς,
2596 5385 2692 5436 κα)⁵
2747 5381 2948 5441 πάντες
2983 5379 3172 5448 σχεδὸν
3225 5379 3274 5430 οἱ
3325 5375 3419 5431 τοῦ
3454 5377 3775 5442 ιιαιαζήτεω
3803 5369 3889 5437 ἄρ-

2322 5493 2530 5547 χοντες.
2585 5475 2660 5528 Οὐ
2714 5474 2822 5546 μὴν
2873 5471 3112 5541 χαλεπὸν
3144 5469 3344 5522 ἔπαθον
3373 5468 3572 5535 ὁτιοῦν,
3609 5467 3746 5535 πλὴν
3791 5460 3889 5514 τῶν

2327 5567 2580 5635 ἱματίων.
2639 5567 2748 5619 Καὶ
2807 5565 2915 5633 γὰρ
2967 5563 3172 5630 Μωσῆς
3222 5561 3396 5615 ἐδόκει
3450 5577 3508 5612 τε
3570 5558 3676 5614 τῶν
3728 5553 3888 5612 ἄλλων

1925 5682 2176 5744 Nomia:
2211 5681 2616 5759 marg‘nales.

712 5784 827 5856 (80)
849 5787 1159 5843 Tamcrlani
1182 5789 1404 5841 victoria
1426 5786 1572 5840 circa
1605 5803 1807 5840 autum
1834 5786 2037 5841 Christi
2064 5785 2217 5839 1597.

744 5901 789 5938 ⁸⁷
814 5901 876 5962 In
911 5917 1010 5958 uno
1040 5903 1471 5971 supcwuhrum,
1518 5904 1906 5970 κατκκπίλιειν,
1934 5911 1986 5954 ut
2022 5915 2158 5954 mox.
