4130 6422
265 337 369 398 161

1353 342 1452 403 DE
1498 341 1754 403 REBUS
1792 339 2152 402 TURCICIS
2193 341 2340 406 LIB.
2390 343 2499 404 III.

3434 349 3538 414 162

259 451 561 523 κράτιστος
580 437 886 519 ’γεγονέναι
909 467 922 483 ·
959 457 1056 509 καὶ
1082 453 1172 508 διά
1206 454 1367 510 τοῦτο
1408 457 1681 526 περιῆγεν
1713 457 1851 526 ἔχων

1976 468 2091 508 tore
2122 470 2136 508 :
2175 457 2406 524 proinde
2427 471 2553 510 eum
2577 456 3018 513 circumductum
3044 474 3231 514 secum
3257 460 3310 514 iu
3348 465 3552 519 castris

261 549 325 598 ἐν
356 546 434 615 τῷ
458 548 836 617 στρατοπέδῳ,
873 549 972 602 καὶ
992 549 1207 603 δίαιταν
1238 551 1639 620 παρεχόμενος.
1679 551 1858 606 Ἑάλω

261 638 325 690 δὲ
358 638 457 690 καὶ
492 641 525 708 ὴ
563 641 700 710 γυνὴ
732 641 830 694 τοῦ
864 641 1197 712 Παιαζήτεω
1223 643 1284 696 ὲν
1330 644 1576 715 Προύσῃ.
1623 645 1712 707 Ὠς
1744 646 1859 714 γὰρ

263 731 379 800 τὴν
412 749 472 784 τε
507 732 751 800 Προῦσαν
787 733 1123 804 ἐπέδραμον,
1149 736 1248 789 καὶ
1281 737 1382 800 τὰς
1406 737 1860 804 γυναικωνίτιδας

271 821 582 888 ἀφείλοντο.
614 823 755 893 Πρὸς
801 824 862 877 δέ
901 825 998 878 καὶ
1032 828 1133 894 τὴν
1177 824 1510 897 Ἐλεαζάρου
1553 827 1859 898 θυγατέρα,

278 915 609 985 Παιαζήτεω
654 917 713 968 δέ
766 921 1027 985 γυναῖκα,
1083 919 1306 982 ἁλόντες
1359 921 1656 991 ἀπήγαγον
1709 922 1861 991 παρὰ

280 1005 528 1074 βασιλέα.
558 1008 996 1080 Μονσουλμάνης
1045 1011 1144 1079 μὲν
1198 1006 1314 1075 οῦν,
1349 1009 1447 1063 καὶ
1510 1010 1738 1078 Ἰησοῦς.
1767 1011 1864 1064 καὶ

274 1099 600 1168 Μεχμέτης.
639 1100 736 1152 καὶ
791 1099 840 1152 οἱ
894 1101 1075 1155 λοιποὶ
1121 1103 1232 1156 τῶν
1264 1103 1595 1172 Παιαζήτεω
1657 1102 1864 1158 παίδων

275 1190 726 1259 κατελήφθησαν.
762 1191 875 1244 Καὶ
905 1193 964 1246 οι
990 1194 1090 1263 μὲν
1120 1195 1179 1247 ἐν
1201 1197 1267 1264 τῇ
1306 1193 1568 1265 Εὐρώπῃ,
1607 1195 1657 1248 oi
1701 1195 1759 1248 δέ
1805 1199 1865 1249 ἐν

272 1284 345 1351 τῇ
383 1278 540 1353 ’Ᾱσίᾳ
563 1283 1079 1349 δντες,διεσώζοντο
1109 1288 1233 1338 ὅποι
1264 1287 1484 1357 ἑκάστῳ
1521 1286 1862 1358 προύχώρει.

273 1374 370 1442 Τῷ
398 1377 584 1443 μέντοι
637 1376 950 1448 Παιαζήτῃ,
986 1377 1063 1441 ὡς
1102 1377 1246 1449 ἧχθη
1293 1379 1536 1432 ἐναντίον
1573 1379 1862 1447 βασιλέως,

269 1470 503 1540 λέγεται
554 1473 734 1525 εἰπεῖν
787 1471 938 1542 αύτῷ
989 1473 1203 1526 ἰτοιάδε⁹
1239 1466 1306 1525 Ὦ
1347 1471 1704 1541 κακόδαιμον,
1731 1471 1783 1524 τί
1810 1471 1868 1524 δέ

268 1562 426 1617 οὕτω
455 1563 598 1617 πάνυ
633 1565 726 1618 τὸν
765 1563 968 1618 σαυτοῦ
1011 1566 1247 1633 δαίμονα
1296 1564 1524 1628 ἐϐιάσω,
1559 1563 1869 1634 προκαλού-

273 1673 447 1726 μενος
499 1659 652 1726 ἡμάς
703 1657 798 1710 ἐπὶ
856 1657 1087 1728 μάχην;
1130 1659 1200 1711 Ἦ
1257 1659 1357 1711 οὐκ
1403 1657 1630 1724 ἐπύθου,
1663 1658 1742 1720 ώς
1789 1657 1868 1726 τῷ

271 1748 398 1818 ἐμῷ
431 1747 570 1817 τῷδε
607 1748 994 1817 στρατεύματι
1032 1749 1315 1821 δυστήνων
1361 1750 1558 1813 παῖδες
1607 1751 1870 1820 ἀντέστη-

275 1856 422 1905 σανς
457 1840 776 1910 Παιαζήτης
799 1840 856 1893 δέ
888 1840 1199 1906 ὑπολαϐὼν,
1226 1839 1512 1911 ἠμείϐετο,
1613 1842 1678 1911 δὴ
1712 1840 1870 1909 λέγε-

270 1951 391 1992 ται,
427 1933 505 1996 ὡς
563 1934 680 1987 Ούκ
731 1934 798 1988 ἂν
829 1934 896 2004 δὴ
929 1936 986 1998 ἐς
1036 1936 1194 1988 τοῦτο
1227 1935 1399 2005 τύχης
1449 1935 1773 2008 ἀφικοίμην,
1806 1938 1873 1990 ἂν

275 2029 360 2096 μὴ
395 2026 547 2095 αὖτῷ
577 2029 876 2096 παρείχετο
920 2029 1230 2096 πράγματα
1276 2031 1506 2092 ἐκείνος,
1541 2031 1610 2084 τά
1643 2048 1700 2083 τε
1733 2030 1872 2086 ἄλλα

273 2120 378 2171 καὶ
439 2116 550 2171 άπὸ
601 2118 777 2171 ἐθνῶν
827 2117 907 2189 τῷ
964 2121 1226 2192 Μεχμέτῃ
1287 2121 1367 2191 τῷ
1422 2122 1566 2192 ἥρωϊ
1621 2121 1871 2191 πολεμίῳ

276 2207 433 2275 θαμὰ
477 2207 946 2278 ἀνακαλούμενος.
999 2209 1140 2262 Ἀλλ’
1185 2209 1262 2277 ἢν,
1296 2210 1370 2280 μὴ
1401 2210 1733 2277 ἐτετύφωσο,
1765 2210 1868 2280 ἔφη

277 2300 570 2370 Τεμήρης,
602 2299 747 2353 οὕτω
803 2300 951 2369 μέγα
1008 2301 1155 2354 πάνυ
1194 2302 1431 2370 φρονῶν,
1461 2301 1562 2354 οὐκ
1607 2301 1674 2354 ἂν
1720 2301 1784 2369 δὴ
1817 2304 1872 2365 ἐς

276 2390 440 2443 τοῦτο
471 2392 785 2461 συμφορᾶς,
813 2385 993 2460 οἶμαι,
1025 2392 1250 2461 άφῑκου.
1279 2391 1436 2445 Οῦτω
1477 2393 1586 2463 γὰρ
1623 2393 1782 2448 είωθε
1811 2395 1872 2446 τὸ

276 2482 440 2536 Θεῖον
489 2484 557 2536 τά
614 2487 756 2538 πάνυ
814 2485 958 2554 μέγα
1004 2485 1311 2553 φρονοῦντα
1347 2487 1444 2537 καὶ
1480 2487 1869 2555 πεφυσημένα.

279 2574 479 2646 μειοῦν
509 2576 585 2641 ὡς
619 2577 688 2630 τά
732 2577 907 2630 πολλὰ
960 2579 1053 2632 καὶ
1107 2580 1457 2646 σμικρύνειν.
1506 2578 1778 2632 Ἐνταῦθα
1809 2579 1873 2649 δὴ

274 2667 706 2737 ἐπιπέμψασθαι
771 2669 822 2700 "
867 2669 1017 2740 αύτῷ
1056 2670 1277 2738 λέγεται
1316 2669 1544 2741 βασιλέα
1590 2672 1869 2740 Τεμήρην.

273 2762 385 2832 τὴν
416 2763 510 2814 ἐπὶ
543 2764 670 2826 τοὺς
717 2761 889 2825 κύνας
919 2780 977 2816 τε
1016 2763 1113 2818 καὶ
1147 2765 1375 2834 ἱέρακας
1425 2763 1762 2832 φιλοτιμίαν,
1797 2763 1872 2825 ὠς

270 2855 440 2926 ἀνδρὶ
500 2855 930 2926 κυνηγῷ-ἐῴκει
963 2856 1061 2924 τὴν
1113 2856 1338 2926 τέχνην,
1370 2861 1469 2909 καὶ
1516 2855 1615 2908 οὐκ
1648 2855 1871 2924 ἄρχοντι

273 2949 473 3016 ἄγοντι
533 2951 591 3010 ἐς
642 2949 939 3018 πολέμους.
986 2948 1224 3016 Λέγεται
1277 2947 1388 3017 γάρ
1435 2946 1757 3018 Παιαζήτης
1814 2950 1871 3010 ἐς

272 3043 410 3103 τοὺς
459 3040 920 3111 ἑπτακισχιλίους
969 3040 1283 3106 κτήσασθαι
1318 3040 1741 3111 ίερακοφόρους,
1775 3040 1872 3092 καὶ

274 3132 453 3194 κύνας
500 3132 648 3200 ἀμφὶ
681 3132 808 3195 τοὺς
854 3129 1282 3200 ἑξακισχιλίους.
1347 3129 1617 3184 Ἐνταῦθα
1663 3130 1756 3184 τόν
1807 3146 1868 3182 τε
1898 3151 1942 3210 C

275 3225 630 3296 Παιαζήτην,
660 3225 853 3294 φάναι,
889 3221 1273 3278 ὑπολαϐόντας
1324 3223 1487 3278 Ἀλλά
1544 3225 1628 3278 σοὶ
1661 3224 1764 3294 μέν
1792 3223 1871 3293 τῷ

275 3321 495 3390 Σκύθῃ,
519 3320 690 3390 λῃστῇ
746 3319 825 3372 ἔτι
883 3318 1022 3384 ὄντι,
1077 3319 1172 3372 καὶ
1232 3316 1442 3388 ταύτην
1497 3317 1876 3386 ἐπιτηδεύοντι

278 3415 387 3485 τὴν
412 3415 630 3485 τέχνην,
661 3411 722 3466 ού
779 3412 922 3467 πάνυ
971 3429 1054 3464 τοι
1085 3412 1152 3464 ἂν
1195 3414 1463 3481 προσήκει
1510 3411 1689 3478 ἄγρας
1753 3409 1874 3463 ούόἐ

285 3507 654 3574 κυνηγεσίων.
698 3505 857 3574 Ἐμοὶ
896 3503 955 3558 δέ
1003 3505 1061 3568 ἐς
1094 3503 1253 3556 τοῦτό
1294 3520 1354 3556 τε
1409 3501 1728 3571 γεννηθέντι
1779 3502 1876 3554 καὶ

283 3600 572 3667 τραφέντι,
621 3600 718 3653 καὶ
762 3597 1136 3668 τεθραμμένῳ
1188 3595 1267 3666 τῷ
1337 3594 1715 3665 Ἀμουράτεω,
1777 3593 1876 3647 τοῦ

295 3694 575 3765 Ὀρχάνεω
635 3691 908 3761 βασιλέων
954 3689 1132 3749 παιδὶ.
1183 3689 1354 3759 μετῆν
1401 3689 1496 3740 καὶ
1547 3687 1731 3741 κυνῶν
1780 3688 1877 3740 καὶ

281 3787 526 3856 ἱεράκων
563 3785 899 3854 φιλοτιμίας.
945 3782 1214 3836 Ἐνταῦθα
1270 3783 1337 3852 δὴ
1385 3781 1725 3851 ἀχθεσθέντα
1779 3780 1874 3834 τὸν

279 3877 541 3948 βασιλέα,
575 3874 946 3945 περιαχθῆναι
975 3875 1032 3937 ἐς
1079 3874 1140 3928 τὸ
1187 3873 1555 3938 στρατόπεδον
1584 3872 1872 3926 ἐκέλευσεν

276 3969 378 4020 ἐπὶ
415 3967 665 4038 ἡμιόνου,
702 3969 800 4021 καὶ
833 3965 1226 4036 συριττόμενον
1276 3965 1384 4017 ὑπὸ
1429 3965 1522 4018 τοῦ
1572 3967 1878 4034 στρατοπέ-

277 4055 402 4116 δου,
436 4056 804 4124 περιαγαγεῖν
851 4054 917 4108 ⁸⁹.
979 4054 1067 4116 Ὦς
1113 4054 1170 4107 δὲ
1224 4052 1592 4124 περιαχθέντα
1641 4055 1873 4126 ἠγαγον,

278 4148 515 4218 ἔρεσθαι
548 4149 714 4201 αὐτὸν
747 4147 993 4216 λέγεται,
1029 4150 1078 4201 εί
1108 4147 1203 4200 τοῦ
1237 4148 1431 4216 γένους
1455 4147 1642 4201 ἐκεῐνα
1671 4147 1879 4217 τυγχά-

278 4260 364 4297 νει
397 4241 836 4312 ἐπιτηδεύματα,
875 4240 951 4305 ὡς
997 4243 1066 4292 τά
1111 4241 1222 4292 τῶν
1257 4239 1497 4310 ἱεράκων
1532 4257 1591 4292 τε
1642 4241 1738 4293 καὶ
1783 4259 1878 4294 κυ-

281 4337 420 4391 νῶν.
449 4337 606 4390 Μετὰ
633 4335 690 4388 δέ
721 4334 898 4388 ταῦτα
929 4335 988 4388 ἐν
1021 4333 1238 4404 φυλακῇ
1268 4334 1586 4404 ἐποιήσατο,
1611 4334 1705 4387 καὶ
1735 4333 1875 4405 ἄρας

284 4432 388 4485 σὺν
416 4431 493 4500 τῷ
524 4429 919 4500 στρατεύματι,
949 4428 1183 4498 ἡλαυνεν
1230 4428 1326 4482 ἐπὶ
1381 4426 1591 4481 Ἰωνίαν
1636 4427 1734 4482 καὶ
1779 4428 1879 4497 τὴν

1965 545 2178 608 habuit,
2211 549 2418 602 victum
2457 548 2810 604 ministrans.
2861 550 3125 619 Pajazitis
3170 568 3308 607 uxor
3341 555 3394 608 in
3452 557 3554 609 ho-

1964 637 2132 691 stium
2169 653 2364 694 manus
2399 641 2545 694 venit
2581 641 2790 698 Prusae.
2815 641 2951 696 Nam
2981 645 3357 701 incursionem
3384 650 3550 703 etiam

1965 731 2019 784 in
2061 730 2290 786 Prusam
2331 732 2600 798 fecerunt,
2633 745 3025 806 etgynmccum
3055 739 3184 792 inde
3221 753 3546 808 rapuerunt.

1966 823 2212 877 Eleasari
2269 824 2461 889 tiliam,
2501 825 2760 894 Pajazitis
2802 832 3350 900 uxorem,rapientes
3381 834 3556 887 abdu-

1966 915 2253 969 xeruntad
2289 930 2491 985 regem.
2523 917 2920 982 Musulmanes,
2986 919 3166 988 Jesus,
3191 921 3553 989 Mechntetes,

1970 1014 2024 1060 et
2055 1007 2255 1074 reliqui
2281 1007 2543 1076 Pajazitis
2579 1010 2696 1072 tllii,
2732 1010 2787 1064 in
2823 1011 3066 1065 hostium
3103 1023 3430 1081 potestatem
3464 1034 3557 1070 ve.-

1968 1111 2118 1151 nere.
2155 1096 2255 1163 Qui
2283 1099 2336 1152 in
2368 1099 2588 1168 Europa
2619 1101 2817 1155 etAsia
2851 1111 3031 1164 erant,
3067 1111 3128 1156 ut
3155 1115 3410 1172 poterant
3437 1107 3554 1160 sal-

1968 1189 2264 1242 vabantur.
2321 1189 2644 1257 Pajazitem,
2679 1207 2803 1245 cum
2838 1194 3109 1250 adductus
3139 1210 3283 1251 esset
3319 1198 3372 1251 in
3427 1213 3558 1254 eou-

1970 1291 2220 1349 spectum
2273 1284 2438 1350 regis,
2475 1284 2556 1338 sic
2581 1284 2832 1340 Temires
2873 1288 3147 1342 allocutus
3183 1298 3307 1343 est:
3341 1288 3386 1344 Ο
3415 1291 3557 1345 infe-

1972 1373 2068 1436 liz,
2101 1374 2231 1441 quid
2257 1374 2394 1428 adeo
2423 1377 2628 1428 malum
2653 1383 2805 1428 tuum
2839 1378 3070 1445 coegisti
3092 1379 3336 1448 genium,
3363 1389 3421 1434 ut
3454 1397 3557 1436 nos

1973 1468 2120 1522 bello
2148 1468 2492 1524 lacesseres?
2520 1469 2599 1520 An
2626 1485 2733 1522 non
2763 1470 3046 1535 audivisti,
3079 1472 3222 1538 quod
3250 1489 3381 1526 meo
3406 1490 3558 1528 excr-

1973 1560 2108 1615 citui
2125 1562 2456 1615 miserorum
2478 1562 2576 1615 tllii
2597 1562 2890 1616 resistunt?
2911 1562 3178 1631 Paiazites
3195 1567 3558 1634 respondens,

1971 1656 2156 1723 inquit
2190 1672 2202 1708 :
2233 1653 2592 1732 Nequaquam
2626 1656 2692 1710 ad
2716 1664 2925 1710 tantam
2959 1657 3342 1713 infelicitatem
3374 1661 3560 1716 venis-

1977 1764 2114 1809 sem,
2147 1749 2200 1802 ni
2234 1757 2289 1802 tu
2351 1749 2485 1802 mihi
2545 1751 2761 1819 negotia
2813 1749 3066 1814 fecisses,
3101 1761 3298 1806 cetera
3333 1769 3560 1821 quoque

1976 1849 2335 1910 provocatus'
2379 1856 2408 1894 a
2463 1843 2721 1907 gentibus
2764 1842 2926 1898 Heroi
2965 1856 3154 1898 nostro
3185 1845 3422 1899 infestis.
3457 1845 3564 1902 Ve-

1975 1947 2124 1992 rum.
2163 1933 2239 1985 ait
2267 1931 2539 1996 Temires,
2566 1933 2614 1988 si
2657 1948 2765 1987 non
2801 1935 2943 1989 adeo
2999 1935 3204 1990 sublati
3241 1938 3340 1991 tibi
3373 1948 3564 1993 essent

1975 2018 2171 2080 animi.
2222 2034 2505 2088 nunquam
2537 2019 2650 2092 84
2680 2021 2746 2075 ad
2789 2022 2950 2076 istam
3002 2025 3376 2093 praecipitatus
3410 2043 3563 2084 esses

1978 2109 2287 2164 miseriam.
2326 2109 2418 2165 Sic
2445 2126 2686 2181 namque
2735 2114 2873 2168 solet
2898 2113 3110 2168 Numen
3136 2117 3456 2186 plerumque
3484 2116 3565 2172 fa-

1975 2210 2204 2256 stuosos
2261 2201 2575 2270 deprimere
2599 2211 2656 2256 et
2687 2203 2752 2256 ad
2799 2203 3061 2258 humilem
3110 2205 3386 2260 fortunam
3423 2208 3564 2276 deji-

1973 2309 2123 2348 cere.
2161 2295 2368 2349 Deiude
2405 2293 2558 2351 misit.
2605 2295 2856 2353 Temires
2911 2299 3135 2366 Pajaziti
3173 2301 3466 2369 accipitres
3507 2310 3562 2356 et

1974 2402 2166 2447 canes.
2203 2396 2257 2441 ct
2300 2389 2575 2457 reliquum
2610 2390 2938 2457 huiusmodi
2981 2400 3330 2460 apparatum,
3373 2401 3433 2446 nt
3470 2395 3560 2462 qui

1976 2480 2225 2534 venatori
2283 2482 2486 2550 potius.
2537 2498 2706 2551 quam
2759 2484 3100 2551 imperatori
3140 2487 3194 2539 in
3239 2486 3428 2540 hostes
3464 2489 3564 2541 dn-

1974 2573 2120 2625 centi
2151 2575 2559 2641 comparandus
2581 2583 2749 2632 esset.
2775 2577 2947 2631 Aiunt
2976 2579 3274 2644 Pajazitem
3305 2582 3566 2636 habuisse

1975 2675 2183 2734 septem
2245 2667 2420 2722 millia
2453 2669 2728 2732 virorum.
2767 2667 2858 2739 qui
2921 2671 3216 2740 accipitres
3245 2683 3508 2728 curarent
3548 2693 3563 2730 :

1977 2764 2242 2823 prater-ea
2283 2757 2491 2811 aluisse
2543 2773 2712 2814 canes
2747 2761 2932 2815 sexies
2986 2763 3160 2817 mille.
3207 2761 3570 2832 Respondent;

1975 2846 2158 2917 itaque
2193 2847 2397 2902 Temiri
2430 2849 2725 2919 Pajazites.
2756 2852 2936 2924 inquit
2973 2869 2987 2907 :
3041 2855 3326 2920 Verum,o
3376 2854 3566 2912 Temi-

1974 2955 2088 3006 res,
2124 2941 2218 3010 qui
2250 2957 2310 2997 es
2343 2942 2635 3012 Seytlta'et
2675 2945 2840 3010 latro,
2875 2946 3356 3018 latrocinandique
3391 2961 3566 3006 artem

1975 3047 2154 3101 usque
2175 3048 2421 3098 exerces,
2449 3036 2582 3090 satis
2608 3035 2725 3090 scio
2759 3052 2952 3105 parum
2987 3038 3082 3092 tibi
3113 3042 3411 3095 convenire
3438 3057 3565 3096 cum

1974 3140 2173 3179 canum
2211 3127 2656 3198 accipitrumque
2686 3130 2894 3184 studio.
2931 3129 3062 3185 Mihi
3099 3148 3256 3197 vero,
3302 3135 3402 3204 qui
3439 3150 3562 3190 sum

1979 3225 2148 3274 natus
2182 3229 2236 3274 et
2275 3219 2546 3276 educatus
2583 3222 2650 3276 ab
2684 3223 2950 3277 Amurate
2980 3223 3254 3280 Orchanis
3305 3227 3440 3292 tilio,
3467 3229 3562 3298 qui

1979 3311 2144 3365 ambo
2173 3327 2329 3381 reges
2391 3313 2682 3378 exstitere,
2716 3316 2972 3386 congruit
3013 3332 3214 3373 canum
3273 3329 3327 3374 et
3362 3321 3570 3390 accipi-

1978 3409 2127 3458 trum
2173 3403 2442 3458 studium.
2481 3405 2590 3459 Res
2634 3405 2887 3461 Temires
2936 3409 3040 3464 hoc
3065 3425 3331 3478 responso
3387 3414 3573 3481 gravi-

1981 3505 2064 3550 ter
2097 3495 2346 3552 oﬂ‘ensus
2374 3499 2694 3568 impositum
2754 3501 2907 3554 mulo
2946 3517 3041 3570 per
3063 3511 3247 3558 castra
3281 3505 3365 3574 agi
3387 3505 3568 3572 jubet,

1979 3593 2288 3662 propinans
2323 3608 2450 3648 eum
2501 3594 2778 3648 militibus
2808 3595 3198 3652 deridendum.
3264 3597 3333 3653 Ut
3382 3608 3566 3655 autem

1976 3685 2090 3755 jam
2118 3684 2378 3740 omnibus
2405 3687 2543 3740 satis
2577 3686 2817 3740 ridiculo
2883 3685 3008 3750 fuit,
3058 3688 3346 3742 reductum
3405 3691 3472 3746 ad
3510 3708 3571 3747 se

1981 3775 2366 3843 interrogavit,
2395 3790 2464 3828 an
2490 3775 2652 3828 etiam
2681 3775 2765 3828 sui
2796 3778 3016 3844 generis
3041 3787 3096 3831 et
3125 3778 3226 3831 ista
3247 3779 3430 3834 studia
3461 3781 3571 3835 sint

1981 3866 2445 3935 quemadmodum
2481 3867 2807 3935 accipitrum
2855 3877 2910 3922 et
2943 3883 3147 3923 canum
3175 3871 3195 3923 2
3223 3870 3430 3925 Deinde
3460 3871 3570 3926 Pa-

1976 3958 2200 4027 jazitem
2232 3959 2288 4012 in
2347 3957 2571 4012 vincula
2598 3958 2863 4026 conjecit.
2892 3959 3055 4015 Motis
3095 3969 3287 4031 postea
3345 3964 3566 4028 castris,

1983 4053 2089 4106 iter
2121 4053 2176 4106 in
2201 4049 2422 4105 Joniam
2451 4060 2508 4105 et
2531 4049 2816 4104 finitimam
2851 4052 2974 4120 ejus
3001 4053 3280 4124 regionem
3311 4054 3570 4122 intendit,

1982 4144 2037 4198 in
2068 4143 2256 4199 animo
2296 4143 2507 4198 habens
2546 4143 2619 4198 ibi
2659 4144 2978 4203 hibernare.
3019 4146 3156 4202 Vere
3192 4157 3482 4218 appetente
3517 4150 3570 4204 in

1983 4237 2261 4307 Europam
2323 4236 2724 4306 profectionem
2779 4239 3032 4309 parabat,
3102 4241 3567 4310 quemadmodum

1983 4345 2148 4399 supra
2187 4333 2374 4396 docui,
2412 4331 2550 4384 utin
2586 4346 2706 4385 eam
2759 4339 3135 4395 transvectus,
3169 4335 3484 4389 universam
3515 4335 3572 4390 in

1984 4423 2249 4476 ditionem
2286 4423 2584 4492 acciperet,
2639 4438 2817 4493 usque
2865 4424 2933 4477 ad
2971 4423 3230 4479 Herculis
3282 4425 3572 4480 columnas

281 4523 460 4594 ταύτῃ
490 4522 738 4592 πάραλον
768 4519 977 4592 χώραν,
998 4521 1056 4573 ἐν
1095 4521 1172 4589 νῷ
1200 4518 1339 4590 ἔχων
1373 4517 1540 4572 αὐτοῦ
1583 4536 1642 4572 τε
1675 4518 1872 4590 διαχει-

1985 4515 2363 4585 progrediens.
2426 4514 2555 4569 [nde
2590 4516 2643 4570 in
2680 4515 2904 4585 Libyam
2947 4517 3058 4570 iter
3091 4527 3362 4583 avertere,
3412 4527 3465 4572 et
3505 4534 3572 4574 ex

287 4615 488 4685 μᾶσαι,
540 4617 636 4668 καὶ
674 4608 813 4683 ἦρος
860 4611 1288 4681 ἐπιφαινομένου
1338 4611 1395 4672 ἐς
1448 4611 1547 4680 τὴν
1606 4610 1879 4680 Εὐρώπην

281 4706 564 4776 διαϐῆναι.
607 4705 858 4757 Ἐπενόει
889 4703 1022 4771 γὰρ,
1051 4703 1126 4764 ὡς
1160 4705 1254 4754 καὶ
1283 4702 1554 4771 πρότερόν
1605 4719 1698 4772 μοι
1727 4703 1880 4772 δεδή-

1978 4608 2150 4678 Libya
2194 4609 2247 4661 in
2275 4623 2430 4663 suam
2476 4610 2760 4677 regionem
2795 4606 2978 4686 redire
3023 4609 3076 4662 in
3119 4609 3366 4663 animum
3404 4609 3570 4664 indu-

1979 4703 2166 4764 cebat,
2202 4703 2459 4756 universa
2507 4701 2611 4755 ista
2648 4701 2803 4756 orbis
2835 4702 3158 4757 continente
3193 4703 3428 4772 imperio
3464 4721 3569 4760 suo

278 4799 482 4861 λωται,
514 4798 572 4860 ἐς
611 4796 710 4866 τὴν
741 4795 1017 4866 Εὐρώπην
1041 4793 1255 4856 διαὸάς,
1284 4795 1470 4848 πᾶσάν
1502 4811 1562 4847 τε
1604 4795 1698 4862 ὑφ’
1726 4796 1872 4865 αύτῷ

1976 4793 2192 4863 juncta.
2232 4792 2378 4846 Misit
2416 4793 2624 4862 legatos
2652 4791 2714 4846 ad
2749 4791 2996 4862 Byzantii
3049 4807 3235 4861 regem
3267 4802 3460 4866 petens
3501 4794 3569 4848 li-

277 4889 652 4958 ποιήσασθαι,
689 4889 744 4950 ἐς
778 4887 805 4940 ὂ
833 4887 898 4955 δὴ
934 4886 1026 4941 ἐπὶ
1075 4885 1174 4949 τὰς
1217 4885 1577 4956 Ἡρακλείους
1605 4887 1875 4956 ἀφίκηται

279 4983 520 5054 στήλας.
568 4981 820 5036 ἐντεῦθεν
866 4981 922 5035 δὲ
971 4980 1128 5044 αὖθις
1181 4983 1238 5044 ἐς
1307 4979 1518 5048 Λιϐύην
1586 4980 1877 5050 διαὸῆναι,

276 5075 386 5129 καὶ
413 5074 500 5126 διὰ
525 5073 622 5144 τῆς
647 5073 857 5140 Λιϐύης
897 5072 1182 5125 ἐπανιέναι
1210 5074 1264 5135 ἐς
1298 5071 1397 5142 τὴν
1424 5072 1620 5123 ἐαυτοῦ
1667 5069 1875 5141 χώραν,

278 5167 590 5236 ξύμπασαν
662 5167 1012 5234 ὑπαγόμενος
1068 5167 1167 5235 τὴν
1235 5165 1408 5235 ταύτῃ
1492 5165 1720 5235 ἧπειρον
1778 5163 1881 5232 τῆς

277 5260 643 5328 οἰκουμένης.
704 5259 1107 5328 Ἐπρεσϐεύετο
1150 5258 1252 5327 μέν
1302 5255 1396 5310 οῦν
1447 5257 1543 5309 καὶ
1597 5255 1741 5325 πρὸς
1788 5257 1880 5308 τὸν

279 5353 594 5417 Βυζαντίου
629 5351 884 5422 βασιλέα,
924 5351 1028 5420 τήν
1052 5366 1111 5403 τε
1141 5349 1397 5403 διάϐασιν
1428 5347 1750 5418 αἰτούμενος
1780 5350 1876 5401 αύ-

279 5449 406 5511 τὸν,
454 5447 618 5499 πλοῖά
648 5462 706 5498 τε
760 5447 856 5497 καὶ
893 5446 1166 5515 τριήρεις.
1213 5443 1450 5511 Λέγεται
1517 5442 1574 5495 δέ
1631 5435 1876 5496 καὶτόδε

285 5541 550 5612 βασιλεὺς
586 5541 852 5608 Τεμήρης
905 5538 965 5600 ἐς
1013 5536 1304 5608 Παιαζήτη
1341 5537 1410 5590 ³⁸.
1453 5535 1541 5599 Ὠς
1593 5535 1704 5605 γάρ
1735 5536 1880 5602 άπή-

1979 4891 2174 4945 bcrum
2211 4889 2530 4952 transitum,
2555 4897 2608 4942 et
2642 4901 2810 4941 naves
2845 4887 3234 4954 triremesque,
3260 4889 3455 4957 quibus
3479 4904 3573 4941 co-

1987 4983 2107 5052 pias
2143 4996 2272 5036 suas
2317 4979 2696 5034 transmittere
2748 4985 2956 5047 posset.
3002 4978 3180 5032 Etiam
3220 4980 3383 5034 istam
3429 4981 3573 5048 inju-

1987 5077 2123 5127 riam
2149 5073 2404 5126 Temires
2436 5070 2667 5139 Pajaziti
2699 5069 2848 5124 ferit.
2880 5068 2952 5124 Ut
2976 5071 3125 5125 enim
3155 5071 3402 5126 Eleazari
3436 5075 3570 5137 tilia,

1985 5165 2253 5236 Pajazitis
2316 5179 2476 5227 uxor,
2537 5178 2700 5231 quam
2744 5178 2855 5230 prae
2912 5163 3126 5219 caeteris
3179 5164 3572 5220 ardentissimo

1987 5277 2178 5316 amore
2212 5257 2701 5328 complectebatur,
2739 5265 2792 5308 et
2834 5272 3020 5312 secum
3048 5259 3099 5311 in
3122 5260 3321 5312 castris
3355 5274 3572 5328 semper

1986 5353 2246 5414 habebat,
2270 5353 2485 5416 captiva
2511 5348 2750 5402 abducta
2776 5358 2860 5402 est
2887 5351 2952 5404 ad
2989 5349 3288 5407 Temirem.
3313 5351 3462 5417 jussu
3486 5360 3572 5405 est

1983 5446 2036 5501 iu
2069 5453 2366 5514 conspectu
2393 5441 2577 5496 mariti
2610 5442 2692 5494 sui
2728 5445 2916 5495 vinum
2946 5443 3262 5498 infundere.
3295 5443 3431 5496 Iliun
3468 5445 3568 5497 Pa-

1974 5540 2175 5610 jazites
2197 5538 2280 5591 ira
2308 5548 2598 5600 accensus,
2627 5533 2683 5588 in
2716 5535 2834 5589 haec
2857 5535 3023 5590 verba
3059 5537 3312 5605 prorupit
3345 5554 3356 5588 :
3384 5535 3570 5606 Neque

1578 5651 1828 5716 Notulte
1863 5648 2279 5728 marginales.

356 5764 403 5796 ’⁸
446 5763 536 5820 Sic
560 5760 759 5814 habent
794 5760 899 5812 tria
946 5755 1724 5832 ιιιιιηιιεεικξῗιιια[ερενγιιίιιιιιΔ
1759 5757 1872 5832 Emi

1979 5752 2206 5832 φάσθαι.
2229 5748 2296 5802 In
2325 5764 2430 5832 uno
2458 5748 2890 5832 suprascriptum
2915 5749 3100 5821 ἐπιμ.,
3122 5751 3176 5806 in
3203 5751 3278 5807 αι.
3310 5751 3407 5823 leg.
3431 5759 3487 5804 ut
3518 5752 3572 5804 in

296 5846 429 5891 cont.
511 5837 557 5868 ¹⁹
582 5833 722 5904 Περὶ
756 5831 916 5886 αὑτὸν
939 5831 1184 5901 ἀγαγεῖν.
1225 5827 1315 5884 Sic
1338 5822 1499 5882 etiam
1538 5825 1602 5880 R.
1680 5826 1726 5860 ’°
1759 5822 1872 5879 [lati

1976 5822 2094 5896 την.
2135 5822 2198 5876 R.
2230 5833 2284 5878 ut
2318 5822 2370 5874 in
2399 5830 2542 5874 cont.
