4032 6422
582 309 687 375 163
1706 304 2033 369 LAONICI
2063 304 2154 367 CB

2260 298 2743 364 .COCONDYLE
3396 342 3417 357 ρ
3767 297 3851 364 Ilii

575 431 832 491 paterno,
876 436 1055 492 neque
1088 428 1343 479 materno
1387 429 1487 477 tuo
1543 435 1745 493 genere
1772 420 1940 491 digna
1997 416 2154 473 facis.

2265 417 2371 489 χθη
2424 416 2457 487 ἡ
2520 413 2667 485 γυνὴ
2714 409 2887 469 nescii
2952 409 3285 484 ἐλεαζάρου
3344 408 3631 483 θυγάτηρ,
3667 405 3734 484 ἧς
3794 412 3855 483 δὴ

572 514 711 569 Cum
741 515 890 569 enim
918 522 1082 569 natus
1116 515 1195 569 sis
1212 529 1277 571 es
1312 511 1852 583 parentibusldiotis
1901 520 1959 565 et
1982 507 2154 578 inglo-

2260 510 2501 581 μάλιστα
2531 508 2643 562 τῶν
2687 506 2870 562 ἄλλων
2897 506 3142 577 δραστὴς
3190 507 3467 577 ιτύγχανε
3514 504 3853 575 unum,

577 609 680 662 riis
736 608 1204 677 pauperibusque,
1255 607 1404 663 haud
1453 606 1552 663 tibi
1587 608 1850 662 decorum
1901 613 1986 661 est
2016 603 2154 658 adeo

2260 604 2358 660 καὶ
2391 603 2626 674 περιῆγε
2679 600 2804 671 μεθ’
2844 599 3044 655 ἑαυτοῦ
3079 600 3219 669 ἔχων
3252 600 3312 653 ιν
3338 597 3421 669 τῷ
3473 597 3852 667 στρατοπέδῳ.

575 700 811 768 turpiter
863 700 1131 754 insultare
1163 715 1356 770 regum
1405 700 1597 756 liberis
1617 710 1674 754 et
1710 697 2002 753 uxoribus.
2040 693 2154 751 Hoc

2260 694 2555 765 ἐπιστῆσαί
2583 694 2634 748 οί
2667 692 2913 749 ἐναντίον
2940 692 3036 746 τοῦ
3065 690 3260 761 ἀνδρὸς
3308 690 3511 758 αὐτῆς,
3541 689 3853 759 οίνοχοῆσαί

576 790 739 845 modo
772 790 935 845 etiam
976 805 1071 846 eos
1100 793 1191 861 qui
1222 790 1324 846 tibi
1369 798 1566 845 natura
1591 800 1718 847 sunt
1749 788 1982 852 domini,
2030 802 2154 853 pro-

2260 791 2330 846 οί.
2387 791 2493 843 Τὸν
2532 788 2591 843 δὲ
2653 782 2715 841 εὖ
2754 785 2905 857 μάλα
2961 784 3322 855 ἀχθεσθέντα,
3376 784 3565 836 εἰπεῖν
3615 783 3852 852 λέγεται,

574 883 686 936 bris
710 897 939 937 oneras.
967 882 1091 938 Haec
1122 881 1340 947 dicens.
1371 884 1658 954 ingentem
1686 882 1859 937 risum
1900 879 2157 937 movebat

571 975 804 1038 Temiri,
840 976 1237 1049 quihominem
1272 992 1374 1047 pro
1400 975 1641 1031 ludibrio
1682 975 1943 1039 habebat,
1977 974 2153 1044 utqui

570 1069 708 1123 nihil
737 1071 859 1125 sani
894 1083 995 1125 nec
1025 1069 1259 1133 diceret,
1292 1083 1396 1124 nec
1416 1076 1658 1138 saperet.
1685 1066 1948 1137 Pajazitis
1982 1069 2154 1121 duces

568 1178 697 1216 cunt
724 1161 780 1215 in
811 1158 1148 1231 colloquium
1185 1162 1469 1217 venissent
1520 1159 1763 1217 Temiris
1820 1158 2153 1223 fossoribus,

567 1268 664 1309 eos
694 1254 988 1324 promissis
1015 1254 1414 1320 accendebant,
1458 1252 1643 1309 daturi
1678 1254 2006 1309 immensam
2063 1267 2155 1305 ar-

566 1348 712 1417 genti
742 1347 851 1401 vim
899 1348 947 1401 si
972 1347 1234 1403 cuniculo
1258 1357 1385 1403 acto
1437 1348 1493 1403 ln
1526 1363 1650 1404 eam
1676 1357 1990 1403 castrorum
2024 1361 2153 1416 par-

569 1449 704 1505 tem,
732 1440 824 1495 ubi
851 1440 1072 1497 vinctus
1104 1442 1502 1505 asservabatur
1535 1441 1812 1512 Pajazites
1834 1440 1946 1512 85
1977 1456 2156 1497 emer-

570 1534 799 1596 sissent,
839 1549 1078 1605 eumque
1109 1535 1237 1589 inde
1269 1535 1629 1604 eripuissent.

2276 882 2416 936 Ἀλλ’
2447 880 2560 935 οὔτ’
2616 879 2686 933 ἂν
2730 877 3039 949 συμφώνως
3086 877 3166 946 τῷ
3209 876 3288 947 σῷ
3316 877 3495 946 πατρὶ
3535 877 3655 937 ,καὶ
3691 878 3853 947 μητρὶ

2264 975 2524 1045 έργάζοιο
2573 973 2641 1027 ³⁸.
2693 972 2944 1027 ’ἰδιωτῶν
2995 971 3107 1041 7&9
3152 970 3385 1035 τούτων,
3440 969 3544 1023 καὶ
3604 970 3852 1040 πενήτων

2262 1069 2581 1139 γενόμενος,
2614 1066 2825 1129 δίκαιος
2853 1065 2922 1119 ἂν
2967 1064 3110 1133 είης,
3132 1063 3266 1118 ὥστ’
3312 1065 3377 1117 ἂν
3405 1063 3852 1135 ἐπικερτομῆσαι

2262 1159 2531 1230 βασιλέων
2562 1160 2720 1213 παισί
2774 1174 2837 1212 τε
2883 1160 2979 1213 καὶ
3023 1156 3265 1226 γυναιξὶ,
3296 1157 3393 1210 καὶ
3445 1156 3761 1227 έξυϐρίζεις
3797 1156 3850 1221 ές

2261 1253 2389 1317 τοὺς
2425 1253 2554 1317 σοὺς
2596 1254 2665 1323 τῇ
2711 1251 2876 1321 φύσει
2909 1251 3203 1315 δεσπότας.
3234 1250 3429 1321 Τούτῳ
3485 1250 3592 1321 μιν
3628 1248 3849 1304 τοιαῦτα

2262 1346 2479 1415 λέγοντι
2539 1344 2762 1413 γέλωτά
2822 1362 2884 1400 τε
2932 1343 3109 1399 ὶποίει
3156 1342 3287 1407 τοὺς
3336 1343 3560 1411 λόγους,
3596 1342 3695 1396 καὶ
3736 1343 3847 1395 ἑπι-

2264 1439 2547 1513 χλευάζων
2597 1440 2987 1505 ιπέσκωπτεν,
3017 1432 3109 1492 οἷα
3153 1438 3309 1493 οὐδὲν
3356 1437 3517 1506 ὑγιὲς
3564 1436 3691 1490 οὔτε
3723 1453 3850 1507 φρο-

2262 1532 2469 1597 νοῦντι,
2500 1532 2625 1586 οὔτε
2676 1531 2916 1600 λέγοντι.
2942 1531 3006 1584 Ol
3051 1530 3240 1601 μέντοι
3273 1530 3614 1600 Παιαζήτεω
3654 1529 3848 1601 ἄρχονο

572 1644 690 1692 τις,
718 1628 779 1691 ές
816 1627 1380 1696 λόγους”ἅφικόμενοι
1413 1631 1525 1691 τοῖς
1571 1628 1847 1699 Τεμήρεω
1895 1627 2173 1700 ὁρυειταίς,
2293 1644 2459 1697 φασιν
2488 1626 2790 1696 ὑπέσχοντο
2852 1623 3121 1695 ἀργύριον
3181 1624 3398 1678 τελέσαι
3454 1622 3747 1694 πάμπολυ,
3798 1622 3845 1675 εί

573 1721 860 1788 ὐφέλοιντο
896 1722 1216 1790 Παιαζήτην
1250 1721 1649 1792 ὑπορύξαντες.

644 1812 941 1870 Fodientes
979 1816 1166 1885 itaque
1195 1831 1391 1870 versus
1423 1825 1605 1871 castra
1632 1826 1687 1871 et
1726 1815 2027 1871 tentorium
2053 1814 2147 1869 ubi
2179 1817 2228 1879 Β

568 1905 627 1959 in
679 1902 916 1959 vinculis
969 1915 1088 1959 erat
1108 1903 1380 1973 Pajazites
1407 1905 1741 1967 tandemque
1777 1915 2155 1977 prorepentes.

568 1994 674 2050 visi
732 2003 864 2049 sunt
921 1995 1246 2051 custodibus
1296 2004 1353 2051 et
1401 1997 1570 2066 capti.
1624 1996 1749 2052 Non
1823 1998 1969 2052 enim
2014 1996 2158 2052 intra

570 2084 868 2139 tentorium
902 2084 995 2139 ubi
1027 2083 1300 2155 Pajasites
1327 2095 1469 2151 erat,
1493 2087 1589 2141 sed
1620 2096 1775 2142 extra
1806 2102 1872 2143 es
1902 2087 2160 2143 cuniculo

568 2176 915 2245 prodierunt,
952 2176 1044 2231 ubi
1080 2178 1183 2230 viri
1222 2186 1383 2232 erant
1431 2180 1635 2250 quibus
1678 2179 1937 2247 Pajazitis
1972 2188 2161 2236 custo-

567 2270 660 2323 dia
690 2283 723 2323 a
755 2268 974 2326 Temire
1028 2279 1148 2325 erat
1209 2272 1493 2327 mandata.
1547 2271 1620 2327 Ea
1675 2273 1843 2343 igitur
1891 2280 2048 2343 parte
2089 2286 2157 2325 ex

567 2361 827 2415 cuniculo
880 2360 1129 2418 fossores
1203 2377 1460 2432 egressos
1516 2371 1571 2419 et
1629 2374 1822 2434 captos
1861 2378 1956 2419 rex
1991 2363 2161 2434 jussit

567 2454 915 2509 obtruncari.
980 2454 1217 2510 Veniens
1283 2464 1463 2511 autem
1526 2457 1854 2525 Smyrnam,
1889 2470 2008 2509 eam
2069 2470 2162 2509 ur-

564 2544 693 2600 bem
743 2544 878 2599 rotis
926 2544 1093 2614 cepit.
1121 2529 1389 2600 Praeterea
1423 2560 1604 2601 arcem
1652 2547 1707 2601 in
1736 2547 1925 2602 littore
1954 2547 2155 2614 sitam,

570 2635 627 2690 in
687 2649 795 2705 qua
845 2645 963 2691 erat
1020 2635 1391 2696 Romanorum
1457 2637 1797 2707 praesidium,
1856 2638 2160 2697 suﬂ‘odiens

566 2725 789 2797 penitus
847 2725 1138 2782 subvertit.
1202 2725 1355 2781 Hanc
1399 2728 1711 2797 occupavit,
1749 2729 1916 2783 etiam
1964 2744 1997 2785 a
2030 2730 2159 2785 reli-

564 2823 692 2895 quis
753 2822 847 2894 jus
908 2824 1035 2880 belli
1100 2838 1211 2880 non
1277 2824 1826 2880 abstinuitzverum
1887 2827 2159 2884 accedens

564 2917 784 2988 oppida.
808 2933 917 2988 qua
937 2920 1041 2975 sibi
1073 2920 1364 2976 videbatur
1393 2922 1769 2991 aptissimum,
1801 2921 2160 2992 aggrediem-

565 3018 675 3064 tur.
713 3007 782 3064 Ut
811 3018 996 3066 autem
1027 3027 1122 3066 ver
1142 3010 1256 3081 jam
1318 3015 1649 3082 appetierat,
1799 3014 1939 3069 rotis
1992 3012 2159 3070 urbes

2331 1810 2500 1867 Ἔνθα
2540 1809 2606 1882 δὴ
2650 1808 2944 1881 ὀρύγματα
2987 1810 3351 1879 Μιησὲμενοι
3395 1810 3459 1863 έν
3498 1808 3579 1880 τῷ
3624 1812 3855 1881 στρατο-’

2262 1907 2432 1976 πέδῳ,
2465 1906 2558 1958 καὶ
2595 1905 2678 1967 είς
2712 1904 2813 1971 τὴν
2847 1902 3056 1972 σκηνὴν
3089 1902 3147 1954 ἐν
3178 1897 3212 1974 ᾖ
3248 1902 3494 1971 έσκήνου
3534 1903 3844 1973 Παιαζήτης

2260 2000 2320 2054 ιν
2348 1999 2561 2068 φυλακῇ
2591 1996 2689 2061 ὢν,
2719 1994 2957 2060 ίξιόντες
2985 1992 3251 2065 ὤφθησαν
3277 1994 3385 2049 ὑπὸ
3410 1996 3523 2049 τῶν
3550 1996 3724 2069 ταύτῃ
3751 2014 3846 2065 φυ-

2261 2092 2465 2157 λάκων,
2514 2091 2611 2145 καὶ
2655 2090 2930 2145 ἑάλωσαν.
2976 2088 3052 2141 Οὐ
3099 2088 3209 2159 γὰρ
3252 2088 3408 2152 ἔντος
3455 2090 3707 2157 ἐγένοντο
3751 2090 3843 2159 τῆς

2263 2185 2495 2256 σκηνῆς,
2538 2184 2655 2237 ἀλλ’
2683 2184 2866 2249 έκτδς,
2914 2176 2948 2257 ᾗ
2996 2179 3306 2252 ιφύλασσον
3351 2182 3518 2253 πέριξ
3564 2184 3842 2253 γενόμενοι

2261 2278 2458 2348 ἄνδρες
2512 2279 2619 2332 ὑπὸ
2645 2278 2918 2350 Τεμήρεω
2947 2275 3265 2347 ταχθέντες.
3293 2276 3484 2348 Ταύτῃ
3514 2277 3593 2341 ὡς
3620 2276 3841 2348 ἐξῄεσαν

2261 2376 2357 2428 καὶ
2402 2373 2672 2435 ἑάλωσαν,
2717 2372 3068 2442 ἀπετάμοντο
3107 2370 3210 2432 τὰς
3251 2371 3499 2439 κεφαλὰς
3544 2372 3653 2427 ὑπὸ
3699 2372 3841 2441 βασι-

2261 2465 2420 2529 λέως.
2461 2464 2587 2518 Ἐπὶ
2636 2462 2897 2534 Σμύρνης
2951 2463 3050 2533 μιν
3094 2462 3188 2517 οὖν
3235 2463 3600 2534 ἀφικόμενος,
3645 2465 3743 2535 τήν
3785 2479 3837 2516 τε

2263 2555 2522 2625 Σμύρνην
2563 2549 2679 2608 εἷλε
2719 2554 3063 2626 τροχίσκοις.
3110 2557 3207 2608 καὶ
3250 2555 3350 2623 τὴν
3393 2558 3455 2610 έν
3497 2556 3578 2627 τῷ
3621 2554 3839 2624 αίγιαλῷ

2259 2647 2471 2717 ἄκραν,
2506 2646 2613 2701 ὑπὸ
2646 2645 2943 2716 Ῥωμαίων
2978 2646 3153 2718 ταύτῃ
3187 2650 3604 2719 κατεχομένην,
3641 2647 3837 2719 ὑπορύ-

2262 2741 2393 2807 ξας,
2428 2738 2695 2793 κατέλαϐέ
2728 2755 2809 2793 τε.
2843 2740 2954 2793 Καὶ
2988 2738 3196 2809 ταύτην
3231 2740 3400 2805 ἑλὼν,
3441 2742 3755 2811 πολίσματά
3784 2757 3837 2793 τε

2258 2833 2426 2895 ἄλλα,
2454 2824 2571 2901 τῆς
2614 2831 2801 2903 χώρας
2840 2835 3044 2902 ταύτης
3086 2832 3439 2900 ἐπελαύνων,
3486 2835 3643 2905 ᾕρει,
3687 2834 3759 2896 ὥς
3795 2834 3835 2885 oi

2262 2922 2576 2994 προύχώρει
2611 2920 3048 2992 προσϐάλλονται
3071 2922 3116 2954 ³⁸
3149 2921 3234 2990 ἐφ’
3257 2922 3626 2986 Exeo-rain“;
3658 2922 3713 2975 δὲ
3746 2920 3836 2989 ἔαρ

2261 3008 2331 3088 ἦν
2363 3032 2423 3069 τε
2459 3014 2555 3069 καὶ
2590 3014 2860 3083 ὑπέφαινε
2883 3030 2900 3048 ο
2938 3013 3101 3085 τριχῆ
3138 3015 3250 3084 7&9
3281 3013 3507 3082 λέγεται
3540 3014 3717 3086 διῄρει
3747 3014 3836 3075 τὰς

564 3102 819 3173 capiebat
846 3102 1115 3160 Temires.
1149 3103 1243 3160 Hae
1273 3118 1433 3160 erant
1466 3107 1684 3167 circuli.
1717 3117 1775 3162 et
1805 3108 1951 3162 intra
1978 3107 2154 3164 scalas

2267 3110 2455 3173 πόλεις
2489 3108 2786 3179 Τεμήρης,
2819 3108 2934 3171 τοῖς
2964 3122 3027 3160 τε
3057 3108 3279 3177 τροχοῖς
3301 3122 3317 3139 ο
3358 3108 3557 3161 κύκλοι
3597 3107 3651 3161 δὲ
3692 3105 3834 3166 ὄντες

567 3193 845 3249 habebant
878 3193 1082 3264 quibus
1117 3196 1518 3252 ascendebatur
1549 3201 1604 3254 in
1638 3215 1850 3255 muros.
1882 3199 1947 3253 Et
1977 3214 2153 3271 quan-

568 3284 641 3339 do
683 3284 737 3338 in
777 3283 983 3341 fossam
1016 3283 1416 3356 dirigebantur,
1458 3288 1797 3357 recipiebant
1852 3291 2001 3346 viros
2051 3288 2154 3346 du-

565 3386 761 3432 centos
829 3378 1128 3449 separatim
1200 3379 1431 3448 positos,
1496 3380 1672 3435 donec
1737 3381 1941 3452 singuli
2004 3392 2155 3439 ratas

564 3470 857 3525 intrarent.
922 3470 1125 3526 Postea
1181 3472 1474 3527 veniebant
1528 3472 1591 3527 in
1612 3473 1846 3529 alteram
1897 3488 2023 3545 qua
2082 3488 2155 3532 ex

564 3558 798 3614 adverso
828 3568 947 3615 erat
977 3560 1138 3617 fossae
1178 3568 1413 3632 partem,
1444 3562 1586 3619 satis
1618 3564 1816 3619 muniti
1870 3572 1926 3620 et
1959 3562 2087 3622 tecti
2122 3579 2155 3621 α

564 3650 721 3705 rotis.
763 3649 887 3719 Quo
930 3665 1058 3707 cum
1105 3655 1407 3721 venissent,
1457 3654 1638 3711 scalas
1680 3650 2152 3726 consentiebant.

561 3750 617 3797 et
644 3758 710 3797 eo
747 3744 907 3799 modo
938 3745 1226 3815 capiebant
1275 3748 1461 3805 urbes.
1501 3747 1715 3806 Deinde
1773 3750 1998 3821 reliqui,
2055 3751 2151 3822 qui

562 3846 722 3890 erant
750 3838 803 3891 in
828 3839 1048 3903 castris.
1077 3840 1272 3896 urbem
1290 3842 1438 3897 vallo
1460 3842 1781 3914 cingebant,
1810 3859 2153 3917 aggeresquo

561 3926 887 3995 fundebant,
920 3930 1017 3998 qui
1048 3929 1210 3986 facile
1242 3947 1459 3987 murum
1493 3944 1825 4003 superarent
1854 3952 1872 3991 :
1907 3952 1976 3991 ex
2028 3938 2153 4009 qui-

561 4018 663 4072 bus
689 4018 889 4074 deinde
932 4035 1090 4077 muro
1143 4021 1306 4078 facile
1362 4024 1698 4093 potiebatur.
1735 4024 2007 4084 Praeterea
2040 4028 2154 4085 fos-

562 4124 718 4164 sores
778 4111 971 4166 habuit
1026 4112 1278 4173 Temires
1319 4118 1543 4173 circiter
1593 4117 1782 4175 decem
1826 4121 1999 4189 mille,
2053 4123 2149 4194 qui

562 4199 859 4256 suﬁossum
930 4217 1150 4259 murum
1216 4209 1602 4263 sustentabant
1662 4212 1905 4268 excelsis
1946 4212 2146 4283 lignis,

560 4307 682 4360 quae
705 4292 902 4348 deinde
924 4295 1300 4358 accendebant
1324 4315 1339 4353 :
1363 4300 1566 4370 quibus
1590 4305 1978 4371 concrematis,
2005 4306 2147 4361 muri

561 4383 783 4439 nomine
814 4384 1129 4455 impellente
1162 4391 1523 4458 procidebant
1555 4411 1568 4447 :
1611 4410 1708 4464 per
1756 4397 1961 4453 nudata
2020 4398 2149 4454 inde

2179 3156 2228 3224 ο

2261 3194 2433 3267 οὗτοι,
2467 3201 2561 3254 καὶ
2591 3200 2867 3269 κλίμακας
2896 3198 3118 3269 ἔχοντες
3147 3199 3322 3263 ιντὸς,
3353 3200 3499 3254 ὥστε
3530 3198 3835 3255 ἀναϐαίνειν

2256 3293 2355 3347 ἐπὶ
2394 3292 2456 3345 τὸ
2494 3292 2694 3362 τεῖχος,
2736 3293 2794 3355 ἐς
2834 3291 2933 3361 τὴν
2973 3291 3179 3359 τάφρον
3221 3290 3477 3358 ἄγοντες,
3520 3290 3833 3345 ἐπετίθεσαν

2257 3387 2454 3456 ἄνδρες
2490 3385 2757 3439 διακόσιοι
2797 3383 3034 3437 ἕκαστον
3066 3382 3433 3452 τεταγμένοι,
3468 3384 3557 3437 διὰ
3593 3380 3687 3436 τοῦ
3719 3394 3833 3447 τρο·-

2258 3476 2357 3549 χοῦ
2400 3475 2586 3532 ιίσιὼν
2625 3476 2854 3537 ἕκαστος
2878 3492 2895 3508 ⁸
2931 3476 2990 3538 ἐς
3032 3474 3094 3531 τὸ
3139 3476 3315 3546 πέραν
3356 3494 3417 3529 τε
3460 3476 3705 3547 ἐγίγνετο
3742 3472 3831 3538 τῆς

2254 3572 2493 3640 τάφρου,
2523 3568 2911 3639 στεγαζόμενοι
2940 3567 3047 3622 ὑπὸ
3072 3566 3167 3621 τοῦ
3198 3567 3418 3639 τροχοῦ.
3460 3568 3551 3632 Ὠς
3581 3568 3638 3621 δὲ
3668 3564 3830 3632 πέραν

2257 3663 2563 3732 γίγνοιντο,
2594 3660 2880 3716 ἀνέϐαινεν
2908 3661 3008 3724 τὰς
3036 3661 3314 3730 κλίμακας
3333 3701 3348 3725 ,
3377 3663 3474 3714 καὶ
3502 3660 3647 3714 οὕτω
3672 3658 3828 3729 ᾕρουν

2257 3756 2356 3826 τὴν
2388 3754 2567 3811 πόλιν.
2603 3753 2761 3808 Μετὰ
2790 3754 2849 3807 δὲ
2885 3753 3075 3807 πολλοὶ
3103 3754 3261 3816 ὄντες
3291 3754 3445 3825 αὐτῷ
3478 3756 3538 3808 ὲν
3570 3752 3647 3822 τῷ
3680 3764 3827 3819 στρα-

2256 3851 2491 3921 τοπέδῳ,
2522 3849 2678 3920 έχουν
2706 3849 2806 3918 τὴν
2838 3849 3011 3915 πόλιν,
3042 3848 3181 3902 ὥστε
3212 3848 3306 3901 ἐπὶ
3334 3850 3398 3905 τὸ
3427 3852 3608 3919 τεῖχος
3638 3848 3702 3900 τὰ
3729 3841 3827 3915 χώ-

2258 3960 2408 4014 ματα
2431 3942 2769 4008 ἀναϐαίνειν,
2793 3942 2889 3995 καὶ
2911 3941 3024 3996 άνω
3044 3942 3133 3994 διὰ
3157 3942 3266 3995 τῶν
3290 3942 3566 4013 χωμάτων
3590 3940 3826 4010 ἡλίσκετο

2255 4037 2405 4106 αὐτῷ
2429 4036 2490 4089 τὸ
2516 4036 2715 4105 τεῖχος.
2748 4029 2875 4105 Εἶχε
2903 4035 2960 4088 δὲ
2989 4036 3083 4087 καὶ
3105 4034 3347 4103 ὀρυκτὰς
3375 4036 3433 4099 ἐς
3462 4035 3713 4106 μυρίους,
3741 4025 3825 4082 καὶ

2253 4128 2579 4198 ὀρύσσοντες
2606 4126 2675 4179 τὰ
2699 4126 2877 4195 τείχη,
2905 4128 2997 4181 ὲπὶ
3025 4125 3321 4197 μετεώρων
3348 4125 3525 4191 ξύλων
3550 4118 3826 4185 καθειστή-

2254 4237 2442 4274 κεσαν.
2478 4218 2636 4274 Μετὰ
2668 4219 2724 4272 δὲ
2758 4219 2931 4274 ταῦτα
2977 4219 3089 4290 πῦρ
3124 4220 3287 4283 ἐνιεὶς
3320 4220 3390 4273 τὰ
3429 4220 3598 4287 ξύλα,
3635 4216 3724 4271 καὶ
3756 4211 3824 4272 ὡς

2254 4313 2470 4366 ὶκαίετο
2510 4312 2581 4364 τὰ
2632 4310 2784 4377 ξύλα,
2832 4311 2903 4364 τὰ
2944 4310 3097 4381 τείχη
3147 4309 3396 4375 εὐπετῶς
3445 4311 3698 4374 ἔπιπτον,
3738 4302 3823 4356 καὶ

2252 4401 2428 4471 ταύτῃ
2470 4401 2771 4454 ἐσέπιπτον
2805 4403 2863 4465 ές
2896 4400 3000 4471 τὴν
3034 4402 3213 4455 πόλιν.
3248 4402 3410 4456 Οὕτω
3456 4403 3557 4472 μὲν
3588 4396 3680 4454 οὖν
3712 4397 3824 4467 ᾔρει

562 4489 721 4528 muro
778 4475 896 4530 loca
946 4478 1151 4535 milites
1183 4482 1421 4536 ruebant
1461 4483 1514 4537 in
1564 4485 1776 4540 urbem.
1839 4484 1937 4542 His
1965 4487 2146 4545 tribus

2260 4493 2518 4564 Τεμήρης
2563 4493 2666 4555 τὰς
2713 4492 2917 4556 πόλεις.
2960 4492 3050 4556 Ὠς
3092 4491 3152 4546 δὲ
3199 4493 3302 4563 ἠδη
3348 4493 3454 4565 ἔαρ
3500 4492 3821 4561 ὑπέφαινεν,

561 4565 739 4621 modis
765 4563 1010 4625 Temires
1041 4570 1095 4624 in
1144 4575 1553 4642 oppugnatione
1601 4576 1822 4631 urbium
1871 4578 2151 4635 utebatur.

566 4656 668 4711 Ver
699 4670 756 4715 ut
780 4661 894 4732 jam
944 4663 1148 4732 illuxit,
1198 4665 1363 4736 legati
1402 4669 1649 4735 veniunt,
1698 4670 1791 4740 qui
1838 4671 2153 4730 referebant

558 4745 817 4805 ludorum
848 4768 1027 4823 regem
1073 4770 1198 4811 cum
1256 4772 1455 4827 magna
1508 4776 1671 4815 manu
1707 4762 2021 4830 advenisse,
2058 4783 2152 4822 ur-

560 4841 795 4912 bemque
849 4845 1103 4904 Cberiatu
1171 4850 1540 4906 intolerandis
1612 4854 1771 4910 malis
1840 4855 2149 4915 aﬂ'ecisse:

560 4933 823 4988 etiamad
882 4938 1177 4995 thesauros
1243 4943 1429 5009 regios
1473 4944 1885 5013 procedentem,
1942 4949 2148 5005 tributo

561 5026 691 5078 anni
723 5026 1000 5097 adempto,
1032 5030 1255 5086 domum
1289 5034 1515 5091 abiisse.
1554 5034 1716 5093 Illinc
1751 5054 1971 5109 quoque
2000 5039 2147 5097 fere-

561 5116 781 5183 bantur,
815 5118 1073 5174 lndorum
1130 5137 1317 5192 regem
1351 5126 1496 5182 nolle
1530 5129 1765 5199 amplius
1816 5132 2144 5187 laedet-stum

562 5224 687 5264 esse
751 5208 980 5267 Temiri.
1042 5212 1168 5270 Haec
1201 5223 1259 5270 ut
1319 5218 1567 5276 Temires
1620 5222 1911 5290 intellexit,
1966 5235 2146 5281 terror

559 5298 752 5369 ingens
782 5303 1015 5372 injectus
1047 5313 1152 5368 est.
1180 5322 1269 5373 nc,
1301 5308 1347 5362 si
1376 5311 1630 5366 retliisset
1682 5312 1880 5384 legatio
1930 5315 2000 5369 ad
2059 5332 2144 5371 re-

559 5406 679 5459 gem
701 5395 982 5463 Indorum,
1006 5398 1119 5469 ipse
1136 5403 1436 5457 exercitum
1461 5416 1726 5473 armaret,
1752 5408 2141 5479 regionemque

560 5483 833 5543 hostiliter
872 5492 1141 5549 accedens
1174 5503 1494 5567 occuparet,
1529 5513 1588 5554 se
1629 5500 1847 5556 interim
1901 5504 2142 5560 externis

2258 4583 2487 4653 ἀφίκετο
2512 4574 2646 4651 παρ’
2667 4582 2832 4636 αὐτὸν
2854 4581 3111 4650 ἀγγελία,
3136 4582 3213 4645 ὡς
3237 4582 3331 4634 τοῦ
3364 4582 3543 4636 Ἰνδῶν
3571 4574 3823 4650 βασιλέως

2258 4676 2524 4749 πρεσϐεία
2548 4677 2858 4746 ἀφικομένη
2884 4675 2978 4729 ἐπὶ
3004 4674 3214 4746 Χερίην
3231 4715 3247 4741 ,
3279 4677 3494 4748 μεγάλῃ
3520 4673 3660 4743 χειρὶ
3684 4662 3823 4722 δεινά

2255 4788 2315 4825 τε
2360 4770 2461 4842 τὴν
2503 4770 2663 4823 πόλιν
2709 4770 3038 4841 ἐργάσαιτο,
3080 4770 3179 4823 καὶ
3217 4770 3311 4823 ἐπὶ
3357 4770 3483 4833 τοὺς
3531 4760 3821 4836 θησαυροὺς

2256 4861 2475 4935 παριὼν
2500 4863 2595 4918 τοῦ
2629 4862 2929 4934 βασιλέως,
2962 4862 3053 4916 τόν
3081 4878 3141 4915 τε
3180 4863 3348 4931 φόρον
3380 4862 3565 4915 λαϐὼν
3591 4857 3784 4926 οἴχοιτο
3803 4861 3819 4880 ⁸

2255 4952 2353 5006 καὶ
2392 4954 2669 5024 ἁπειλείη,
2714 4952 2790 5017 ὡς
2833 4953 3022 5007 οὐκέτι
3071 4954 3306 5022 ἐμμένοι
3350 4956 3468 5017 ταῖς
3516 4946 3757 5004 σπονδαῖς
3794 4940 3819 4991 ἀ

2264 5043 2449 5097 Ἰνδῶν
2481 5043 2758 5111 βασιλεύς.
2794 5044 2984 5097 Ταῦτα
3029 5044 3129 5113 μὲν
3160 5044 3236 5106 ὡς
3273 5045 3542 5105 ἐπύθετο,
3579 5031 3818 5109 περιδεὴς

2253 5133 2570 5204 γενόμενος,
2744 5134 2934 5205 ἐπειδὴ
2979 5136 3232 5204 ἀφίκοιτο
3281 5138 3315 5205 ἡ
3366 5134 3630 5206 πρεσϐεία
3677 5121 3815 5192 παρὰ

2255 5227 2482 5299 βασιλέα
2510 5228 2625 5283 τῶν
2660 5227 2860 5296 Ἰνδῶν,
2893 5227 3068 5283 έπιὼν
3100 5231 3539 5301 καταστρέφοιτο
3572 5225 3666 5296 τὴν
3699 5220 3816 5272 εαυ-

2251 5322 2347 5375 τοῦ
2384 5322 2592 5393 χώραν,
2632 5321 2853 5392 σχόντος
2885 5323 3054 5376 αὐτοῦ
3089 5323 3233 5393 ἀμφὶ
3266 5326 3391 5386 τοὺς
3424 5319 3693 5391 ἐπήλυδας
3725 5325 3814 5364 ’σθ’

2252 5412 2454 5483 λέμους
2487 5415 2582 5466 καὶ
2615 5412 2732 5484 ἅμα
2765 5413 2920 5485 ἐσῄει
2954 5414 3155 5480 αὐτὸν,
3194 5415 3291 5470 καί
3318 5416 3389 5469 τὰ
3422 5410 3731 5483 ἀνθρώπεια
3759 5403 3811 5453 ἐν

2249 5504 2426 5559 οὐδενὶ
2466 5504 2743 5576 ἑστηκότα
2783 5506 3051 5575 ἀσφαλεῖ,
3091 5510 3189 5560 καὶ
3230 5506 3385 5561 δεινὰ
3428 5502 3806 5573 ποιησάμενος,

1841 5640 2092 5701 Νοῑυίω
2123 5656 2542 5720 marginales.

628 5747 673 5780 ³¹
705 5750 976 5823 έργάτθιςο
1021 5756 1085 5813 R.
1120 5770 1178 5815 ut
1216 5760 1269 5816 in
1295 5778 1340 5816 c.
1426 5763 1468 5794 "
1498 5764 1589 5820 Sic
1616 5767 1718 5821 (ria
1756 5783 1994 5824 manusc.
2026 5768 2242 5827 habent.
2268 5768 2407 5825 Puto
2430 5772 2710 5843 legendum
2742 5773 3293 5851 n90c6&).lcwa._Sic
3330 5774 3384 5830 in
3414 5785 3551 5836 uno;
3585 5764 3653 5822 al.
3685 5768 3734 5816 ut
3755 5772 3799 5810 t-
