4032 6460
315 381 424 446 165

1408 381 1510 443 DE
1542 376 1803 441 REBUS
1853 375 2222 440 TURCICIS
2259 377 2412 440 LIB.
2459 371 2578 445 Ῐῐῐ.

3503 390 3604 453 166

309 496 444 557 τοὺς
489 491 688 555 Ἰνδοὺς
750 491 1014 560 πρέσϐεις
1066 491 1360 563 ίξυσρίσαι
1412 491 1472 554 ἐς
1522 491 1692 545 αὐτὸν
1742 487 1889 542 οὕτω

2020 496 2294 558 occupato
2343 490 2526 546 bellis.
2566 491 2744 548 Simul
2787 494 2955 548 etiam
2994 509 3177 550 rerum
3235 495 3600 557 humanarum

315 587 547 655 αναίδην
568 625 582 650 ,
615 585 859 656 ἤλαυνεν
889 585 966 648 ὡς
999 580 1112 658 εἶχε
1147 586 1382 656 τάχιστα
1417 586 1511 639 Eni
1546 584 1775 656 Χερίην.
1807 583 1913 637 Τόν

312 695 386 730 τε
422 675 750 746 ῐίαιαζὴτην
782 675 926 746 ἔχων
961 676 1082 747 μεθ’
1106 676 1324 742 ἑαυτοῦ,
1360 677 1456 729 καὶ
1487 677 1581 729 τὸν
1612 675 1779 731 παῖδα
1811 677 1912 729 αὐ-

322 769 452 834 τοῦ,
478 767 572 822 καὶ
592 767 787 821 οὐδένα
813 767 974 836 λόγον
1001 767 1240 822 ἐποιεῖτο
1266 766 1434 821 αὐτοῦ
1459 767 1742 838 Τεμήρης.
1769 767 1909 822 άπε-

325 863 434 932 δρα
465 863 552 915 ἐπὶ
579 862 677 933 τὴν
709 862 982 934 πατρῴαν
1011 863 1219 935 χώραν.
1253 864 1570 934 Παιαζήτην
1599 863 1654 918 δὲ
1686 864 1792 918 ὑπὸ
1819 863 1911 916 λύ-

328 970 441 1023 πης
475 954 819 1022 νοσήσαντα,
851 955 1175 1025 τελευτῆσαι
1209 955 1301 1008 τὸν
1335 955 1456 1025 βίον
1487 953 1716 1024 ἔφασαν.
1753 954 1910 1008 Οὕτω

321 1045 430 1114 μὲν
458 1045 550 1098 οὖν
578 1037 897 1115 ἐτελεύτησε
932 1046 1272 1119 Παιαζήτης,
1302 1047 1331 1100 δ
1362 1047 1736 1118 Ἀμουράτεω,
1770 1047 1910 1116 ἀνὴρ

314 1139 503 1209 ὁρμήν
532 1155 591 1192 τε
625 1138 723 1192 καὶ
753 1139 964 1210 τόλμαν
991 1139 1438 1210 ἐπιδειξάμενος,
1471 1141 1594 1194 ὅποι
1625 1141 1692 1195 ἂν
1722 1157 1908 1211 παρα·

318 1231 567 1298 γένοιτο,
601 1228 761 1294 άξίαν
792 1227 976 1300 λόγου.
1012 1231 1124 1286 Καὶ
1153 1230 1332 1302 τόλμῃ
1368 1230 1580 1303 μεγάλῃ
1605 1231 1653 1264 ⁸³
1683 1233 1906 1287 amau-

316 1325 558 1394 ξάμενος
587 1324 725 1394 ἔργα
745 1365 762 1391 ,
792 1325 939 1380 κατά
968 1341 1028 1378 τι
1065 1311 1252 1379 Ἀσίαν
1276 1325 1372 1378 καὶ
1401 1324 1678 1396 Εὐρώπην
1698 1367 1712 1388 ,
1747 1325 1904 1396 βασι-

311 1417 521 1478 λεύσας
546 1417 640 1487 ἔτη
665 1416 829 1470 πέντε
855 1415 950 1472 καὶ
973 1415 1202 1470 εἴκοσιν.
1223 1413 1333 1470 Ἦν
1357 1416 1416 1470 δὲ
1441 1417 1616 1480 οὕτως
1640 1417 1900 1488 αὐθάδης,

311 1510 466 1564 ὥστε
496 1510 686 1580 μηδενὶ
711 1508 999 1564 πείθεσθαι
1021 1509 1098 1574 ὡς
1125 1509 1304 1581 ἑαυτῷ
1327 1508 1678 1581 θαρρούντως
1703 1511 1904 1580 χωρεῖν

307 1605 414 1658 ἐπὶ
457 1605 583 1668 τοὺς
625 1603 950 1674 πολεμίους.
991 1605 1350 1676 Ἐτελεύτησε
1390 1606 1448 1659 δὲ
1490 1605 1550 1658 ἒν
1593 1607 1657 1675 τῇ
1703 1606 1900 1677 Ἰωνίᾳ,

306 1696 768 1767 διαχειμάζοντος
808 1695 1289 1769 αὑτοῦ,Τεμήρεω
1325 1698 1418 1751 τὸν
1455 1697 1706 1767 στρατόν.
1745 1696 1804 1751 '0
1844 1697 1902 1752 δὲ

318 1789 506 1842 Ἰνδῶν
542 1787 802 1859 βασιλεὺς
836 1788 990 1853 οὗτός
1023 1792 1194 1855 ἐστιν,
1229 1790 1258 1842 ὁ
1289 1789 1401 1844 τῶν
1435 1791 1596 1844 ιννέα
1628 1789 1900 1860 βασιλέων

304 1879 554 1949 τοῦνομα
591 1881 732 1950 ἔχων
755 1923 770 1946 ,
803 1882 1133 1952 Τζαχατάης
1176 1882 1453 1953 βασιλεύς.
1489 1883 1613 1937 Τῶν
1645 1883 1802 1937 ὲννέα
1839 1883 1898 1937 δὲ

307 1973 582 2043 βασιλέων
629 1974 856 2042 βασιλέα
903 1975 1199 2045 γενόμενον
1242 1975 1451 2042 τοῦτον,
1499 1976 1592 2029 τὸν
1634 1977 1723 2031 διὰ
1769 1977 1899 2040 τοὺς

305 2067 670 2134 Μασαγέτας,
715 2068 949 2136 στρατὸν
997 2070 1174 2138 μίγαν
1218 2069 1312 2122 ἐπὶ
1351 2065 1615 2140 Τεμήρην
1657 2071 1896 2138 ἐπιπέμ-

304 2159 491 2228 ψαντα
533 2160 772 2226 λέγεται.
811 2161 916 2212 Τόν
954 2177 1012 2213 τε
1053 2161 1288 2231 ’Δράξην
1331 2161 1556 2214 ἐπιόντα
1597 2160 1891 2230 διαϐῆναι,

305 2250 409 2300 καὶ
442 2248 510 2300 τὰ
547 2249 699 2300 πλέω
733 2247 936 2319 ταύτης
968 2249 1068 2320 τῆς
1101 2250 1287 2320 χώρας
1325 2249 1852 2320 καταστρεψάμενον
1877 2291 1890 2313 ,

307 2339 403 2390 ἐπ’
429 2339 577 2392 οἴκου
633 2333 792 2401 αὖθις
845 2339 1229 2408 ἀποχωρῆσαι.
1292 2339 1501 2409 Συήνης
1537 2339 1582 2371 ³⁴
1631 2357 1691 2392 τε
1743 2339 1895 2410 βασι-

306 2428 483 2494 λεύει,
513 2430 606 2481 καὶ
639 2428 852 2495 Ἰνδίας,
882 2432 977 2484 καὶ
1005 2429 1288 2499 Ξυπρίσης
1312 2431 1379 2492 ³⁸.
1413 2432 1505 2484 καὶ
1533 2431 1714 2501 διήκει
1743 2428 1894 2501 αὑτῷ

308 2529 344 2596 η
380 2527 537 2595 χώρα
571 2527 662 2579 ἐπὶ
695 2525 1070 2596 Ταπροδάνην
1101 2525 1295 2595 νῆσον,
1330 2525 1387 2590 ἐς
1423 2526 1653 2597 Ἰνδικὴν
1688 2527 1894 2581 θάλασ-

308 2637 436 2681 σαν,
471 2618 529 2683 ἐς
563 2619 631 2688 ἢν
661 2618 712 2671 οί
750 2615 998 2686 μέγιστοι
1033 2616 1134 2685 τῆς
1171 2617 1404 2688 Ἰνδικῆς
1426 2617 1471 2650 ³⁸
1503 2617 1686 2688 χώρας
1723 2635 1891 2673 ποτα-

311 2712 411 2781 μοὶ
458 2709 794 2774 ἐκδιδοῦσιν,
847 2711 876 2764 ὅ
920 2727 979 2762 τι
1031 2703 1286 2779 Γάγγης,
1328 2710 1524 2776 Ἰνδὸς,
1567 2711 1891 2781 Ἀνυθίνης.

341 2805 603 2872 Υδασπης
624 2803 692 2867 ³⁷,
735 2802 1328 2874 Ὗδραότης,“Υφασις,
1365 2805 1614 2873 μέγιστοι
1646 2803 1711 2874 δὴ
1745 2800 1892 2860 οὗτοι

301 2898 456 2957 ὅντες
487 2896 585 2966 τῆς
614 2895 820 2966 χώρας.
846 2895 1008 2968 Φέρει
1037 2894 1083 2950 δ’
1105 2897 1138 2965 ἠ
1174 2894 1367 2968 Ἰνδικὴ
1393 2897 1550 2966 χώρα
1577 2895 1761 2964 ἀγαθά
1791 2897 1892 2966 μὲν

301 2987 504 3052 πολλὰ,
540 2988 636 3041 καὶ
668 2988 830 3042 ὖλδον
862 2987 1057 3051 πολὺν,
1087 2988 1186 3042 καὶ
1214 2989 1244 3043 δ
1277 3004 1339 3042 τε
1376 2987 1631 3060 βασιλεὺς
1667 2989 1890 3058 ξυμπά-

303 3099 408 3152 σης
453 3081 556 3151 τῆς
601 3080 788 3152 χώρας
834 3081 927 3134 ὑπ’
954 3080 1119 3138 αὑτὸν
1163 3083 1492 3154 γενομένης.
1533 3081 1889 3154 ὐρμώμενος

2015 582 2258 641 cooditlo
2287 591 2527 639 mentem
2561 585 2842 656 tangebat,
2873 601 2996 658 quae
3026 588 3179 642 nullo
3213 591 3266 644 in
3311 591 3432 644 loco
3468 594 3603 648 satis

2017 669 2206 726 ﬁrmas
2243 680 2498 743 tutasque
2525 688 2616 730 res
2641 674 2944 730 consistere
2998 680 3222 745 patitur.
3257 679 3462 736 Deinde
3480 697 3605 751 gra-

2017 761 2161 816 viter
2215 762 2441 830 ferens;
2489 763 2746 819 Indorum
2800 765 3006 837 legatos
3061 767 3200 824 adeo
3253 772 3604 839 impudenter

2013 852 2118 908 sibi
2167 855 2556 910 contumeliam
2608 854 2822 923 fecisse,
2867 857 3037 913 citato
3076 861 3294 930 agmine
3341 864 3600 920 Cheriam

2014 947 2350 1014 properavit,
2380 945 2676 1018 Pajazitem
2713 956 2767 1003 et
2820 950 2988 1004 lilium
3011 953 3131 1020 ejus
3153 967 3338 1008 secum
3369 958 3598 1024 vehens,

2011 1037 2169 1108 cujus
2201 1054 2428 1110 parvum
2460 1051 2770 1110 respectum
2802 1043 2932 1111 egit.
2987 1043 3229 1102 Proinde
3263 1048 3317 1102 in
3359 1049 3592 1120 patriam

2012 1127 2137 1200 fuga
2187 1132 2360 1188 evasit
2419 1135 2722 1204 regionem.
2787 1134 3086 1205 Pajazitcm
3135 1149 3316 1194 autem
3377 1144 3599 1197 tradunt

2013 1234 2126 1290 pra
2156 1221 2323 1278 nimia
2369 1225 2700 1294 aegritudine
2746 1227 2860 1300 88
2891 1238 3274 1298 a-grotantcm,
3317 1233 3429 1286 fato
3467 1236 3597 1288 fun-

2007 1323 2156 1370 ctum
2201 1330 2347 1374 esse.
2407 1317 2562 1374 Hunc
2603 1321 2732 1376 vitae
2791 1328 3001 1377 exitum
3061 1325 3252 1380 habuit
3297 1324 3594 1397 Pajazites,

2008 1408 2316 1464 mirabilem
2355 1418 2472 1464 tum
2516 1411 2779 1480 impetum
2818 1413 3222 1484 audaciamque
3273 1418 3594 1480 ostendens.

2007 1514 2334 1572 quocunque
2395 1505 2756 1572 pervenisset.
2835 1506 3010 1562 Annis
3077 1507 3329 1575 regnavit
3399 1509 3595 1577 viginti

2005 1596 2272 1665 quinque,
2307 1611 2396 1651 res
2441 1597 2736 1666 praeclaras
2766 1599 2818 1651 in
2853 1598 2980 1653 Asia
3010 1598 3343 1670 Europaque
3372 1615 3592 1671 gerens.

2005 1689 2154 1744 Adeo
2214 1699 2397 1746 autem
2465 1693 2790 1761 praefractus
2846 1701 2902 1748 et
2957 1695 3288 1752 temerarius
3348 1704 3486 1762 erat,
3532 1707 3594 1752 ut

2006 1785 2280 1840 neminem
2316 1793 2632 1840 monentem
2677 1793 3022 1856 sequeretur,
3057 1789 3152 1843 sed
3187 1788 3291 1844 sibi
3327 1791 3425 1843 soli
3460 1805 3594 1844 con-

2003 1875 2217 1943 fideret,
2249 1881 2474 1948 quando
2498 1881 2737 1934 eundum
2777 1890 2897 1934 erat
2935 1880 2989 1934 in
3041 1880 3246 1936 hostes.
3282 1880 3594 1951 Exspiravit

2001 1968 2056 2023 iu
2087 1967 2258 2035 lonia,
2289 1987 2414 2026 cum
2443 1987 2510 2027 eo
2555 1973 2610 2028 in
2645 1972 2873 2028 hiberna
2932 1975 3194 2030 movisset
3225 1974 3492 2031 Temirvs.
3522 1979 3591 2031 At

1999 2061 2258 2116 ludorum
2283 2078 2400 2125 rex,
2430 2063 2500 2119 de
2528 2079 2637 2134 quo
2666 2080 2814 2121 nunc
2838 2066 3006 2120 verba
3043 2066 3296 2132 facimus,
3335 2084 3477 2124 unus
3507 2081 3588 2124 est

1994 2153 2064 2209 de
2090 2169 2323 2209 numero
2350 2171 2545 2212 novem
2598 2172 2782 2226 regum
2813 2169 2877 2212 et
2902 2158 3226 2214 'l'zachataa:
3265 2176 3361 2215 rex
3399 2161 3588 2229 appel-

1997 2243 2160 2299 latur.
2192 2244 2418 2301 Constat
2447 2261 2571 2301 eum
2608 2248 2780 2302 fuisse
2813 2249 2880 2303 de
2903 2264 3066 2318 grege
3117 2266 3310 2306 novem
3359 2253 3580 2307 illorum

1994 2351 2209 2406 regum.
2253 2340 2346 2408 qui
2407 2353 2502 2408 per
2555 2337 2893 2408 Massagetas
2946 2344 3247 2398 exercitum
3321 2359 3579 2415 magnum

1993 2435 2184 2482 contra
2214 2427 2486 2484 Temirem
2533 2430 2705 2486 misit.
2741 2433 2845 2498 Qui
2886 2435 3122 2489 transito
3151 2434 3352 2501 Araxe,
3383 2449 3434 2490 et
3465 2437 3582 2507 ple-

1995 2535 2164 2590 raque
2185 2523 2429 2593 regionis
2454 2531 2610 2592 parte
2640 2539 2764 2593 qua:
2796 2525 3046 2594 subjecta
3073 2536 3156 2581 est
3184 2527 3418 2591 Temiri.
3450 2530 3584 2584 sub-

1995 2622 2138 2680 acta,
2173 2614 2396 2670 domum
2445 2631 2701 2672 reversus
2745 2628 2851 2674 est.
2907 2619 3021 2674 Suo
3094 2619 3326 2690 impeiio
3386 2633 3581 2691 parent

1993 2707 2373 2778 Syena,lndia
2425 2717 2479 2764 et
2501 2709 2794 2782 Chyprisa.
2842 2712 3018 2782 Hujus
3045 2712 3194 2782 regio
3259 2724 3408 2785 patet
3435 2718 3579 2772 ultra

1994 2800 2356 2871 Taprobanen
2395 2801 2656 2868 insulam,
2710 2819 2885 2875 usque
2930 2806 2983 2859 in
3027 2805 3268 2862 Indicum
3303 2823 3476 2876 mare,
3524 2811 3581 2865 in

1993 2893 2141 2962 quod
2193 2892 2518 2948 deferuntur
2577 2892 2815 2964 Ganges,
2842 2894 3033 2962 Indus,
3076 2897 3407 2967 Anythines,
3466 2901 3578 2972 Hy-

1992 2986 2214 3058 daspes,
2250 2982 2576 3057 Hydraotes,
2608 2985 2906 3057 Hyphasis,
2956 2987 3106 3042 fluvii
3143 2990 3384 3059 regionis
3417 2993 3580 3048 istius

1993 3077 2240 3132 maximi.
2269 3075 2436 3131 India:
2462 3088 2647 3134 autem
2682 3079 2834 3150 regio
2867 3081 3038 3133 multa
3068 3081 3376 3151 suppeditat
3403 3083 3574 3149 bona,

297 3174 358 3228 δὲ
387 3174 546 3238 οὗτος
571 3175 683 3227 ἀπὸ
709 3176 809 3246 τῆς
838 3173 980 3247 ὑπὲρ
1008 3172 1233 3246 Γάγγην
1262 3175 1472 3246 χώρας,
1493 3176 1586 3229 καὶ
1612 3177 1713 3246 τῆς
1745 3195 1889 3247 παρ-

2000 3185 2364 3241 magnamque
2411 3170 2592 3225 fundit
2651 3171 2967 3227 felicitatem
3003 3189 3020 3226 :
3054 3174 3150 3228 sed
3195 3176 3365 3230 tutius
3410 3175 3577 3232 India:

298 3267 457 3322 αλίου
501 3267 762 3336 Ἰνδικῆς,
808 3266 906 3322 καὶ
945 3265 1348 3340 Ταπροϐάνης,
1404 3269 1581 3323 ἐλθεῖν
1644 3270 1736 3322 ἐπὶ
1801 3271 1890 3324 τὸν

301 3359 533 3430 βασιλέα
561 3358 901 3431 Ἀχαταγίης
920 3359 988 3429 ³⁸,
1015 3362 1116 3430 τῆς
1146 3360 1330 3432 χώρας
1358 3361 1459 3430 τῆς
1487 3362 1888 3430 ἔντδςΤάγγου

301 3453 398 3504 καὶ
435 3450 634 3518 Ἰνδοῦ,
670 3452 765 3505 καὶ
802 3451 1330 3523 καταστρεψάμενον
1365 3453 1464 3522 τὴν
1502 3452 1671 3524 ταύτῃ
1699 3453 1743 3485 ³’
1782 3453 1888 3524 χώ-

309 3560 431 3612 ραν,
457 3542 522 3596 τά
553 3541 804 3612 βασίλεια
830 3541 891 3597 ιν
920 3541 1098 3616 ταύτῃ
1127 3543 1191 3613 δὴ
1223 3541 1290 3615 τῇ
1326 3541 1476 3597 πόλει
1507 3543 1842 3609 ποιήσασθαι
1869 3559 1884 3575 ο

304 3635 574 3705 ξυμϐῆναι
601 3633 659 3688 δὲ
686 3633 810 3687 τότε
839 3632 1094 3702 γενέσθαι
1122 3633 1212 3704 ὑφ’
1234 3635 1316 3688 ἐνὶ
1348 3633 1560 3702 βασιλεῖ
1589 3634 1885 3703 ξύμπασιν

295 3729 400 3797 τὴν
437 3728 666 3798 Ἰνδικὴν
693 3726 901 3800 χώραν.
933 3725 1242 3799 Νομίζουσι
1271 3729 1326 3782 δὲ
1359 3724 1510 3782 οὗτοι
1536 3729 1715 3796 Θεοὺς,
1745 3727 1799 3781 οἵ
1824 3743 1884 3781 τε

292 3822 396 3891 τὴν
445 3821 732 3890 Χαταγίην
782 3821 970 3893 χώραν
1021 3820 1337 3890 οίκοῦντες,
1379 3823 1626 3877 ’Δπόλλω
1677 3840 1736 3876 τε
1789 3822 1885 3875 καὶ⁸

295 3915 596 3983 Ἄρτεμιν,
628 3914 723 3967 καὶ
752 3914 818 3985 δὴ
850 3915 944 3969 καὶ
966 3913 1170 3984 Ἦραν.
1201 3915 1389 3986 Φωνην
1421 3914 1468 3968 δ’
1490 3917 1552 3969 οὺ
1582 3915 1681 3986 τὴν
1711 3915 1884 3986 αὐτὴν

297 4009 488 4076 σφίσιν
518 4007 712 4071 ῐενται,
747 4006 864 4061 ἀλλ’
887 4009 945 4072 ὲς
974 4006 1103 4077 ἔθνη
1130 4023 1192 4060 τε
1227 4007 1398 4062 πολλὰ
1429 4008 1758 4080 διῃρημένα,
1792 4010 1883 4062 εὐ-

294 4104 548 4170 νομεῖται
575 4101 669 4153 ἐπὶ
693 4100 963 4153 πλείστων
986 4099 1050 4171 δὴ
1080 4099 1408 4170 ἀνθρώπων,
1438 4101 1581 4154 κατά
1607 4120 1667 4156 τε
1697 4104 1880 4166 πόλεις

292 4190 395 4243 καὶ
437 4187 650 4258 κώμας.
693 4187 901 4250 Θυσίας
941 4188 998 4242 δὲ
1043 4189 1361 4257 ἀνάγουσιν,
1409 4189 1614 4255 ἵππους
1661 4193 1760 4264 μὲν
1801 4194 1880 4266 τῷ

301 4280 623 4345 Ἀπόλλωνι,
657 4279 784 4351 βοῦς
809 4279 866 4334 δὲ
891 4283 957 4351 τῇ
983 4281 1156 4352 Ἥρᾳ,
1185 4283 1252 4354 τῇ
1285 4281 1342 4336 δὲ
1378 4282 1658 4352 Ἀρτέμιδι
1688 4284 1877 4340 θύουσι

288 4373 490 4436 παῖδας
519 4373 722 4443 ἀρτίως
749 4374 1113 4445 ἡϐάσκοντας,
1144 4375 1248 4428 ἀνά
1277 4377 1386 4429 πᾶν
1415 4377 1554 4438 ἔτος.
1585 4378 1743 4447 Φέρει
1772 4379 1820 4432 δ’
1844 4381 1874 4450 ἡ

291 4469 449 4536 χώρα
493 4463 632 4534 αὕτη
677 4465 886 4534 πυροὺς
931 4465 1028 4534 μὲν
1063 4466 1156 4519 ἐπὶ
1196 4468 1597 4522 πεντεκαίδεκα
1636 4473 1866 4540 πήχεις,

1995 3264 2282 3332 imperium
2304 3278 2469 3332 penes
2489 3263 2636 3319 hunc
2665 3280 2845 3336 regem
2877 3275 2982 3331 est,
3009 3267 3102 3336 qni
3122 3269 3399 3336 profectus
3421 3271 3489 3324 ab
3513 3287 3578 3326 ea

1993 3355 2217 3425 regione
2258 3369 2380 3424 qua:
2428 3370 2596 3423 supra
2648 3355 2891 3426 Gangem
2947 3370 3050 3423 eat,
3105 3367 3161 3414 et
3211 3373 3241 3414 a
3300 3361 3577 3414 maritima

1992 3447 2152 3502 ludite
2181 3447 2425 3515 regione,
2477 3462 2689 3504 necnon
2737 3465 2765 3502 a
2812 3448 3139 3520 Taprobane
3188 3453 3391 3516 insula,
3428 3455 3579 3509 venit

1989 3541 2055 3593 ad
2086 3555 2267 3609 regem
2297 3539 2634 3609 Achatagiaa.
2678 3553 2802 3610 quae
2827 3543 2969 3595 intra
3001 3543 3243 3612 Gangem
3281 3554 3337 3600 ct
3377 3546 3572 3600 Indum

1986 3643 2071 3688 est
2109 3635 2238 3688 sita.
2283 3632 2401 3696 Qua
2448 3631 2649 3687 deinde
2679 3648 2793 3689 suae
2845 3634 3042 3688 ditioni
3094 3635 3334 3705 adjecta,
3377 3639 3568 3692 urbem

1986 3723 2106 3792 ejus
2149 3723 2392 3794 regionis
2443 3727 2595 3793 regni
2633 3725 2718 3778 sui
2768 3724 2954 3778 sedem
2997 3725 3322 3780 declaravit.
3365 3725 3574 3782 Exinde

1986 3815 2151 3870 unius
2185 3815 2417 3885 imperio
2447 3814 2698 3868 universa
2723 3814 3066 3886 gubernatur
3091 3817 3268 3872 india.
3302 3818 3417 3872 ilex
3445 3822 3572 3886 iste,

1983 3918 2038 3966 et
2063 3909 2157 3979 qui
2181 3908 2504 3977 Chatagiam
2528 3909 2804 3978 regionem
2829 3909 3107 3972 incolunt,
3136 3910 3270 3965 deos
3294 3926 3417 3965 esse
3446 3927 3575 3965 ceu-

1983 4009 2124 4063 sent,
2151 4013 2289 4068 quos
2312 3998 2522 4064 colunt,
2554 3999 2886 4068 Apollinem,
2906 3997 3132 4054 Dianam
3168 3997 3571 4070 Junonemqne.

1984 4091 2210 4147 Diversa
2245 4093 2387 4148 inter
2411 4106 2472 4148 se
2503 4099 2732 4146 utuntur
2767 4092 2952 4158 lingua
2988 4108 3003 4147 :
3035 4091 3180 4147 haud
3216 4094 3360 4148 enim
3394 4096 3572 4148 omni-

1981 4184 2086 4241 bus
2106 4183 2295 4239 eadem
2319 4193 2426 4241 est.
2452 4182 2736 4254 Siquidem
2761 4183 2814 4238 in
2849 4185 3119 4255 plurimas
3145 4185 3363 4242 discreti
3385 4199 3574 4257 gentes

1981 4287 2274 4347 reguntur,
2295 4277 2610 4331 abundante
2628 4276 2912 4331 hominum
2939 4263 3170 4332 numero
3196 4288 3305 4333 tam
3330 4277 3384 4333 in
3409 4279 3570 4346 vicis,

1979 4383 2142 4441 quam
2167 4370 2220 4423 in
2244 4369 2495 4424 urbibus.
2514 4365 2783 4424 Victimas
2804 4369 3092 4425 immolant
3112 4383 3286 4440 equos
3308 4373 3568 4442 Apollini,

1981 4463 2150 4516 boves
2167 4458 2394 4525 Junoui,
2417 4458 2601 4514 Dianae
2624 4475 2825 4529 pueros
2859 4457 2973 4526 jam
3018 4462 3399 4531 pubescentes.
3436 4463 3570 4521 Haec

292 4560 369 4621 ὡς
403 4557 621 4625 λέγεται
643 4557 714 4622 ⁵⁸,
750 4557 1064 4629 βασιλικούς
1090 4573 1103 4586 ·
1140 4558 1233 4613 καὶ
1264 4558 1462 4629 κριθάς
1492 4559 1550 4612 δὲ
1585 4562 1676 4615 τὸν
1710 4565 1874 4616 αὐτὸν

1993 4553 2254 4610 sacriﬁcia
2274 4553 2692 4623 frequentantur
2711 4556 3031 4623 quotannis.
3050 4554 3221 4624 Regio
3239 4556 3338 4611 ista
3363 4559 3568 4626 produ-

289 4651 518 4722 τρόπον,
553 4650 650 4703 καὶ
690 4649 936 4720 μελίνην,
975 4652 1032 4715 ἐς
1066 4652 1125 4703 τὸ
1162 4652 1290 4704 αὐτὸ
1330 4653 1582 4722 μέγεθος.
1619 4655 1874 4726 Καλαμίο

289 4761 407 4807 νοις
440 4743 496 4795 δὲ
533 4743 740 4806 πλοίοις
775 4742 1049 4814 χρώμενοι
1082 4743 1547 4815 διαπορθμεύουσι
1579 4747 1673 4800 τὸν
1705 4763 1876 4802 ποτα.

290 4836 417 4906 μόν.
451 4835 611 4905 Φέρει
641 4834 696 4888 δὲ
727 4835 760 4903 ἡ
797 4834 1014 4902 Ἰνδικὴ,
1044 4834 1119 4900 ὡς
1147 4835 1390 4904 λέγουσι,
1422 4837 1679 4893 τοσοῦτον
1708 4841 1877 4910 μέγε-

285 4930 404 4991 θος,
425 4926 565 4980 ὥστε
593 4927 686 4980 ὑπ’
703 4926 869 4979 αὐτοῦ
892 4926 954 4978 τὸ
980 4926 1381 4996 ναυπηγεῖσθαι
1411 4929 1571 4983 πλοῖα
1601 4933 1878 5003 μεδίμνων

281 5020 698 5090 τεσσαράκοντα
732 5018 1088 5088 Ἑλληνικῶν.
1122 5019 1197 5072 Τὸ
1241 5020 1340 5091 μὲν
1381 5022 1538 5091 γένος
1580 5025 1774 5091 τοῦτο,
1809 5027 1872 5082 οὐ

282 5117 436 5168 πάνυ
496 5113 740 5181 γνωστὸν
790 5115 928 5184 ἡμῖν
972 5115 1304 5183 γενόμενον,
1354 5117 1559 5180 πολλὰς
1609 5122 1872 5187 ἀπιστίας

284 5207 547 5276 παρέχει,
569 5205 644 5276 μὴ
677 5204 962 5259 πείθεσθαι
993 5207 1123 5277 περὶ
1155 5207 1335 5262 αὐτων
1363 5211 1465 5264 ὅσα
1497 5211 1868 5286 πυνθάνομαι.

286 5298 361 5350 Ἥ
394 5313 454 5350 τε
481 5297 591 5368 γάρ
619 5296 772 5368 χώρα
802 5296 964 5368 αὕτη,
994 5299 1182 5370 πρόσω
1212 5301 1460 5358 ἐκποδὼν
1488 5309 1778 5379 γενομένη,
1807 5310 1870 5364 οὗ

285 5392 430 5444 πάνυ
478 5390 784 5461 ἐπιτήδειος
807 5391 851 5421 ⁸¹
897 5389 1029 5444 εἴσω
1067 5393 1305 5446 οἰκεῖται
1344 5411 1404 5447 τε
1452 5399 1545 5450 καὶ
1590 5395 1714 5455 ὅποι
1758 5401 1871 5475 ἔχει

283 5481 437 5552 ἡϐῶν
470 5497 529 5536 τε
563 5484 659 5535 καὶ
693 5482 924 5554 διαίτης.
957 5483 1120 5550 Γένος
1156 5485 1742 5561 μέντοιίσχυρότατον
1775 5514 1868 5566 γε-

1979 4647 2079 4712 cit,
2112 4654 2170 4701 ut
2194 4645 2337 4701 fama
2366 4654 2470 4708 est.
2504 4645 2866 4712 frumentum,
2904 4646 3062 4718 cujus
3097 4647 3329 4702 altitudo
3354 4649 3572 4706 excedit

1979 4739 2294 4810 quindecim
2319 4739 2536 4795 cubitos
2559 4741 2742 4808 regios
2771 4758 2784 4792 :
2811 4755 2872 4793 ea
2898 4742 2998 4794 lem
3028 4741 3192 4793 etiam
3214 4740 3422 4798 hordeo
3446 4744 3571 4799 alii-

1981 4830 2113 4886 tudo
2137 4842 2238 4895 est,
2259 4830 2514 4886 similiter
2529 4841 2583 4887 ct
2607 4832 2820 4901 panico.
2845 4832 3181 4887 Arundiueis
3206 4844 3386 4890 autem
3411 4839 3569 4890 navi-

1980 4925 2084 4980 bus
2109 4934 2343 4990 utentes,
2388 4922 2591 4979 ﬂumen
2645 4925 2950 4994 trajiciunt.
2987 4925 3110 4981 Fert
3144 4930 3292 4998 regio
3325 4930 3436 4987 illa.
3487 4932 3572 4986 sic

1981 5019 2128 5072 enim
2163 5016 2304 5071 fama
2339 5016 2523 5078 habet.
2555 5016 2878 5069 arundinem
2938 5025 3102 5071 tanta:
3145 5020 3567 5090 magnitudinis.

1983 5115 2042 5161 nt
2073 5121 2140 5162 ex
2165 5120 2230 5163 ea
2261 5105 2608 5160 aedificentur
2633 5119 2821 5170 naves,
2850 5121 2972 5175 qua:
2999 5107 3224 5178 capiunt
3256 5112 3566 5168 medimnus

1980 5197 2200 5254 Graecos
2251 5197 2634 5269 quadraginta.
2690 5197 2761 5252 At
2813 5213 2988 5267 genus
3055 5199 3203 5254 istud
3255 5202 3565 5270 hominum,

1980 5307 2109 5347 cum
2170 5291 2332 5346 nobis
2379 5305 2574 5360 parum
2628 5291 2700 5345 sit
2746 5293 3053 5361 cognitum,
3098 5293 3154 5345 iit
3196 5304 3254 5346 nt
3301 5295 3534 5362 plurima

1979 5399 2100 5454 quae
2125 5382 2194 5438 de
2235 5383 2342 5439 illis
2381 5381 2652 5448 feruntur,
2705 5384 2908 5439 nullam
2941 5383 3084 5455 apud
3133 5399 3235 5440 nos
3277 5385 3436 5442 ﬁdem
3478 5387 3564 5444 in-

1979 5480 2227 5533 veniant.
2258 5475 2394 5532 Nam
2421 5490 2546 5534 cum
2592 5475 2744 5532 India
2790 5492 2820 5531 a
2857 5477 3018 5534 nobis
3043 5492 3211 5547 quam
3239 5477 3563 5548 longissime

1499 5738 1502 5742 '
1560 5657 1809 5724 Notulae
1846 5661 2271 5744 marginales.

355 5771 672 5869 tti‘i‘C‘HL
1137 5778 1466 5869 “ﬁxitﬁqu
1616 5785 1836 5869 ξυμπρ.
1907 5793 1951 5869 ’f
1969 5792 2044 5846 al.
2079 5792 2290 5869 Ἰνδίας.
2449 5790 2727 5869 ’Υδρώτης
2855 5791 3189 5869 Ὕδράσπης,
3223 5795 3560 5869 Ὑδραώτης.

287 5844 330 5876 ιιι
360 5846 578 5912 χαταγ,
693 5845 738 5877 ³⁹
775 5848 999 5917 ταύτην.
1038 5845 1100 5905 Β.
1135 5859 1192 5903 ut
1214 5849 1268 5904 in
1295 5844 1434 5909 conf.

1549 5856 1593 5888 "
1619 5856 1859 5930 λέγουσι,
1892 5864 1968 5920 al.
2006 5874 2062 5917 ut
2086 5863 2136 5918 in
2170 5880 2216 5918 ε.

2319 5864 2359 5894 ⁸³
2397 5862 2730 5935 ἐπιτηδείας.
2765 5862 2827 5917 Β.
2868 5873 2923 5916 ut
2952 5868 3004 5918 in
3033 5881 3080 5922 ε.
