4032 6468
302 356 406 420 l6)
1384 360 1484 420 DE
1529 357 1781 419 ΗΕΒΗὸ
1822 354 2191 417 TURCICIS
2225 353 2368 417 LIB.
2421 354 2534 416 ΙΙῐ.
3494 353 3594 416 170

293 470 468 536 λεμον
497 467 716 540 διέφερε
737 511 753 536 ,
784 473 878 523 καὶ
914 472 1396 543 στρατευσάμενος
1415 510 1429 535 ,
1465 471 1617 542 μάχῃ
1645 486 1704 522 τε
1737 466 1898 537 ἐκρά-

2009 465 2240 524 Tzokies
2276 467 2554 522 adducens
2592 465 2851 535 Scythas,
2887 466 3354 539 Assyriommque
3383 469 3595 540 regioni

294 577 458 630 τησε,
499 560 598 615 καὶ
643 561 1045 634 Σεμαρχάνδην
1088 564 1496 634 παρεστήσατο.
1542 560 1617 614 Οὐ
1664 559 1796 613 πολὺ
1839 557 1895 611 δέ

2005 559 2305 630 imperans,
2339 568 2532 614 contra
2568 559 2792 614 fratrem
2830 557 3196 630 Pajangurem
3246 560 3448 616 bellum
3483 577 3595 634 rno-

297 656 534 721 ὕστερον
555 692 569 719 ,
610 653 721 706 τῶν
754 655 912 708 ἐννέα
947 655 1164 726 βασιλεῖ
1199 657 1475 726 συμμάχῳ
1511 654 1858 726 χρησάμενος
1879 691 1894 717 9

307 745 408 797 καὶ
444 746 500 797 ἐν
532 744 610 815 τῷ
646 745 908 818 Ταϐρέζῃ
946 746 1100 800 πόλει
1136 746 1418 816 εὐδαίμονι
1455 746 1792 816 ⁹Διςσυρῑων,
1826 742 1896 797 τὰ

313 838 558 908 βασίλεια
591 839 992 909 ποιησάμενος,
1028 839 1164 910 πρός
1193 855 1254 892 τε
1281 839 1371 892 τὸν
1399 837 1710 908 Λευκαρίας
1743 834 1896 887 πολε-

311 934 434 1002 μῶν
455 932 710 999 διετέλει,
735 934 829 986 καὶ
857 933 1145 1004 Σαμαχίην
1172 934 1326 986 πόλιν
1355 931 1688 1002 ἐπολιόρκει,
1711 931 1779 984 τὰ
1803 927 1897 982 τοῦ

309 1025 710 1093 Καραῖλούκεω
745 1025 1023 1095 βασίλεια.
1055 1025 1310 1096 Ταϐρέζη
1344 1025 1400 1078 δὲ
1434 1023 1588 1088 πόλις
1622 1020 1762 1075 εἶναι
1799 1038 1897 1092 με-

306 1117 448 1188 γάλη
477 1133 536 1169 τε
566 1117 664 1170 καὶ
695 1116 993 1188 εὐδαίμων,
1022 1117 1118 1170 καὶ
1142 1116 1253 1171 τῶν
1279 1119 1336 1169 ἐν
1360 1119 1426 1187 τῇ
1458 1116 1634 1187 ’Λσίᾳ,
1666 1114 1808 1185 μετὰ
1835 1129 1896 1182 γε

302 1211 706 1281 Σεμαρχάνδην
727 1252 742 1277 ,
776 1213 1080 1281 χρημάτων
1110 1228 1168 1264 τε
1205 1209 1456 1282 προσόδῳ
1480 1251 1494 1275 ,
1529 1211 1626 1264 καὶ
1661 1212 1727 1280 τῇ
1761 1208 1899 1280 ἄλλῃ

301 1305 630 1375 εὐδαιμονίᾳ
679 1305 1034 1374 προέχουσα·
1085 1305 1258 1377 σῆράς
1307 1322 1367 1358 τε
1419 1304 1611 1374 τρέφει
1660 1305 1694 1374 ὴ
1744 1300 1900 1374 χώρα

301 1397 450 1467 αὕτη
488 1379 732 1468 μέταξάν
758 1413 818 1449 τε
852 1396 1150 1467 καλλίστην
1181 1398 1508 1468 ποιουμένη,
1540 1397 1633 1451 καὶ
1663 1396 1765 1466 τὴν
1794 1396 1899 1448 Σα-

308 1491 516 1561 μαχίης
554 1491 790 1559 ἀμείνω.
825 1490 987 1561 Φέρει
1024 1489 1082 1544 δέ
1118 1491 1214 1545 καὶ
1249 1491 1514 1560 Κριμίζιν
1549 1489 1725 1560 σηρὰν
1756 1487 1900 1542 οὕτω

303 1581 648 1651 καλούμενον
685 1582 1020 1652 πορφυρᾶν,
1056 1583 1186 1653 περὶ
1223 1581 1287 1634 τὰ
1327 1583 1558 1652 ίμάτια,
1593 1584 1664 1635 τά
1695 1597 1755 1634 τε
1790 1581 1900 1633 ἀπὸ

303 1676 476 1744 ἐρίων
507 1674 602 1726 καὶ
637 1674 823 1746 σηρῶν
847 1714 863 1738 ,
899 1673 1080 1746 βαφὴν
1109 1673 1500 1743 ἐνδεικνύμενα
1525 1674 1683 1740 ἀξίαν
1713 1673 1896 1741 λόγου.

307 1769 470 1820 Ἐστι
497 1767 555 1820 δὲ
589 1767 726 1819 πλέα
753 1768 822 1819 τὰ
851 1769 910 1822 ὲν
933 1770 1061 1838 τῇδε
1087 1770 1155 1839 τῇ
1185 1768 1362 1839 χώρα,
1394 1767 1620 1839 Περσῶν
1643 1767 1751 1820 τῶν
1781 1767 1899 1820 Ἀτ-

305 1858 530 1929 ζαμίων
560 1858 945 1929 καλουμένων.
975 1825 1361 1929 τοσοιηγιδιρΙ
1386 1825 1490 1929 τὴν
1520 1858 1831 1929 Ἀτζαμίων
1853 1859 1896 1890 ⁸⁸
1929 1825 1976 1884 Β

303 1949 495 2022 φωνὴν
528 1951 816 2021 προΐενται
840 1991 856 2017 ,
889 1952 1101 2023 Πέρσαι
1132 1969 1192 2005 τε
1226 1948 1376 2006 οὗτοι
1413 1953 1732 2022 σύμπαντες
1753 1993 1768 2015 ,
1805 1951 1901 2004 καὶ

305 2045 377 2114 τῇ
422 2045 649 2114 Περσῶν
685 2047 837 2117 φωνῇ
881 2045 1254 2113 διαλέγονται.
1288 2043 1517 2102 Οίκοῦσί
1551 2061 1609 2097 τε
1645 2042 1899 2114 Ταϐρὲζη

305 2153 369 2188 τε
417 2137 514 2189 καὶ
559 2137 832 2206 Καγινὸν,
877 2138 974 2192 καὶ
1017 2135 1306 2208 Νιγετίην,
1348 2138 1534 2203 πόλεις
1578 2137 1902 2208 εὐδαίμονας

307 2230 413 2298 τῆς
445 2228 644 2298 Μήδων
691 2229 788 2284 καὶ
823 2229 1128 2300 ’Δσσυρίων
1156 2228 1364 2300 χώρας.
1392 2225 1645 2301 Σᾶμαχίη
1676 2229 1734 2283 δὲ
1766 2228 1904 2298 πρὸς

310 2323 380 2392 τῇ
422 2320 728 2391 Ἀρμενίων
777 2321 934 2394 χώρᾳ
980 2321 1269 2394 ᾠκημένη,
1321 2322 1475 2387 πόλις
1522 2323 1796 2393 εὐδαίμων
1842 2338 1901 2375 τε

312 2417 409 2467 καὶ
443 2415 900 2485 πολυάνθρωπος,
923 2416 1030 2468 ἀπὸ
1051 2415 1108 2468 δέ
1138 2415 1236 2486 τῆς
1267 2415 1539 2485 Θυγατρδς
1565 2412 1810 2479 Τξοκίεω
1831 2413 1901 2482 ut

314 2508 728 2579 Καραῖσούφεω
755 2507 811 2560 δὲ
842 2509 1128 2576 γυναικὸς,
1159 2509 1375 2576 ἐγένετο
1401 2507 1674 2573 Τζανισᾶς
1694 2507 1736 2539 ⁵⁸
1777 2509 1904 2570 παῖς
1929 2494 1936 2500 ”

287 2601 756 2675 ,Καραῖσούφεω,
790 2600 1034 2665 Τζοκίεω
1067 2601 1124 2655 δὲ
1163 2590 1462 2670 ἀπόγονος-ξ
1489 2594 1660 2664 Οὗτός
1693 2617 1753 2654 τε
1788 2601 1906 2656 Ila-

312 2693 544 2764 γδατίης
573 2687 674 2763 τῆς
707 2692 1028 2756 Βαϐυλῶνος
1058 2693 1267 2764 ἐπῆρξε
1291 2735 1305 2758 ,
1341 2693 1436 2748 καὶ
1469 2693 1777 2765 ’Δσσυρίων
1805 2693 1904 2765 τὴν

313 2788 508 2858 χώραν
538 2769 1082 2856 καταστρεψάμενος,
1111 2785 1370 2857 Ταϐρέζη
1400 2803 1455 2838 τε
1487 2787 1665 2856 ἐαυτῷ
1696 2785 1908 2856 ὑπηγά-

316 2891 473 2948 γετο,
503 2877 596 2932 καὶ
627 2879 765 2946 πρὸς
790 2878 882 2930 τὸν
911 2875 1341 2948 Μπαῖμπούρεω
1375 2878 1540 2932 παῖδα
1569 2877 1901 2948 διεπολέμει.

330 2968 639 3034 Ἐπελάσας
669 2969 726 3023 δέ
750 2969 888 3040 πρὸς
922 2968 1275 3038 ’Δτζιγγαύιν
1299 2969 1344 3001 ⁸¹
1375 2969 1688 3040 ἐπολιόρκει
1719 2987 1904 3040 παρα-

318 3063 702 3132 στησάμενος,
755 3062 851 3116 καὶ
899 3061 1001 3133 τὴν
1039 3061 1348 3134 Ἀρμενίων
1399 3063 1554 3125 ὲντδς
1615 3062 1904 3135 Εὐφράτου

2003 654 2098 706 vit.
2118 651 2177 706 ln
2210 652 2309 705 hoc
2333 651 2476 707 bello
2499 650 2673 706 victor
2695 651 2930 714 exstitit,
2957 661 3011 706 et
3041 649 3511 708 Semarchandam
3541 654 3595 709 in

2000 743 2264 800 ditionem
2295 743 2530 814 accepit.
2559 743 2669 799 Nec
2690 743 2862 798 multo
2885 754 3012 814 post
3043 742 3096 797 in
3125 744 3253 800 beHi
3275 745 3596 801 societatem

2002 838 2250 893 adhibito
2269 853 2378 893 uno
2408 839 2473 894 de
2493 853 2721 894 numero
2753 853 2949 894 novem
2978 854 3192 909 regum,
3216 847 3270 894 et
3302 839 3447 911 regia
3470 841 3598 895 sede

2002 932 2056 986 in
2086 929 2330 986 Tahreze
2380 929 2730 1002 Assyriorum
2785 934 2918 987 urbe
2960 931 3219 1002 opulenta
3267 931 3590 997 constituta,

2002 1023 2145 1078 bello
2170 1024 2474 1078 lacessebat
2500 1024 2778 1079 Leucariae
2801 1025 2990 1079 ducem
3017 1041 3031 1081 :
3053 1026 3217 1080 etiam
3243 1025 3594 1081 Sarnachiani

2002 1121 2216 1183 urbem,
2236 1119 2544 1175 Carailucis
2575 1119 2797 1191 regiam,
2828 1121 3204 1192 Oppugnabat.
3235 1121 3480 1178 Tabrcze
3502 1138 3597 1177 au-

2002 1221 2108 1266 tem
2138 1209 2311 1266 fertur
2335 1213 2466 1267 urbs
2495 1226 2619 1266 esse
2646 1227 2840 1284 magna
2870 1221 2924 1268 et
2945 1213 3142 1283 opibus
3160 1212 3550 1270 ﬂorentissima
3577 1231 3590 1266 :

2001 1303 2166 1357 etiam
2223 1318 2418 1359 omnes
2471 1303 2617 1360 Asiae
2659 1305 2844 1370 urbes,
2905 1317 3060 1360 extra
3103 1305 3594 1368 Semarchandam,

2001 1409 2166 1464 opum
2195 1411 2422 1452 accessu
2482 1407 2538 1453 et
2597 1399 2810 1468 reliqua
2850 1398 3108 1454 felicitate
3139 1399 3466 1454 antecedere
3497 1414 3593 1454 no-

2001 1487 2196 1542 scitur.
2218 1485 2564 1544 Vermiculos
2597 1489 2697 1544 alit
2731 1505 2793 1543 ea
2824 1489 2977 1560 regio
3022 1505 3090 1545 ex
3117 1490 3322 1560 quibus
3349 1493 3590 1546 sericum

2002 1579 2321 1651 producitur
2348 1581 2806 1652 pulcherrimum,
2835 1581 2980 1652 quod
3007 1584 3167 1652 longe
3188 1589 3409 1652 praestat
3432 1582 3481 1636 ei
3506 1597 3595 1636 se-

2001 1676 2119 1731 rico
2136 1675 2281 1746 quod
2302 1673 2594 1730 Samachia
2613 1677 2950 1746 suppeditat.
2970 1674 3099 1731 Fert
3116 1692 3335 1748 quoque
3350 1676 3592 1732 Crinizin

2003 1767 2118 1838 (8i)
2149 1770 2257 1824 isto
2285 1769 2506 1824 nomine
2543 1769 2926 1835 vermiculum,
2958 1771 3052 1840 qui
3090 1785 3428 1841 purpureum
3447 1772 3594 1827 colo-

2005 1874 2118 1913 rem
2151 1859 2517 1915 admiratione
2550 1861 2775 1930 dignum
2812 1859 3007 1915 tribuit
3052 1861 3297 1916 vestibus
3330 1875 3397 1916 cx
3431 1861 3535 1918 ﬁlis
3565 1880 3595 1917 e

2003 1949 2182 2004 serico
2214 1949 2511 2005 contextis.
2545 1949 2803 2004 Abundat
2836 1959 3018 2005 autem
3057 1950 3208 2022 regio
3235 1948 3420 2006 Persis
3453 1967 3592 2021 quos

2000 2039 2280 2094 Atzamias
2301 2048 2515 2094 vocant.
2537 2037 2819 2110 Quotquot
2840 2041 2984 2095 enim
3002 2041 3374 2095 Atzamiorum
3398 2039 3595 2096 Persa-

2004 2144 2124 2183 rum
2150 2129 2335 2201 lingua
2358 2139 2610 2197 utuntur,
2637 2146 2830 2186 omnes
2855 2132 2908 2185 hi
2935 2130 3118 2188 Persa:
3142 2143 3291 2197 sunt,
3323 2144 3374 2189 et
3401 2135 3594 2190 Persa-

2005 2237 2127 2276 rum
2161 2222 2405 2293 linguam
2427 2225 2479 2277 in
2505 2237 2608 2278 usu
2638 2224 2863 2279 habent.
2891 2225 3142 2280 Incolunt
3162 2226 3467 2292 Tabrezen,
3485 2228 3591 2283 Ca-

2005 2315 2222 2385 grinum
2241 2325 2296 2370 et
2333 2313 2629 2385 Nigetiam,
2651 2315 2812 2370 urbes
2832 2316 3146 2386 opulentas,
3167 2319 3220 2372 in
3236 2319 3588 2390 Assyriorum

2006 2418 2056 2463 et
2084 2407 2365 2462 Medorum
2403 2409 2623 2480 regione
2687 2409 2844 2464 sitas.
2877 2411 3166 2466 Sarnachia
3197 2421 3403 2479 autem,
3429 2414 3590 2484 cujus

2006 2499 2260 2555 situsest
2282 2513 2474 2554 versus
2500 2500 2844 2564 Armeniam,
2873 2501 3006 2555 urbs
3022 2502 3338 2571 perhibetur
3359 2505 3591 2574 opulen-

2008 2602 2062 2645 ta
2097 2600 2152 2645 et
2179 2591 2465 2660 populosa.
2527 2589 2602 2645 Ex
2639 2591 2747 2646 ﬁlia
2789 2591 3044 2658 'l‘zokiis,
3084 2609 3204 2663 quae
3239 2597 3593 2651 matrimonio

2003 2682 2192 2753 juncta
2210 2683 2720 2754 fuitCharaisuphi,
2771 2695 2934 2739 natus
2952 2693 3037 2739 est
3062 2685 3330 2742 Tzanisas
3372 2686 3600 2750 Tzukiis.

2006 2790 2201 2846 nepos,
2223 2786 2276 2830 et
2292 2775 2650 2845 Caraisuphis
2675 2761 2839 2832 filius.
2855 2775 2905 2832 Is
2924 2777 3237 2849 Pagdatiam
3260 2779 3591 2852 Babylonem

2007 2872 2174 2936 rexit,
2200 2879 2254 2924 ct
2279 2870 2640 2940 Assyriorum
2666 2871 2946 2942 regionem
2974 2872 3101 2943 jure
3125 2874 3253 2927 belli
3274 2875 3593 2943 possidens,

2007 2961 2289 3016 Tabrczen
2318 2978 2420 3018 suo
2465 2963 2700 3035 imperio
2736 2966 2972 3021 addidit.
3021 2967 3188 3021 Arma
3229 2967 3373 3022 idem
3410 2967 3592 3022 Paim-

2007 3055 2164 3126 puris
2227 3057 2338 3110 tilio
2380 3057 2585 3123 intulit,
2653 3059 2937 3128 profectus
2969 3067 3164 3115 contra
3212 3062 3591 3132 Arlzinganim

316 3155 510 3228 χώραν
551 3156 847 3226 ἐτύγχανεν
889 3151 1086 3221 οὖσαν,
1131 3155 1469 3226 ὑπηγάγετο.
1512 3155 1667 3210 Μετὰ
1703 3155 1762 3210 δέ
1805 3155 1898 3209 τοῦ

2008 3149 2224 3215 urbem,
2258 3164 2377 3204 eam
2419 3152 2828 3220 Oppugnationc
2877 3151 3022 3222 cepit
3053 3167 3066 3205 :
3098 3151 3437 3218 Armeniam,
3471 3170 3593 3224 qua:

314 3250 567 3312 Τζοκίεω
601 3250 788 3313 παιδὸς
820 3248 1160 3320 ὡρμημένου
1196 3249 1304 3303 ἀπὸ
1338 3249 1768 3320 Σεμαρχάνδης,
1801 3250 1900 3321 τὴν

2005 3243 2143 3313 jacet
2171 3243 2314 3297 intra
2376 3243 2736 3314 Euphratem,
2773 3245 2825 3298 in
2859 3260 3015 3300 suam
3058 3246 3323 3304 ditionem
3361 3249 3591 3319 redegit.

314 3360 376 3398 τε
432 3342 726 3396 Βαϐυλῶνα
776 3341 1110 3412 ἐπολιόρκει.
1165 3341 1278 3395 Καὶ
1327 3341 1491 3397 αὐτὸν
1539 3343 1764 3396 ἐπιόντα
1813 3343 1899 3410 οἱ,

321 3436 474 3507 μάχῃ
522 3435 896 3505 ἐπεκράτησε.
949 3435 1058 3488 Καὶ
1101 3434 1200 3504 τὴν
1253 3433 1553 3488 Βαϐυλῶνα
1600 3434 1759 3502 ἐλὼν,
1807 3435 1902 3487 ἐπὶ

319 3531 578 3602 Ταϐρέζη
619 3529 866 3585 ἐλαύνων
891 3567 907 3594 ,
944 3530 1004 3594 ἐς
1039 3529 1190 3583 τόνδε
1231 3528 1584 3600 συνδιαφέρει
1621 3527 1712 3580 τὸν
1747 3527 1905 3581 πόλε-

322 3640 446 3693 μον.
486 3623 747 3694 Χασάνης
791 3621 976 3692 μέντοι
1019 3622 1047 3674 ό
1096 3622 1308 3692 μακρὸς
1350 3620 1660 3689 Σκενδέρεω
1703 3618 1801 3674 τοῦ
1843 3620 1902 3672 τὸ

329 3717 722 3790 ’Δρτζιγγαύιν
757 3715 1172 3786 διακατέχοντος
1213 3714 1483 3782 ἀπόγονος
1524 3712 1634 3777 ὣν,
1672 3714 1770 3766 καὶ
1803 3715 1902 3782 τῆς

315 3810 716 3882 Καραῖλούκεω
770 3808 1007 3880 μοίρας,
1056 3808 1149 3862 ἐπὶ
1195 3807 1296 3876 τὴν
1342 3805 1520 3877 ἀρχὴν
1568 3805 1904 3876 παρεγένετο

310 3905 418 3976 τὴν
451 3901 780 3972 ’Δρμενίων,
815 3899 1297 3970 συνελαυνομένων
1323 3897 1473 3969 αὐτῷ
1495 3897 1540 3930 ⁵³
1568 3899 1675 3951 τῶν
1703 3913 1762 3950 τε
1794 3897 1906 3949 Κα-

321 3996 634 4066 ραῖλούκεω
671 3991 902 4047 παίδων.
936 3991 1097 4045 Οὗτοι
1131 3991 1238 4063 γὰρ
1271 3989 1346 4054 ὡς
1378 3990 1482 4042 ὐπὸ
1511 3989 1606 4042 τοῦ
1640 3987 1904 4059 βασιλέως

314 4087 565 4149 Τζανισᾶ
600 4083 1002 4154 Καραῖσούφεω
1039 4082 1260 4145 παιδὸς,
1295 4081 1354 4134 ἐν
1386 4079 1642 4152 Σαμαχίῃ
1681 4080 1903 4150 πολιορ-

271 4167 280 4174 ’
316 4175 432 4236 κοιῖ
432 4196 603 4250 μενοι,
625 4181 681 4231 ἐν
706 4179 901 4247 ἀπόρῳ
924 4177 1154 4247 εἴχοντο,
1205 4174 1569 4245 προσεδέοντο
1602 4173 1696 4228 τοῦ
1718 4171 1908 4228 Μπαῖ-

319 4271 591 4342 μπούρεω
635 4268 888 4323 ἐσϐαλεῖν
915 4268 972 4330 ἐς
1011 4265 1112 4335 τὴν
1138 4263 1412 4336 Μηδικήν.
1447 4265 1542 4328 ’ος
1573 4264 1818 4327 πεισθείς
1845 4279 1905 4317 τε

315 4362 573 4418 ἐσέϐαλε.
616 4363 730 4415 Καὶ
773 4359 1058 4430 ἀπανέστη
1101 4374 1163 4410 τε
1208 4359 1236 4410 ὁ
1282 4358 1555 4422 Τςανισᾶς
1598 4355 1907 4435 ἀποχωρῶν

316 4458 460 4528 πρὸς
495 4457 587 4509 τὸν
621 4453 1074 4524 Μπαῖμπούρην,
1113 4452 1180 4506 τὰ
1218 4453 1317 4523 μὲν
1355 4450 1711 4523 συμϐάλλων,
1748 4451 1816 4503 τὰ
1851 4448 1907 4503 δὲ

2004 3335 2146 3392 Hinc
2185 3335 2405 3393 Tzokiis
2444 3337 2558 3392 lilio
2600 3336 2850 3408 profecto
2880 3352 2910 3392 a
2960 3337 3373 3395 Semarchanda
3423 3341 3594 3414 Baby-

2003 3425 2186 3483 lonem
2232 3428 2602 3500 oppugnabat.
2651 3428 2834 3498 Ipsum
2889 3429 3183 3487 adeuntem
3227 3433 3416 3503 prazlio
3439 3437 3589 3489 vicit.

2004 3519 2213 3575 Exinde
2227 3518 2556 3592 Babylonem
2578 3524 2826 3592 capiens,
2844 3531 3100 3580 etcontra
3121 3523 3421 3581 Tabrezem
3436 3543 3594 3582 exer-

2004 3615 2174 3669 citum
2198 3615 2432 3682 ducens,
2462 3631 2589 3672 cum
2614 3619 2708 3673 illo
2727 3619 2927 3674 bellum
2954 3623 3148 3691 gessit.
3172 3622 3452 3679 Chasanes
3473 3627 3595 3694 qui-

2006 3704 2129 3760 dem
2152 3706 2373 3778 Longus
2391 3706 2707 3778 Scendcris,
2726 3711 2819 3780 qui
2837 3711 3215 3784 Artzinganim
3234 3714 3472 3783 tenebat,
3495 3733 3590 3771 ne-

2009 3813 2108 3870 pos
2128 3803 2426 3865 exsistens,
2459 3811 2512 3856 et
2542 3817 2610 3857 ex
2645 3801 2850 3857 familia
2875 3803 3201 3873 Carailucis,
3234 3820 3462 3876 regnum
3489 3808 3594 3862 Ar-

2007 3893 2204 3947 menia:
2236 3893 2470 3964 adeptus
2527 3901 2669 3961 erat,
2702 3893 2925 3967 adjutus
2964 3896 3032 3952 ab
3071 3896 3381 3954 Carailucis
3440 3899 3589 3960 liliis.

2007 3986 2100 4056 qui
2135 4001 2242 4040 una
2275 4002 2399 4042 cum
2431 3987 2525 4042 illo
2555 4001 2619 4043 eo
2651 3987 2882 4060 profecti
2913 3999 3093 4046 erant.
3142 3990 3205 4046 Hi
3245 4007 3369 4046 cum
3408 4007 3437 4045 a
3467 4007 3592 4062 rege

2007 4076 2241 4133 Tzanisa
2316 4077 2673 4148 Caraisuphis
2733 4080 2846 4135 filio
2906 4080 3212 4138 Sarnachiae
3266 4085 3590 4155 gravissima

2007 4172 2300 4250 obsidione
2345 4183 2749 4243 premerentur,
2808 4191 3006 4248 resque
3049 4191 3241 4232 eorum
3297 4178 3592 4234 admodum

2009 4264 2240 4319 lubricae
2270 4273 2480 4332 essent,
2517 4267 2777 4335 precibus
2811 4267 3052 4337 aggressi
3083 4276 3211 4323 sunt
3242 4265 3592 4340 Paimpurem

2010 4369 2071 4410 ut
2108 4359 2348 4414 irrueret
2396 4359 2452 4412 in
2483 4357 2672 4414 Media:
2730 4360 3030 4430 regionem.
3092 4361 3194 4428 Qui
3250 4362 3414 4418 facile
3448 4366 3594 4433 quod

2011 4452 2255 4518 petivere
2309 4450 2886 4520 impetraruntznam
2958 4453 3014 4508 in
3069 4452 3304 4509 Mediam
3371 4457 3592 4526 irrupit.

313 4514 644 4621 ληϊζόμενος
677 4514 1260 4618 τὴν-χώραν-ἐκεινού.
1295 4546 1359 4599 Ol
1394 4514 1574 4608 μέντοι
1605 4514 1905 4617 ἡγεμόνες,

2012 4514 2116 4608 Qui
2151 4557 2338 4597 rumor
2367 4514 2428 4596 ut
2454 4543 2704 4612 perlatus
2732 4551 2814 4600 est
2855 4547 2921 4598 ad
2956 4544 3274 4613 Tzanisam,
3305 4514 3596 4602 obsidione

316 4647 350 4698 ὃ
385 4660 442 4696 τε
477 4641 804 4707 Μενδεσίας,
836 4638 1086 4709 Αξδίνης,
1119 4639 1217 4692 καὶ
1247 4638 1555 4709 Σαρχόινης,
1594 4637 1839 4700 ’Δλόντες
1864 4637 1912 4669 δι

316 4737 678 4806 Παιαζήτεω,
709 4735 808 4802 τὴν
834 4747 894 4785 τε
925 4730 1111 4802 χώραν
1140 4731 1468 4796 κατέλαϐον,
1497 4731 1912 4794 ἐπικελεύοντος

250 4812 255 4816 ”
315 4829 620 4900 Τεμήρεω,
657 4827 754 4879 καὶ
785 4827 842 4887 ἐς
873 4823 971 4896 τὴν
1003 4823 1200 4877 ἑαυτοῦ
1233 4823 1418 4894 χώραν
1449 4822 1750 4876 καθίστατο
1779 4823 1911 4876 ἐκα-

314 4939 478 4985 στος.
507 4919 681 4990 Ὁρῶν
708 4918 766 4972 δὲ
795 4917 1054 4986 Χασὰνης
1086 4915 1544 4986 συμϐαλλομένην
1571 4915 1723 4986 αὐτῷ
1751 4915 1911 4970 δύνα-

319 5032 426 5086 μιν
454 5013 773 5082 ἀξιόχρεων,
804 5011 902 5080 τήν
927 5024 987 5061 τε
1017 5008 1323 5079 ’Δρμενίων
1349 5013 1538 5083 χώραν
1566 5009 1905 5080 ὑπηγάγετο,

329 5107 437 5160 καὶ
493 5103 621 5165 τοὺς
655 5100 962 5165 Κιαπνίδας
985 5100 1057 5165 ⁸⁸,
1114 5099 1209 5152 καὶ
1264 5100 1405 5170 πρὸς
1462 5102 1590 5162 τοὺς
1646 5101 1907 5172 Κολχίδος

319 5195 580 5269 βασιλεῖς
617 5191 925 5263 ἐπιγαμίαν
988 5193 1398 5262 ποιησάμενος,
1456 5193 1680 5263 εἰρήνην
1714 5194 1908 5265 ἐποιή-

321 5308 492 5348 σατο.

2012 4635 2204 4690 urbem
2241 4635 2543 4692 abscedens
2576 4637 2762 4702 solvit,
2800 4639 3012 4708 iterque
3046 4639 3160 4710 89
3218 4638 3371 4696 ﬂexit
3401 4641 3596 4696 adver-

2009 4745 2105 4786 sus
2133 4728 2506 4800 Paimpurem,
2535 4732 2736 4800 partim
2767 4730 2988 4802 quidem
3035 4732 3318 4800 regionem
3370 4734 3492 4802 ejus
3541 4735 3596 4789 in

2009 4823 2273 4879 ditionem
2303 4824 2606 4895 accipiens,
2641 4827 2840 4894 partim
2868 4841 2999 4882 vero
3028 4837 3272 4884 vastans.
3301 4828 3594 4894 Mendesis,

2009 4914 2266 4981 Edines,
2295 4914 2624 4984 Sarchanes,
2647 4926 2700 4972 et
2723 4920 2999 4983 Allontes,
3027 4918 3286 4990 Pajazitis
3316 4907 3594 4992 regionem

2013 5018 2352 5080 occuparunt
2378 5010 2537 5082 jussu
2584 5010 2842 5075 Temiris,
2863 5019 2917 5067 et
2955 5012 3010 5067 in
3033 5027 3190 5068 suam
3221 5015 3422 5086 singuli
3456 5017 3602 5069 redi-

2014 5102 2146 5158 bant
2165 5103 2468 5172 regionem.
2489 5101 2771 5158 Chasanes
2788 5121 3022 5161 cernens
3040 5107 3146 5162 sibi
3165 5108 3464 5176 potentiam
3481 5122 3600 5162 esse

2015 5194 2331 5259 maximam,
2355 5196 2669 5250 Armeniam
2701 5205 2756 5251 et
2788 5196 3102 5269 Tzapnidas
3128 5201 3365 5270 subegit,
3419 5211 3468 5256 et
3501 5215 3598 5270 pa-

2015 5302 2133 5342 rem
2168 5287 2541 5343 intercedente
2563 5288 2824 5347 affinitate
2855 5308 2978 5346 cum
3003 5291 3285 5350 Colchidis
3303 5309 3429 5363 rege
3448 5292 3599 5349 fecit.

1590 5378 1841 5440 Notulm
1872 5381 2283 5460 marginales.

406 5491 518 5561 (8|)
554 5487 738 5544 Nostri
769 5483 1190 5542 Chermesinum
1219 5483 1334 5538 sive
1360 5497 1589 5539 coccum
1619 5495 1842 5539 vocant.

405 5592 450 5623 ”
480 5586 822 5655 Ἀτςαμίδων
853 5583 1164 5652 ἀγκιαμίων
1189 5583 1316 5655 καλἶ
1341 5583 1467 5655 ,ὅσοι
1503 5581 1612 5652 γὰρ
1640 5581 1696 5645 ἐς
1722 5583 1820 5655 τὴν
1845 5584 1905 5655 ᾁγ

2005 5583 2180 5654 ιμίων.
2213 5582 2268 5637 in
2305 5583 2379 5655 al.
2414 5583 2546 5637 utin
2577 5601 2624 5639 c.
2669 5583 2732 5655 A"
2760 5585 3015 5652 Κιοκίεω,
3043 5596 3090 5640 et
3133 5585 3232 5654 inf.
3267 5585 3456 5649 Al.,ut
3481 5589 3531 5640 in
3556 5605 3604 5641 c.

317 5667 372 5700 ³⁸
408 5653 697 5721 Κιανισᾶς,
741 5653 815 5707 al.
859 5664 916 5707 ut
976 5656 1030 5708 in
1063 5670 1112 5708 c.

319 5740 376 5770 "
420 5735 496 5788 at.
533 5730 734 5792 τξαπν.

666 5888 940 5946 Ρλτιιοι.
987 5884 1101 5947 Gn.
1133 5877 1338 5941 CLIX.
1369 5914 1373 5920 -

1221 5654 1267 5684 η
1304 5651 1676 5724 Ἀρκιγγάνιν,
1711 5662 1761 5706 et
1795 5653 1894 5723 inf.
1921 5655 2002 5726 Val.
2023 5651 2092 5710 ἰιι
2121 5657 2175 5709 in
2203 5670 2250 5708 ι’.

2359 5654 2406 5685 ⁵³
2438 5655 2636 5710 αὐτῶν.
2663 5653 2725 5712 R.
2753 5667 2806 5710 ut
2837 5657 2890 5709 in
2919 5673 2966 5711 c.
3077 5657 3124 5688 "
3155 5653 3397 5721 ἁλόντος.
3444 5669 3490 5712 et
3537 5657 3602 5710 Ii.

3242 5885 3282 5948 6
