4032 6412
325 566 439 637 ῙἻἸ

1388 587 1486 648 DE
1529 588 1782 649 REBUS
1821 591 2188 658 TURCICIS
2226 598 2374 661 LIB.
2420 603 2517 665 iV.

3490 621 3619 682 173'

323 701 425 739 ναι
451 685 606 739 αὑτὸν
640 688 694 750 ἐς
722 688 819 759 τὴν
844 690 1064 760 ὁμιλίαν
1091 693 1235 748 οὕτω
1270 699 1435 761 πάνυ,
1465 701 1542 766 ὡς
1594 704 1878 776 ἐπισφαλές

2004 723 2129 762 rttm
2165 710 2231 765 ad
2256 726 2379 767 eum
2420 715 2794 780 mittebantur,
2831 724 3200 787 consulentes,
3234 742 3300 782 ne
3328 744 3387 783 se
3411 739 3586 786 totum

322 794 392 833 τε
413 777 475 833 δν
501 780 668 850 αὐτῷ,
719 784 815 836 καὶ
854 784 1067 855 οὐδαμῆ
1100 788 1372 857 ἐμπεδοῦν
1417 794 1565 864 αὐτῷ
1592 798 1691 867 τήν
1745 800 1907 868 βασι-

326 870 483 926 λείαν
511 878 645 942 πρὸς
697 879 791 930 τὸν
826 878 1083 947 ἀδελφὺν,
1131 882 1339 937 τούτων
1378 886 1479 956 μὲν
1523 889 1716 945 οὐδένα
1746 894 1905 963 λόγον

324 966 676 1035 ποιούμενος,
708 970 881 1025 ἔωθεν
908 972 965 1027 δὲ
1004 975 1097 1027 καὶ
1148 978 1387 1046 ἑσπέραν
1435 983 1565 1052 περὶ
1593 985 1693 1055 τὴν
1731 990 1903 1057 ἀκρα-

318 1059 586 1113 τοποσίαν
614 1061 843 1117 διετέλει
894 1067 1178 1136 προπίνων
1231 1072 1342 1133 τοῖς
1391 1072 1659 1147 ἀρίστοις.
1705 1081 1797 1131 καὶ
1826 1080 1904 1145 ὡς

319 1148 682 1218 ἀναπαύοιτο,
728 1155 1155 1227 ἐπεγειρόμενος
1201 1160 1358 1224 αὖθις
1406 1165 1463 1227 ἐς
1496 1167 1715 1234 ὁμιλίαν
1741 1171 1898 1224 καθί-

316 1256 508 1297 στατο.
570 1244 813 1314 Λέγεται,
869 1248 925 1300 δέ
976 1249 1051 1312 ὡς
1103 1252 1318 1320 ἔχοντος
1350 1256 1409 1307 ἐν
1458 1260 1581 1320 ταῖς
1613 1261 1772 1331 χερσὶ
1802 1263 1900 1333 τὴν

313 1333 546 1403 φιάλην,
582 1336 779 1407 ἔλαφος
809 1340 901 1393 ἐπὶ
954 1342 1017 1395 τὸ
1046 1346 1414 1412 στρατόπεδον
1465 1350 1697 1419 περιϊὼν
1733 1334 1895 1424 διῄει,

313 1425 417 1478 καὶ
470 1428 946 1498 ἐπιθορυϐούντων
998 1436 1176 1489 αὐτῶν
1207 1439 1317 1493 τῶν
1350 1445 1724 1511 στρατιωτῶν,
1756 1447 1831 1510 ὡς
1863 1447 1895 1516 ή

309 1516 515 1587 ἔλαφος
566 1523 848 1595 ἐπιπαρῇ,
906 1528 1079 1597 ἀγχοῦ
1135 1533 1452 1602 γενόμενος,
1506 1535 1782 1606 ἐπειρᾶτο,
1846 1541 1897 1593 εί

312 1614 518 1683 φιάλην
553 1618 647 1670 ἐπὶ
681 1618 775 1671 τοῦ
804 1620 1034 1687 κέρατος
1058 1625 1236 1695 φέροι,
1257 1627 1332 1689 ὡς
1358 1629 1564 1698 ταύτην
1590 1631 1634 1663 ⁶¹
1664 1633 1897 1704 ἀνακτη·

312 1705 547 1773 σόμενος
584 1711 694 1762 ἀπὸ
718 1711 820 1779 τῆς
852 1715 1091 1781 ὁμιλίας.
1127 1714 1236 1771 Ἷῐν
1265 1722 1445 1789 μέντοι
1480 1723 1656 1786 ἄλλως
1686 1726 1713 1777 ὁ
1743 1726 1896 1779 Μου-

308 1796 623 1868 σουλμὰνης
678 1802 950 1874 ἐπιεικής,
984 1808 1078 1860 καὶ
1130 1808 1193 1861 τὸ
1254 1810 1414 1881 σῶμα
1448 1814 1730 1885 ῥωμαλέος
1754 1860 1769 1885 ,
1797 1821 1893 1874 καὶ

307 1885 492 1958 ὁρμὴν
523 1893 578 1954 ἐς
607 1893 667 1946 τὸ
692 1896 968 1967 μάχεσθαι
986 1901 1299 1970 κράτιστος.
1340 1905 1549 1978 Μωσῆς
1575 1908 1632 1963 δέ
1660 1911 1890 1966 τούναν-

302 1979 420 2033 τίον
450 1981 657 2053 Θυμοῡν
681 1986 819 2040 “re
861 1989 1266 2063 ἀκρατέστερος
1302 1995 1378 2060 ὡς
1404 1999 1635 2067 ἐπίπαν,
1669 2003 1763 2056 καὶ
1793 2022 1888 2059 τασ-

302 2076 405 2143 χὺς
435 2076 492 2129 δὲ
520 2079 760 2144 μάλιστα
796 2084 855 2144 ἐς
879 2083 1072 2153 ὀργὴν,
1109 2088 1200 2139 καὶ
1249 2088 1481 2146 ἔπεσθαι
1520 2093 1599 2162 τῷ
1629 2095 1892 2165 δυσμενετ

303 2170 476 2236 μηδὲν
500 2172 739 2229 ἀνιέντα.
759 2175 912 2230 Ἐπεί
932 2196 991 2231 τε
1021 2175 1116 2234 οὗν
1150 2183 1556 2255 ἐπιγενομένων
1587 2188 1735 2260 αὐτῷ
1785 2193 1887 2247 οὐκ

298 2262 501 2330 ὀλίγων
531 2268 590 2329 ἐς
620 2267 681 2319 τὸ
717 2269 903 2323 πεδίον
933 2273 1164 2344 κατέϐη.
1199 2279 1293 2331 καὶ
1328 2279 1421 2332 ἐπὶ
1442 2280 1887 2356 Μουσουλμῶνην

298 2353 793 2447 ήλαυιιςλασάνης
850 2379 911 2417 τε
965 2368 994 2420 δ
1024 2368 1135 2421 τῶν
1196 2371 1469 2439 νεηλύδων
1520 2375 1730 2447 ἄρχων,
1788 2353 1885 2436 καὶ

293 2442 570 2539 βρσνέζης
599 2448 741 2521 ιχων
773 2453 1151 2527 ἱπποδρόμους
1184 2460 1286 2530 τῆς
1322 2442 1884 2539 Εὐρώπης-..ηὐτομό-

295 2537 476 2605 λησαν
513 2540 715 2596 αὐτίκα
741 2547 895 2616 παρὰ
928 2549 1156 2605 Monk.
1199 2550 1262 2606 ’0
1296 2553 1351 2608 δέ
1399 2554 1474 2618 ὡς
1517 2537 1714 2629 ᾔσθετο
1754 2537 1883 2627 τοὺς

296 2629 565 2699 νεήλυδας
590 2633 972 2706 ἀφεστηκότας
1013 2642 1150 2697 ίέναι
1178 2646 1268 2698 ἐπὶ
1296 2645 1391 2701 τὸν
1422 2649 1684 2720 ἀδελφὺν,
1720 2655 1883 2725 ήλαυ-

294 2740 393 2776 νεν
421 2725 551 2781 εὐθὺ
575 2727 874 2793 Βυζαντίου
899 2735 993 2788 ἐπὶ
1020 2739 1135 2802 τοῖς
1167 2739 1394 2812 Ἕλλησι
1427 2746 1521 2800 καὶ
1551 2745 1650 2818 τήν
1672 2747 1883 2813 Βυζαν-

285 2818 416 2869 τὲου
446 2816 750 2888 βασιλείαν,
784 2827 840 2878 ἐν
870 2826 943 2896 νῷ
978 2828 1118 2900 ἔχων
1165 2834 1457 2903 συμμίξαι,
1514 2816 1878 2903 ὠςνὲντεῦθεν

286 2903 363 2962 οὗ
420 2912 516 2963 ἐπὶ
548 2912 648 2982 τὴν
715 2916 902 2972 ’Δσίαν
955 2919 1174 2988 διαϐὰς,
1237 2925 1513 2998 ἐπεχείρει
1567 2931 1636 2986 τὰ
1690 2935 1749 2988 ἐν
1808 2940 1874 3009 τῇ

298 3003 463 3074 Ἀσίᾳ
488 3006 824 3096 πράγματα.
862 3013 968 3067 Καὶ
1002 3012 1076 3077 ὣς
1108 3016 1271 3087 ἔχων,
1302 3022 1416 3084 τοῖς
1446 3022 1709 3096 Τούρκοις
1755 3003 1877 3083 ἐπίί

281 3095 452 3162 δηλος
483 3092 554 3168 ἦν
583 3102 724 3156 κατὰ
754 3105 852 3175 τὴν
877 3104 1021 3173 ὁδὸν,
1051 3109 1151 3178 τὴν
1181 3111 1237 3175 ἐς
1265 3111 1328 3164 τὸ
1353 3092 1654 3178 Βυζάντιον
1677 3123 1875 3192 φέρου-

289 3204 420 3242 σαν.
472 3189 739 3247 Ἐνταῦθα
766 3196 1125 3266 συλλεγέντες
1157 3204 1219 3257 οἵ
1237 3204 1396 3277 τήνδε
1422 3206 1522 3279 τήν
1555 3189 1762 3282 χώραν⁷
1790 3215 1872 3268 0i-

284 3280 524 3367 ιιοῦντες
555 3285 811 3358 Τοῦρκοι,
831 3291 925 3344 τόν
960 3310 1018 3347 τε
1046 3293 1486 3372 Μουσουλμάνην
1516 3280 1865 3376 ἐζώγρησαν,
1899 3306 1903 3310 ’

2008 800 2243 859 luxuria:
2282 812 2335 859 et
2369 807 2844 877 voluptatidedat.
2900 818 3056 885 quasi
3123 817 3235 884 jam
3293 820 3367 877 sit
3423 822 3629 890 plane'

2009 906 2259 961 securus,
2295 903 2350 951 et
2388 898 2440 951 in
2472 908 2631 969 portu
2660 905 2879 974 naviget
2911 923 2929 961 :
2992 910 3149 977 quasi
3179 911 3311 965 nihil
3349 914 3585 983 periculi

2005 987 2263 1053 amplius,
2295 1000 2563 1059 quantum
2597 994 2663 1049 ad
2693 1011 2919 1065 regnum
2951 1003 3170 1066 attinet,
3215 1018 3245 1057 a
3275 1003 3448 1061 fratre
3508 1009 3587 1062 sit

2007 1081 2380 1139 metuendum.
2439 1087 2507 1140 At
2533 1088 2702 1143 surdo
2735 1080 3033 1147 narrabant
3058 1092 3316 1152 fabulam.
3365 1095 3590 1153 Matuti—

2005 1184 2131 1225 num
2181 1180 2238 1228 et
2292 1178 2664 1247 vespertinum
2716 1189 2937 1254 tempus
3005 1187 3267 1257 jungebat
3319 1191 3583 1258 potando,

2002 1263 2311 1333 praehibeas
2342 1270 2698 1337 optimatibus
2726 1276 2863 1330 suis.
2889 1276 3189 1335 “evolutus
3217 1282 3271 1334 in
3303 1296 3581 1346 somnum.

2002 1355 2096 1411 ubi
2131 1358 2366 1428 primum
2395 1373 2515 1419 erat
2545 1377 2918 1436 experrectus,
2944 1372 3159 1426 solitam
3193 1374 3413 1442 potandi
3443 1390 3578 1431 con-

2002 1449 2353 1506 suetudinem
2381 1453 2637 1511 iterabat.
2669 1456 2868 1515 Fertur
2908 1461 3146 1532 quodam
3185 1471 3428 1533 tempore
3457 1481 3579 1521 cum

1999 1541 2237 1610 phialam
2274 1546 2530 1602 manibus
2553 1556 2783 1614 teneret,
2821 1539 2887 1605 et.
2903 1567 3098 1610 cervus
3129 1556 3182 1610 in
3213 1564 3394 1611 castra
3415 1573 3580 1627 pene-

1999 1639 2221 1698 trasset,
2266 1633 2321 1689 in
2345 1635 2521 1706 iisque
2549 1638 2950 1708 obambularet,
2983 1643 3442 1701 tumultuantibus
3476 1646 3582 1701 mi-

1997 1723 2186 1780 litibus
2216 1734 2439 1797 propter
2461 1730 2608 1785 cervi
2632 1730 2686 1785 in
2733 1744 2917 1789 castra
2968 1735 3287 1801 adventum,
3343 1736 3582 1792 interro-

1996 1819 2268 1888 gationem
2306 1821 2524 1889 fecisse,
2557 1842 2686 1879 num
2709 1827 2948 1894 phialam
2983 1829 3037 1882 in
3057 1828 3318 1885 cornibus
3350 1836 3525 1899 gestet
3561 1845 3575 1883 :

1993 1914 2137 1982 quod
2155 1913 2199 1968 si
2214 1923 2317 1979 est,
2341 1915 2444 1970 hac
2462 1916 2983 1984 redimam.Quando
3003 1920 3254 1976 ebrietati
3270 1929 3325 1976 et
3339 1921 3578 1989 crapula

1994 2020 2102 2060 non
2154 2021 2374 2076 operam
2411 2009 2576 2065 dabat
2602 2010 2999 2077 Musuimanes,
3031 2022 3150 2068 erat
3212 2012 3435 2081 quidem
3474 2012 3578 2068 be-

1994 2097 2195 2166 nignus
2221 2106 2277 2153 et
2306 2115 2515 2167 aequus,
2553 2116 2785 2172 corpore
2819 2102 3032 2168 ﬁrmus.
3065 2105 3459 2176 pugnandique
3518 2104 3573 2160 in

1992 2192 2180 2247 hostes
2207 2192 2411 2262 impetu
2445 2193 2577 2248 nulli
2610 2196 3045 2266 postponendus.
3101 2196 3279 2253 Moses
3306 2196 3425 2253 vice
3446 2210 3575 2250 ver.

1988 2298 2045 2339 sa
2084 2283 2181 2337 ira:
2211 2283 2482 2355 imperare
2510 2286 2814 2355 nequibat,
2865 2300 3052 2341 verum
3086 2301 3330 2357 praeceps
3363 2286 3418 2341 in
3449 2300 3570 2343 eam

1985 2375 2253 2448 agebatur
2280 2393 2295 2434 :
2319 2377 2581 2448 quidquid
2614 2393 2675 2435 ea
2708 2378 2995 2446 dictasset,
3027 2378 3210 2435 facere
3256 2394 3366 2434 non
3428 2392 3571 2435 cuu-

1983 2478 2164 2525 ctans.
2192 2468 2329 2525 Cum
2361 2470 2530 2540 igitur
2563 2480 2940 2541 comparasset
2978 2471 3167 2542 copias
3224 2468 3371 2525 haud
3431 2484 3570 2525 cono

1983 2560 2332 2627 temnendas,
2362 2560 2648 2617 descendit
2674 2561 2730 2617 in
2754 2577 3030 2633 campum,
3054 2562 3243 2632 prclio
3273 2574 3567 2632 aggressu-

1980 2666 2079 2705 rus
2109 2651 2531 2707 Musulmanem.
2564 2650 2844 2710 Cbasanes
2885 2653 3300 2724 peregrinorum
3348 2653 3482 2714 dux.
3514 2658 3570 2706 et

1979 2742 2254 2800 Breuezcs
2284 2745 2376 2815 qui
2397 2754 2631 2814 praeerat
2670 2746 2955 2814 Europaeis
2980 2745 3283 2817 equitibus,
3302 2743 3568 2802 continuo

1978 2832 2330 2891 desciverunt
2368 2837 2434 2891 ad
2468 2837 2669 2894 Mosem
2704 2838 3156 2909 transfugientes.
3195 2837 3568 2894 Musulmanes

1979 2938 2038 2982 ut
2065 2929 2329 2996 cognovit
2365 2932 2687 3001 peregrinos
2713 2929 3004 2993 defecisse,
3040 2938 3095 2986 et
3146 2929 3467 2999 confugisse
3498 2930 3566 2985 ad

1977 3020 2232 3076 hostilem
2266 3021 2589 3085 exercitum,
2619 3031 2769 3078 recta
2803 3022 3125 3095 Byzantium
3161 3021 3377 3091 fugiens
3426 3035 3566 3076 con-

1976 3114 2412 3171 tenditzanimo
2470 3116 2703 3186 agitans,
2767 3114 2974 3171 Graecis
3029 3113 3275 3187 Byzantii
3332 3128 3561 3184 regnum

1974 3209 2215 3274 tradere,
2247 3219 2304 3264 ut
2340 3210 2471 3266 hinc
2499 3210 2553 3265 in
2587 3210 2769 3266 Asiam
2803 3218 3207 3281 transgressus,
3261 3208 3408 3264 Asiae
3457 3222 3549 3264 res

1972 3303 2317 3359 commodius
2380 3301 2708 3368 adoriretur.
2771 3302 2907 3359 Cum
2970 3312 3153 3358 autem
3244 3300 3563 3373 huiusmodi

284 3364 384 3468 ita!
416 3374 706 3445 ἀπήγαγον
737 3380 890 3451 παρὰ
939 3383 1168 3455 Μωσέα,
1224 3364 1579 3462 χαριζόμενοι
1628 3364 1866 3466 βασιλεῖ.

1980 3397 2158 3452 animo
2180 3396 2423 3452 volveret
2449 3395 2809 3463 sententiam,
2840 3397 3095 3468 cognitus
3147 3405 3234 3452 est
3290 3412 3318 3451 a
3363 3396 3564 3451 Turcis

302 3466 381 3557 '(l
401 3469 586 3537 μέντοι
638 3472 845 3544 Μωσῆς
899 3475 993 3530 τόν
1021 3493 1082 3531 τε
1115 3479 1344 3549 ἀδελφὸν
1394 3483 1746 3557 διεχρήσατο,
1779 3494 1875 3545 καὶ

284 3555 420 3622 τούς
466 3577 530 3627 γε
588 3562 871 3634 Τούρκους
929 3572 1155 3625 πανοικὶ
1216 3574 1267 3626 οἳ
1327 3555 1682 3644 συλλαϐόντες
1736 3575 1874 3652 ἧκον

280 3648 539 3717 ἄγοντες,
574 3655 713 3724 πυρὶ
754 3658 854 3710 σὺν
881 3659 1100 3727 γυναιξί
1125 3678 1185 3715 τε
1215 3663 1332 3733 ἅμα
1364 3666 1459 3719 καὶ
1502 3669 1715 3733 παισὶν,
1752 3648 1871 3725 ἐνέσ

279 3758 492 3811 πρησε,
531 3744 775 3814 φάμενος
817 3748 1055 3820 ἀθέμιτα⁴
1117 3754 1556 3827 ἐργασαμένους,
1592 3763 1686 3815 καὶ
1714 3762 1869 3834 βασι-

272 3834 380 3886 λέα
434 3837 587 3903 σφῶν
639 3839 821 3894 αὐτῶν
874 3844 1258 3913 συλλαϐόντες,
1311 3848 1521 3921 ταύτην
1578 3853 1679 3924 τὴν
1712 3855 1871 3927 δίκην

277 3925 568 3995 ὑπέχοιεν.
600 3930 769 3994 Αὐτὸς
807 3931 872 4003 δή
903 3934 1139 3989 ἐπέλαϐε
1193 3939 1295 4007 τὴν
1355 3939 1655 4011 βασιλείαν,
1689 3947 1785 4001 καὶ
1812 3925 1869 4011 ἐς

273 4017 385 4087 τὴν
431 4020 618 4074 Ἀσίαν
643 4022 861 4091 διαϐὰς,
895 4029 1275 4099 κατεστήσατο
1325 4033 1392 4085 τὰ
1425 4035 1640 4089 ἐκείνου
1693 4038 1896 4109 πράγ-’

275 4128 456 4179 ματα,
495 4115 591 4168 καὶ
640 4115 815 4169 ἐδόκει
883 4119 1034 4189 αὐτῷ
1093 4122 1481 4191 ἀσφαλέστατα
1529 4118 1694 4193 ἕξειν.
1758 4133 1869 4186 Καὶ

271 4204 592 4274 ἐπήλαυνεν
617 4208 677 4261 ἐν
715 4208 792 4279 νῷ
821 4209 960 4281 ἔχων
988 4213 1380 4286 πολιορκήσειν
1422 4218 1740 4285 Βυζάντιον,
1773 4223 1869 4277 καὶ

274 4300 352 4367 τῇ
381 4314 441 4351 τε
474 4297 670 4373 Θέρμῃ
697 4300 937 4373 πόλεμον
963 4307 1260 4376 ἐπήνεγκε.
1288 4310 1382 4362 καὶ
1419 4310 1498 4381 τῷ
1545 4312 1867 4383 Τριϐαλλῶν

275 4389 514 4458 ἡγεμόνι
543 4390 800 4461 πολεμῶν
829 4393 1104 4463 διεγένετο
1122 4435 1138 4459 ,
1170 4401 1271 4467 τήν
1296 4416 1355 4452 τε
1407 4399 1591 4472 χώραν
1619 4403 1783 4457 αὐτοῦ
1817 4405 1864 4458 θ’

272 4482 402 4551 ἃμα
422 4480 766 4553 ληϊζόμενος,
816 4487 911 4539 καὶ
941 4488 1322 4563 Σπενδερόϐην
1374 4492 1477 4565 τὴν
1526 4498 1865 4565 μητρόπολιν

272 4570 449 4625 αὐτοῦ
482 4572 813 4643 πολιορκῶν.
839 4575 1117 4642 Στέπανος
1153 4580 1253 4650 μὲν
1274 4581 1370 4636 οὖν
1399 4574 1557 4647 οὗτος
1605 4584 1865 4650 Ἐλεαζά-

274 4682 379 4736 ρου
428 4665 713 4721 Πλαδίκεω
760 4668 863 4739 τῆς
921 4672 1185 4737 γυναικὸς
1233 4673 1485 4742 ἀδελφὸς,
1527 4676 1762 4740 Βοῦλκος
1802 4679 1862 4732 δέ

269 4754 513 4826 τοῦνομα
553 4756 712 4827 ἔχων,
759 4758 843 4824 ὼς-
898 4761 1228 4834 Ἐλεάζαρος
1274 4765 1623 4837 ἐτελεύτησε,
1675 4770 1777 4840 τήν
1798 4786 1858 4823 τε

267 4853 580 4922 ἠγεμονίαν
607 4852 914 4924 παρέλαϐε,
951 4857 1046 4909 καὶ
1072 4858 1436 4927 ιὲτυράννευε,
1463 4861 1542 4931 τῷ
1592 4878 1651 4914 τε
1683 4864 1860 4918 Παια-

268 4944 420 5013 ζήτῃ
455 4946 958 5015 συστρατευόμενος
1058 4946 1126 5003 ἂν
1157 4951 1517 5024 παραγγέλλῃ
1544 4990 1559 5007 .
1595 4953 1707 5008 Καὶ
1735 4955 1859 5010 τότε

266 5037 339 5106 δὴ
370 5037 428 5088 ὲν
450 5038 516 5103 τῇ
552 5038 688 5107 πρὸς
720 5039 1163 5114 Μουσουλμάνην
1206 5044 1478 5115 γενομένῃ
1536 5047 1684 5119 μάχῃ
1720 5050 1860 5119 πρὸς

266 5125 353 5195 τῷ
380 5125 679 5197 Βυζαντίῳ,
716 5127 951 5199 μετέστη
981 5145 1041 5182 τε
1074 5129 1180 5182 ἀπὸ
1199 5130 1446 5196 Μωσέως
1473 5132 1565 5187 ἐπὶ
1593 5135 1686 5187 τὸν
1712 5134 1865 5188 ἁδελ-

272 5218 405 5288 φὸν,
438 5220 532 5272 καὶ
576 5219 949 5289 ηὐτομόλησε.
979 5217 1058 5272 Δι’
1109 5219 1145 5274 ἃ.
1173 5222 1238 5293 δὴ
1285 5221 1524 5291 πόλεμον
1555 5224 1858 5295 ἐπιφέρων,

268 5312 379 5380 τήν
403 5327 462 5363 τε
491 5311 646 5365 πόλιν
674 5310 841 5365 αξιτοῦ
865 5310 1201 5380 ἐπολιόρκει,
1234 5313 1327 5366 καὶ
1348 5315 1446 5383 τὴν
1469 5313 1656 5385 χώραν
1677 5315 1856 5387 ἐδῄου.

278 5406 374 5466 Ὠς
404 5402 460 5455 δέ
509 5402 827 5457 ἐπελαύνων
862 5403 1172 5473 ἐπολιόρκει
1212 5403 1528 5470 Βυζάντιον,
1564 5405 1857 5477 ἐξηρτύετό

263 5514 329 5550 τε
369 5496 509 5566 ἅμα,
562 5497 847 5567 ἐπιφέρων
895 5513 953 5548 τε
1007 5498 1102 5552 καὶ
1135 5497 1349 5567 ἐπέχων
1394 5496 1495 5551 ὅσα
1537 5499 1638 5568 τῆς
1668 5500 1853 5573 χώρας

265 5587 509 5659 ἠδύνατο
540 5589 637 5642 καὶ⁵
664 5589 939 5659 τριήρεις,
968 5588 1065 5641 καὶ
1093 5586 1253 5640 πλοῖα
1301 5589 1376 5648 ὡς
1411 5588 1645 5658 ήδύνατο
1700 5592 1853 5646 πλεξ-

1976 3490 2031 3545 in
2059 3488 2142 3544 via
2172 3504 2295 3559 qua:
2330 3488 2646 3560 Byzantium
2680 3489 2807 3544 fert.
2861 3485 3025 3544 Turci
3082 3490 3288 3560 itaque,
3338 3489 3431 3558 qui
3483 3489 3560 3543 tibi

1976 3579 2315 3642 habitabant,
2350 3578 2563 3634 collecti
2604 3579 2660 3634 in
2689 3594 2880 3644 unum,
2929 3586 3196 3647 ceperunt
3253 3578 3557 3635 Musulma-

1974 3688 2096 3729 nem
2135 3673 2341 3738 vivum,
2377 3680 2718 3741 captumque
2756 3670 3037 3726 abduxere
3068 3670 3136 3726 ad
3177 3668 3407 3739 Mosem,
3449 3671 3558 3726 isto

1972 3762 2086 3836 95.
2105 3777 2334 3817 munere
2363 3775 2487 3816 eum
2513 3758 3158 3815 honorareaﬂ‘ectantes.
3202 3757 3382 3815 loses
3423 3775 3556 3814 vero

1974 3856 2199 3912 fratrem
2228 3852 2376 3909 illico
2403 3851 2642 3909 necavit.
2684 3849 2901 3907 Turcos
2924 3861 3103 3906 autem
3174 3851 3268 3921 qui
3325 3850 3552 3906 fratrem

1972 3945 2531 4018 comprehenderant,
2564 3945 3143 4015 comprehensumque
3196 3945 3265 4000 ad
3299 3959 3359 4001 se
3382 3944 3554 3999 addu-

1974 4010 2189 4101 xerant,
2222 4010 2415 4093 oiunes
2437 4050 2561 4091 cum
2616 4034 2806 4092 liberis
2847 4044 2902 4090 et
2969 4036 3259 4103 uxoribus,
3303 4035 3555 4106 adeoque

1970 4145 2095 4186 cum
2130 4131 2386 4186 universa
2418 4127 2630 4184 familia
2665 4128 2791 4199 igne
2857 4128 3149 4195 cremavit,
3218 4128 3407 4185 dicens
3454 4142 3554 4185 eos

1970 4220 2137 4290 impia
2200 4221 2577 4276 commisisse.
2610 4219 2807 4276 Merito
2865 4221 3056 4292 igitur,
3115 4236 3238 4275 cum
3288 4221 3402 4291 regi
3451 4236 3571 4278 suo

1969 4312 2237 4369 violentas
2260 4311 2549 4367 intulerint
2571 4326 2789 4374 manus,
2806 4312 2907 4368 has
2931 4328 3122 4383 poenas
3144 4313 3365 4369 sceleris
3382 4312 3563 4367 luisse-

1968 4404 2270 4459 comtnissi.
2303 4404 2428 4474 Ipse
2456 4419 2588 4475 ergo
2631 4405 2838 4475 recepit
2891 4419 3122 4473 regnum
3181 4403 3321 4477 (92),
3375 4414 3429 4459 et
3494 4404 3553 4461 in

1970 4498 2150 4550 Asiam
2178 4495 2475 4560 transiens,
2506 4510 2625 4548 eam
2657 4495 2884 4551 formam
2912 4494 3051 4548 Asim
3080 4493 3246 4548 rebus
3305 4493 3547 4556 induxit,

1968 4605 2090 4659 qua
2117 4588 2409 4643 videbatur
2448 4587 2592 4641 Asiae
2617 4601 2846 4656 regnum
2892 4586 3271 4640 ﬁrmissimum
3298 4592 3352 4638 et
3374 4585 3549 4641 tutis-

1966 4683 2165 4735 simum
2188 4680 2469 4735 effectura.
2491 4678 2696 4732 Deinde
2716 4678 2868 4740 abiit.
2892 4676 3016 4732 Asia
3051 4676 3270 4743 relicta,
3299 4686 3547 4733 statuens

1968 4774 2250 4827 obsidione
2308 4772 2527 4842 cingere
2578 4771 2921 4842 Byzantium.
2990 4764 3245 4825 Thermas
3311 4770 3542 4829 hostiles

1969 4864 2242 4919 exercitus
2273 4864 2532 4918 admovit.
2570 4862 2939 4917 Triballorum
2971 4862 3096 4917 duci
3120 4861 3547 4929 bellumintulit,

1967 4970 2031 5009 ex
2063 4956 2281 5024 regione
2309 4956 2428 5021 ejus
2452 4954 2769 5027 frequenter
2792 4954 3006 5025 praedas
3034 4969 3228 5026 agens,
3286 4965 3341 5012 et
3368 4956 3510 5027 Spes
3532 4984 3547 4998 -

1967 5047 2225 5102 derobem
2258 5045 2371 5118 (95)
2404 5046 2748 5117 metropolim
2808 5044 3095 5103 obsidione
3151 5062 3435 5118 premens.
3498 5047 3547 5101 is

1964 5150 2083 5196 erat
2113 5137 2403 5208 Stepanus,
2436 5137 2679 5193 Eleazari
2710 5137 2951 5193 Piadicis
2990 5140 3184 5195 uxoris
3234 5138 3431 5202 frater,
3456 5139 3545 5194 cui

1964 5231 2131 5285 Buico
2164 5244 2363 5285 nomen
2392 5238 2528 5284 erat.
2570 5229 2639 5284 Ut
2674 5227 2968 5286 Eleazarus
2992 5228 3163 5284 vitam
3195 5229 3360 5289 ﬁniit.
3386 5229 3545 5299 prin-

1961 5325 2203 5391 cipatum
2232 5322 2347 5390 ipse
2381 5321 2638 5390 arripuit,
2674 5328 2728 5375 et
2787 5336 2884 5392 pro
2914 5323 3162 5393 principe
3222 5339 3281 5378 se
3344 5322 3538 5391 gessit,

1962 5414 2441 5483 Pajazitistreuue
2497 5427 2719 5481 operam
2794 5428 3025 5478 navans,
3088 5415 3539 5483 quantlocunque

1962 5504 2080 5572 ejus
2107 5503 2368 5558 auxilium
2394 5501 2763 5570 implorasset.
2818 5503 3131 5572 Stephanus
3162 5518 3285 5557 cum
3318 5501 3456 5557 foret
3485 5503 3541 5557 in

1964 5614 2029 5654 eo
2067 5598 2250 5669 pradio
2275 5597 2417 5668 quod
2443 5608 2667 5670 propter
2694 5599 3010 5672 Byzantium
3065 5599 3547 5666 committebatur,

1552 5703 1797 5766 Noluit}:
1829 5711 2241 5786 marginales.

338 5823 454 5891 (92)
488 5823 666 5881 Moses
692 5827 924 5885 Turcor.
955 5845 1050 5885 rex
1069 5838 1316 5886 octavus.
1339 5833 1481 5884 Ann.
1510 5828 1646 5884 “12
1689 5830 1857 5885 circi-

268 5907 353 5950 ter
384 5900 497 5949 haec
535 5907 712 5966 gesta.

340 6036 384 6069 "
413 6036 609 6105 ταύτῃ.
636 6037 722 6094 δίε
756 6041 914 6093 etiam
946 6038 1004 6093 [ἰ.
1085 6043 1126 6071 τ’
1153 6040 1346 6111 Ουμτιῦ.
1374 6040 1459 6095 Sic
1494 6041 1650 6094 ctiam
1688 6037 1752 6093 li.

2036 5837 2147 5905 (θῖ)
2186 5838 2267 5893 Ai.
2308 5835 2700 5893 Senderoriam.
