4032 6438
439 438 539 505 183
1552 442 1866 503 LAONICI
1898 442 2027 502 Cll;d

2129 440 2341 502 IOCON
2355 439 2563 501 DYL/E
3607 425 3714 493 184

434 556 800 620 praecesserat
849 556 1114 618 montem,
1163 550 1371 606 invenit
1419 549 1666 609 fratrem.
1720 550 1794 608 Ut
1838 550 2013 608 sensit

2129 551 2341 606 imdvta
2365 551 2459 606 τὸν
2493 548 2727 618 ἀδελφὸν
2778 546 3070 618 ἐγγυτάτώ
3101 546 3152 600 oi
3210 543 3487 611 γενέσθαι,
3520 558 3715 611 παρεο

434 641 666 695 fratrem
701 641 986 706 accedere,
1018 651 1073 698 et
1113 642 1227 714 jam
1262 645 1316 700 in
1366 645 1622 716 proximo
1652 659 1798 710 esse,
1831 645 2006 701 aciem

2129 647 2309 712 ςάξατό
2337 665 2396 702 τε
2426 647 2520 702 καὶ
2553 649 2633 711 είς
2659 645 2846 717 μάχην
2874 642 3140 710 καθίστη.
3179 641 3320 697 Μετ’
3363 640 3427 694 οὐ
3455 637 3603 692 πολὺ
3652 637 3714 690 δέ

436 733 664 787 instruit
722 741 776 788 et
819 733 1064 804 praelium
1100 736 1379 806 capessit:
1417 753 1653 808 moxque
1706 739 1762 793 in
1821 737 2006 808 fugam

2129 746 2405 813 ίτράπετο,
2441 740 2538 795 καὶ
2597 739 2820 810 φεύγων
2868 737 3046 808 ᾤχετο
3069 737 3163 789 hci
3219 734 3332 788 τῶν
3379 729 3715 803 Τριϐαλλῶν

439 826 648 894 agitur,
704 825 800 895 qui
850 825 1068 898 fugiens
1127 830 1458 899 prOperabat
1509 830 1576 886 ad
1637 829 2009 886 Triballorum

2129 835 2380 904 ἡγεμόνα.
2412 833 2524 886 Καὶ
2553 830 2742 899 ἐπειδὴ
2794 827 3072 900 διέτριϐεν
3109 822 3303 889 αὐτοῦ,
3354 823 3580 893 ιπεμπε
3619 821 3712 874 λό-

439 915 816 988 diicem.{Cum
847 928 1028 992 autem
1055 921 1128 977 ibi
1150 933 1484 989 versaretur,
1510 923 1660 978 misit
1680 923 2010 993 legationem

2129 942 2246 995 γους
2281 924 2430 994 παρὰ
2471 922 2578 976 τῶν
2623 920 2888 990 Τούρκων
2931 919 3060 982 τούς
3107 918 3365 988 ἀρίστους
3397 915 3527 984 περὶ
3561 913 3711 967 ἀπο-

439 1009 506 1062 ad
541 1011 836 1080 optimates
870 1011 1204 1081 Turcorum,
1233 1023 1287 1070 et
1329 1014 1396 1070 ad
1425 1016 1733 1071 Cbasanem
1755 1057 1771 1084 ,
1807 1015 2006 1072 Brene-

2117 1021 2362 1082 στάσεως
2388 1017 2526 1086 πρός
2553 1033 2610 1070 τε
2648 1016 2905 1084 Χασάνην
2932 1013 3043 1065 τῶν
3093 1009 3380 1082 ἐπηλύδων
3430 1008 3706 1076 ἄρχοντα,

437 1115 557 1155 zem
616 1101 727 1174 (99)
780 1105 1237 1177 Amuratemque,
1325 1115 1385 1161 ut
1437 1107 1762 1162 sollicitaret
1821 1123 2011 1162 eorum

2129 1115 2212 1168 καὶ
2243 1111 2338 1166 ἐπὶ
2370 1109 2660 1182 Βρενέζεα,
2695 1110 2788 1162 καὶ
2829 1105 3178 1176 ’Δμουράτην
3208 1103 3274 1156 "’.
3301 1101 3365 1156 0!
3396 1101 3452 1154 δὲ
3479 1097 3615 1162 τούς
3644 1114 3710 1151 τε

440 1194 656 1250 animos
693 1197 760 1250 ad
792 1197 1182 1254 defectionem.
1224 1201 1296 1254 At
1335 1199 1389 1255 hi
1427 1187 1752 1256 defectionis
1799 1215 2014 1256 sermo-

443 1303 569 1341 nem
621 1293 800 1359 primo
860 1292 1180 1349 abnuebant
1215 1314 1230 1350 :
1262 1283 1706 1351 vernm'tandem
1738 1294 1845 1363 ipsi
1872 1295 2016 1348 inter

444 1377 570 1434 sese
609 1377 941 1438 defectionis
982 1387 1218 1443 consilia
1268 1389 1516 1458 capiunt.
1561 1384 1701 1443 Hine
1744 1387 2016 1442 Brenezes

445 1489 546 1528 sua
577 1486 776 1546 sponte
808 1477 1211 1550 transfugiebat
1255 1479 1325 1536 ad
1372 1479 1749 1546 blechmetem,
1793 1479 2018 1535 trahens

444 1580 634 1622 secum
674 1568 983 1628 Turcorum
1023 1587 1283 1643 proceres
1315 1583 1370 1628 et
1403 1573 1547 1629 filios
1569 1611 1586 1636 ,
1629 1589 1842 1629 necnon
1877 1573 2020 1627 Cha-

445 1674 635 1716 sanem
682 1676 805 1716 cum
839 1662 1068 1733 optimis
1121 1665 1436 1734 quibusque
1475 1663 1543 1720 de
1599 1664 2020 1732 peregrinorum

445 1755 702 1810 cohorte.
754 1756 891 1811 Cum
951 1756 1064 1826 jam
1102 1755 1474 1812 accessissent
1518 1757 1691 1828 copia:
1734 1756 2022 1814 Mecbmeti

2116 1206 2311 1274 λόγους
2343 1205 2616 1276 προΐεντο,
2647 1203 2740 1256 καὶ
2768 1199 2921 1270 σφίσι
2949 1199 3108 1267 λόγον
3137 1195 3379 1251 ἐδίδοσαν
3408 1192 3539 1263 περὶ
3566 1192 3715 1245 ἁπο-

2120 1296 2389 1355 στάσεως.
2444 1293 2728 1348 Ἐντεῦθεν
2771 1291 3046 1362 Βρενέζης
3093 1289 3257 1352 αὐτός
3301 1305 3358 1341 τε
3404 1283 3712 1354 αὐτομολεῖ

2120 1388 2274 1458 παρὰ
2297 1387 2580 1457 Μεχμέτῃ,
2626 1384 2768 1455 ἐχων
2805 1383 2939 1454 παρ’
2983 1381 3166 1452 ἐαυτῷ
3218 1379 3496 1450 Τούρκους
3523 1394 3591 1430 τε
3628 1377 3711 1436 ὡς

2121 1479 2428 1544 πλείστους,
2453 1479 2544 1532 καὶ
2566 1477 2630 1548 δὴ
2649 1478 2744 1532 καὶ
2769 1477 2897 1540 τοὺς
2919 1475 3140 1540 παῖδας,
3167 1473 3429 1542 Χασάνην
3455 1471 3554 1524 σὺν
3587 1471 3711 1531 τοῖς

2121 1573 2391 1644 νεηλύδων
2448 1575 2561 1635 τοῖς
2607 1569 2876 1642 ἀρίστοις.
2952 1568 3240 1624 Ἐντεῦθεν
3297 1567 3374 1629 ώς
3403 1563 3485 1633 τῷ
3539 1562 3704 1631 Μεχ-

2126 1667 2266 1739 μέτῃ
2315 1664 2681 1737 προσεγένετο
2753 1661 2987 1733 δύναμις
3018 1701 3034 1726 ,
3091 1660 3235 1714 ὥστε
3299 1654 3712 1726 διαπειρᾶσθαι

2127 1757 2311 1821 ίκανδς
2373 1751 2518 1812 εἶναι
2572 1753 2668 1809 τοῦ
2726 1755 2981 1823 ἀδελφοῦ,
3013 1751 3197 1808 λαϐὼν
3227 1750 3321 1806 καὶ
3349 1748 3412 1803 τδ
3461 1746 3712 1817 Τριϐαλ-

446 1846 598 1900 haud
620 1847 972 1914 paenitendae,
996 1849 1197 1919 quibus
1225 1849 1398 1905 fretus
1417 1849 1589 1920 praelii
1609 1848 1882 1905 fortunam
1896 1865 2021 1904 cum

2129 1851 2234 1904 λῶν
2262 1849 2508 1920 ἡγεμόνα
2542 1849 2662 1919 μεθ’
2696 1847 2915 1914 ἑαυτοῦ,
2952 1847 3184 1916 ἤλαυνεν
3218 1845 3309 1898 ἐπὶ
3341 1843 3434 1895 τὸν
3473 1840 3714 1908 ἀδελφὸν

447 1937 620 1990 fratre
651 1936 809 1994 facile
839 1948 1051 1994 tentare
1100 1951 1312 2010 posset,
1341 1951 1626 2012 assumpto
1651 1939 2020 1997 Triballorum

2129 1942 2196 2008 ῶς
2235 1941 2602 2012 μαχούμενος.
2636 1939 2845 2007 Μωσῆς
2885 1939 2986 2008 μὶν
3013 1937 3106 1992 οὖν
3150 1934 3538 2004 διανοούμενος
3599 1933 3706 2000 ἐμ·

448 2029 719 2099 principe,
746 2041 935 2085 contra
963 2031 1189 2088 fratrem
1219 2049 1470 2105 pergere,
1505 2043 1559 2089 et
1588 2035 1758 2105 praelii
1782 2041 2024 2104 potesta-

445 2129 555 2176 tem
583 2121 764 2178 facere
796 2123 905 2194 97
929 2125 1187 2180 instituit.
1226 2123 1407 2182 Moses
1440 2126 1625 2196 igitur,
1661 2132 1720 2180 ut
1749 2123 2022 2180 Mecbme-

448 2211 516 2267 tis
562 2213 856 2268 consilium
905 2214 1221 2285 impediret,
1281 2231 1350 2271 ne
1408 2215 1571 2270 facile
1632 2214 1688 2269 in
1746 2213 2022 2284 Europam

447 2306 688 2361 transire
745 2321 978 2377 eamque
1029 2308 1110 2362 sui
1156 2306 1300 2377 juris
1348 2306 1536 2363 facere
1572 2313 1782 2378 posset,
1815 2305 2025 2361 ducens

447 2411 634 2451 secum
691 2399 1010 2454 universum
1059 2398 1292 2468 Europae
1337 2399 1681 2463 exercitum,
1735 2409 1786 2453 et
1842 2396 2026 2468 ianuae

447 2491 673 2554 milites,
703 2492 948 2561 exceptis
982 2492 1070 2544 his
1097 2492 1188 2561 qui
1229 2490 1298 2545 ad
1333 2489 1699 2545 Meclimetem
1731 2503 2027 2545 concesse—

447 2588 573 2635 rant
602 2581 655 2633 in
691 2581 988 2649 Erysorum
1023 2580 1099 2650 (l)
1142 2578 1370 2646 regione
1405 2578 1672 2633 consedit.
1727 2576 1805 2633 lbi
1846 2577 2027 2633 Mech-

449 2680 628 2727 metcs
663 2671 718 2725 in
765 2669 1170 2740 expeditionem
1226 2685 1509 2741 egressus,
1565 2680 1747 2730 castra
1800 2671 2020 2726 locavit.

451 2763 525 2818 Ut
555 2772 740 2819 autem
772 2765 1236 2834 appropinquavit
1279 2763 1443 2820 Mosis
1483 2767 1706 2828 castris,
1753 2765 1942 2833 copias
1972 2764 2023 2817 iu

450 2858 623 2912 aciem
671 2855 885 2912 eduxit.
933 2856 1229 2912 Sinistrum
1275 2873 1447 2914 cornu
1488 2857 1708 2912 tenebat
1760 2855 2028 2910 Triballo-

450 2966 570 3004 rum
606 2952 746 3016 dux;
773 2951 966 3007 dextro
996 2963 1226 3021 praeerat
1253 2951 1522 3007 Brenezes
1579 2943 1704 3006 cum
1733 2949 1857 3008 filiis
1885 2947 2024 3004 suis.

454 3041 654 3098 Secum
689 3043 836 3098 enim
864 3043 919 3096 in
952 3045 1158 3098 castris
1196 3043 1436 3099 habebat
1469 3043 1628 3108 filios,
1661 3043 1752 3114 qui
1783 3042 1884 3110 ipsi
1911 3041 2025 3095 nati

451 3135 965 3204 erant:Agathen,
1017 3133 1334 3200 Baramum,
1395 3135 1628 3202 llaliem,
1685 3133 1912 3198 Beicen,
1973 3117 2052 3189 et‘

2124 2035 2301 2090 ποδὼν
2336 2033 2590 2103 γενέσθαι
2625 2033 2702 2102 τῷ
2732 2030 2977 2102 ἀδελφῷ,
3005 2030 3148 2084 ὥστε
3178 2029 3256 2098 μὴ
3287 2026 3604 2092 ἐξελαύνειν
3630 2025 3712 2086 είς

2124 2128 2222 2199 τὴν
2256 2127 2549 2197 Εὐρώπην,
2583 2125 2680 2180 καὶ
2723 2123 3106 2196 προσάγεσθαι
3141 2119 3295 2190 αὐτῷ
3340 2117 3440 2188 τὴν
3491 2117 3711 2187 χώραν,

2126 2220 2268 2290 ἔχων
2299 2218 2397 2281 τάς
2421 2234 2482 2271 τε
2513 2218 2707 2288 θύρας,
2741 2216 2837 2270 καὶ
2861 2215 2923 2269 τὸ
2953 2215 3052 2282 τῆς
3073 2214 3346 2284 Εὐρώπης
3381 2208 3716 2278 στράτευμα

2127 2312 2294 2377 ἅπαν,
2325 2312 2468 2382 πλὴν
2503 2309 2612 2364 τῶν
2661 2307 2814 2378 παρά
2865 2305 3125 2376 Μεχμέτη
3183 2301 3716 2372 αὐτομολησάντων,

2125 2403 2356 2474 διέτριϐε
2410 2401 2551 2456 κατά
2584 2401 2682 2470 τὴν
2723 2399 2834 2453 τῶν
2889 2396 3138 2469 Ἐρυσῶν
3179 2394 3386 2466 χώραν.
3433 2389 3712 2445 Ἐνταῦθα

2128 2493 2357 2559 ἐξελθὼν
2385 2492 2726 2565 όΜεχμέτης
2759 2487 3277 2561 ἐστρατοπεδεύετο.
3315 2486 3404 2549 Ὠς
3437 2484 3494 2538 δέ
3530 2479 3711 2552 ἀγχοῦ

2129 2588 2422 2656 γενόμενος
2459 2583 2539 2655 τῷ
2596 2582 2982 2654 στρατεύματι
3038 2581 3303 2644 Μωσέως,
3357 2574 3716 2646 παρετάξατο

2129 2684 2210 2744 εἰς
2239 2683 2442 2752 μάχην.
2463 2680 2574 2733 Καὶ
2605 2673 2719 2750 εἶχε
2755 2680 2856 2749 μέν
2877 2681 2938 2730 se
2961 2675 3244 2744 εὐώνυμον
3273 2669 3438 2726 αὐτοῦ
3467 2669 3644 2740 κέρας
3686 2667 3713 2718 ό

2127 2774 2235 2828 τῶν
2264 2771 2586 2842 Τριϐαλλῶν
2617 2767 2868 2840 ἡγεμὼν,
2899 2768 2961 2820 τδ
2992 2765 3170 2830 δεξιὸν
3199 2765 3255 2818 δέ
3297 2761 3581 2832 Βρενέζης
3614 2757 3712 2810 σὺν

2127 2868 2237 2929 τοῖς
2265 2864 2456 2918 παισὶν
2481 2861 2671 2918 αὐτοῦ.
2709 2861 2975 2931 Παρῆσαν
3007 2857 3118 2928 γάρ
3153 2854 3308 2923 αὐτῷ
3333 2851 3524 2912 παῖδες
3564 2848 3715 2919 γενό-

2132 2975 2284 3028 μενοι
2323 2953 2550 3023 Ἀγαθοὶ
2577 2953 2646 3018 ⁸⁸,
2701 2951 2958 3020 Βαράμος
3002 2967 3064 3002 τε
3115 2949 3214 3003 καὶ
3276 2945 3460 3015 Ἀλίης
3488 2944 3560 3006 ⁶⁹,
3614 2940 3712 2994 καὶ

2130 3051 2330 3117 Βείκης
2393 3049 2488 3102 καὶ
2530 3045 2762 3115 Ἰησοῦς.
2795 3042 3015 3112 Ἐπειδὴ
3041 3042 3098 3095 δέ
3157 3041 3254 3094 καὶ
3287 3035 3492 3106 Μωσῆς
3526 3049 3714 3104 παραο

2129 3140 2458 3211 ταξάμενος,
2492 3134 2643 3209 εἶχεν
2683 3139 2741 3191 ἐν
2767 3135 2922 3200 τάξει
2967 3134 3034 3186 τά
3091 3129 3485 3202 στρατεύματα
3517 3123 3712 3189 αὐτοῦ,

455 3225 666 3281 Jcsum.
727 3226 1028 3296 Postquam
1093 3237 1274 3283 autem
1321 3237 1375 3282 et
1429 3227 1609 3284 Moses
1663 3227 1834 3282 aciem
1872 3242 2025 3282 suam

2132 3238 2230 3291 καὶ
2260 3236 2478 3305 παριὼν
2505 3232 2832 3295 ἐπεσκόπει,
2863 3228 2960 3282 καὶ
3000 3226 3259 3294 καθίστη,
3305 3224 3382 3286 ὡς
3415 3219 3568 3290 αὐτῷ
3601 3218 3714 3273 ἐδό-

460 3319 745 3382 instruxit,
785 3319 1058 3375 accedens
1088 3321 1274 3376 omnia
1302 3320 1649 3390 explorabat,
1715 3329 1768 3376 et
1800 3321 1891 3375 ubi
1923 3319 2029 3375 sibi

459 3410 997 3484 opportunissimum
1033 3411 1340 3478 videbatur,
1370 3413 1526 3466 stetit
1555 3429 1568 3465 :
1595 3423 1648 3467 et
1683 3411 1884 3481 ubique
1912 3410 2030 3466 suis

463 3523 706 3576 praesens
753 3515 896 3561 erat.
961 3505 1038 3561 lbi
1096 3514 1208 3560 tum
1259 3506 1542 3562 Chasanes
1617 3506 2028 3576 peregrinorum

461 3602 597 3664 dux,
627 3600 719 3669 qui
750 3598 1058 3655 desciverat
1089 3613 1118 3652 a
1155 3597 1327 3662 Mose,
1363 3613 1506 3668 equo
1539 3606 1726 3654 vectus
1768 3597 1835 3652 ad
1865 3595 2030 3650 Mosis

416 3692 420 3695 ’
458 3691 790 3758 exercitum,
819 3706 952 3747 voce
990 3707 1152 3762 quam
1188 3693 1364 3760 potuit
1396 3691 1634 3745 maxima
1683 3689 2028 3752 exclamavit,

458 3782 778 3854 peregrinos
809 3783 1130 3853 appellans:
1159 3779 1203 3838 0
1236 3781 1356 3847 filii,
1394 3782 1524 3846 quid
1551 3781 1914 3844 cunctamini,
1939 3787 2033 3832 aut

456 3877 586 3946 quid
623 3875 856 3933 differtis
896 3877 1166 3932 continuo
1211 3875 1366 3930 abire
1406 3875 1472 3928 ad
1527 3890 1708 3945 regem
1759 3880 2030 3935 vestrum,

455 3968 635 4022 virum
677 3982 741 4022 ex
776 3981 975 4036 genere
1015 3966 1472 4022 Otomanidarum
1509 3976 1719 4027 ortum,
1759 3961 2034 4033 etjustis-

457 4057 660 4112 simum
699 4063 754 4109 et
788 4055 1194 4124 aequissimum,
1226 4055 1430 4122 quique
1462 4067 1654 4106 omnes
1697 4051 1778 4105 sui
1818 4049 2035 4120 generis

461 4147 739 4216 principes
767 4146 967 4198 virtute
998 4143 1317 4198 antecedit?
1340 4141 1538 4198 Verum
1568 4142 1750 4197 miseri
1776 4141 2034 4206 manetis,

460 4235 816 4293 contumeliis
845 4233 1022 4288 allecti
1053 4249 1081 4287 a
1117 4234 1238 4288 viro
1275 4234 1370 4302 qui
1420 4248 1525 4287 nec
1570 4233 1672 4288 sibi
1715 4247 1816 4287 nec
1845 4233 2036 4288 amicis

460 4331 764 4401 quidquam
792 4327 1037 4382 salutare
1069 4325 1387 4396 prospicere
1421 4326 1638 4396 potest?
1663 4327 1787 4381 Haec
1813 4325 2033 4397 quidem

457 4427 812 4484 clamantem,
847 4430 901 4476 et
950 4420 1016 4474 ad
1053 4421 1228 4476 aciem
1269 4419 1622 4474 festinantem
1663 4419 1871 4475 audivit
1917 4433 2031 4474 rex.

457 4517 689 4584 Quidam
735 4524 917 4570 autem
963 4512 1342 4583 respondens,
1387 4511 1613 4582 inquit:
1650 4511 1695 4567 Ο
1741 4526 1870 4576 rex,
1921 4525 2030 4565 non

457 4608 661 4679 aspicis
689 4605 1004 4661 Chasanem
1039 4605 1460 4677 peregrinorum
1508 4603 1728 4670 ducem,
1778 4620 1940 4674 quem
1974 4605 2027 4658 in

458 4703 700 4755 maximo
738 4714 910 4769 penes
951 4706 1005 4754 te
1041 4699 1250 4753 honore
1297 4696 1562 4762 habuisti,
1601 4698 1833 4753 incitare
1876 4712 2031 4765 pero-

458 4793 651 4864 grinos
702 4791 770 4845 ad
802 4791 1210 4847 defectionem?
1240 4791 1372 4856 Quae
1424 4789 1514 4843 ubi
1565 4789 1798 4846 advertit
1848 4790 2030 4846 Moses

458 4881 661 4951 parari,
692 4895 798 4933 non
832 4879 1069 4949 amplius
1098 4896 1228 4936 suos
1269 4881 1543 4936 continuit
1574 4900 1586 4935 :
1619 4897 1802 4935 verum
1830 4882 2033 4936 immit-

437 4983 579 5027 ‘tens
609 4985 732 5035 eos,
762 4971 990 5040 ipseque
1023 4986 1166 5041 equo
1198 4973 1435 5027 calcaria
1464 4973 1734 5038 subdens,
1755 4976 2030 5030 ferebatur

460 5069 515 5121 in
548 5065 883 5126 Chasanem,
905 5069 964 5116 ut
989 5077 1114 5117 eum
1147 5065 1447 5130 occideret,
1469 5065 1834 5136 currebatque
1858 5065 2036 5136 plenis

456 5172 512 5216 et
550 5160 742 5216 eli'usis
785 5157 1039 5213 habenis.
1091 5156 1375 5211 Chasanes
1434 5164 1493 5211 ut
1548 5157 1782 5228 accepit,
1830 5157 2032 5212 Mosem

459 5263 651 5308 contra
683 5267 743 5308 se
776 5264 993 5306 summa
1030 5249 1316 5306 celeritate
1349 5249 1484 5315 niti,
1528 5259 1582 5304 et
1619 5252 1740 5321 ipse
1788 5251 2032 5306 adhibita

463 5347 820 5400 festinatione
851 5358 1070 5399 summa
1105 5342 1337 5414 aufugit.
1373 5341 1554 5398 Moses
1592 5343 1858 5400 acerrime
1890 5344 2037 5400 inse-

2136 3345 2244 3393 κει,
2304 3324 2662 3394 παρελαύνων
2723 3321 3039 3390 ἁπανταχῇ,
3105 3314 3342 3371 ἐνταῦθα
3390 3310 3716 3382 Χασάνηςὸ

2132 3405 2242 3474 τῶν
2267 3417 2544 3488 νεηλύδων
2569 3415 2761 3487 ἄρχων
2802 3411 3209 3481 αὐτομολήσας,
3249 3409 3372 3462 τότε
3398 3407 3463 3477 δὴ
3505 3421 3714 3477 προσε-

2131 3511 2300 3573 λάσας
2327 3509 2405 3580 τῷ
2437 3510 2589 3578 ἵππῳ
2621 3508 2715 3560 ἐπὶ
2744 3506 2805 3559 τὸ
2836 3503 3085 3564 Μωσέως
3124 3502 3461 3572 στράτευμα,
3514 3498 3716 3568 ἐφώνει
3807 3545 3816 3554 ,

2134 3601 2268 3672 πρὸς
2294 3601 2422 3663 τούς
2454 3599 2749 3667 νεήλυδας·
2774 3593 2846 3650 Ὦ
2881 3596 3088 3659 παῖδες,
3124 3594 3175 3654 τι
3213 3591 3555 3662 διαμέλλετε,
3622 3585 3714 3642 καὶ

2132 3695 2234 3747 οὐκ
2273 3693 2562 3763 ἐξέρχεσθε
2590 3693 2635 3723 ὀ
2673 3693 2755 3744 ὃτι
2777 3689 3013 3760 τάχιστα
3040 3687 3132 3740 ἐπὶ
3159 3687 3252 3740 τὸν
3284 3684 3512 3756 βασιλέα
3532 3682 3710 3753 ὐμῶν.

2135 3785 2304 3856 ἄνδρα
2330 3801 2389 3836 τε
2420 3784 2527 3835 τῶν
2570 3781 2664 3834 τοῦ
2701 3781 2894 3848 γένους
2934 3778 3339 3848 Ὀτουμανίδων
3370 3773 3716 3829 δικαιότατόν

2132 3893 2192 3928 τε
2221 3876 2314 3928 κα)⁵
2349 3873 2786 3938 ἐπιεικέστατον,
2820 3872 2913 3924 καὶ
2938 3872 3149 3933 πάντας
3180 3869 3244 3938 δὴ
3269 3868 3362 3922 τοῦ
3396 3867 3594 3934 γένους
3620 3863 3716 3917 αὐ-

2134 3967 2230 4022 τοῦ
2291 3964 2776 4037 ὑπερϐαλλόμενον
2832 3966 3045 4035 άρετῇς
3131 3963 3296 4016 Ἀλλὰ
3361 3961 3628 4030 ἀνέχεσθε
3670 3957 3712 3989 ⁷⁸

2135 4059 2515 4132 ὑϐριζόμενοι,
2569 4061 2664 4114 καὶ
2733 4062 2920 4124 κακῶς
2972 4064 3311 4128 πράττοντες
3367 4059 3459 4111 ὐπ’
3521 4054 3728 4126 άνδρένῒ

2136 4153 2395 4225 ὑϐριστοῦ
2425 4155 2490 4225 τῇ
2542 4154 2726 4222 φύσει,
2779 4154 2876 4208 καὶ
2923 4151 3205 4217 ἀλαζόνος,
3264 4151 3356 4204 καὶ
3389 4149 3570 4217 ἑαυτῷ
3626 4145 3715 4200 καὶ

2134 4249 2246 4310 τοῖς
2273 4246 2600 4316 ἐπιτηδείοις
2629 4245 2797 4300 αὐτοῦ
2842 4245 2995 4300 οὐδὲν
3033 4243 3186 4313 ὑγιὲς
3243 4243 3500 4313 ἔχοντος;
3531 4239 3715 4292 Ταῦτα
3759 4276 3769 4286 .

2135 4336 2390 4402 λέγοντος
2425 4333 2519 4389 τοῦ
2548 4335 2842 4400 Χασαλέω,
2880 4335 3072 4402 ὥσπερ
3093 4332 3336 4386 ἐλαύνων
3359 4331 3454 4384 ἐπὶ
3479 4330 3574 4393 τὰς
3597 4346 3716 4381 συν-

2136 4430 2337 4497 τάξεις,
2366 4431 2569 4502 ήκουεν
2596 4431 2625 4483 ὅ
2657 4448 2713 4482 τι
2737 4429 2887 4496 λέγοι
2919 4430 2946 4481 ό
2978 4427 3120 4498 ἀνὴρ
3166 4421 3342 4490 οὗτος.
3391 4421 3711 4479 ’Υπολαϐὼν

2063 4559 2114 4619 D
2136 4522 2192 4575 δέ
2211 4539 2294 4586 τις
2322 4521 2558 4590 ἔφασκεν
2583 4537 2597 4552 ·
2638 4520 2798 4584 ’Δλλ’,
2825 4515 2870 4574 ὧ
2906 4520 3150 4592 βασιλεῦ,
3189 4520 3286 4589 οὐχ
3342 4519 3494 4589 ὁρᾷς,
3531 4513 3712 4570 Χασά-

2140 4633 2237 4686 νην
2254 4615 2345 4667 τδν
2363 4614 2636 4685 νεηλύδων
2673 4615 2936 4684 ἄρχοντα,
2973 4613 3120 4683 μέγα
3146 4611 3450 4681 τιμηθέντα
3468 4610 3575 4662 ὐπὸ
3597 4604 3708 4669 σοῦ,

2136 4706 2212 4769 ὡς
2257 4706 2556 4776 ἐξυϐρίζει,
2617 4705 2752 4769 τοὺς
2816 4705 3074 4774 νεήλυδας
3127 4701 3566 4771 ἐπικαλούμενος
3623 4696 3712 4750 ἐπὶ

2139 4800 2474 4866 ἀπόστασιν;
2542 4797 2830 4862 Ἐνταῦθα,
2892 4796 2967 4860 ώς
3015 4797 3220 4866 ἤκουσε
3271 4795 3443 4848 ταῦτα
3483 4790 3708 4857 Μωσῆς,

2137 4893 2322 4947 οὐκέτι
2351 4893 2584 4961 ἐπέσχεν
2621 4891 2815 4952 αὐτοὺς
2843 4890 2910 4955 ⁷³,
2944 4889 3080 4942 ἀλλὰ
3132 4888 3367 4956 ἐπαφεὶς
3397 4887 3488 4939 τὸν
3550 4887 3709 4939 ἵππον

2137 4985 2349 5052 ἐκέκτει
2389 4984 2481 5038 ἐπὶ
2511 4985 2602 5036 τὸν
2638 4983 2924 5052 Χασάνην,
2958 4982 3034 5046 ὡς
3081 4982 3422 5051 ἀναιρήσων,
3474 4981 3570 5035 καὶ
3602 4975 3708 5030 ἐοει

2143 5076 2246 5128 ἀνὰ
2285 5077 2508 5145 κράτος.
2543 5075 2804 5142 Χασάνης
2839 5075 2936 5144 μὲν
2967 5073 3063 5126 οῦν
3103 5072 3226 5126 ἐπεί
3267 5089 3327 5125 τε
3359 5071 3590 5141 τάχιστα
3613 5068 3709 5139 ᾔσ-

2141 5168 2264 5220 θετο
2314 5168 2517 5222 Μωσέα
2591 5168 2696 5220 ἀνὰ
2761 5166 2965 5237 κράτος
3025 5164 3319 5218 ἐλαύνοντα
3382 5164 3474 5218 ἐπ’
3530 5161 3704 5221 αὐτὸν,

2139 5258 2337 5328 ἔφευγέ
2377 5276 2435 5311 τε
2465 5257 2630 5320 αὐτὸς
2661 5259 2801 5310 κατὰ
2827 5257 3056 5326 δύναμιν
3085 5273 3099 5288 ο
3136 5257 3340 5326 Μωσῆς
3371 5256 3427 5310 δέ
3463 5255 3707 5326 ἐφείπετο

2139 5349 2374 5406 διώκων.
2419 5348 2687 5403 Ἐνταῦθα
2716 5347 3047 5403 καταλαϐὼν
3085 5347 3358 5418 φεύγοντα
3393 5339 3705 5417 καταίρει⁷³

1734 5504 1979 5566 Notulae
2023 5508 2433 5586 marginales.

531 5631 641 5702 (99)
669 5633 989 5686 ltrouezem.

533 5810 589 5886 "-
610 5809 923 5886 'Ay-Oérnw
980 5813 1026 5845 ”
1043 5814 1084 5882 f-
1117 5813 1376 5886 ’ᾼγάθηςο

461 5883 507 5915 ’³
536 5883 801 5939 αὐτόνλῖζ
831 5895 884 5939 ut
908 5884 960 5938 in
1000 5903 1047 5937 c.
1125 5885 1168 5918 "
1194 5883 1466 5955 καθαιρεῖ.
1495 5883 1560 5940 R.
1594 5894 1648 5938 ut
1679 5887 1729 5940 in
1760 5904 1804 5941 ε.

1455 5813 1498 5845 ⁶⁹
1525 5812 1726 5882 Ἀλιῆς.
1761 5815 1823 5871 R.
1848 5826 1902 5870 ut
1932 5817 1983 5871 in
2024 5835 2078 5872 ε.

2219 5633 2293 5706 (1)
2307 5633 2597 5706 Mysorum.

2157 5816 2201 5848 ⁷ο
2236 5814 2570 5887 ἐξέρχεσθαι.
2605 5815 2667 5873 R.
2698 5825 2754 5871 ut
2786 5817 2841 5871 in
2866 5832 2912 5870 c.
2945 5839 2953 5847 κ
2993 5816 3034 5847 ⁷¹
3061 5813 3370 5886 ἀνέχεσθαι.
3408 5811 3469 5867 R.
3499 5823 3553 5868 ut
3585 5813 3632 5866 in
3655 5822 3697 5860 ε.
