4032 6488
442 519 537 584 191
1200 542 1204 545 ·
1591 529 1905 591 LAONICI
1946 530 2612 598 CHALCOCUNDYLE
3679 525 3805 591 1‘2

439 650 538 690 ves
567 634 827 704 ingressa:
853 635 909 690 in
959 643 1202 706 portum,
1229 637 1450 695 Clizoen
1478 653 1825 709 occuparunt
1855 653 1908 699 et
1942 645 2025 699 di-

2150 651 2270 714 ιῶν,
2297 657 2390 708 καὶ
2425 657 2586 710 ναυσὶ
2614 656 2865 724 πλόϊμος,
2903 653 3041 724 πρὸς
3085 649 3258 722 ταύτῃ
3307 651 3372 720 δὴ
3410 647 3680 701 ἐκδιδοῖ
3737 649 3803 710 ἐς

444 729 752 796 ripuerunt.
785 730 905 796 Quo
937 728 1102 796 facto,
1132 732 1343 802 legatos
1404 735 1458 788 in
1492 735 1686 791 urbem
1752 737 2025 808 irejusse-

2150 746 2226 812 τὴν
2257 746 2559 802 θάλασσαν.
2585 749 2771 820 Ταύτῃ
2806 748 2854 785 ⁷³
2888 746 2952 816 δὴ
2989 741 3085 798 οὖν
3113 741 3492 798 εἰσελθοῦσαι
3533 741 3606 794 αἱ
3643 739 3796 810 νῆες

445 831 591 875 runt.
625 821 786 878 Cives
812 831 994 880 autem
1035 841 1163 880 cum
1193 827 1248 882 in
1308 829 1536 899 ancipiti
1608 833 1884 886 haererent
1907 832 2025 889 dis-

444 913 700 980 crimine,
729 929 827 970 nec
848 916 984 972 satis
1035 919 1168 988 quid
1221 917 1468 975 facerent
1528 922 1757 989 scirent,
1801 925 2025 993 respon-

447 1003 646 1058 derunt
677 1021 739 1061 se
796 1017 1019 1077 paratos
1079 1025 1205 1066 esse
1244 1013 1428 1068 facere
1485 1029 1608 1084 qua:
1663 1016 2028 1086 imperassent

442 1093 752 1152 Januenses
784 1108 882 1154 :et
905 1115 1025 1156 eam
1078 1102 1398 1171 reipublicae
1452 1105 1684 1161 formam
1740 1109 2026 1178 amplexu-

449 1203 562 1254 ros,
597 1205 760 1261 quam
799 1192 903 1261 ipsi
951 1196 1446 1264 praescripsisset".
1481 1197 1774 1255 Jusserunt
1806 1216 2028 1271 quoque

447 1277 750 1350 lannenses
769 1292 951 1352 petere
969 1300 1091 1354 quae
1111 1287 1328 1353 vellent,
1347 1291 1502 1358 quasi
1531 1305 1594 1346 ea
1618 1294 2028 1362 promptissime

448 1370 654 1426 daturi.
684 1372 992 1432 Januenses
1022 1386 1083 1431 ut
1140 1379 1529 1436 intellexerunt
1576 1382 1906 1440 Venetorum
1934 1402 2024 1442 rc-

449 1477 741 1532 sponsum,
774 1467 949 1537 magis
977 1469 1031 1523 in
1059 1484 1210 1540 spem
1245 1473 1524 1542 potiunda:
1546 1476 1701 1532 urbis
1731 1477 2026 1548 erigeban-

453 1563 564 1608 tur.
603 1553 845 1612 Proinde
885 1559 1268 1630 immoderate,
1303 1565 1448 1619 nulla
1477 1568 1632 1622 urbis
1691 1572 2028 1628 verecundia

451 1644 667 1702 inbibiti
696 1690 712 1717 ,
743 1653 1100 1720 respondent,
1126 1670 1189 1710 se
1211 1667 1416 1727 petere,
1438 1669 1495 1714 ut
1521 1661 1684 1716 liceat
1703 1663 1892 1718 urbem
1918 1674 2030 1722 tres

451 1736 571 1792 dies
610 1743 902 1799 continuos
929 1745 1192 1817 diripere.
1229 1749 1416 1821 Legati
1476 1754 1528 1807 in
1562 1757 1756 1810 urbem
1800 1759 2028 1824 reversi,

452 1831 775 1897 petitionem
806 1834 1166 1895 Januensium
1225 1857 1531 1913 exponunt.
1583 1849 1822 1904 Senatus
1849 1865 2028 1920 popu-

2125 837 2234 890 τῶν
2261 837 2502 892 Ἰανυῒων
2533 840 2628 893 ἐπὶ
2652 839 2745 892 τὸν
2781 837 3064 892 Οὖενετῶν
3099 835 3321 906 λιμένα,
3352 836 3486 904 τήν
3517 849 3592 884 τε
3631 833 3796 885 Κλι-

2128 923 2256 994 ζόην
2284 927 2330 959 τ’
2399 927 2686 998 κατέσχον,
2737 927 2836 980 καὶ
2891 924 3381 996 ἠνδραποδίσαντο.
3465 921 3664 976 lues-ci
3728 919 3795 975 δὲ

2127 1017 2302 1073 ταῦτα
2331 1019 2466 1089 πρὸς
2488 1021 2585 1091 τὴν
2613 1021 2771 1074 πόλιν
2803 1019 3278 1090 διεπρεσϐεύοντο,
3301 1018 3405 1069 καὶ
3437 1018 3514 1069 ἐν
3554 1015 3792 1084 ἀπόρῳ

2128 1113 2185 1166 δὲ
2215 1113 2367 1173 ὄντες
2403 1113 2452 1166 οἱ
2484 1115 2541 1165 ἐν
2587 1115 2653 1184 τῇ
2708 1112 2885 1175 πόλει,
2918 1113 3012 1164 καὶ
3043 1110 3144 1163 οὐκ
3174 1110 3394 1178 ἔχοντες
3457 1107 3495 1161 ὃ
3577 1124 3643 1160 τι
3688 1107 3794 1174 τέο

2129 1217 2351 1263 νωνται,
2412 1199 2726 1253 ὑπακοῦσαί
2776 1217 2836 1252 τε
2872 1201 2986 1261 τοῖς
3031 1197 3284 1258 Ἰανυῖοις
3322 1195 3584 1262 ἔφασαν
3624 1192 3794 1244 ἐτοι-

2135 1313 2226 1366 μοι
2260 1289 2422 1358 εἶναι,
2465 1294 2560 1347 καὶ
2588 1294 2664 1358 ὡς
2683 1294 2747 1346 ἂν
2785 1292 2972 1361 δοκοίη
3024 1291 3208 1352 αὐτοῖς
3263 1287 3588 1356 ξύμφορον
3625 1279 3788 1337 εῖναι

2130 1390 2225 1443 καὶ
2255 1389 2584 1458 ἐπιτήδειον,
2634 1385 3037 1449 πολιτεύεσθαι,
3094 1385 3191 1437 καὶ
3237 1380 3548 1436 αἰτεῖσθαι
3623 1380 3788 1447 σφᾶς

2131 1484 2385 1536 ἐκέλευον
2414 1483 2442 1535 δ
2470 1499 2522 1536 τι
2551 1482 2859 1552 βούλονται,
2894 1483 2970 1545 ὡς
3017 1479 3423 1552 παρεχομένων
3501 1477 3786 1546 ἑτοίμως

2132 1577 2316 1638 αὺτοῖς
2345 1577 2539 1631 ταῦτα.
2580 1576 2644 1629 Ol
2670 1576 2724 1629 δὲ
2751 1575 2826 1637 ὡς
2858 1576 2926 1628 τὰ
2962 1575 3116 1642 παρὰ
3160 1572 3257 1642 τῆς
3291 1571 3535 1635 πόλεως
3589 1569 3783 1639 ἤκου-

2134 1688 2254 1736 σαν,
2287 1671 2521 1740 οἰόμενοι
2544 1671 2641 1742 τὴν
2664 1673 2819 1724 πόλιν
2852 1667 3286 1739 καταλήψεσθαι,
3313 1663 3780 1732 αὐθαδέστερόν

2132 1781 2192 1817 τε
2227 1764 2597 1832 ἀπεκρίναντο
2645 1765 2709 1831 τῇ
2768 1761 3056 1832 πρεσϐεία,
3117 1758 3374 1829 φάμενοι,
3455 1755 3777 1809 αἰτεῖσθαι

2135 1857 2333 1920 αὐτοὺς
2367 1857 2458 1909 ἐπὶ
2482 1858 2632 1924 τρεῖς
2692 1854 2908 1924 ἡμέρας
2949 1853 3152 1917 ἐξεῖναι
3205 1851 3358 1920 σφῖσι
3390 1848 3777 1917 διαρπάζειν

454 1923 650 1994 iusque
689 1926 767 1982 ira
792 1930 1034 1997 percitus
1061 1942 1290 2004 propter
1324 1945 1434 1992 tam
1484 1937 1812 1996 insolentem
1843 1953 1896 1998 et
1924 1944 2031 1998 im-

457 2018 1139 2046 mn.lo--a-_._-.:.2‘_-u_
1240 2043 1253 2046 -
1316 2045 1321 2046 ,
1529 2042 1539 2046 -
1671 2043 1679 2046 -
1788 2042 1797 2046 -
1993 2045 1999 2046 ,

2150 1953 2234 2021 τὴν
2258 1951 2434 2005 πόλιν.
2471 1923 2533 2003 Ol
2569 1923 2750 2018 μέντοι
2773 1923 3032 2018 πρέσϐεις
3087 1947 3162 2008 ὡς
3194 1943 3632 2014 ἀπεχώρησαν,
3668 1941 3775 1994 καὶ

457 2018 799 2076 moderatam
819 2024 1172 2094 petitionem,
1195 2043 1384 2097 naves,
1409 2042 1685 2103 quotquot
1707 2042 2031 2105 potuerunt,

2150 2018 2205 2098 τά
2263 2042 2641 2109 ἐπεσταλμένα
2703 2044 2770 2112 τῇ
2825 2040 2979 2092 πόλει
3037 2036 3429 2108 παρήγγελλον
3467 2036 3552 2097 ⁸⁸,
3606 2033 3646 2103 ἦ
3711 2049 3772 2084 τε

456 2112 718 2168 continuo
764 2115 1030 2175 militibus
1091 2120 1322 2191 implent
1375 2139 1700 2196 :navesque
1727 2129 2035 2196 solventes,

457 2204 514 2259 in
553 2207 730 2262 lacum
764 2209 1036 2268 feruntur.
1061 2213 1160 2270 His
1181 2215 1402 2272 obviam
1437 2233 1671 2292 pergunt
1700 2219 2035 2289 Januenses,

454 2297 857 2373 confestimque
881 2304 936 2360 in
961 2305 1083 2364 lacu
1115 2309 1304 2365 navale
1333 2312 1584 2380 praelium
1611 2315 2035 2383 commiserunt,

455 2387 511 2443 in
545 2403 658 2461 quo
691 2409 858 2465 penes
905 2396 1140 2455 Venetos
1171 2400 1404 2456 victoria
1437 2402 1558 2459 fuit.
1611 2405 1752 2460 Hinc
1777 2421 1901 2460 cum
1936 2408 2037 2461 lio-

455 2494 570 2540 stes
603 2492 755 2558 terga
777 2490 1004 2557 darent,
1025 2494 1308 2578 celerique
1336 2495 1465 2566 fuga
1491 2496 1818 2556 festinarent
1847 2499 1903 2554 in
1931 2500 2044 2556 Cli-

459 2595 620 2648 zoen,
639 2586 907 2640 continuo
938 2586 1134 2643 Veneti
1161 2590 1500 2650 adducentes
1526 2609 1690 2650 unam
1715 2595 1785 2650 de
1804 2609 2042 2650 numero

459 2689 684 2730 suarum
716 2681 935 2734 navium
969 2683 1290 2751 maximam,
1346 2701 1466 2741 eam
1507 2689 1913 2754 demerserunt,
1948 2688 2040 2744 ubi

462 2778 652 2836 portus
689 2773 1125 2841 augustissimus
1155 2786 1280 2832 erat
1319 2795 1333 2834 :
1368 2787 1422 2834 et
1449 2794 1580 2834 suos
1603 2789 1792 2850 portus
1817 2781 2044 2837 obstru-

459 2871 639 2928 entes,
679 2865 821 2920 fame
847 2865 1156 2926 Januenses
1201 2873 1255 2926 in
1303 2871 1491 2928 Clizne
1508 2877 1842 2932 constitutos
1872 2892 2044 2946 expu-

461 2969 632 3023 gnare
661 2957 1000 3014 nitebantur.
1028 2960 1335 3020 Tentabant
1357 2966 1569 3022 obsessi
1595 2968 1797 3023 fossam
1836 2966 1910 3038 (7)
1938 2983 2044 3038 qua

461 3063 529 3102 ex
559 3048 799 3105 Eridano
835 3053 888 3107 in
924 3063 1144 3122 portum
1171 3057 1414 3124 venitur,
1459 3069 1732 3116 conantes
1757 3060 2046 3131 perfodere

461 3159 584 3197 eum
610 3145 816 3214 locum,
841 3145 886 3200 si
910 3161 1022 3217 quo
1038 3149 1201 3207 modo
1223 3163 1451 3222 possent
1470 3169 1638 3210 naves
1661 3156 1716 3210 in
1740 3154 2044 3211 Eridanum

465 3240 769 3307 impellere:
790 3241 885 3298 sed
907 3256 1049 3314 opus
1072 3245 1222 3300 istud
1246 3245 1387 3300 ltaud
1412 3247 1698 3304 absolvere
1719 3260 2043 3320 potuerunt.

2139 2137 2445 2206 σύγκλητος
2483 2135 2577 2188 καὶ
2601 2134 2629 2187 ὁ
2655 2133 2829 2202 δῆμος
2858 2129 3290 2202 ὑπεραχθεσθεὶς
3321 2130 3390 2200 τῇ
3440 2127 3570 2179 τῶν
3599 2125 3773 2201 πολε-

2141 2228 2281 2298 μίων
2309 2226 2574 2299 αὐθαδείᾳ
2607 2244 2665 2280 τε
2704 2225 2802 2279 καὶ
2861 2223 3151 2295 ἀκολασίᾳ,
3201 2219 3334 2284 ναῦς
3406 2235 3480 2272 τε
3542 2216 3771 2272 αὐτίκα

2137 2323 2487 2392 ἐπλήρωσαν,
2521 2322 2652 2385 ὅσας
2680 2319 2969 2389 ἠδύναντο,
3019 2318 3120 2370 καὶ
3152 2313 3310 2368 αὑτοὶ
3351 2312 3413 2374 ἐς
3473 2311 3592 2373 τὰς
3625 2307 3770 2371 ναῦς

2141 2414 2442 2485 ἐμϐάντες,
2470 2413 2737 2482 ἀνήγοντο
2771 2411 2829 2473 ἐς
2867 2408 2958 2463 τδν
3007 2407 3223 2475 λιμένα.
3281 2403 3350 2457 Οῐ
3381 2420 3450 2456 τε
3523 2398 3772 2453 Ἰανυϊοι

2139 2509 2530 2578 ἀντανήγοντο,
2587 2507 2680 2559 καὶ
2728 2504 2928 2559 αὐτίκα
2967 2505 3026 2556 ἐν
3059 2500 3138 2571 τῷ
3181 2499 3360 2568 λιμένι
3409 2494 3764 2561 ἐναυμάχη-

2145 2619 2268 2665 σαν,
2305 2599 2402 2653 καὶ
2434 2599 2587 2652 οὐδὲν
2614 2597 2777 2651 πλέον
2837 2597 2998 2665 ἔσχον
3057 2595 3108 2648 οἱ
3141 2593 3418 2660 πολέμιοι.
3465 2585 3764 2641 Ἐνταῦθα

2143 2696 2219 2758 ὡς
2248 2693 2624 2764 ἐπετράποντο
2657 2690 2956 2762 ἡττημένοι
3000 2688 3081 2750 είς
3130 2684 3371 2751 Κλιζόην
3414 2682 3495 2744 ⁸¹,
3540 2679 3759 2734 αὐτίκα

2144 2788 2193 2840 οἱ
2225 2786 2484 2840 Οὐενετοὶ
2510 2784 2646 2839 ναῦν
2671 2783 2953 2853 φέροντες,
2979 2781 3245 2850 μεγίστην
3260 2777 3372 2830 τῶν
3399 2778 3572 2846 παρὰ
3596 2775 3759 2842 σφίσι

2146 2880 2306 2945 νεῶν,
2340 2880 2396 2941 ἐς
2424 2877 2486 2930 τδ
2523 2876 2619 2930 τοῦ
2653 2875 2875 2944 λιμένος
2901 2873 3097 2943 στόμα,
3237 2870 3302 2940 δὴ
3351 2869 3636 2941 εἰσῄεσαν
3702 2866 3754 2917 οἱ

2147 2974 2434 3042 πολέμιοι,
2470 2970 2776 3024 κατέδυσαν
2807 2967 2972 3021 αὐτοῦ
2999 2965 3173 3035 ταύτῃ
3199 2981 3212 2995 ·
3248 2963 3365 3016 ἔστι
3411 2962 3537 3032 γὰρ
3587 2959 3756 3014 τοῦτο

2149 3063 2504 3127 στενώτατον,
2536 3062 2633 3115 καὶ
2661 3062 2722 3113 τὸ
2747 3058 2922 3128 στόμα
2951 3057 3391 3120 ἐπικλείσαντες,
3429 3053 3591 3124 λιμῷ
3621 3052 3750 3111 τοὺς

2159 3157 2422 3219 Ἰανυῒους
2472 3156 2531 3208 ἐν
2591 3155 2657 3224 τῇ
2696 3151 2903 3222 Κλιξόῃ
2943 3151 2990 3182 ⁸⁸
3028 3148 3530 3218 ἐξεπολιόρκησαν.
3580 3147 3749 3198 ’Ᾱπεο

2149 3252 2420 3320 πειρῶντο
2452 3246 2550 3318 μέν
2579 3242 2673 3300 οὖν
2707 3245 2803 3300 καὶ
2835 3247 2933 3314 τῆς
2957 3242 3248 3313 διώρυχος,
3350 3241 3416 3293 ἐκ
3439 3239 3543 3292 τοῦ
3583 3239 3748 3308 Ἥρι-

466 3333 674 3390 Patavii
701 3337 812 3390 dux
835 3335 1125 3394 Carrarius
1164 3337 1391 3395 Venetis
1427 3341 1687 3408 infestus,
1734 3342 2045 3398 Januenses

2151 3341 2314 3396 δανοῦ
2345 3342 2403 3404 ἐς
2433 3339 2527 3393 τὸν
2550 3339 2748 3408 λιμένα
2776 3338 3112 3408 ἀφικνεῖται,
3154 3333 3578 3402 διορύσσοντες,
3600 3331 3746 3385 ὥστε

464 3427 521 3482 in
554 3427 663 3484 isto
713 3429 904 3498 praelio
927 3431 1157 3502 adjuvit.
1218 3430 1386 3488 Fame
1441 3433 1608 3503 igitur
1630 3435 1851 3500 domiti,
1891 3436 2046 3490 dedi-

455 3519 597 3574 “dere
635 3535 694 3575 se
722 3518 1031 3577 Jauuenses
1058 3521 1307 3590 Venetis,
1352 3533 1412 3580 ut
1460 3541 1648 3581 secum
1686 3531 1797 3596 'pro
1820 3529 2050 3584 arbitrio

468 3628 571 3668 suo
600 3620 845 3683 agerent.
872 3615 941 3669 Et
993 3615 1219 3686 quidem
1253 3616 1345 3672 hic
1392 3618 1713 3688 turpissime
1748 3620 2049 3687 perierunt,

469 3723 571 3765 nec
605 3725 749 3764 nunc
780 3711 916 3766 satis
943 3708 1108 3779 digne
1153 3711 1400 3779 tractati,
1458 3720 1518 3767 ut
1541 3713 1594 3767 in
1618 3721 1900 3781 posterum
1931 3729 2052 3770 mo-

468 3803 657 3858 destiae
688 3818 960 3860 memores
987 3815 1193 3861 essent.
1221 3805 1316 3861 llis
1336 3807 1390 3860 in
1446 3806 1594 3863 hunc
1644 3806 1864 3860 modum
1893 3823 2056 3877 pera-

473 3897 600 3962 ctis,
645 3898 751 3951 vim
786 3897 912 3952 belli
936 3908 1130 3953 contra
1160 3896 1524 3954 Januensium
1583 3899 1776 3954 urbem
1815 3908 2050 3954 vertere.

469 3989 606 4043 Cum
624 4001 803 4046 autem
836 3990 1041 4060 ubique
1063 3990 1312 4046 victoriis
1335 3991 1627 4046 navalibus
1657 3991 2052 4056 clarescerent,

469 4090 525 4134 et
564 4081 867 4136 mirabilem
897 4081 1000 4137 sibi
1035 4083 1262 4150 ’ubique
1319 4083 1617 4153 potentiam
1679 4092 1960 4152 pararent,
2000 4091 2056 4138 et

472 4171 638 4225 etiam
661 4171 802 4226 alios
845 4171 1007 4233 mari,
1034 4171 1181 4241 quod
1229 4187 1350 4226 eam
1401 4172 1678 4243 regionem
1711 4174 1891 4238 alluit,
1929 4188 2058 4244 pro-

474 4262 756 4326 hiberent,
789 4261 993 4316 accidit
1014 4272 1075 4316 ut
1111 4262 1472 4319 Januensium
1521 4265 1653 4320 urbs
1678 4265 1733 4319 in
1759 4267 2056 4321 maximam

475 4354 870 4410 devolveretur
887 4352 1283 4418 calamitatem,
1316 4355 1376 4408 ut
1405 4370 1527 4426 quae
1569 4356 1859 4413 navalibus
1913 4371 2058 4427 pra:-

477 4448 566 4502 liis
623 4445 759 4500 nihil
811 4445 1048 4514 amplius
1108 4444 1325 4501 elﬁcere
1387 4456 1608 4516 posset:
1655 4456 1842 4517 postea
1893 4447 2058 4503 etiam

476 4537 684 4592 Patavii
719 4535 1144 4610 principcm'ulti
1177 4547 1331 4603 sunt,
1395 4538 1585 4594 urbem
1631 4539 1750 4607 ejus
1767 4540 2062 4596 obsidione

477 4642 806 4702 prementes.
864 4630 1072 4687 Deinde
1131 4629 1356 4686 adducti
1392 4631 1445 4684 in
1483 4632 1882 4698 continentem,
1937 4645 2056 4686 eam

2152 3435 2440 3503 ἐκπλόῖμοι
2492 3431 2750 3502 γενέσθαι
2806 3433 2929 3492 ταῖς
2980 3426 3194 3482 ἑαυτῶν
3252 3427 3452 3480 ναυσὶν
3519 3424 3619 3478 ἐπὶ
3655 3422 3746 3475 τὸν

2163 3526 2471 3596 Ἠριδανόν.
2514 3524 2658 3578 Ἀλλ’
2683 3525 2782 3594 οὑχ
2803 3517 2904 3577 οἷοί
2930 3539 2991 3575 τε
3042 3522 3296 3589 ἐγένοντο
3346 3520 3556 3574 ἁνῦσαι
3582 3512 3745 3583 τοῦρ·

2153 3636 2272 3688 γον.
2310 3618 2518 3673 Ἐδόκει
2547 3617 2603 3671 δέ
2629 3617 2724 3671 καὶ
2763 3617 2792 3668 ό
2862 3613 3142 3669 Παταϐίου
3188 3611 3416 3682 ήγεμὼν
3465 3609 3748 3681 συμϐαλέ-

2156 3710 2286 3764 σθαι
2321 3710 2507 3774 αὑτοϊς
2565 3710 2622 3772 ἐς
2663 3710 2755 3763 τόν
2802 3725 2864 3760 τε
2904 3707 3164 3776 πόλεμον,
3195 3703 3458 3773 διάφορος
3519 3701 3600 3756 ὢν
3633 3701 3744 3760 τοῖς

2155 3801 2463 3864 Οὐενετοῖς.
2519 3799 2686 3853 Οὗτοι
2717 3800 2813 3870 μὲν
2871 3798 3017 3866 λιμῷ
3065 3793 3598 3863 ὲκπολιορκηθέντες
3640 3789 3743 3844 ὑπὸ

2155 3897 2255 3964 τῆς
2273 3892 2562 3948 Οὐενετῶν
2586 3891 2818 3954 πόλεως.
2849 3889 3156 3959 παρέδοσαν
3180 3890 3321 3958 σφᾶς
3347 3887 3592 3958 χρῆσθαι
3626 3883 3746 3952 σφί-

2159 4005 2267 4052 σιν,
2305 3987 2333 4040 ὂ
2366 4003 2419 4038 τι
2454 3983 2761 4053 βούλονται,
2791 3982 2886 4036 καὶ
2923 3981 3100 4054 ταύτῃ
3135 3981 3394 4050 αἴσχιστα
3432 3979 3738 4038 ἀπώλοντο,

2157 4081 2259 4133 οὐκ
2302 4078 2380 4131 ἔτι
2409 4076 2560 4142 παρὰ
2585 4075 2649 4127 τὸ
2679 4074 2800 4128 δέον
2833 4073 3321 4143 σωφρονισθέντες.
3387 4071 3455 4123 Ol
3491 4071 3552 4124 δέ
3605 4069 3742 4123 Οὑε-

2160 4171 2306 4224 νετοὶ
2343 4170 2406 4223 τδ
2433 4169 2544 4222 ἀπὸ
2568 4166 2724 4222 τοῦδε
2757 4167 3182 4235 στρατευόμενοι
3206 4167 3300 4219 ἐπὶ
3341 4165 3442 4234 τὴν
3500 4161 3739 4217 Ίανυῖων

2163 4263 2340 4327 πόλιν,
2375 4260 2620 4331 πολλαχῆ
2651 4276 2709 4313 τε
2754 4261 3169 4330 ἐναυμάχησαν,
3200 4259 3295 4312 καὶ
3323 4257 3736 4327 ἐπεκράτησαν,

2160 4354 2394 4424 δύναμίν
2427 4370 2487 4406 τε
2541 4350 2996 4421 περιποιούμενοι
3033 4351 3093 4404 τὸ
3133 4350 3243 4404 ἀπὸ
3295 4349 3478 4414 τοῦδε,
3518 4348 3611 4400 καὶ
3646 4344 3739 4411 τῆς

2164 4449 2435 4515 θαλάττης
2466 4446 2760 4517 εἴργοντες,
2815 4446 2916 4515 τῆς
2950 4443 3074 4499 κατ’
3121 4444 3338 4510 ἐκείνην
3380 4441 3483 4514 τὴν
3536 4439 3734 4511 χώραν.

2167 4537 2338 4590 Ἔνθα
2359 4537 2423 4606 δὴ
2455 4535 2709 4605 ξυμφορᾷ
2732 4533 3060 4604 περιέπεσεν
3093 4535 3126 4603 ή
3153 4532 3308 4592 πόλις
3337 4529 3502 4600 αὕτη,
3568 4529 3628 4580 οὗ
3672 4526 3729 4594 τῇ

2167 4630 2523 4701 ἐπιτυχούσῃ,
2551 4628 2644 4682 διὰ)
2681 4629 2782 4690 τὰς
2825 4625 3138 4695 ναυμαχίας
3171 4625 3397 4686 ταύτας.
3459 4623 3726 4688 ’Υστερον

475 4725 820 4780 constantius
845 4725 950 4780 sibi
981 4725 1255 4788 subjicere
1288 4724 1680 4788 moliebantur,
1705 4732 1764 4777 ut
1790 4724 1894 4780 sibi
1926 4738 2045 4779 con-

2173 4725 2379 4795 μέντοι,
2448 4722 2540 4775 τόν
2577 4737 2637 4774 τε
2669 4718 2764 4773 τοῦ
2816 4717 3089 4771 Παταϐίου
3144 4716 3393 4785 ἡγεμόνα
3433 4712 3732 4779 τισάμενοι.

477 4821 760 4872 ﬁrmarent
792 4819 1128 4874 continentis
1163 4816 1480 4887 imperium.
1506 4815 1572 4870 Et
1606 4831 1732 4870 cum
1760 4823 1923 4871 antea
1957 4817 2062 4869 im-

479 4912 689 4981 perium
717 4911 992 4981 quoddam
1023 4910 1101 4982 (8)
1133 4912 1186 4965 in
1234 4910 1463 4980 regione
1502 4910 1839 4965 continentis
1871 4919 2062 4965 essent

477 5003 646 5067 nacti,
695 5012 750 5058 et
783 5003 1095 5057 Tervisium
1161 5005 1355 5058 urbem
1383 5004 1596 5072 opibus
1637 5000 1925 5056 florentem
1957 5015 2061 5056 suo

355 5149 368 5170 Ι
477 5093 723 5149 dominio
764 5093 1108 5162 adjicientes,
1160 5095 1439 5162 regionem
1507 5091 1885 5162 praetergressi
1907 5098 2061 5154 sunt,

476 5203 604 5243 eum
641 5186 768 5242 odio
788 5186 982 5240 incola:
1019 5187 1176 5254 102
1205 5187 1356 5240 urbis
1404 5186 1772 5241 incitarentur
1799 5183 2062 5237 adversus

477 5302 611 5342 suos
642 5283 940 5355 principes.
965 5283 1098 5338 Cum
1117 5282 1402 5337 Patavium
1433 5285 1848 5353 inpotestatem
1879 5279 2062 5335 venis-

480 5390 586 5447 set,
607 5381 772 5433 etiam
799 5377 874 5432 Ca
887 5378 1189 5430 rrariorum
1217 5392 1248 5430 e
1280 5375 1490 5430 familia
1510 5375 1624 5429 dux
1653 5384 1846 5430 contra
1867 5389 1963 5427 eos
1987 5373 2068 5425 in-

482 5471 727 5528 surrexit
767 5488 782 5525 :
817 5479 1012 5527 contra
1046 5485 1211 5540 quem
1248 5469 1439 5524 hostili
1463 5469 1649 5524 animo
1681 5465 2066 5537 procedentes,

2163 4819 2265 4887 τήν
2293 4835 2352 4872 τε
2413 4816 2570 4869 πόλιν
2620 4813 3041 4881 ἐπολιόρκησαν,
3108 4811 3204 4863 καὶ
3256 4807 3591 4876 ὑπαγόμενοι
3639 4800 3732 4867 τῆς

2162 4910 2422 4988 ἠπείρου,
2482 4907 2796 4976 ἀντείχοντο
2871 4901 3222 4973 βεϐαιότερον
3273 4900 3331 4962 ἐς
3405 4899 3579 4988 σφᾶς,
3616 4895 3731 4962 ἐχυ-

2165 4987 2390 5076 ροῦντες
2425 5002 2481 5063 ἐς
2516 5000 2617 5067 τὴν
2670 4998 2846 5068 ἀρχὴν
2873 4996 2971 5062 τῆς
3025 4993 3279 5063 ¹ήπείρου.
3311 4989 3421 5044 Καὶ
3480 4987 3728 5057 πρότερον

2172 5097 2354 5168 μέντοι
2380 5095 2559 5163 ἀρχήν
2600 5106 2720 5144 τινα
2767 5091 2824 5151 ἐς
2852 5087 2948 5155 τὴν
2991 5086 3130 5139 κατὰ
3149 5085 3249 5152 τὴν
3280 5085 3508 5168 ἤπειρον
3539 5075 3729 5146 κτησά-

2173 5203 2348 5258 μενοι,
2388 5185 2481 5236 καὶ
2506 5180 2810 5251 Τερϐύζιον
2849 5179 3004 5231 πόλιν
3045 5175 3340 5245 εὐδαίμονα
3371 5171 3724 5242 ἐπικτησάμε-

2167 5295 2271 5342 νοι,
2292 5276 2607 5345 προήγαγον
2624 5271 2724 5340 τήν
2748 5269 2934 5340 χώραν
2959 5267 3159 5333 αὐτῶν,
3177 5267 3530 5335 ἐπαγομένων
3547 5263 3620 5330 τῷ
3639 5261 3725 5326 τῆς

2170 5371 2374 5432 πόλεως
2410 5367 2556 5438 ἔχθει
2586 5364 2664 5435 τῷ
2703 5363 2951 5432 σφετέρῳ
2983 5361 3120 5432 πρὸς
3159 5360 3286 5424 τοὺς
3340 5359 3488 5428 σφῶν
3538 5350 3721 5425 ήγεμόο

2168 5479 2287 5525 νας,
2317 5460 2411 5514 καὶ
2441 5455 2856 5526 ὑστερούμενοι,
2881 5453 2956 5514 ὡς
2975 5452 3035 5505 τὸ
3066 5450 3340 5508 Πατάϐιον
3371 5445 3720 5520 ἐχειρώσαντο

1756 5609 2008 5673 Nolulse
2039 5597 2455 5684 marginales.

559 5746 635 5818 (7)
671 5745 1010 5801 Brundulum
1042 5752 1262 5801 vocant.

483 5943 485 5945 ι
555 5917 604 5948 ’⁸
634 5913 859 5982 ταύτην.
896 5913 954 5967 Β.
986 5925 1041 5968 ιιι
1078 5915 1128 5968 in
1163 5926 1303 5973 cont.
1383 5919 1425 5949 ⁷⁵
1458 5917 1830 5972 Κλωδίανιιιι.
1859 5925 1910 5967 ut
1944 5915 1996 5968 in
2030 5895 2081 5967 σί

491 5990 534 6016 ⁸³
571 5986 802 6041 Κλωδία.
830 5986 900 6042 al.
935 5995 988 6039 ut
1027 5987 1078 6039 iu
1111 6002 1155 6040 ε.

2246 5736 2322 5804 (8)
2352 5729 2713 5799 Forojulium.

2192 5913 2235 5941 κο
2273 5889 2577 5978 ἀπήγγιλλ.
2614 5905 2690 5959 αι.
2725 5911 2776 5956 ut
2817 5901 2867 5954 in
2901 5915 2946 5953 c.
3018 5897 3060 5928 η
3095 5897 3357 5952 limam.
3399 5894 3470 5948 al.
3517 5887 3634 5943 utin
3667 5895 3706 5931 τ.
