4032 6422
263 297 373 362 193
846 308 853 314 ’
1358 293 1456 354 DE
1494 291 1748 354 REBUS
1779 291 2140 352 TURCICIS
2174 290 2329 353 LIB.
2375 292 2478 355 IV.
3430 295 3534 364 ιοι

253 411 358 466 τοῦ
393 409 668 483 ἡγεμόνος
702 408 1004 480 Καραρίων
1031 407 1129 478 τῆς
1187 407 1388 473 οἰκίας,
1435 409 1574 479 πρὸς
1621 405 1849 468 τούτους

1960 409 2121 464 urbes
2156 423 2267 464 non
2289 423 2494 478 paucas
2512 408 2683 464 Italiae
2699 421 2754 466 et
2775 409 3010 482 Liguria
3040 411 3323 484 subegere.
3359 413 3531 474 Vero-

253 504 660 573 διενεχθέντες,
693 502 1010 572 ὁρμώμενοι
1036 501 1144 554 ἀπὸ
1189 502 1404 564 τούτου,
1443 503 1628 564 πόλεις
1659 518 1718 555 τε
1750 500 1844 555 ἄλ-

1960 515 2081 554 nam
2108 514 2327 572 quoque
2357 500 2413 556 in
2466 501 2732 558 ditionem
2785 503 3136 573 redegerunt,
3180 509 3370 564 urbem
3394 525 3530 580 opu-

251 595 363 657 λας
395 595 496 647 οὐκ
524 593 717 660 ὀλίγας
755 593 1219 662 κατεστρέψαντο,
1251 592 1361 645 τῶν
1416 591 1558 645 κατὰ
1581 591 1680 662 τὴν
1711 589 1846 644 ἰτα-

1960 593 2180 658 Ientam,
2211 593 2438 660 expulsa
2465 592 2834 650 Scalariorum
2859 596 2936 668 (9)
2960 597 3266 668 principum
3297 599 3525 657 familia.

257 687 398 740 λίαν
431 687 612 754 χώραν
645 687 705 742 ἐς
730 685 831 754 τὴν
861 686 1154 753 Λιγυρίαν,
1183 684 1350 747 ἄλλας
1396 684 1455 737 τι
1480 684 1543 754 δὴ
1573 684 1666 738 καὶ
1697 682 1846 752 Οὐη-

1960 682 2140 754 Εηριιε
2164 693 2296 739 sunt
2361 686 2669 752 \‘incentia,
2737 687 2946 754 Brixia,
2999 691 3167 747 urbes
3217 694 3416 762 opibus
3473 703 3532 749 et

271 779 464 848 ρὼνην
493 777 540 810 ⁸³
575 778 734 852 πόλιν
760 777 1077 846 εὐδαίμονα,
1104 777 1457 842 ἐξελάσαντες
1485 778 1611 839 τοὺς
1646 777 1846 847 ἡγεμό-

1960 775 2210 829 claritate
2243 775 2472 847 reliquis
2507 775 2676 833 Italia:
2725 781 2944 850 Oppidis
3013 783 3158 836 haud
3213 785 3527 840 inferiores.

267 888 372 933 νας
397 871 582 937 αὐτῆς.
616 870 942 939 Κλιμακίων
979 870 1078 939 τῆς
1133 871 1309 934 οἰκίας
1339 870 1482 924 οὕτω
1507 869 1897 939 καλουμένους,
1932 870 2024 924 καὶ
2057 870 2431 938 Ούῖκενετίαν,
2461 873 2554 926 καὶ
2580 871 2838 943 Βρήξιαν,
2885 875 3070 940 ὀλείας
3104 894 3165 931 τε
3201 877 3408 943 πόλεις,
3435 879 3531 933 καὶ

267 966 576 1032 ἐπισήμους
600 963 708 1016 τῶν
739 962 833 1015 νῦν
861 963 1004 1015 κατὰ
1024 964 1122 1032 τὴν
1143 963 1411 1017 Ἰταλίαν.

339 1056 498 1110 Μετὰ
532 1055 590 1107 δὲ
622 1055 791 1108 ταῦτα
827 1055 964 1124 πρδς
996 1055 1090 1108 τὸν
1125 1056 1391 1124 Λιγυρίας
1437 1057 1697 1126 τύραννον
1733 1055 1844 1107 διε-

2023 1045 2152 1101 Post
2179 1047 2292 1101 haec
2320 1045 2520 1102 bellum
2550 1048 2685 1117 ipsis
2709 1046 2816 1102 fuit
2835 1063 2960 1104 cum
2986 1049 3222 1120 Liguriae
3241 1053 3353 1124 (10)
3379 1057 3530 1125 prin-

268 1148 560 1217 νεχθέντες
592 1147 897 1217 ἐπολέμουν
927 1147 1020 1200 ἐπὶ
1049 1150 1218 1218 συχνὰ
1247 1148 1365 1216 ἔτη.
1400 1148 1557 1200 Ἔστι
1585 1148 1641 1200 δὲ
1672 1149 1845 1216 ὸὴγε-

267 1239 386 1309 μὼι
453 1238 610 1302 οὗτος
660 1240 840 1302 οίκίας
897 1240 1006 1292 τῶν
1065 1239 1492 1308 Μαριαγγελῶν,
1558 1239 1744 1309 ἄρχων
1789 1240 1846 1292 δὲ

264 1333 608 1387 Μεδιολάνου
637 1332 867 1396 πόλεως.
898 1331 1012 1385 Ἦν
1045 1333 1099 1385 δὲ
1130 1333 1530 1403 ἐπιτηδεύμασί
1560 1351 1616 1384 τε
1651 1332 1845 1386 63.6w»-

259 1427 553 1496 τάτη.καὶ
583 1428 647 1496 τῇ
675 1425 812 1495 ἄλλῃ
867 1425 1188 1496 εὐδαιμονίᾳ
1240 1427 1464 1495 προέχει
1512 1425 1621 1478 τῶν
1670 1425 1727 1478 ἐν
1776 1426 1842 1493 τῇ

277 1519 487 1591 Ἰταλίᾳ
517 1504 879 1583 πόλεωνίκαὶ
927 1519 1353 1588 πολυάνθρωπος
1403 1514 1560 1582 οὖσα,
1615 1518 1848 1570 παλαιοο

175 1655 182 1661 .
262 1613 410 1681 τάτη
435 1628 497 1664 τε
543 1613 692 1664 δοκεῖ
722 1611 1004 1678 γενέσθαι,
1039 1612 1135 1664 καὶ
1157 1611 1264 1664 αίεί
1297 1629 1354 1662 τε
1386 1610 1444 1677 ἐξ
1475 1611 1600 1664 ὅτου
1635 1607 1845 1680 ᾠκίσθη

263 1701 676 1771 εὐδαιμονῆσαι
705 1703 820 1763 τοῖς
851 1717 908 1751 τε
938 1698 1338 1768 ἐπιτηδεύμασι
1370 1702 1481 1761 τοῖς
1506 1697 1845 1767 πολεμικοῖς,

1953 1140 2096 1209 cipe,
2125 1139 2271 1209 quod
2309 1139 2528 1209 quidem
2555 1139 2621 1194 ad
2656 1141 2858 1196 multos
2883 1153 3193 1198 extractum
3220 1156 3302 1200 est
3328 1163 3528 1202 annos.

1954 1233 2006 1289 Is
2041 1244 2226 1287 autem
2261 1235 2521 1306 princeps
2547 1233 2816 1304 originem
2851 1235 3016 1288 trahit
3071 1253 3136 1290 ex
3180 1235 3384 1292 familia
3418 1237 3534 1292 Ma-

1957 1326 2358 1398 riangelorum,
2421 1335 2476 1381 et
2539 1325 2852 1382 Mediolano
2891 1326 3131 1397 praefuit.
3210 1327 3352 1386 Urbs
3411 1330 3527 1384 haec

1953 1419 2155 1475 studiis
2207 1417 2336 1473 belli
2385 1423 2442 1473 et
2502 1417 2719 1489 reliqua
2775 1418 3046 1474 felicitate
3124 1421 3293 1475 Italiae
3361 1425 3527 1478 urbes

1953 1513 2115 1582 longe
2149 1513 2518 1584 exsuperabat
2555 1529 2569 1567 :
2603 1522 2658 1568 et
2691 1527 2816 1567 cum
2845 1513 2916 1568 sit
2942 1515 3229 1584 populosa,
3261 1518 3531 1588 antiquis-

1955 1607 2096 1662 sima
2146 1621 2272 1663 esse
2307 1607 2578 1674 creditur,
2612 1622 2713 1662 nec
2761 1623 3004 1678 unquam
3037 1609 3271 1664 adversa
3310 1610 3527 1665 fortuna

1956 1714 2081 1755 esse
2125 1715 2246 1765 usa,
2299 1717 2367 1755 ex
2397 1715 2510 1770 quo
2562 1700 2786 1756 condita
2838 1710 2926 1756 est
2977 1718 2991 1755 :
3053 1717 3244 1758 verum
3309 1718 3532 1774 semper

266 1796 362 1848 καὶ
394 1794 578 1846 ὃπλων
611 1794 954 1861 κατασκευῇ.
987 1791 1299 1858 Μεσόγαιος
1345 1790 1390 1842 δ’
1422 1788 1558 1842 οὖσα
1600 1790 1635 1859 ἡ
1690 1787 1846 1850 πόλις

1960 1793 2152 1851 studiis
2189 1793 2318 1850 belli
2351 1803 2409 1850 et
2437 1809 2723 1850 armorum
2757 1796 3164 1865 praeparatione
3195 1796 3533 1859 excelluisse

159 1926 174 1934 -
267 1886 436 1955 αὕτη,
470 1887 644 1956 διέχει
693 1886 800 1938 ἀπὸ
833 1884 1110 1954 θαλάσσης
1141 1885 1242 1952 τῆς
1305 1883 1551 1938 Ἰανυίων
1602 1881 1850 1942 σταδίους

265 1981 421 2050 ἀμφὶ
453 1980 586 2042 τοὺς
616 1978 956 2043 ἑξακοσίους,
988 1976 1166 2045 ἀγχοῦ
1192 1976 1247 2028 δὲ
1270 1976 1499 2047 ᾡκεῖται
1529 1975 1629 2043 τῆς
1671 1973 1850 2028 Γαλα‹

265 2071 416 2132 τίας,
445 2070 569 2140 ητις
603 2071 697 2122 καὶ
737 2068 939 2120 Σαῦοϊα
970 2067 1123 2139 χώρα
1175 2067 1462 2136 κέκληται.
1505 2067 1619 2118 Ῥεῖ
1672 2065 1727 2118 δὲ
1757 2081 1850 2118 πο-

271 2161 450 2241 ταμὸς
481 2161 569 2214 διὰ
611 2160 978 2235 τῆςπόλεως,
1014 2161 1110 2212 καὶ
1150 2159 1351 2238 ἐκδιδεῖ
1402 2153 1557 2222 οὗτος
1601 2160 1658 2221 ἐς
1689 2155 1853 2210 Τεσίο

269 2272 375 2325 νην
405 2253 653 2324 ποταμὸν
686 2255 818 2322 πρὸς
860 2253 1078 2307 Παπέαν
1117 2252 1164 2284 ⁸⁸
1199 2252 1376 2306 πόλιν.
1409 2249 1644 2320 Τεσίνης
1689 2249 1734 2303 δ’
1785 2246 1852 2302 αὖ

269 2345 499 2416 ἐπιρρεῖ
517 2347 575 2408 ἐς
601 2345 690 2398 τὸν
732 2344 1037 2415 Ἠριδανὸν,
1073 2344 1213 2416 πρὸς
1276 2343 1587 2414 Πλακεντίῃ
1609 2343 1656 2376 ⁸⁸
1698 2342 1852 2395 πόλει

275 2437 494 2508 μεγάλῃ
526 2435 623 2506 τῆς
655 2436 944 2504 Λιγυρίας.
975 2434 1144 2498 Οὗτος
1174 2437 1270 2505 μὲν
1387 2435 1604 2498 ἐκδιδοῖ,
1659 2436 1854 2505 πρότε-

274 2531 373 2602 ρόν
403 2547 496 2598 μοι
520 2529 840 2599 δεδήλωται.
870 2527 1139 2595 Λέγονται
1164 2526 1210 2580 δ’
1245 2529 1294 2580 οἱ
1321 2527 1416 2598 τῆς
1447 2527 1625 2590 οἰκίας
1650 2527 1855 2598 ταύτης

271 2626 336 2686 ἐς
366 2621 466 2693 τὴν
491 2621 826 2675 Μεδιολάνου
875 2619 1094 2689 καὶτῆς
1133 2619 1304 2690 ἄλλης
1359 2620 1626 2691 Διγυρίας
1682 2621 1857 2691 ἀρχὴν

272 2713 621 2785 καταστῆναι
663 2713 854 2784 τρόπῳ
882 2712 1093 2782 τοιῷδε.
1132 2713 1362 2781 Δράκων
1397 2712 1504 2765 ἀπὸ
1557 2714 1709 2782 δρεος
1738 2731 1858 2782 φοι-

272 2809 390 2862 τῶν
433 2809 490 2872 ἐς
514 2806 611 2878 τὴν
632 2807 811 2871 πόλιν,
835 2805 1157 2876 ἀνθρώπους
1190 2805 1522 2875 διαφθείρων
1548 2807 1646 2858 οὐκ
1683 2805 1857 2860 ἐπαύ-

273 2919 437 2966 σατο,
464 2900 589 2964 τούς
625 2916 685 2952 τε
711 2899 805 2951 ἐπὶ
851 2898 919 2951 τὰ
951 2899 1091 2967 ἔργα
1141 2899 1426 2962 ἀπιόντας,
1457 2899 1552 2952 καὶ
1583 2901 1674 2952 ἐπὶ
1731 2901 1857 2962 τοὺς

270 2994 510 3066 ἀγρούς.
534 2995 773 3047 Γυναῖκα
808 2993 930 3063 μὲν,
970 2987 1272 3067 ᾖλέγεται,
1307 2993 1463 3046 οὐδέν
1512 3010 1565 3046 τι
1595 2995 1858 3062 ποιούμε-

1955 1896 2198 1944 constat.
2251 1886 2392 1944 Cum
2454 1897 2641 1943 autem
2698 1889 2772 1944 sit
2825 1889 3248 1954 mediterranea,
3286 1891 3455 1945 distat
3502 1905 3534 1945 a

1955 1981 2092 2034 mari
2124 1979 2489 2036 Januensium
2523 1981 2718 2035 stadiis
2756 1982 3058 2036 sexcentis.
3109 1981 3221 2036 Sita
3251 1993 3335 2037 est
3364 1997 3535 2052 prope

1953 2071 2209 2134 Galliam,
2278 2088 2398 2141 qua:
2449 2070 2728 2126 Sabaudia
2773 2073 3116 2128 nominatur.
3163 2072 3394 2148 Fluvius
3436 2091 3534 2130 ur-

1954 2165 2077 2219 bem
2104 2166 2337 2230 dirimit,
2371 2167 2466 2234 qui
2500 2165 2557 2219 in
2589 2165 2846 2221 'l‘esinem
2892 2166 3010 2221 sive
3063 2167 3315 2222 Ticinum
3356 2168 3534 2223 effun-

1955 2258 2108 2313 ditur
2157 2259 2316 2330 jnxta
2362 2259 2589 2328 Papiam
2622 2260 2838 2314 urbem.
2867 2257 3104 2314 Tesines
3161 2260 3306 2312 rudit
3338 2260 3390 2312 in
3416 2260 3535 2312 Eri-

1957 2355 2162 2407 danqu
2221 2368 2389 2422 prope
2430 2351 2789 2414 Placentiam,
2841 2352 3034 2406 urbem
3069 2366 3350 2418 magnam.
3410 2351 3531 2418 Quo

1958 2455 2142 2500 autem
2177 2445 2450 2501 Eridanus
2481 2445 2634 2508 fluat,
2663 2445 2780 2514 jam
2816 2454 2943 2499 ante
2978 2445 3370 2500 indicavimus.
3426 2433 3533 2497 Fa-

1956 2539 2124 2595 milia:
2149 2539 2604 2609 Mariangelorum
2625 2555 2883 2609 proceres
2911 2539 3008 2593 tali
3033 2553 3098 2593 ex
3122 2554 3291 2594 causa
3311 2539 3366 2594 in
3387 2541 3534 2610 prin-

1959 2633 2199 2702 cipatum
2241 2631 2712 2686 Mediolanensem
2749 2640 2802 2685 et
2844 2631 2895 2684 in
2955 2631 3220 2699 reliquam
3253 2630 3532 2702 Liguriam

1961 2726 2140 2779 allecti
2174 2734 2330 2790 sunt,
2380 2724 2556 2779 Draco
2607 2739 2673 2778 ex
2716 2731 2900 2778 monte
2939 2723 2992 2778 in
3063 2723 3254 2777 urbem
3306 2723 3534 2786 vadens,

1963 2832 2218 2887 magnam
2272 2826 2513 2886 stragem
2549 2815 2856 2879 hominum,
2910 2813 3005 2883 qui
3040 2814 3105 2867 ad
3135 2830 3333 2882 operas
3381 2822 3436 2868 et
3465 2815 3535 2869 ad

1962 2924 2126 2979 agros
2159 2910 2489 2979 pergebant,
2528 2907 2714 2961 facere
2761 2921 2868 2961 non
2909 2905 3210 2960 cessabat:
3248 2905 3533 2959 mulierem

1964 3011 2148 3055 tamen
2186 3001 2421 3062 nullam,
2461 3006 2522 3051 ut
2575 2997 2752 3062 aiunt,
2821 2997 3072 3050 laedebat.
3147 2993 3295 3048 Viris
3351 3004 3534 3050 tamen

273 3105 394 3153 νος,
427 3087 522 3141 καὶ
553 3087 680 3149 τούς
708 3103 769 3154 γε
803 3085 1005 3155 ἄνδρας
1050 3087 1145 3138 ἐπὶ
1194 3085 1388 3155 συχνὸν
1435 3086 1626 3156 χρόνον
1676 3085 1849 3138 διελυ-

1963 3096 2124 3164 longo
2147 3103 2392 3161 tempore
2417 3091 2650 3146 infestus
2681 3097 2800 3144 erat
2831 3090 3121 3142 vastando.
3141 3086 3374 3144 Plurimi
3402 3104 3539 3157 quo-

281 3183 539 3258 μαίνετο·
569 3181 666 3235 καὶ
690 3177 874 3234 πολλοὶ
906 3179 971 3250 δὴ
1005 3178 1093 3233 ἐπ’
1127 3179 1290 3233 αύτὶν
1316 3180 1658 3245 ἐπελθόντες,
1691 3179 1861 3234 πολλά.

272 3294 344 3331 τε
392 3275 489 3330 καὶ
533 3273 813 3345 ἀνήκεστα
867 3272 1004 3343 πρὸς
1078 3269 1174 3325 τοῦ
1239 3271 1405 3341 θηρὸς
1462 3273 1859 3336 ἐπεπόνθεσαν,

272 3375 446 3435 ἤνυον
467 3369 524 3424 δὲ
549 3366 726 3422 οὐδέν.
753 3364 927 3428 οὗτος
973 3364 1040 3434 δὴ
1086 3365 1116 3418 ό
1165 3364 1555 3435 Μαριάγγελος
1580 3365 1648 3432 ⁸⁸,
1707 3365 1862 3436 πρῶ-

278 3473 375 3518 τος
405 3458 501 3522 τῆς
532 3459 712 3522 οἰκίας
738 3456 970 3527 ταύτης,
1011 3456 1283 3526 Βρετανδς
1312 3456 1368 3510 δέ
1399 3455 1460 3509 τδ
1490 3457 1667 3525 γένος,
1700 3454 1863 3527 θερά-

285 3565 464 3604 ποντα
507 3552 801 3618 ἐξοπλίσας
856 3549 1160 3620 πανοπλίᾳ,
1208 3549 1306 3604 καὶ
1344 3551 1506 3614 αὐτὸς
1565 3549 1860 3603 ἐνεδύσατο

281 3642 614 3702 πανοπλίαν.
661 3642 823 3698 Μετὰ
869 3641 926 3696 δὲ
955 3641 1032 3706 ὡς
1061 3641 1186 3697 ῖσαν
1247 3642 1341 3695 ἐπὶ
1373 3641 1466 3695 τὸν
1498 3641 1644 3712 θῆρα
1669 3641 1740 3706 ⁸⁷,
1769 3641 1861 3696 τὸν

278 3737 474 3808 μέντοι
505 3733 815 3807 θεράποντα
837 3733 1042 3804 χανὼν,
1095 3734 1240 3788 κατὰ
1279 3733 1445 3805 μέσον
1493 3733 1746 3804 ἐσεφόρει
1801 3735 1860 3797 ἐς

275 3831 380 3886 τὶν
436 3829 635 3900 λαιμὸν
691 3828 883 3884 αὑτοῦ.
931 3830 1023 3893 Ὠς
1067 3828 1114 3882 δ’
1141 3829 1242 3901 ήδη
1299 3828 1500 3899 χανὼν,
1539 3828 1666 3881 οὕτε
1709 3826 1861 3890 ἐντδς

275 3923 474 3975 λαϐεῖν
506 3917 618 3984 οἷός
649 3938 710 3974 τε
743 3921 984 3989 ἐγένετο,
1017 3919 1143 3974 οὔτε
1166 3923 1223 3984 ἐς
1252 3921 1498 3975 τούπίσω
1530 3917 1858 3992 ἐξορμῆσαι,

277 4013 508 4066 πελέκει
540 4013 640 4083 τὴν
669 4011 916 4083 κεφαλὴν
954 4009 1049 4064 τοῦ
1095 4010 1392 4081 δράκοντος
1441 4011 1722 4083 καταίρων
1748 4011 1859 4064 διέ-

276 4123 445 4170 τεμε.
505 4105 616 4160 Καὶ
669 4107 696 4159 ό
735 4105 925 4175 μέντοι
985 4103 1208 4174 δράκων
1246 4105 1424 4176 ταύτῃ
1457 4103 1645 4171 ἔπεσε,
1676 4107 1770 4159 καὶ
1825 4107 1860 4176 ἡ

275 4195 440 4260 πόλις
485 4195 830 4266 ἠλευθέρωτο
891 4197 985 4250 τοῦ
1037 4197 1207 4268 θηρὸς
1272 4196 1643 4268 πολεμοῦντος
1696 4199 1857 4269 αὐτῇ.

279 4287 391 4344 Καὶ
413 4287 555 4342 οὕτω
581 4289 648 4360 δὴ
679 4287 987 4359 στρατηγόν
1015 4305 1076 4340 τε
1110 4287 1298 4356 σφίσιν
1345 4289 1396 4340 οί
1439 4288 1499 4341 τδ
1526 4289 1860 4343 Μεδιόλανον

278 4378 624 4440 ἐνοικοῦντες
645 4379 967 4446 ἐστήσαντο,
1026 4378 1122 4431 καὶ
1163 4376 1420 4448 ἡγεῖσθαι
1473 4377 1728 4430 ἐκέλευον
1769 4378 1860 4428 ἐπὶ

1963 3205 2071 3260 que
2121 3187 2353 3242 bestiam
2405 3186 2555 3238 illam
2609 3197 2665 3238 ut
2705 3182 3100 3247 interﬁcerent,
3159 3191 3352 3235 contra
3417 3197 3537 3234 eam

1963 3275 2154 3330 ibant:
2198 3289 2386 3326 verum
2422 3271 2557 3326 nihil
2590 3271 2965 3340 proficientes,
3005 3285 3254 3327 extrema
3310 3287 3542 3340 quaeque

1962 3367 2339 3441 patiebantur.
2414 3365 2660 3420 Tandem
2725 3365 3120 3433 Mariangelus,
3174 3362 3541 3432 Mariangelo-

1963 3475 2085 3514 rum
2144 3458 2370 3512 familia:
2431 3459 2719 3526 princeps,
2788 3456 3018 3510 natione
3071 3455 3372 3511 Britannus
3428 3455 3544 3510 sive

1957 3552 2188 3619 Anglus,
2255 3547 2574 3603 ministrum
2617 3563 2778 3602 suum
2843 3554 2897 3601 et
2948 3547 3318 3615 semetipsum
3355 3563 3539 3602 arma-

1963 3653 2112 3708 tura,
2151 3655 2271 3711 qua
2301 3649 2477 3694 totum
2524 3654 2730 3709 corpus
2764 3647 2996 3707 tegeret,
3034 3653 3283 3702 armaris,
3321 3640 3537 3694 obviam

1963 3735 2157 3791 bellua:
2187 3731 2460 3803 processit
2488 3731 2533 3799 (l
2554 3731 2623 3798 l).
2659 3730 2975 3784 Ministrum
3002 3731 3170 3798 igitur
3197 3746 3323 3786 cum
3357 3731 3539 3787 bellua

1962 3835 2202 3886 voraret,
2259 3831 2314 3877 et
2345 3820 2663 3899 mediumin
2707 3820 2854 3874 rictu
2926 3829 3196 3890 portaret,
3257 3836 3360 3875 nec
3412 3835 3536 3875 eum

1963 3917 2015 3971 in
2051 3916 2144 3970 ilia
2195 3915 2488 3970 demittere
2518 3912 2600 3966 vel
2623 3928 2877 3968 evomere
2910 3913 3322 3980 posset,securi
3352 3912 3541 3967 bellua:

1963 4017 2128 4080 caput
2184 4006 2510 4076 amputavit.
2562 4004 2741 4060 Draco
2773 4005 2825 4058 in
2861 4005 3011 4060 hunc
3053 4005 3276 4060 modum
3326 4006 3488 4073 periit
3523 4021 3538 4058 :

1962 4106 2268 4172 civitasque
2303 4102 2532 4155 liberata
2583 4100 2650 4153 ab
2695 4100 2800 4154 ista
2845 4099 3046 4163 bestia,
3080 4114 3108 4153 a
3141 4113 3249 4170 qua
3304 4098 3540 4176 subinde

1963 4199 2408 4268 oppugnabatur,
2467 4193 2870 4262 Mariangelum
2933 4193 3130 4250 ducem
3215 4194 3398 4262 elegit,
3487 4206 3542 4250 et

1965 4303 2156 4348 contra
2203 4293 2393 4346 hostes
2425 4291 2504 4344 ire
2549 4289 2743 4356 jussit,
2800 4289 2979 4360 utqui
3012 4290 3190 4343 virum
3233 4290 3436 4343 bonum
3488 4300 3541 4342 ct

1964 4386 2165 4440 fortem
2215 4399 2273 4438 se
2304 4383 2673 4438 exhibuisset.
2734 4379 2844 4436 Nec
2883 4382 3058 4436 multo
3113 4389 3260 4450 post,
3311 4392 3367 4452 ut
3430 4381 3537 4434 sibi

278 4470 413 4533 τοὺς
450 4471 766 4539 πολεμίους,
797 4468 872 4534 ὡς
903 4469 1075 4538 ἄνδρα
1101 4468 1307 4536 ἀγαθὸν
1363 4471 1686 4540 γενόμενον.
1721 4470 1856 4524 Μετ’

1969 4477 2432 4533 Mediolanensem
2464 4476 2836 4546 principatum
2869 4476 3272 4540 constabiliret,
3305 4485 3360 4530 et
3388 4473 3538 4529 cives

278 4566 343 4618 οὔ
379 4564 551 4618 πολὺν
604 4563 660 4616 δὲ
707 4563 900 4634 χρόνον
931 4561 1158 4633 ἡγεμών
1190 4579 1249 4615 τε
1313 4562 1580 4631 κατέστη,
1635 4561 1866 4632 δορυφό-

280 4677 414 4731 ρους
446 4658 585 4728 έχων
617 4657 758 4727 ἀμφ’
791 4655 980 4720 αὑτὸν,
1012 4654 1107 4708 καὶ
1138 4653 1265 4716 τοὺς
1296 4654 1357 4706 ἐν
1383 4656 1450 4725 τῇ
1481 4655 1634 4707 πόλει
1678 4652 1867 4706 πείθε-

280 4753 413 4804 σθαι
457 4749 808 4818 ἀναγκάζων.
864 4747 1023 4802 Οὕτω
1072 4747 1138 4817 δὴ
1195 4745 1462 4817 ἄρξαντος
1510 4747 1717 4816 ταύτης
1768 4747 1867 4815 τῆς

275 4843 465 4916 χώρας
491 4843 583 4894 ἐπὶ
604 4841 878 4912 τέσσαρας
905 4840 1122 4910 γενεᾶς,
1148 4841 1204 4903 ἐς
1232 4839 1325 4892 τὸν
1347 4838 1616 4892 Φίλιππον
1653 4840 1686 4909 ἡ
1717 4838 1861 4909 ἀρχὴ

275 4937 573 5007 περιῆλθε,
609 4935 744 5007 πρὸς
773 4935 834 4987 ὃν
860 4935 925 5006 δὴ
954 4935 1004 4986 οἱ
1043 4933 1298 4987 Ούενετοὶ
1325 4933 1628 5003 ἐπολέμουν
1655 4931 1861 5001 διενεχ·

275 5030 468 5093 θέντες
497 5029 566 5083 τά
587 5046 646 5082 τε
674 5027 812 5083 ἄλλα
841 5027 936 5082 καὶ
966 5025 1313 5098 στρατηγοὺς
1371 5023 1620 5098 ἑλόμενοι
1677 5024 1862 5094 σφίσιν

1965 4569 2279 4630 obedirent,
2333 4569 2623 4631 satellites,
2667 4582 2806 4634 quos
2867 4568 3115 4636 corpOris
3145 4565 3230 4619 sui
3279 4567 3543 4620 custodes

1966 4677 2089 4722 esse
2149 4661 2342 4722 voluit,
2384 4659 2604 4728 delegit.
2657 4659 2775 4724 Quo
2846 4667 3130 4727 regnante,
3185 4661 3543 4726 generatione

1967 4752 2188 4807 demum
2213 4761 2411 4820 quarta
2454 4758 2576 4819 post
2612 4749 2962 4819 principatus
2993 4748 3046 4802 in
3096 4746 3407 4818 Philippum
3444 4748 3541 4802 de-

1971 4843 2144 4905 venit,
2176 4857 2298 4895 rum
2334 4857 2444 4909 quo
2504 4840 2695 4896 Veneti
2724 4840 2926 4893 bellum
2972 4839 3255 4909 gerebant,
3285 4852 3542 4894 creantes

1969 4938 2034 4989 ad
2071 4936 2121 4988 id
2157 4935 2327 4988 duces
2366 4934 2514 4988 viros
2556 4932 2753 4994 bonos,
2787 4943 2840 4985 et
2889 4946 3140 5001 magnam
3179 4931 3334 5002 103
3362 4932 3545 4999 regio-

1971 5041 2097 5081 nem
2151 5027 2550 5096 gubernantcs.
2635 5022 2819 5080 Primo
2871 5025 3095 5095 quidem
3147 5025 3541 5082 Carminiolam

1559 5186 1810 5250 Νοιυιω
1841 5186 2262 5267 marginales.

359 5371 452 5441 (9)'
482 5374 902 5442 Scaligerornm.

360 5443 475 5513 (1οὶ
516 5443 806 5500 Ιιιειιιηὶε.

1961 5369 2205 5440 viperam
2240 5369 2293 5424 in
2321 5369 2491 5423 armis
2519 5371 2821 5440 gestantem
2843 5363 3109 5440 stravisse
3139 5357 3544 5440 dl9itlll‘L19‘9-(f.

1968 5428 2198 5494 Joannis
2240 5451 2422 5494 autem
2467 5428 2658 5507 ρὸειεο
2679 5434 2916 5489 Galeacii
2960 5431 3298 5507 viceecznitis
3337 5428 3549 5507 [Ἰήι-

361 5498 474 5581 (Π)
504 5498 1256 5581 Mediolanensiumintigne.
1278 5507 1379 5564 liic
1404 5507 1546 5564 Otho
1566 5508 1875 5581 vicecomes
1978 5511 2161 5580 lippus
2195 5511 2383 5575 Maria,
2411 5498 2679 5581 Anglerize
2704 5507 2968 5581 comitatu
2998 5501 3397 5581 donatus,.su'i§
3429 5498 3548 5554 Ma-

282 5580 392 5642 fttit
415 5601 478 5642 ex
503 5582 793 5641 comitibus
810 5583 1095 5654 Angleriae,
1125 5580 1218 5652 qui
1248 5580 1540 5635 barbarum
1567 5580 1882 5650 quemdam,

1979 5570 2316 5652 ri'a'nglorum
2357 5570 2554 5634 noniEn
2588 5576 2828 5649 reliquit,
2857 5575 3002 5629 circa
3031 5587 3230 5627 annum
3266 5570 3422 5628 1400.

360 5756 407 5790 ⁸³
439 5754 689 5829 Baptism.
769 5753 814 5787 “
844 5753 1058 5810 Παπίαν
1091 5754 1266 5809 πόλιν.
1289 5752 1363 5808 al.
1405 5752 1606 5824 Παΰίῃ.
1682 5751 1829 5807 "al.
1859 5750 2028 5815 Πλαζ.
2108 5752 2152 5786 ⁸⁸
2181 5751 2256 5810 al.
2283 5747 2664 5820 Μαριίιγγλος.
2741 5748 2785 5780 ⁸⁷
2885 5745 2971 5815 ειη
3015 5745 3060 5798 ἔ.
3089 5743 3161 5798 al.
3187 5743 3260 5807 ὡς
3296 5741 3424 5812 ἐπίη
3459 5739 3506 5793 ἐ.
