4032 6442
607 317 713 379 195
1749 308 2055 370 LA()NlCl
2107 307 2790 368 CllALCOCONDYL.E
3774 301 3852 365 196

606 431 804 487 ducem
859 427 1134 494 fecerunt,
1160 441 1326 498 quem
1355 434 1740 497 opposuerunt
1778 425 2020 496 principi
2079 423 2192 477 Me-

2259 460 2270 485 ,
2297 427 2353 488 ὲς
2375 424 2466 477 τὸν
2499 423 2759 493 πόλεμον,
2790 420 2990 492 ἄνδρας
3022 436 3078 472 τε
3107 419 3347 487 ἀγαθοὺς
3376 457 3390 482 ,
3441 419 3532 472 καὶ
3574 421 3744 489 χώρας
3773 424 3851 490 ἀς.

607 523 939 579 diolancnsi.
1003 518 1103 575 Ubi
1158 526 1343 573 autem
1403 518 1824 581 intellexerunt,
1854 529 1984 570 eum
2018 513 2199 584 regio-

2303 535 2500 588 χοντας
2546 517 2647 570 οὐκ
2691 517 2902 584 ὀλίγης.
2969 515 3196 583 Πρῶτον
3242 515 3428 583 μέντοι
3473 515 3851 584 Καραμινιόλαν

609 630 736 670 nem
789 613 1048 684 prodere,
1102 620 1156 667 et
1185 611 1470 666 colludere
1515 625 1646 664 cum
1699 608 1993 663 Mediolani
2037 607 2197 672 duce,

2303 609 2611 679 στρατηγὸν
2642 607 2851 660 εἴλοντο
2880 607 2972 659 ἐπὶ
3001 607 3094 659 τὸν
3139 607 3410 675 Λιγυρίας
3463 607 3713 676 ἄρχοντα,
3762 609 3852 660 Καὶ

611 717 838 777 captum
890 702 1316 761 interfecerunt.
1367 703 1444 758 'Et
1512 711 1778 757 vocantes
1831 699 2197 756 Franciscum

2302 706 2378 766 ὡς
2408 703 2577 756 αὐτοῦ
2606 701 2860 754 συνίεσαν
2893 701 3391 767 κατα-προδιδόντος
3425 699 3525 770 τὴν
3558 701 3736 771 χώραν
3774 703 3850 752 καὶ

607 797 935 871 cognomine
960 793 1248 861 Sfortiam,
1291 795 1489 851 ducem
1538 796 1794 850 inlocqu
1828 796 2002 850 occisi
2047 794 2198 848 sub-

2306 793 2693 864 συντιθεμένου
2729 793 2808 863 τῷ
2833 792 3176 846 Μεδιολάνου
3212 794 3473 862 ἡγεμόνι,
3502 793 3850 859 συλλαϐόντες,

607 901 896 962 rogarunt.
949 888 1165 959 Magnis
1245 902 1470 960 quoque
1529 887 1840 947 honoribus
1888 904 2012 943 eum
2056 886 2197 940 affe-

2303 889 2538 952 ἀνεῖλον,
2572 888 2667 940 καὶ.
2695 887 3074 954 Φ-ραντζίσκον
3105 888 3196 938 τὸν
3254 889 3489 956 Φορτίαν
3518 888 3746 957 ἐπίκλην
3777 906 3852 957 με-

606 993 828 1047 cerunt,
863 998 987 1036 cum
1015 982 1182 1035 etiam
1213 992 1372 1034 antea
1404 981 1580 1052 gloria
1625 981 1795 1034 multa
1823 979 2196 1050 prmiulgeret,

2302 979 2746 1048 ταπεμπόμενοι,
2778 977 3037 1046 ἡγεῖσθαί
3066 993 3122 1028 τε
3153 977 3316 1030 αὑτὸν
3348 977 3622 1038 ἐκέλευον,
3651 977 3742 1029 καὶ
3762 979 3850 1030 ἐτί-

600 1087 662 1132 et
714 1091 823 1130 non
894 1073 1145 1129 modicas
1197 1072 1438 1143 Liguria:
1489 1074 1654 1128 nrbes
1713 1073 2037 1142 subjiceret.
2096 1072 2192 1125 lm-

2305 1091 2424 1142 μων
2451 1072 2728 1142 μεγάλως,
2756 1073 2824 1124 τά
2854 1087 2915 1123 τε
2949 1069 3085 1123 ἄλλα
3121 1069 3538 1139 εὐδοκιμοῦντα,
3571 1073 3664 1122 καὶ
3694 1071 3850 1130 πόλεις

603 1168 816 1237 perium
867 1167 1212 1222 continentis
1247 1169 1313 1218 ad
1352 1182 1601 1236 magnam
1655 1167 1957 1236 putentiam
1997 1165 2195 1234 produ-

2299 1165 2400 1234 τῆς
2425 1165 2705 1236 Διγυρίων
2737 1166 2926 1235 χώρας
2960 1166 3062 1218 οὐκ
3111 1164 3299 1231 ὀλίγας
3355 1163 3848 1233 παραστησάμενον,

601 1261 706 1314 xit.
762 1260 840 1314 Ut
899 1269 1085 1314 autem
1140 1258 1292 1314 Italia
1347 1260 1401 1313 in
1451 1270 1637 1328 partes
1683 1258 1902 1324 abierit,
1971 1259 2192 1328 quidam

2299 1260 2400 1329 τήν
2445 1276 2504 1311 τε
2565 1258 2742 1330 ἀρχὴν
2793 1260 2891 1328 τῆς
2944 1259 3178 1330 ἠπείρου
3230 1259 3326 1310 ἐπὶ
3391 1257 3536 1328 μέγα
3599 1260 3850 1328 προήγαγε

603 1351 878 1419 Venetos,
945 1353 1167 1422 quidam
1225 1351 1457 1422 Ligures
1500 1353 1677 1406 secuti
1720 1353 1773 1405 in
1835 1351 2195 1420 sequentibus

2299 1353 2607 1421 δυνάμεως.
2651 1352 2740 1416 Ὦς
2779 1353 3018 1422 μὶν¹οὗν
3065 1353 3201 1421 πρὺς
3248 1353 3473 1414 τούτους
3506 1350 3852 1421 πολεμοῦντας

601 1455 661 1497 ιιι
719 1445 904 1497 omnia
947 1443 1313 1512 contigerint,
1355 1445 1653 1498 enarrabo.
1689 1441 1878 1497 Redeo
1928 1457 2075 1497 nunc
2119 1443 2184 1495 ad

2299 1447 2574 1516 ἀλλήλοις,
2613 1447 2881 1515 ξύμπασα
2929 1447 2962 1514 ἡ
3005 1446 3207 1500 Ἰταλία
3270 1446 3455 1514 διέστη
3511 1445 3648 1512 πρὸς
3687 1445 3854 1497 ἑκατέ-

601 1534 942 1590 V’enetorum
990 1535 1207 1598 urbem,
1251 1549 1374 1606 qua:
1433 1543 1732 1604 utramque
1777 1533 2058 1587 fortunam
2106 1548 2193 1588 ex-

2302 1555 2454 1608 ρους,
2490 1540 2584 1592 καὶ
2617 1538 2691 1601 ὼς
2722 1538 3096 1608 ἐπολέμησαν,
3145 1541 3203 1601 ές
3254 1537 3317 1590 τὸ
3362 1537 3556 1608 πρόσω
3601 1536 3728 1589 ἰόντι
3777 1535 3885 1585 τοῦ

601 1637 754 1698 perta
805 1637 909 1683 est.
976 1626 1172 1683 Veneti
1203 1629 1372 1698 igitur
1419 1628 1708 1696 elegerunt
1739 1627 1806 1680 ad
1872 1627 1925 1681 id
1991 1627 2193 1681 bellum

2298 1629 2462 1696 λόγου
2495 1628 2754 1698 δηλοῦταί
2792 1647 2881 1699 μοι
2911 1629 2985 1694 ὠς
3044 1629 3286 1696 ἐγένετο.
3320 1627 3622 1697 Ἑπάνειμι
3676 1626 3734 1695 δη
3779 1625 3851 1675 ἐπὶ

600 1719 902 1787 gerendum
967 1722 1137 1775 duces
1195 1721 1275 1774 rei
1343 1719 1603 1774 militaris
1659 1718 1859 1788 peritia
1917 1720 2187 1788 insignes.

2259 1723 2396 1792 λτὴν
2455 1719 2738 1776 ossuum
2787 1721 2963 1788 πόλιν,
3025 1723 3100 1785 ὡς
3157 1719 3328 1792 ταύτῃ
3359 1724 3427 1790 τῇ
3461 1720 3614 1772 πόλει
3666 1718 3851 1786 ἐγένετο

601 1821 662 1866 ut
713 1827 882 1881 supra
938 1812 1122 1878 docui,
1162 1811 1306 1867 inter
1347 1827 1490 1883 quos
1537 1812 1938 1867 Carminiolam
1969 1813 2188 1882 impen-

2255 1809 2264 1828 ’
2291 1812 2430 1885 τύχη
2485 1813 2572 1865 ἐπ’
2604 1814 2895 1883 ἀμφοτέρα
2926 1813 2991 1882 τῇ
3033 1809 3211 1872 πόλει,
3242 1811 3476 1876 ἐναλλὰξ
3506 1810 3847 1880 συμϐάν.1(αὶ

595 1905 717 1958 sius
788 1903 1064 1958 faventem
1124 1905 1292 1958 rebus
1352 1905 1511 1959 ducis
1564 1902 1886 1968 Mediolani,
1963 1916 2187 1974 captum

2295 1907 2435 1977 αὕτη
2469 1908 2523 1970 ἐς
2561 1907 2711 1960 τόνδε
2741 1908 2832 1959 τὸν
2871 1906 3112 1976 πόλεμον
3145 1905 3378 1974 ἑλομένη
3439 1906 3612 1974 ἑαυτῇ
3648 1917 3848 1971 στρατη-

598 2005 893 2061 uecarunt,
930 1997 1060 2068 quia
1094 2012 1220 2052 eum
1256 1995 1359 2053 sibi
1396 1997 1635 2052 insidias
1663 2006 1880 2052 struere
1902 1998 2186 2067 cognitum

2293 2003 2425 2070 γοὺς
2457 2001 2523 2052 τὰ
2559 2001 2795 2068 πολέμια
2824 1999 3088 2066 ἀγαθούς.
3136 1998 3224 2059 Ἑν
3265 1999 3319 2051 δὲ
3371 1997 3436 2068 δὴ
3471 2001 3567 2051 καὶ
3606 1996 3699 2059 οὓς
3745 1995 3849 2063 ἐσή-

595 2090 895 2145 liabebant.
961 2089 1223 2146 Sl’ortiam
1277 2090 1519 2145 accitum
1555 2089 1612 2144 in
1657 2089 1841 2145 locum
1897 2089 2185 2147 interfecti

2296 2111 2445 2164 μηνα
2475 2093 2896 2163 Καραμινιόλαν
2931 2093 3208 2163 κηδεστὴν
3237 2093 3540 2161 γενόμενον
3571 2089 3662 2144 τοῦ
3713 2087 3850 2155 Λιγύ-

595 2183 790 2237 ducem
823 2184 1188 2241 substituere.

2296 2204 2407 2256 ρων
2471 2186 2766 2255 τυράννου.
2793 2183 3021 2238 όΓοῦτον
3076 2187 3260 2256 μέντοι
3322 2185 3399 2248 ὡς
3451 2181 3848 2238 ἐπιϐουλεύοντι

593 2274 745 2340 σφίσι
801 2273 1080 2341 λαϐόντες,
1179 2276 1535 2330 ἀπέκτειναν.
1617 2275 1850 2346 Φορτίαν
1945 2275 2007 2329 δὲ
2106 2277 2650 2350 μεταπεμψάμενοι,
2750 2279 3051 2349 ιστήσαντο
3122 2278 3277 2348 σφίσι
3360 2277 3671 2351 στρατηγὸν
3753 2273 3850 2329 0.6-

593 2385 774 2436 μενοι.

661 2558 1013 2616 Manifestum
1041 2561 1420 2617 arbitroresse
1450 2563 1732 2630 omnibus,
1767 2561 2005 2619 Venetos
2040 2581 2181 2637 pra:-

2373 2566 2460 2630 '0;
2495 2566 2595 2638 μὲν
2623 2561 2716 2622 οὖν
2742 2566 2881 2637 ἔργα
2915 2564 3418 2635 ἀποδεικνυμένους
3454 2567 3670 2634 μεγάλα
3691 2583 3742 2618 τε
3773 2563 3847 2618 καὶ

591 2651 762 2706 claris
793 2652 1136 2708 facinoribus
1173 2655 1378 2723 ubique
1405 2654 1594 2720 editis,
1647 2656 1796 2712 mille
1836 2657 1999 2712 annis
2045 2673 2176 2713 usos

2290 2658 2418 2724 ἄξια
2443 2659 2633 2726 λόγου,
2663 2660 2755 2712 ἐπὶ
2778 2659 2927 2729 χίλια
2959 2658 3055 2730 ἔτη
3081 2643 3412 2729 εὐδαίμονας
3436 2658 3849 2729 διαγενομένους,

591 2761 860 2818 prospero
897 2761 1079 2801 rerum
1133 2761 1419 2813 successu,
1475 2749 1779 2818 plurimum
1830 2751 2024 2819 gloria
2084 2766 2178 2819 per

2289 2753 2475 2814 ἄλλοις
2510 2751 2758 2823 πολλαχῆ
2807 2753 2949 2806 κατά
2998 2751 3100 2821 τὴν
3157 2749 3396 2804 Ἰταλίαν
3430 2749 3846 2821 ἐνευδοκιμῆσαι,

591 2839 913 2894 universam
962 2839 1174 2893 Italiam
1211 2839 1357 2908 apud
1421 2855 1615 2897 omnes
1685 2844 1955 2898 tenuisse.
2024 2843 2179 2909 Quod

2291 2843 2599 2916 κατάδηλόν
2649 2845 2786 2910 ἐστι,
2825 2845 2922 2898 καὶ
2966 2845 3288 2913 ἑμπεδῶσαι
3323 2845 3458 2914 αὐτῇ
3493 2847 3564 2898 τὰ
3613 2845 3746 2898 κατὰ
3771 2842 3847 2910 τὴν

591 2941 776 2986 autem
812 2933 1093 2986 civitatem
1130 2949 1287 2987 suam
1316 2934 1394 2988 ita
1423 2937 1797 3004 regnaverint,
1831 2947 1890 2991 ut
1919 2935 2183 2992 inviolata

2291 2935 2490 3004 ἀρχὴν,
2526 2934 2601 2998 ὡς
2634 2935 2896 3006 ἐλάχιστα
2920 2935 3187 3003 ὲσφάλετο
3213 2936 3316 2988 ὑπὸ
3341 2937 3449 2988 τῶν
3479 2931 3847 3004 πολιτῷν,τῇδέ

588 3033 647 3079 et
683 3027 889 3080 intacta
926 3041 954 3079 a
1009 3026 1387 3082 seditionibus
1453 3027 1622 3082 fuerit
1677 3044 1915 3097 semper,
1977 3029 2180 3086 decens

2292 3043 2370 3096 πη
2423 3025 2489 3080 ἂν
2549 3027 2855 3097 κατάδηλος
2887 3027 3106 3095 γένοιτο
3133 3030 3165 3096 ἡ
3201 3028 3298 3097 τῆς
3341 3028 3556 3092 πόλεως
3593 3027 3845 3096 διοίκησις.

588 3118 766 3172 totius
815 3119 970 3172 urbis
1025 3117 1462 3184 administratio,
1492 3133 1657 3188 quam
1710 3122 1972 3176 brevibus
2034 3139 2180 3179 nunc

2294 3119 2369 3182 ὡς
2398 3121 2457 3172 ὲν
2487 3118 2682 3190 βραχεῖ
2723 3117 3097 3191 διασημῆναι·
3140 3115 3208 3191 ἦν
3249 3119 3355 3191 γὰρ
3391 3121 3537 3189 αὕτη
3573 3123 3605 3189 ή
3642 3119 3780 3179 πόλις
3803 3116 3847 3166 τὸ

595 3209 1020 3276 describam,in
1065 3225 1230 3267 causa
1279 3209 1406 3268 fuit.
1457 3211 1600 3266 Olim
1649 3215 1987 3269 democratia
2018 3217 2176 3269 istam

2293 3213 2525 3266 παλαιὸν
2555 3213 2926 3282 δημοκρατία,
2957 3214 3053 3266 καὶ
3077 3212 3183 3265 ὑπὸ
3215 3214 3412 3282 δήμοις
3446 3231 3519 3266 τε
3535 3215 3651 3283 ἅμα
3680 3213 3734 3264 ἒν
3751 3212 3846 3268 ταῖς

585 3303 871 3357 civitatem
926 3303 1302 3374 gubernabat,
1346 3305 1700 3378 populusque
1731 3307 1899 3364 simul
1937 3325 2062 3363 cum
2096 3309 2177 3364 his

2293 3306 2494 3376 ἀρχαῖς
2523 3305 2728 3366 αὐτῶν,
2761 3303 2826 3368 ἃς
2860 3307 3046 3376 ᾑρεῖτο
3080 3304 3179 3374 τὴν
3216 3305 3392 3370 πόλιν,
3479 3305 3658 3358 ἐδόκει
3698 3291 3846 3360 καλῶς

583 3395 684 3464 qui
733 3395 784 3447 in
820 3395 1149 3464 magistratu
1190 3397 1353 3464 positi
1392 3407 1573 3462 erant,
1624 3414 1733 3470 qua
1803 3400 1907 3454 sibi
1956 3400 2175 3456 consul-

2289 3397 2439 3468 ἔχειν
2466 3399 2642 3465 σφίσι,
2670 3397 2901 3468 διῴκουν
2922 3413 2937 3429 ο
2972 3397 3111 3466 μετὰ
3131 3398 3187 3450 δὲ
3213 3397 3406 3463 ταῦτα,
3433 3397 3508 3460 ὡς
3537 3399 3630 3450 ἐπὶ
3652 3397 3713 3448 τὰ
3735 3394 3844 3466 ἔργα

586 3484 864 3539 tissimum
893 3484 1209 3554 videbatur,
1245 3487 1526 3542 civitatem
1554 3489 2004 3545 moderabantur.
2026 3489 2178 3546 Post-

2293 3490 2444 3558 σφῶν
2471 3491 2519 3542 οἱ
2545 3490 2778 3560 δημόται
2810 3491 3132 3560 ἐτρέποντο,
3160 3490 3257 3544 καὶ
3279 3491 3461 3543 οὐκέτι
3490 3491 3688 3561 σχολὴν
3713 3485 3843 3559 ἦγον,

587 3592 652 3631 ea
685 3579 915 3632 cum.ad
975 3594 1142 3648 opera
1192 3580 1486 3650 populares
1537 3583 1745 3654 singuli
1788 3599 2177 3651 avocarentur,

2290 3585 2431 3639 ὥστε
2461 3583 2556 3636 ἐπὶ
2581 3584 2680 3653 τὴν
2704 3583 2974 3653 διοίκησιν
2995 3582 3155 3650 λόγον
3187 3583 3485 3650 ποιεῖσθαι,
3509 3585 3589 3649 ὡς
3617 3586 3843 3639 ἑκάστοτε

585 3685 692 3726 nec
720 3669 892 3725 otium
936 3673 1196 3743 amplius,
1263 3673 1486 3743 quando
1515 3675 1589 3728 ita
1644 3691 1733 3730 res
1761 3678 2090 3741 monuisset,
2124 3679 2177 3734 in

2293 3676 2596 3745 ἀναγκάζοι
2628 3675 2987 3746 βουλεύεσθαι
3017 3677 3044 3727 ὁ
3077 3676 3289 3746 χρόνος,
3325 3674 3709 3748 ἐπιλεξάμενοι
3745 3663 3843 3732 τοὺς

587 3775 763 3817 unum
822 3765 1194 3820 conveniendi
1223 3774 1275 3820 et
1296 3769 1652 3824 consultandi
1681 3773 2179 3841 superesset,opti-

2293 3769 2574 3839 ἀρίστους,
2607 3769 2720 3820 εῐτε
2751 3768 2892 3840 τύχῃ
2919 3766 3050 3834 τινὶ,
3114 3769 3224 3821 εἴτε
3259 3767 3322 3838 δὴ
3363 3770 3458 3823 καὶ
3488 3769 3659 3841 ψήφῳ
3687 3767 3846 3837 ἑλόμε-

581 3871 714 3910 mos
765 3871 1020 3926 quosque
1073 3857 1165 3911 isti
1219 3872 1372 3914 cura:
1433 3860 1834 3928 prafecerunt,
1890 3864 1978 3916 vel
2039 3864 2173 3918 sorti

2291 3877 2373 3913 νοι
2397 3876 2411 3890 ο
2440 3859 2586 3912 οὕτω
2617 3859 2746 3930 περὶ
2787 3859 2979 3912 τούτου
3030 3861 3088 3923 ἐς
3138 3859 3575 3932 ἀριστοκρατίαν
3601 3862 3660 3915 τὸ
3696 3857 3843 3928 παρά-

583 3947 670 4001 vel
730 3947 996 4017 suﬂ’ragio
1028 3948 1365 4003 electionem
1417 3953 1854 4006 counnittentes.
1917 3951 1974 4006 In
2032 3955 2175 4008 hunc

2291 3970 2400 4006 παν
2432 3953 2668 4024 ἐτράπη,
2701 3955 2800 4007 καὶ
2830 3954 2890 4006 τὸ
2920 3954 3029 4007 ἀπὸ
3059 3954 3214 4008 τοῦδε
3245 3956 3415 4008 εἰσέτι
3447 3955 3546 4008 καὶ
3574 3955 3668 4008 νῦν
3699 3955 3843 4020 ma-

587 4035 814 4090 modum
847 4037 1174 4106 reipublicae
1214 4037 1394 4092 forma
1424 4055 1489 4092 ex
1523 4039 1870 4096 democratia
1905 4041 1960 4097 in
1979 4043 2179 4098 aristo-

2288 4044 2396 4107 λῶς
2427 4043 2769 4116 διῳκημένη,
2802 4045 2896 4098 ἐπὶ
2933 4046 3077 4116 μέγα
3110 4043 3393 4116 δυνάμεως
3425 4045 3700 4118 ὲχὼρησε.
3727 4047 3839 4096 Διοι-

574 4129 822 4181 cratiam
865 4137 1072 4182 mutata
1105 4138 1212 4186 est.
1271 4130 1351 4184 Et
1381 4149 1448 4186 eo
1505 4129 1648 4187 inde
1674 4144 1928 4204 tempore
1984 4136 2166 4192 civitas

2289 4139 2467 4191 κεῖται
2509 4137 2564 4191 δὲ
2593 4138 2737 4190 κατά
2767 4139 2915 4192 τάδε.
2951 4137 3145 4192 Ἔστιν
3177 4141 3210 4210 ἡ
3237 4140 3449 4208 μεγάλη
3483 4138 3652 4210 βουλὴ
3680 4136 3845 4190 καλου-

575 4219 682 4272 illa
747 4219 977 4288 pulchre
1011 4220 1422 4288 administrata,
1472 4224 1770 4278 maximam
1826 4225 1931 4280 sibi
1987 4237 2167 4294 poten-

2291 4230 2427 4300 μένη
2460 4232 2669 4296 αὐτοῖς,
2691 4233 2750 4283 ὲν
2841 4233 2934 4285 ἐπὶ
2967 4229 3182 4302 ἡμέρας
3210 4232 3358 4285 ὀκτὼ
3392 4234 3592 4305 σχολὴν
3621 4237 3841 4304 ἄγουσιν.

572 4311 718 4364 siam
775 4310 1010 4381 peperit.
1073 4309 1291 4365 Habent
1351 4324 1631 4379 senatum,
1696 4331 1860 4385 quem
1921 4331 2164 4386 magnum

2297 4321 2388 4375 Ἐν
2419 4321 2592 4393 ταύτῃ
2643 4322 2707 4394 δὴ
2752 4327 2820 4394 τῇ
2875 4323 3038 4394 βουλῇ
3077 4325 3177 4387 τὰς
3205 4341 3268 4378 τε
3304 4327 3480 4397 ἀρχάς
3509 4327 3624 4384 τῶν
3668 4327 3844 4382 πόλεων

578 4413 810 4468 uocant,
871 4405 926 4459 in
977 4419 1088 4475 quo
1126 4405 1368 4476 singulis
1413 4416 1539 4462 octo
1572 4407 1772 4464 diebus
1833 4409 2170 4466 consultant.

2285 4415 2596 4486 αἱροῦνται,
2644 4417 2863 4487 ψήφους
2910 4417 3210 4488 τιθέμενοι,
3241 4421 3336 4474 καὶ
3378 4421 3478 4486 τὰς
3522 4420 3583 4478 ὲν
3622 4425 3686 4494 τῇ
3720 4420 3843 4474 πόλει

579 4497 686 4554 ilic
735 4508 966 4555 senatus
1009 4500 1226 4571 oppidis
1259 4501 1526 4569 sullragio
1559 4503 1940 4560 intercedente
1966 4505 2171 4575 princi-

2285 4510 2424 4578 αὐτῇ
2478 4510 2674 4580 ἀρχὰς,
2730 4509 2840 4580 ὅπη
2892 4509 2962 4563 ἂν
3019 4512 3414 4568 καθιστῶνται.
3463 4513 3761 4585 Νομὶζεται
3799 4511 3842 4562 δὲ

580 4606 681 4660 pes
716 4591 932 4645 statuit.
996 4591 1174 4645 Etiam
1217 4593 1370 4647 urbis
1415 4594 1780 4664 magistratus
1831 4596 1972 4651 idem
2006 4611 2172 4652 sena-

2279 4577 2479 4668 ἐξεῖναι
2629 4602 2688 4667 ἐς
2721 4577 3098 4675 ἔτηντέσσαρα
3128 4607 3222 4658 καὶ
3261 4603 3437 4661 εἴκοσι
3489 4577 3726 4677 γεγονὼς
3753 4599 3841 4671 εἴη.

574 4691 670 4736 .tus
691 4684 960 4740 decernit.
983 4683 1128 4754 Lege
1153 4693 1335 4739 autem
1364 4689 1630 4753 sancitur,
1661 4688 1716 4743 in
1749 4689 1893 4744 hunc
1917 4701 2166 4744 senatum

2281 4693 2512 4749 εἰσιέναι
2546 4696 2602 4757 ἐς
2631 4695 2840 4766 ταύτην
2894 4697 2993 4765 τὴν
3036 4696 3254 4768 βουλὴν,
3287 4697 3355 4768 ἦν
3389 4701 3536 4770 αὐτῷ
3571 4701 3666 4770 τὴν
3691 4697 3840 4767 ἀρχὴν

577 4773 751 4828 licere
815 4775 864 4829 ei
898 4775 1112 4845 ingredi
1146 4775 1242 4846 qui
1283 4788 1446 4832 natus
1489 4779 1560 4833 sit
1599 4795 1778 4836 annos
1806 4782 2000 4852 viginti
2033 4797 2169 4852 qua-

2283 4783 2640 4858 συνεχωρήοη
2665 4803 2728 4856 γε
2759 4788 3013 4852 εἰσιέναι,
3039 4785 3143 4842 κᾶν
3171 4793 3539 4862 συγκλητικὸς
3657 4791 3839 4861 Είησαν

577 4874 732 4931 tuor,
797 4879 844 4920 et
882 4879 1107 4923 senator
1149 4871 1195 4924 is
1228 4871 1344 4953 sive
1401 4872 1675 4941 patricius
1713 4874 1807 4941 sit,
1861 4891 1962 4932 nec
1988 4877 2169 4945 aliqua

2274 4877 2317 4930 δ’
2353 4876 2419 4931 ἂν
2448 4875 2594 4933 οὗτοι
2626 4881 2771 4950 ἀμφὶ
2818 4883 2945 4942 τοὺς
2991 4881 3310 4950 δισχιλίους,
3340 4887 3388 4937 oi
3421 4887 3520 4950 τάς
3554 4903 3614 4938 τε
3647 4884 3839 4953 ψήφους

575 4971 748 5012 causa
779 4967 985 5025 exstet,
1041 4975 1166 5031 quae
1210 4945 1277 5016 ab
1312 4973 1510 5018 senatu
1544 4980 1669 5018 eum
1706 4967 1984 5024 excludat.
2034 4969 2167 5023 Sunt

2273 4971 2577 5040 τιθέμενοι,
2606 4945 2833 5036 καὶτὰς
2884 4973 3062 5044 ἀρχὰς
3083 4945 3393 5046 ’ξυμπάσης
3564 4945 3840 5048 τῆς-ἇριῆς

577 5056 767 5102 autem
805 5047 907 5102 viri
949 5049 1032 5104 bis
1068 5052 1242 5115 mille,
1287 5053 1380 5122 qui
1435 5054 1680 5110 calculos
1715 5054 1926 5123 ferunt,
1966 5068 2021 5114 et
2053 5059 2169 5112 uni-

2275 5061 2615 5132 αἱρούμενοι.
2658 5061 2919 5134 Ἠγεμὼν
2949 5065 3006 5119 δὲ
3040 5065 3252 5120 τούτων
3302 5069 3454 5121 ἐστὶν
3488 5047 3546 5122 δν
3585 5047 3652 5123 ἂν
3697 5065 3841 5118 ἕλων-

568 5140 736 5200 aversi
790 5139 1010 5210 imperii
1071 5145 1433 5214 magistratus
1487 5147 1721 5218 eligunt.
1794 5151 1995 5204 Ducem
2057 5154 2160 5207 sive

2272 5173 2388 5220 ται,
2412 5157 2505 5208 τὸν
2537 5159 2674 5226 παρ’
2719 5157 2907 5221 αὐτοῖς
2936 5160 3236 5232 κράτιστον
3271 5161 3538 5216 δοκοῦντα
3582 5159 3833 5230 γενέσθαι.

581 5230 886 5302 principem
919 5232 1024 5286 sibi
1045 5248 1170 5288 eum
1217 5238 1589 5304 constituunt,
1637 5242 1729 5310 qui
1761 5241 1926 5315 ’apud
1965 5258 2062 5297 eos
2106 5259 2172 5298 ex

2281 5247 2444 5317 Φέρει
2473 5249 2529 5303 δὲ
2559 5242 2711 5313 οὗτος
2742 5249 2837 5303 δύο
2869 5230 3108 5322 ψήφους,
3139 5254 3429 5323 τιθέμενος
3527 5257 3591 5309 ἂν
3621 5253 3836 5324 βούλοιτο

575 5323 733 5377 omni
785 5337 1023 5380 numero
1078 5327 1325 5395 optimus
1382 5329 1641 5386 habetur.
1690 5330 1791 5387 llic
1823 5333 1957 5387 duos
2012 5334 2167 5408 104

2283 5343 2701 5412 προστίθεσθαι.
2731 5345 2901 5398 Μένει
2925 5345 2970 5397 δ’
2994 5339 3149 5410 οὗτος
3188 5347 3438 5417 ἡγεμὼν.
3461 5323 3762 5419 τιμώμενός
3785 5356 3831 5392 τε

575 5417 742 5485 nponit
794 5418 1068 5485 calculos,
1143 5436 1288 5491 quos
1350 5425 1667 5496 cuicunque
1736 5425 1978 5480 voluerit
2027 5430 2167 5498 parti

2279 5434 2350 5487 τὰ
2381 5433 2578 5504 πρῶτα
2607 5433 2712 5487 ὑπὸ
2743 5434 2852 5488 τῶν
2887 5437 3297 5508 συγκλητικῶν,
3327 5438 3423 5492 καὶ
3454 5417 3532 5492 ὲνὝ
3557 5439 3668 5499 τοῖς
3695 5434 3831 5504 βασιο

584 5508 790 5564 addere
841 5521 1046 5580 potest.
1101 5511 1368 5587 Princeps
1426 5518 1520 5573 ille
1574 5527 1759 5573 manet
1793 5519 1849 5573 in
1887 5523 2083 5590 primis
2141 5538 2172 5576 a

2280 5524 2450 5588 λείοις
2477 5526 2782 5595 ἐπιμένων,
2811 5521 2951 5596 ἔχων
2981 5528 3081 5596 τήν
3113 5539 3174 5580 τε
3209 5528 3459 5600 δαπάνην
3486 5529 3590 5600 {me
3617 5525 3718 5580 τῶν
3749 5519 3834 5588 τῆς

583 5604 939 5660 senatoribus
979 5607 1309 5664 honoratus.
1360 5610 1411 5667 ls
1447 5611 1500 5666 in
1527 5612 1696 5684 regali
1741 5614 1863 5666 aula
1891 5614 2171 5683 habitans,

2283 5618 2495 5682 πόλεως
2531 5621 2970 5690 προεστηκότων.
2997 5621 3230 5694 Πάρεισι
3271 5624 3318 5676 δ’
3356 5623 3503 5692 αὑτῷ
3533 5618 3832 5692 βουληφόροι

589 5695 794 5794 vietum
829 5697 998 5753 habet
1027 5717 1040 5754 :
1073 5712 1360 5771 sumptus,
1417 5719 1561 5774 quos
1627 5705 1784 5767 facit,
1811 5707 1884 5760 ab
1934 5707 2019 5762 his
2076 5713 2170 5779 qui

2283 5710 2580 5780 ἀνδρες.ἒξ
2603 5712 2695 5765 τὸν
2731 5707 2986 5785 ἀριθμὸν,
3025 5715 3205 5788 ἕτεροί
3266 5733 3327 5769 τε
3365 5717 3514 5786 αὑτῴ
3549 5715 3718 5776 ὄντες,
3757 5703 3835 5758 καὶ

587 5791 860 5844 uutversa:
907 5791 1115 5848 civitati
1139 5795 1461 5864 praesident,
1514 5797 1684 5868 capit.
1718 5798 1935 5857 Adsunt
1962 5801 2011 5856 ci
2067 5802 2172 5857 viri

2283 5809 2384 5873 τὴν
2413 5805 2579 5874 τιμὴν
2637 5805 2734 5875 τῆς
2783 5806 3090 5876 ἡγεμονίας
3140 5807 3726 5880 συγκατεργαζὸμεκόιι
3760 5794 3835 5848 ἐπὶ
