  <div class='ocr_page' id='page_1' title='image "/cluster/home/n/w/nwhite01/storage/ocr_20150623/159/coo.31924054870641/106.png"; bbox 0 0 4032 6418; ppageno 0'>
   <div class='ocr_carea' id='block_1_1' title="bbox 219 290 329 359">
    <p class='ocr_par' dir='ltr' id='par_1_1' title="bbox 219 290 329 359">
     <span class='ocr_line' id='line_1_1' title="bbox 219 290 329 359; baseline 0.064 -7"><span class='ocrx_word' id='word_1_1' title='bbox 219 290 329 359; x_wconf 75' lang='lat'><strong>197</strong></span> 
     </span>
    </p>
   </div>
   <div class='ocr_carea' id='block_1_2' title="bbox 1296 293 2398 358">
    <p class='ocr_par' dir='ltr' id='par_1_2' title="bbox 1296 293 2398 358">
     <span class='ocr_line' id='line_1_2' title="bbox 1296 293 2398 358; baseline -0.004 0"><span class='ocrx_word' id='word_1_2' title='bbox 1296 299 1392 358; x_wconf 89' lang='lat' dir='ltr'><strong>DE</strong></span> <span class='ocrx_word' id='word_1_3' title='bbox 1422 296 1676 358; x_wconf 85' lang='lat' dir='ltr'><strong>REBUS</strong></span> <span class='ocrx_word' id='word_1_4' title='bbox 1714 294 2075 356; x_wconf 81' lang='lat' dir='ltr'><strong>TURCICIS</strong></span> <span class='ocrx_word' id='word_1_5' title='bbox 2119 293 2266 356; x_wconf 82' lang='lat' dir='ltr'><strong>LIB.</strong></span> <span class='ocrx_word' id='word_1_6' title='bbox 2297 294 2398 354; x_wconf 83' lang='lat' dir='ltr'><strong>IV.</strong></span> 
     </span>
    </p>
   </div>
   <div class='ocr_carea' id='block_1_3' title="bbox 3393 299 3496 366">
    <p class='ocr_par' dir='ltr' id='par_1_3' title="bbox 3393 299 3496 366">
     <span class='ocr_line' id='line_1_3' title="bbox 3393 299 3496 366; baseline 0.039 -5"><span class='ocrx_word' id='word_1_7' title='bbox 3393 299 3496 366; x_wconf 82' lang='grc'><strong>198</strong></span> 
     </span>
    </p>
   </div>
   <div class='ocr_carea' id='block_1_4' title="bbox 217 405 1828 480">
    <p class='ocr_par' dir='ltr' id='par_1_4' title="bbox 217 406 1802 480">
     <span class='ocr_line' id='line_1_4' title="bbox 217 406 1802 480; baseline 0.001 -18"><span class='ocrx_word' id='word_1_8' title='bbox 217 411 408 480; x_wconf 75' lang='grc' dir='ltr'>μῆνας</span> <span class='ocrx_word' id='word_1_9' title='bbox 464 408 524 476; x_wconf 81' lang='grc' dir='ltr'>ἒξ</span> <span class='ocrx_word' id='word_1_10' title='bbox 575 406 1044 478; x_wconf 68' lang='grc' dir='ltr'><strong>ἀπαλλαττόμενοι</strong></span> <span class='ocrx_word' id='word_1_11' title='bbox 1085 409 1180 480; x_wconf 77' lang='grc' dir='ltr'>τῆς</span> <span class='ocrx_word' id='word_1_12' title='bbox 1235 411 1388 480; x_wconf 78' lang='grc' dir='ltr'>σφῶν</span> <span class='ocrx_word' id='word_1_13' title='bbox 1423 410 1568 464; x_wconf 78' lang='grc' dir='ltr'>οὗτοι</span> <span class='ocrx_word' id='word_1_14' title='bbox 1600 409 1802 480; x_wconf 80' lang='grc' dir='ltr'>ἀρχῆς.</span> 
     </span>
    </p>
   </div>
   <div class='ocr_carea' id='block_1_5' title="bbox 1935 405 3495 480">
    <p class='ocr_par' dir='ltr' id='par_1_5' title="bbox 1935 405 3495 476">
     <span class='ocr_line' id='line_1_5' title="bbox 1935 405 3495 476; baseline 0.005 -20"><span class='ocrx_word' id='word_1_15' title='bbox 1935 406 2219 462; x_wconf 84' lang='lat' dir='ltr'><strong>:onsiliarii</strong></span> <span class='ocrx_word' id='word_1_16' title='bbox 2266 422 2359 462; x_wconf 76' lang='lat' dir='ltr'><strong>sex</strong></span> <span class='ocrx_word' id='word_1_17' title='bbox 2389 405 2532 476; x_wconf 72' lang='grc'>(12),</span> <span class='ocrx_word' id='word_1_18' title='bbox 2577 406 2714 461; x_wconf 80' lang='lat' dir='ltr'><strong>socii</strong></span> <span class='ocrx_word' id='word_1_19' title='bbox 2776 405 2895 475; x_wconf 87' lang='lat' dir='ltr'><strong>ejus</strong></span> <span class='ocrx_word' id='word_1_20' title='bbox 2930 407 3286 473; x_wconf 72' lang='lat' dir='ltr'><strong>exsistcntes,</strong></span> <span class='ocrx_word' id='word_1_21' title='bbox 3344 421 3399 466; x_wconf 86' lang='lat' dir='ltr'><strong>et</strong></span> <span class='ocrx_word' id='word_1_22' title='bbox 3442 413 3495 466; x_wconf 84' lang='lat' dir='ltr'><strong>in</strong></span> 
     </span>
    </p>
   </div>
   <div class='ocr_carea' id='block_1_6' title="bbox 213 499 1816 572">
    <p class='ocr_par' dir='ltr' id='par_1_6' title="bbox 213 499 1816 572">
     <span class='ocr_line' id='line_1_6' title="bbox 213 499 1816 572; baseline 0.001 -19"><span class='ocrx_word' id='word_1_23' title='bbox 213 501 381 555; x_wconf 70' lang='grc' dir='ltr'>Μετὰ</span> <span class='ocrx_word' id='word_1_24' title='bbox 412 500 468 553; x_wconf 82' lang='grc' dir='ltr'>δὲ</span> <span class='ocrx_word' id='word_1_25' title='bbox 503 500 604 569; x_wconf 84' lang='grc' dir='ltr'>τὴν</span> <span class='ocrx_word' id='word_1_26' title='bbox 637 499 884 569; x_wconf 78' lang='grc' dir='ltr'><strong>μεγάλην</strong></span> <span class='ocrx_word' id='word_1_27' title='bbox 937 501 1160 570; x_wconf 80' lang='grc' dir='ltr'>βουλὴν,</span> <span class='ocrx_word' id='word_1_28' title='bbox 1196 502 1342 555; x_wconf 79' lang='grc' dir='ltr'>ἔστιν</span> <span class='ocrx_word' id='word_1_29' title='bbox 1368 503 1401 571; x_wconf 76' lang='grc' dir='ltr'>ἡ</span> <span class='ocrx_word' id='word_1_30' title='bbox 1431 501 1601 572; x_wconf 77' lang='grc' dir='ltr'>βουλὴ</span> <span class='ocrx_word' id='word_1_31' title='bbox 1637 502 1682 533; x_wconf 81' lang='grc'><strong>⁸³</strong></span> <span class='ocrx_word' id='word_1_32' title='bbox 1724 518 1816 570; x_wconf 85' lang='grc' dir='ltr'>γε·</span> 
     </span>
    </p>
   </div>
   <div class='ocr_carea' id='block_1_7' title="bbox 221 591 1814 664">
    <p class='ocr_par' dir='ltr' id='par_1_7' title="bbox 221 591 1814 664">
     <span class='ocr_line' id='line_1_7' title="bbox 221 591 1814 664; baseline 0.003 -19"><span class='ocrx_word' id='word_1_33' title='bbox 221 593 425 658; x_wconf 80' lang='grc' dir='ltr'>ρουσία</span> <span class='ocrx_word' id='word_1_34' title='bbox 455 591 673 663; x_wconf 87' lang='grc' dir='ltr'>κλητῶν</span> <span class='ocrx_word' id='word_1_35' title='bbox 721 593 1058 664; x_wconf 79' lang='grc' dir='ltr'>καλουμένη,</span> <span class='ocrx_word' id='word_1_36' title='bbox 1087 595 1230 664; x_wconf 74' lang='grc' dir='ltr'>ἀμφὶ</span> <span class='ocrx_word' id='word_1_37' title='bbox 1271 596 1397 659; x_wconf 80' lang='grc' dir='ltr'>τοὺς</span> <span class='ocrx_word' id='word_1_38' title='bbox 1436 595 1814 664; x_wconf 78' lang='grc' dir='ltr'><strong>τριακοσίους.</strong></span> 
     </span>
    </p>
   </div>
   <div class='ocr_carea' id='block_1_8' title="bbox 223 685 1817 761">
    <p class='ocr_par' dir='ltr' id='par_1_8' title="bbox 223 685 1817 761">
     <span class='ocr_line' id='line_1_8' title="bbox 223 685 1817 761; baseline 0.001 -21"><span class='ocrx_word' id='word_1_39' title='bbox 223 685 527 755; x_wconf 74' lang='grc' dir='ltr'>Αἱροῦνται</span> <span class='ocrx_word' id='word_1_40' title='bbox 556 685 620 754; x_wconf 76' lang='grc' dir='ltr'>δὴ</span> <span class='ocrx_word' id='word_1_41' title='bbox 650 685 878 750; x_wconf 79' lang='grc' dir='ltr'><strong>τούτους</strong></span> <span class='ocrx_word' id='word_1_42' title='bbox 907 687 1010 757; x_wconf 70' lang='grc' dir='ltr'><strong>ἤδη</strong></span> <span class='ocrx_word' id='word_1_43' title='bbox 1046 689 1141 740; x_wconf 72' lang='grc' dir='ltr'>καὶ</span> <span class='ocrx_word' id='word_1_44' title='bbox 1190 689 1290 751; x_wconf 78' lang='grc' dir='ltr'>τὰς</span> <span class='ocrx_word' id='word_1_45' title='bbox 1320 688 1513 752; x_wconf 72' lang='grc' dir='ltr'>λοιπὰς</span> <span class='ocrx_word' id='word_1_46' title='bbox 1547 689 1724 761; x_wconf 68' lang='grc' dir='ltr'>ἀρχὰς</span> <span class='ocrx_word' id='word_1_47' title='bbox 1756 691 1817 742; x_wconf 90' lang='grc' dir='ltr'><strong>ἐν</strong></span> 
     </span>
    </p>
   </div>
   <div class='ocr_carea' id='block_1_9' title="bbox 227 777 1816 852">
    <p class='ocr_par' dir='ltr' id='par_1_9' title="bbox 227 777 1816 852">
     <span class='ocr_line' id='line_1_9' title="bbox 227 777 1816 852; baseline 0.003 -23"><span class='ocrx_word' id='word_1_48' title='bbox 227 781 306 848; x_wconf 79' lang='grc' dir='ltr'><strong>τῇ</strong></span> <span class='ocrx_word' id='word_1_49' title='bbox 354 777 556 851; x_wconf 75' lang='grc' dir='ltr'>μεγάλῃ</span> <span class='ocrx_word' id='word_1_50' title='bbox 586 778 777 847; x_wconf 78' lang='grc' dir='ltr'>βουλῇ,</span> <span class='ocrx_word' id='word_1_51' title='bbox 802 779 1197 848; x_wconf 75' lang='grc' dir='ltr'><strong>ἐπιλεξάμενοι</strong></span> <span class='ocrx_word' id='word_1_52' title='bbox 1231 781 1359 844; x_wconf 82' lang='grc' dir='ltr'>τοὺς</span> <span class='ocrx_word' id='word_1_53' title='bbox 1392 782 1638 851; x_wconf 80' lang='grc' dir='ltr'>τάμείνω</span> <span class='ocrx_word' id='word_1_54' title='bbox 1683 799 1816 852; x_wconf 80' lang='grc' dir='ltr'>φρο-</span> 
     </span>
    </p>
   </div>
   <div class='ocr_carea' id='block_1_10' title="bbox 235 871 1818 946">
    <p class='ocr_par' dir='ltr' id='par_1_10' title="bbox 235 871 1818 946">
     <span class='ocr_line' id='line_1_10' title="bbox 235 871 1818 946; baseline 0.004 -24"><span class='ocrx_word' id='word_1_55' title='bbox 235 871 483 935; x_wconf 76' lang='grc' dir='ltr'>νοῦντας.</span> <span class='ocrx_word' id='word_1_56' title='bbox 536 873 654 926; x_wconf 77' lang='grc' dir='ltr'><strong>Κάν</strong></span> <span class='ocrx_word' id='word_1_57' title='bbox 699 871 873 944; x_wconf 79' lang='grc' dir='ltr'>ταύτῃ</span> <span class='ocrx_word' id='word_1_58' title='bbox 901 874 965 943; x_wconf 78' lang='grc' dir='ltr'>δὴ</span> <span class='ocrx_word' id='word_1_59' title='bbox 998 876 1064 943; x_wconf 78' lang='grc' dir='ltr'>τῇ</span> <span class='ocrx_word' id='word_1_60' title='bbox 1097 873 1208 926; x_wconf 85' lang='grc' dir='ltr'>τῶν</span> <span class='ocrx_word' id='word_1_61' title='bbox 1243 875 1458 944; x_wconf 80' lang='grc' dir='ltr'>κλητῶν</span> <span class='ocrx_word' id='word_1_62' title='bbox 1487 875 1818 946; x_wconf 79' lang='grc' dir='ltr'>ἐπονομαζο-</span> 
     </span>
    </p>
   </div>
   <div class='ocr_carea' id='block_1_11' title="bbox 238 963 1816 1036">
    <p class='ocr_par' dir='ltr' id='par_1_11' title="bbox 238 963 1816 1036">
     <span class='ocr_line' id='line_1_11' title="bbox 238 963 1816 1036; baseline 0.001 -20"><span class='ocrx_word' id='word_1_63' title='bbox 238 965 381 1035; x_wconf 81' lang='grc' dir='ltr'>μένῃ</span> <span class='ocrx_word' id='word_1_64' title='bbox 409 964 591 1034; x_wconf 74' lang='grc' dir='ltr'>βουλῇ,</span> <span class='ocrx_word' id='word_1_65' title='bbox 621 963 749 1032; x_wconf 80' lang='grc' dir='ltr'>περί</span> <span class='ocrx_word' id='word_1_66' title='bbox 785 981 845 1017; x_wconf 84' lang='grc' dir='ltr'><strong>τε</strong></span> <span class='ocrx_word' id='word_1_67' title='bbox 896 965 1171 1032; x_wconf 81' lang='grc' dir='ltr'>πολέμων,</span> <span class='ocrx_word' id='word_1_68' title='bbox 1201 967 1296 1018; x_wconf 73' lang='grc' dir='ltr'>καὶ</span> <span class='ocrx_word' id='word_1_69' title='bbox 1325 967 1551 1036; x_wconf 74' lang='grc' dir='ltr'>εἰρήνης</span> <span class='ocrx_word' id='word_1_70' title='bbox 1595 965 1816 1034; x_wconf 86' lang='grc' dir='ltr'>βουλεύ-</span> 
     </span>
    </p>
   </div>
   <div class='ocr_carea' id='block_1_12' title="bbox 232 1051 1814 1128">
    <p class='ocr_par' dir='ltr' id='par_1_12' title="bbox 232 1051 1814 1128">
     <span class='ocr_line' id='line_1_12' title="bbox 232 1051 1814 1128; baseline 0.003 -22"><span class='ocrx_word' id='word_1_71' title='bbox 232 1074 388 1108; x_wconf 82' lang='grc' dir='ltr'>ονται</span> <span class='ocrx_word' id='word_1_72' title='bbox 414 1055 508 1108; x_wconf 62' lang='grc' dir='ltr'>καὶ</span> <span class='ocrx_word' id='word_1_73' title='bbox 535 1055 867 1122; x_wconf 77' lang='grc' dir='ltr'>πρεσϐειῶν,</span> <span class='ocrx_word' id='word_1_74' title='bbox 892 1056 919 1109; x_wconf 84' lang='grc' dir='ltr'>ὅ</span> <span class='ocrx_word' id='word_1_75' title='bbox 953 1073 1006 1107; x_wconf 92' lang='grc' dir='ltr'><strong>τι</strong></span> <span class='ocrx_word' id='word_1_76' title='bbox 1038 1057 1103 1108; x_wconf 86' lang='grc' dir='ltr'>ἂν</span> <span class='ocrx_word' id='word_1_77' title='bbox 1134 1051 1168 1128; x_wconf 85' lang='grc' dir='ltr'>ἦ</span> <span class='ocrx_word' id='word_1_78' title='bbox 1199 1056 1482 1126; x_wconf 77' lang='grc' dir='ltr'>δεδομένον</span> <span class='ocrx_word' id='word_1_79' title='bbox 1503 1060 1550 1095; x_wconf 85' lang='grc'><strong>⁸⁹</strong></span> <span class='ocrx_word' id='word_1_80' title='bbox 1582 1057 1814 1123; x_wconf 80' lang='grc' dir='ltr'><strong>τούτοις,</strong></span> 
     </span>
    </p>
   </div>
   <div class='ocr_carea' id='block_1_13' title="bbox 235 1147 1815 1218">
    <p class='ocr_par' dir='ltr' id='par_1_13' title="bbox 235 1147 1815 1218">
     <span class='ocr_line' id='line_1_13' title="bbox 235 1147 1815 1218; baseline 0 -17"><span class='ocrx_word' id='word_1_81' title='bbox 235 1147 529 1202; x_wconf 80' lang='grc' dir='ltr'>πείθεσθαι</span> <span class='ocrx_word' id='word_1_82' title='bbox 582 1149 782 1201; x_wconf 78' lang='grc' dir='ltr'>αὐτίκα</span> <span class='ocrx_word' id='word_1_83' title='bbox 837 1149 938 1217; x_wconf 77' lang='grc' dir='ltr'>τὴν</span> <span class='ocrx_word' id='word_1_84' title='bbox 987 1149 1164 1214; x_wconf 81' lang='grc' dir='ltr'>πόλιν,</span> <span class='ocrx_word' id='word_1_85' title='bbox 1214 1151 1308 1202; x_wconf 74' lang='grc' dir='ltr'>καὶ</span> <span class='ocrx_word' id='word_1_86' title='bbox 1341 1149 1399 1210; x_wconf 81' lang='grc' dir='ltr'><strong>ἐς</strong></span> <span class='ocrx_word' id='word_1_87' title='bbox 1443 1148 1471 1200; x_wconf 83' lang='grc' dir='ltr'>ὅ</span> <span class='ocrx_word' id='word_1_88' title='bbox 1508 1166 1558 1201; x_wconf 89' lang='grc' dir='ltr'><strong>τι</strong></span> <span class='ocrx_word' id='word_1_89' title='bbox 1590 1149 1657 1201; x_wconf 84' lang='grc' dir='ltr'>ἂν</span> <span class='ocrx_word' id='word_1_90' title='bbox 1690 1147 1815 1218; x_wconf 78' lang='grc' dir='ltr'>δόξῃ</span> 
     </span>
    </p>
   </div>
   <div class='ocr_carea' id='block_1_14' title="bbox 231 1241 1818 1313">
    <p class='ocr_par' dir='ltr' id='par_1_14' title="bbox 231 1241 1818 1313">
     <span class='ocr_line' id='line_1_14' title="bbox 231 1241 1818 1313; baseline 0 -19"><span class='ocrx_word' id='word_1_91' title='bbox 231 1242 412 1312; x_wconf 77' lang='grc' dir='ltr'>ταύτῃ</span> <span class='ocrx_word' id='word_1_92' title='bbox 447 1245 512 1312; x_wconf 84' lang='grc' dir='ltr'>τῇ</span> <span class='ocrx_word' id='word_1_93' title='bbox 553 1242 740 1313; x_wconf 79' lang='grc' dir='ltr'>βουλῇ,</span> <span class='ocrx_word' id='word_1_94' title='bbox 773 1241 1072 1310; x_wconf 76' lang='grc' dir='ltr'><strong>ξύμπασαν</strong></span> <span class='ocrx_word' id='word_1_95' title='bbox 1121 1243 1220 1312; x_wconf 83' lang='grc' dir='ltr'>τὴν</span> <span class='ocrx_word' id='word_1_96' title='bbox 1276 1242 1435 1294; x_wconf 74' lang='grc' dir='ltr'>πόλιν</span> <span class='ocrx_word' id='word_1_97' title='bbox 1484 1242 1641 1294; x_wconf 82' lang='grc' dir='ltr'>ίέναι.</span> <span class='ocrx_word' id='word_1_98' title='bbox 1691 1241 1818 1296; x_wconf 74' lang='grc' dir='ltr'><strong>Ἐπὶ</strong></span> 
     </span>
    </p>
   </div>
   <div class='ocr_carea' id='block_1_15' title="bbox 232 1333 1819 1404">
    <p class='ocr_par' dir='ltr' id='par_1_15' title="bbox 232 1333 1819 1404">
     <span class='ocr_line' id='line_1_15' title="bbox 232 1333 1819 1404; baseline -0.002 -17"><span class='ocrx_word' id='word_1_99' title='bbox 232 1337 291 1388; x_wconf 79' lang='grc' dir='ltr'>δὲ</span> <span class='ocrx_word' id='word_1_100' title='bbox 331 1339 445 1398; x_wconf 82' lang='grc' dir='ltr'>τοῖς</span> <span class='ocrx_word' id='word_1_101' title='bbox 478 1337 585 1388; x_wconf 77' lang='grc' dir='ltr'><strong>τῶν</strong></span> <span class='ocrx_word' id='word_1_102' title='bbox 629 1335 768 1388; x_wconf 79' lang='grc' dir='ltr'>ὅλων</span> <span class='ocrx_word' id='word_1_103' title='bbox 829 1336 1175 1404; x_wconf 76' lang='grc' dir='ltr'><strong>ἐγκλήμασιν</strong></span> <span class='ocrx_word' id='word_1_104' title='bbox 1240 1336 1533 1402; x_wconf 74' lang='grc' dir='ltr'><strong>ἐφεστᾶσιν</strong></span> <span class='ocrx_word' id='word_1_105' title='bbox 1559 1333 1819 1404; x_wconf 76' lang='grc' dir='ltr'>ἄρχοντες</span> 
     </span>
    </p>
   </div>
   <div class='ocr_carea' id='block_1_16' title="bbox 231 1426 1821 1498">
    <p class='ocr_par' dir='ltr' id='par_1_16' title="bbox 231 1426 1821 1498">
     <span class='ocr_line' id='line_1_16' title="bbox 231 1426 1821 1498; baseline -0.001 -19"><span class='ocrx_word' id='word_1_106' title='bbox 231 1430 392 1498; x_wconf 80' lang='grc' dir='ltr'>δέκα,</span> <span class='ocrx_word' id='word_1_107' title='bbox 422 1429 618 1489; x_wconf 80' lang='grc' dir='ltr'>οἵτινες</span> <span class='ocrx_word' id='word_1_108' title='bbox 658 1428 727 1480; x_wconf 85' lang='grc' dir='ltr'><strong>τά</strong></span> <span class='ocrx_word' id='word_1_109' title='bbox 755 1446 812 1480; x_wconf 86' lang='grc' dir='ltr'><strong>τε</strong></span> <span class='ocrx_word' id='word_1_110' title='bbox 843 1428 1188 1497; x_wconf 83' lang='grc' dir='ltr'>ἐγκλήματα,</span> <span class='ocrx_word' id='word_1_111' title='bbox 1223 1428 1317 1480; x_wconf 76' lang='grc' dir='ltr'>καὶ</span> <span class='ocrx_word' id='word_1_112' title='bbox 1347 1428 1443 1487; x_wconf 75' lang='grc' dir='ltr'>τὰς</span> <span class='ocrx_word' id='word_1_113' title='bbox 1478 1426 1670 1488; x_wconf 81' lang='grc' dir='ltr'>ποινὰς</span> <span class='ocrx_word' id='word_1_114' title='bbox 1701 1427 1821 1478; x_wconf 87' lang='grc' dir='ltr'>ἐπι-</span> 
     </span>
    </p>
   </div>
   <div class='ocr_carea' id='block_1_17' title="bbox 235 1517 1814 1590">
    <p class='ocr_par' dir='ltr' id='par_1_17' title="bbox 235 1517 1814 1590">
     <span class='ocr_line' id='line_1_17' title="bbox 235 1517 1814 1590; baseline -0.003 -19"><span class='ocrx_word' id='word_1_115' title='bbox 235 1520 504 1590; x_wconf 69' lang='grc' dir='ltr'>φέρουσιν</span> <span class='ocrx_word' id='word_1_116' title='bbox 532 1517 611 1570; x_wconf 73' lang='grc' dir='ltr'>ἐνὶ</span> <span class='ocrx_word' id='word_1_117' title='bbox 640 1518 881 1590; x_wconf 74' lang='grc' dir='ltr'>ἑκάστῳ.</span> <span class='ocrx_word' id='word_1_118' title='bbox 913 1517 1133 1584; x_wconf 76' lang='grc' dir='ltr'>Ἔξεστι</span> <span class='ocrx_word' id='word_1_119' title='bbox 1163 1519 1219 1571; x_wconf 81' lang='grc' dir='ltr'>δὲ</span> <span class='ocrx_word' id='word_1_120' title='bbox 1241 1519 1450 1578; x_wconf 79' lang='grc' dir='ltr'>τούτοις</span> <span class='ocrx_word' id='word_1_121' title='bbox 1480 1518 1568 1570; x_wconf 90' lang='grc' dir='ltr'><strong>τόν</strong></span> <span class='ocrx_word' id='word_1_122' title='bbox 1598 1535 1657 1568; x_wconf 91' lang='grc' dir='ltr'><strong>τε</strong></span> <span class='ocrx_word' id='word_1_123' title='bbox 1685 1518 1814 1586; x_wconf 70' lang='grc' dir='ltr'>ἠγε-</span> 
     </span>
    </p>
   </div>
   <div class='ocr_carea' id='block_1_18' title="bbox 237 1611 1817 1683">
    <p class='ocr_par' dir='ltr' id='par_1_18' title="bbox 237 1611 1817 1683">
     <span class='ocr_line' id='line_1_18' title="bbox 237 1611 1817 1683; baseline 0.004 -17"><span class='ocrx_word' id='word_1_124' title='bbox 237 1614 382 1683; x_wconf 83' lang='grc' dir='ltr'>μόνα</span> <span class='ocrx_word' id='word_1_125' title='bbox 431 1615 698 1676; x_wconf 79' lang='grc' dir='ltr'>λαϐόντας</span> <span class='ocrx_word' id='word_1_126' title='bbox 754 1615 983 1668; x_wconf 74' lang='grc' dir='ltr'>Θάνατον</span> <span class='ocrx_word' id='word_1_127' title='bbox 1032 1613 1370 1680; x_wconf 78' lang='grc' dir='ltr'>ἀπάγεσθαι,</span> <span class='ocrx_word' id='word_1_128' title='bbox 1403 1613 1510 1666; x_wconf 73' lang='grc' dir='ltr'><strong>ὑπὸ</strong></span> <span class='ocrx_word' id='word_1_129' title='bbox 1545 1611 1817 1682; x_wconf 75' lang='grc' dir='ltr'><strong>μηδεμιᾶς</strong></span> 
     </span>
    </p>
   </div>
   <div class='ocr_carea' id='block_1_19' title="bbox 235 1705 1820 1779">
    <p class='ocr_par' dir='ltr' id='par_1_19' title="bbox 235 1705 1820 1779">
     <span class='ocr_line' id='line_1_19' title="bbox 235 1705 1820 1779; baseline -0.001 -19"><span class='ocrx_word' id='word_1_130' title='bbox 235 1709 348 1761; x_wconf 79' lang='grc' dir='ltr'><strong>τῶν</strong></span> <span class='ocrx_word' id='word_1_131' title='bbox 403 1710 589 1779; x_wconf 86' lang='grc' dir='ltr'>ἀρχῶν</span> <span class='ocrx_word' id='word_1_132' title='bbox 623 1708 1093 1778; x_wconf 79' lang='grc' dir='ltr'>’ἀπαιτουμένους</span> <span class='ocrx_word' id='word_1_133' title='bbox 1131 1707 1230 1775; x_wconf 77' lang='grc' dir='ltr'>τὴν</span> <span class='ocrx_word' id='word_1_134' title='bbox 1263 1706 1444 1760; x_wconf 89' lang='grc' dir='ltr'>αἰτίαν</span> <span class='ocrx_word' id='word_1_135' title='bbox 1493 1707 1590 1774; x_wconf 80' lang='grc' dir='ltr'>τῆς</span> <span class='ocrx_word' id='word_1_136' title='bbox 1621 1705 1780 1772; x_wconf 81' lang='grc' dir='ltr'><strong>δίκης</strong></span> <span class='ocrx_word' id='word_1_137' title='bbox 1803 1719 1820 1734; x_wconf 84' lang='grc'><strong>·</strong></span> 
     </span>
    </p>
   </div>
   <div class='ocr_carea' id='block_1_20' title="bbox 236 1795 1821 1869">
    <p class='ocr_par' dir='ltr' id='par_1_20' title="bbox 236 1795 1821 1869">
     <span class='ocr_line' id='line_1_20' title="bbox 236 1795 1821 1869; baseline -0.002 -18"><span class='ocrx_word' id='word_1_138' title='bbox 236 1801 526 1853; x_wconf 82' lang='grc' dir='ltr'>διαιτεῖται</span> <span class='ocrx_word' id='word_1_139' title='bbox 554 1800 664 1869; x_wconf 77' lang='grc' dir='ltr'><strong>γὰρ</strong></span> <span class='ocrx_word' id='word_1_140' title='bbox 714 1797 886 1860; x_wconf 80' lang='grc' dir='ltr'>οὕτως</span> <span class='ocrx_word' id='word_1_141' title='bbox 909 1815 922 1828; x_wconf 87' lang='grc'>⁶</span> <span class='ocrx_word' id='word_1_142' title='bbox 955 1799 1049 1852; x_wconf 73' lang='grc' dir='ltr'>καὶ</span> <span class='ocrx_word' id='word_1_143' title='bbox 1080 1797 1439 1856; x_wconf 78' lang='grc' dir='ltr'>καθίστανται</span> <span class='ocrx_word' id='word_1_144' title='bbox 1469 1797 1570 1866; x_wconf 67' lang='grc' dir='ltr'><strong>ἥδη</strong></span> <span class='ocrx_word' id='word_1_145' title='bbox 1605 1795 1821 1868; x_wconf 83' lang='grc' dir='ltr'>ξυμπά-</span> 
     </span>
    </p>
   </div>
   <div class='ocr_carea' id='block_1_21' title="bbox 240 1888 1823 1962">
    <p class='ocr_par' dir='ltr' id='par_1_21' title="bbox 240 1888 1823 1962">
     <span class='ocr_line' id='line_1_21' title="bbox 240 1888 1823 1962; baseline -0.002 -17"><span class='ocrx_word' id='word_1_146' title='bbox 240 1909 345 1962; x_wconf 86' lang='grc' dir='ltr'>σης</span> <span class='ocrx_word' id='word_1_147' title='bbox 372 1891 472 1960; x_wconf 81' lang='grc' dir='ltr'>τῆς</span> <span class='ocrx_word' id='word_1_148' title='bbox 504 1891 712 1955; x_wconf 83' lang='grc' dir='ltr'>πόλεως</span> <span class='ocrx_word' id='word_1_149' title='bbox 742 1893 798 1953; x_wconf 82' lang='grc' dir='ltr'><strong>ἐς</strong></span> <span class='ocrx_word' id='word_1_150' title='bbox 822 1891 921 1954; x_wconf 77' lang='grc' dir='ltr'>τὰς</span> <span class='ocrx_word' id='word_1_151' title='bbox 949 1889 1183 1952; x_wconf 72' lang='grc' dir='ltr'>εὐθύνας</span> <span class='ocrx_word' id='word_1_152' title='bbox 1205 1889 1312 1942; x_wconf 85' lang='grc' dir='ltr'>τῶν</span> <span class='ocrx_word' id='word_1_153' title='bbox 1339 1890 1518 1944; x_wconf 77' lang='grc' dir='ltr'>ὁτιοῦν</span> <span class='ocrx_word' id='word_1_154' title='bbox 1543 1888 1670 1958; x_wconf 85' lang='grc' dir='ltr'>περί</span> <span class='ocrx_word' id='word_1_155' title='bbox 1701 1906 1823 1942; x_wconf 84' lang='grc' dir='ltr'>τινα</span> 
     </span>
    </p>
   </div>
   <div class='ocr_carea' id='block_1_22' title="bbox 237 1982 1821 2067">
    <p class='ocr_par' dir='ltr' id='par_1_22' title="bbox 237 1982 1821 2067">
     <span class='ocr_line' id='line_1_22' title="bbox 237 1982 1821 2067; baseline -0.003 -28"><span class='ocrx_word' id='word_1_156' title='bbox 237 1986 687 2056; x_wconf 78' lang='grc' dir='ltr'>ἐξαμαρτόντων,</span> <span class='ocrx_word' id='word_1_157' title='bbox 725 1985 758 2050; x_wconf 84' lang='grc' dir='ltr'>ἢ</span> <span class='ocrx_word' id='word_1_158' title='bbox 803 1985 935 2067; x_wconf 47' lang='grc' dir='ltr'>περ.</span> <span class='ocrx_word' id='word_1_159' title='bbox 968 1984 1067 2055; x_wconf 78' lang='grc' dir='ltr'>τὴν</span> <span class='ocrx_word' id='word_1_160' title='bbox 1105 1982 1282 2047; x_wconf 86' lang='grc' dir='ltr'>πόλιν,</span> <span class='ocrx_word' id='word_1_161' title='bbox 1334 1983 1366 2052; x_wconf 81' lang='grc' dir='ltr'>ἢ</span> <span class='ocrx_word' id='word_1_162' title='bbox 1421 1984 1478 2046; x_wconf 89' lang='grc' dir='ltr'><strong>ἐς</strong></span> <span class='ocrx_word' id='word_1_163' title='bbox 1534 1982 1821 2054; x_wconf 85' lang='grc' dir='ltr'>ἀλλήλους.</span> 
     </span>
    </p>
   </div>
   <div class='ocr_carea' id='block_1_23' title="bbox 243 2076 1820 2148">
    <p class='ocr_par' dir='ltr' id='par_1_23' title="bbox 243 2076 1820 2148">
     <span class='ocr_line' id='line_1_23' title="bbox 243 2076 1820 2148; baseline -0.003 -15"><span class='ocrx_word' id='word_1_164' title='bbox 243 2082 508 2148; x_wconf 79' lang='grc' dir='ltr'>Ἀγονται</span> <span class='ocrx_word' id='word_1_165' title='bbox 542 2080 598 2133; x_wconf 81' lang='grc' dir='ltr'>δὲ</span> <span class='ocrx_word' id='word_1_166' title='bbox 631 2080 888 2144; x_wconf 82' lang='grc' dir='ltr'>Θανάτου,</span> <span class='ocrx_word' id='word_1_167' title='bbox 918 2081 1101 2136; x_wconf 78' lang='grc' dir='ltr'>ὅντινα</span> <span class='ocrx_word' id='word_1_168' title='bbox 1154 2078 1219 2130; x_wconf 80' lang='grc' dir='ltr'>ἂν</span> <span class='ocrx_word' id='word_1_169' title='bbox 1277 2077 1538 2130; x_wconf 80' lang='grc' dir='ltr'>ὑπόδικον</span> <span class='ocrx_word' id='word_1_170' title='bbox 1591 2076 1820 2144; x_wconf 78' lang='grc' dir='ltr'><strong>εὕρωσι.</strong></span> 
     </span>
    </p>
   </div>
   <div class='ocr_carea' id='block_1_24' title="bbox 242 2167 1822 2231">
    <p class='ocr_par' dir='ltr' id='par_1_24' title="bbox 242 2167 1822 2231">
     <span class='ocr_line' id='line_1_24' title="bbox 242 2167 1822 2231; baseline -0.004 -7"><span class='ocrx_word' id='word_1_171' title='bbox 242 2172 620 2227; x_wconf 76' lang='grc' dir='ltr'>Καθίστανται</span> <span class='ocrx_word' id='word_1_172' title='bbox 653 2171 711 2223; x_wconf 82' lang='grc' dir='ltr'>δὲ</span> <span class='ocrx_word' id='word_1_173' title='bbox 742 2173 838 2223; x_wconf 83' lang='grc' dir='ltr'>καὶ</span> <span class='ocrx_word' id='word_1_174' title='bbox 878 2171 934 2231; x_wconf 87' lang='grc' dir='ltr'><strong>ἐς</strong></span> <span class='ocrx_word' id='word_1_175' title='bbox 987 2169 1083 2231; x_wconf 81' lang='grc' dir='ltr'><strong>τὰς</strong></span> <span class='ocrx_word' id='word_1_176' title='bbox 1118 2168 1284 2230; x_wconf 77' lang='grc' dir='ltr'>ἄλλας</span> <span class='ocrx_word' id='word_1_177' title='bbox 1341 2169 1499 2230; x_wconf 88' lang='grc' dir='ltr'>δίκας</span> <span class='ocrx_word' id='word_1_178' title='bbox 1547 2167 1822 2229; x_wconf 77' lang='grc' dir='ltr'>δικασταὶ,</span> 
     </span>
    </p>
   </div>
   <div class='ocr_carea' id='block_1_25' title="bbox 240 2257 1821 2334">
    <p class='ocr_par' dir='ltr' id='par_1_25' title="bbox 240 2257 1821 2334">
     <span class='ocr_line' id='line_1_25' title="bbox 240 2257 1821 2334; baseline -0.002 -19"><span class='ocrx_word' id='word_1_179' title='bbox 240 2266 352 2317; x_wconf 79' lang='grc' dir='ltr'><strong>τῶν</strong></span> <span class='ocrx_word' id='word_1_180' title='bbox 386 2283 446 2316; x_wconf 89' lang='grc' dir='ltr'><strong>τε</strong></span> <span class='ocrx_word' id='word_1_181' title='bbox 481 2263 796 2334; x_wconf 77' lang='grc' dir='ltr'>ἐπιχωρίων</span> <span class='ocrx_word' id='word_1_182' title='bbox 835 2262 1008 2327; x_wconf 81' lang='grc' dir='ltr'>ἄλλοι,</span> <span class='ocrx_word' id='word_1_183' title='bbox 1040 2264 1132 2314; x_wconf 73' lang='grc' dir='ltr'>καὶ</span> <span class='ocrx_word' id='word_1_184' title='bbox 1162 2263 1218 2322; x_wconf 76' lang='grc' dir='ltr'><strong>ἐς</strong></span> <span class='ocrx_word' id='word_1_185' title='bbox 1258 2260 1384 2324; x_wconf 72' lang='grc' dir='ltr'>τοὺς</span> <span class='ocrx_word' id='word_1_186' title='bbox 1423 2260 1608 2324; x_wconf 82' lang='grc' dir='ltr'>ξένους</span> <span class='ocrx_word' id='word_1_187' title='bbox 1648 2257 1821 2312; x_wconf 79' lang='grc' dir='ltr'>ἄλλοι.</span> 
     </span>
    </p>
   </div>
   <div class='ocr_carea' id='block_1_26' title="bbox 219 2351 1827 2425">
    <p class='ocr_par' dir='ltr' id='par_1_26' title="bbox 219 2351 1827 2425">
     <span class='ocr_line' id='line_1_26' title="bbox 219 2351 1827 2425; baseline -0.004 -15"><span class='ocrx_word' id='word_1_188' title='bbox 219 2387 222 2391; x_wconf 83' lang='grc'><strong>·</strong></span> <span class='ocrx_word' id='word_1_189' title='bbox 255 2357 385 2410; x_wconf 75' lang='grc' dir='ltr'>Ἐπὶ</span> <span class='ocrx_word' id='word_1_190' title='bbox 413 2355 623 2422; x_wconf 81' lang='grc' dir='ltr'>τούτοις</span> <span class='ocrx_word' id='word_1_191' title='bbox 673 2357 962 2423; x_wconf 74' lang='grc' dir='ltr'>ἐφιστᾶσιν</span> <span class='ocrx_word' id='word_1_192' title='bbox 1006 2355 1272 2425; x_wconf 78' lang='grc' dir='ltr'>ἄρχοντας</span> <span class='ocrx_word' id='word_1_193' title='bbox 1303 2351 1737 2420; x_wconf 80' lang='grc' dir='ltr'>τεσσαράκοντα,</span> <span class='ocrx_word' id='word_1_194' title='bbox 1769 2353 1827 2414; x_wconf 88' lang='grc' dir='ltr'><strong>ἐς</strong></span> 
     </span>
    </p>
   </div>
   <div class='ocr_carea' id='block_1_27' title="bbox 240 2441 1826 2515">
    <p class='ocr_par' dir='ltr' id='par_1_27' title="bbox 240 2441 1826 2515">
     <span class='ocr_line' id='line_1_27' title="bbox 240 2441 1826 2515; baseline -0.006 -13"><span class='ocrx_word' id='word_1_195' title='bbox 240 2446 341 2511; x_wconf 60' lang='grc' dir='ltr'>οὓς</span> <span class='ocrx_word' id='word_1_196' title='bbox 394 2447 619 2500; x_wconf 74' lang='grc' dir='ltr'>ἐπειδὰν</span> <span class='ocrx_word' id='word_1_197' title='bbox 659 2447 716 2501; x_wconf 84' lang='grc' dir='ltr'><strong>αί</strong></span> <span class='ocrx_word' id='word_1_198' title='bbox 763 2446 913 2502; x_wconf 80' lang='grc' dir='ltr'>δίκαι</span> <span class='ocrx_word' id='word_1_199' title='bbox 967 2445 1356 2515; x_wconf 79' lang='grc' dir='ltr'>ἀνενεχθῶσιν,</span> <span class='ocrx_word' id='word_1_200' title='bbox 1392 2443 1684 2498; x_wconf 81' lang='grc' dir='ltr'>εύθύνουσι</span> <span class='ocrx_word' id='word_1_201' title='bbox 1729 2441 1826 2504; x_wconf 77' lang='grc' dir='ltr'>τὰς</span> 
     </span>
    </p>
   </div>
   <div class='ocr_carea' id='block_1_28' title="bbox 238 2535 1828 2611">
    <p class='ocr_par' dir='ltr' id='par_1_28' title="bbox 238 2535 1828 2611">
     <span class='ocr_line' id='line_1_28' title="bbox 238 2535 1828 2611; baseline -0.019 -9"><span class='ocrx_word' id='word_1_202' title='bbox 238 2541 486 2611; x_wconf 75' lang='grc' dir='ltr'>ψήφους,</span> <span class='ocrx_word' id='word_1_203' title='bbox 519 2541 574 2603; x_wconf 84' lang='grc' dir='ltr'><strong>ἐς</strong></span> <span class='ocrx_word' id='word_1_204' title='bbox 609 2542 670 2592; x_wconf 84' lang='grc' dir='ltr'>τὸ</span> <span class='ocrx_word' id='word_1_205' title='bbox 714 2539 1022 2606; x_wconf 73' lang='grc' dir='ltr'>σφίσινέπὶ</span> <span class='ocrx_word' id='word_1_206' title='bbox 1071 2538 1131 2591; x_wconf 86' lang='grc' dir='ltr'>τὸ</span> <span class='ocrx_word' id='word_1_207' title='bbox 1165 2538 1242 2600; x_wconf 86' lang='grc' dir='ltr'><strong>ὡς</strong></span> <span class='ocrx_word' id='word_1_208' title='bbox 1273 2537 1545 2607; x_wconf 73' lang='grc' dir='ltr'>κράτιστα</span> <span class='ocrx_word' id='word_1_209' title='bbox 1571 2535 1716 2604; x_wconf 73' lang='grc' dir='ltr'>ἔχειν</span> <span class='ocrx_word' id='word_1_210' title='bbox 1741 2535 1828 2587; x_wconf 80' lang='grc' dir='ltr'><strong>δο-</strong></span> 
     </span>
    </p>
   </div>
   <div class='ocr_carea' id='block_1_29' title="bbox 243 2626 1830 2704">
    <p class='ocr_par' dir='ltr' id='par_1_29' title="bbox 243 2626 1830 2704">
     <span class='ocr_line' id='line_1_29' title="bbox 243 2626 1830 2704; baseline -0.003 -21"><span class='ocrx_word' id='word_1_211' title='bbox 243 2632 402 2686; x_wconf 84' lang='grc' dir='ltr'><strong>κοῦν.</strong></span> <span class='ocrx_word' id='word_1_212' title='bbox 436 2631 536 2686; x_wconf 80' lang='grc' dir='ltr'>Ἢν</span> <span class='ocrx_word' id='word_1_213' title='bbox 567 2633 623 2685; x_wconf 76' lang='grc' dir='ltr'><strong>δέ</strong></span> <span class='ocrx_word' id='word_1_214' title='bbox 658 2633 733 2704; x_wconf 80' lang='grc' dir='ltr'>μὴ</span> <span class='ocrx_word' id='word_1_215' title='bbox 767 2634 1161 2702; x_wconf 81' lang='grc' dir='ltr'>συμφέρωνται</span> <span class='ocrx_word' id='word_1_216' title='bbox 1192 2631 1245 2692; x_wconf 83' lang='grc' dir='ltr'><strong>ἐς</strong></span> <span class='ocrx_word' id='word_1_217' title='bbox 1270 2629 1368 2697; x_wconf 82' lang='grc' dir='ltr'>τὴν</span> <span class='ocrx_word' id='word_1_218' title='bbox 1401 2629 1579 2696; x_wconf 86' lang='grc' dir='ltr'>δίκην,</span> <span class='ocrx_word' id='word_1_219' title='bbox 1608 2627 1702 2681; x_wconf 70' lang='grc' dir='ltr'>ἐπὶ</span> <span class='ocrx_word' id='word_1_220' title='bbox 1730 2626 1830 2698; x_wconf 76' lang='grc' dir='ltr'>τὴν</span> 
     </span>
    </p>
   </div>
   <div class='ocr_carea' id='block_1_30' title="bbox 241 2720 1834 2796">
    <p class='ocr_par' dir='ltr' id='par_1_30' title="bbox 241 2720 1834 2796">
     <span class='ocr_line' id='line_1_30' title="bbox 241 2720 1834 2796; baseline -0.004 -18"><span class='ocrx_word' id='word_1_221' title='bbox 241 2724 359 2778; x_wconf 84' lang='grc' dir='ltr'><strong>τῶν</strong></span> <span class='ocrx_word' id='word_1_222' title='bbox 391 2724 605 2796; x_wconf 85' lang='grc' dir='ltr'>κλητῶν</span> <span class='ocrx_word' id='word_1_223' title='bbox 641 2726 838 2795; x_wconf 74' lang='grc' dir='ltr'>βουλὴν</span> <span class='ocrx_word' id='word_1_224' title='bbox 863 2724 1220 2792; x_wconf 76' lang='grc' dir='ltr'>ἀναφέρεται,</span> <span class='ocrx_word' id='word_1_225' title='bbox 1248 2722 1412 2774; x_wconf 79' lang='grc' dir='ltr'>κάκεῖ</span> <span class='ocrx_word' id='word_1_226' title='bbox 1435 2720 1834 2790; x_wconf 87' lang='grc' dir='ltr'>πολυπραγμο-</span> 
     </span>
    </p>
   </div>
   <div class='ocr_carea' id='block_1_31' title="bbox 242 2813 1834 2891">
    <p class='ocr_par' dir='ltr' id='par_1_31' title="bbox 242 2813 1834 2891">
     <span class='ocr_line' id='line_1_31' title="bbox 242 2813 1834 2891; baseline -0.004 -18"><span class='ocrx_word' id='word_1_227' title='bbox 242 2821 447 2881; x_wconf 78' lang='grc' dir='ltr'>νεῖται,</span> <span class='ocrx_word' id='word_1_228' title='bbox 481 2819 574 2872; x_wconf 73' lang='grc' dir='ltr'>καὶ</span> <span class='ocrx_word' id='word_1_229' title='bbox 609 2820 711 2891; x_wconf 76' lang='grc' dir='ltr'>τὴν</span> <span class='ocrx_word' id='word_1_230' title='bbox 749 2817 1023 2870; x_wconf 75' lang='grc' dir='ltr'>ἀπόϐκσιν</span> <span class='ocrx_word' id='word_1_231' title='bbox 1071 2818 1232 2886; x_wconf 73' lang='grc' dir='ltr'>ἴσχει.</span> <span class='ocrx_word' id='word_1_232' title='bbox 1271 2817 1396 2868; x_wconf 75' lang='grc' dir='ltr'><strong>Εἰσὶ</strong></span> <span class='ocrx_word' id='word_1_233' title='bbox 1445 2814 1548 2884; x_wconf 75' lang='grc' dir='ltr'>μὲν</span> <span class='ocrx_word' id='word_1_234' title='bbox 1595 2813 1688 2868; x_wconf 72' lang='grc' dir='ltr'>οὖν</span> <span class='ocrx_word' id='word_1_235' title='bbox 1739 2814 1834 2867; x_wconf 71' lang='grc' dir='ltr'>καὶ</span> 
     </span>
    </p>
   </div>
   <div class='ocr_carea' id='block_1_32' title="bbox 241 2908 1832 2982">
    <p class='ocr_par' dir='ltr' id='par_1_32' title="bbox 241 2908 1832 2982">
     <span class='ocr_line' id='line_1_32' title="bbox 241 2908 1832 2982; baseline -0.004 -17"><span class='ocrx_word' id='word_1_236' title='bbox 241 2911 410 2966; x_wconf 78' lang='grc' dir='ltr'>ἄλλαι</span> <span class='ocrx_word' id='word_1_237' title='bbox 435 2912 602 2980; x_wconf 83' lang='grc' dir='ltr'>ἀρχαὶ</span> <span class='ocrx_word' id='word_1_238' title='bbox 632 2911 732 2962; x_wconf 82' lang='grc' dir='ltr'>οὐκ</span> <span class='ocrx_word' id='word_1_239' title='bbox 759 2910 938 2980; x_wconf 78' lang='grc' dir='ltr'>ὀλίγαι</span> <span class='ocrx_word' id='word_1_240' title='bbox 964 2912 1060 2982; x_wconf 77' lang='grc' dir='ltr'>τῆς</span> <span class='ocrx_word' id='word_1_241' title='bbox 1087 2909 1319 2972; x_wconf 84' lang='grc' dir='ltr'>πόλεως,</span> <span class='ocrx_word' id='word_1_242' title='bbox 1346 2909 1595 2978; x_wconf 77' lang='grc' dir='ltr'>φυλακῆς</span> <span class='ocrx_word' id='word_1_243' title='bbox 1616 2925 1676 2962; x_wconf 85' lang='grc' dir='ltr'><strong>τε</strong></span> <span class='ocrx_word' id='word_1_244' title='bbox 1703 2908 1832 2976; x_wconf 79' lang='grc' dir='ltr'>πέρι</span> 
     </span>
    </p>
   </div>
   <div class='ocr_carea' id='block_1_33' title="bbox 243 3000 1834 3073">
    <p class='ocr_par' dir='ltr' id='par_1_33' title="bbox 243 3000 1834 3073">
     <span class='ocr_line' id='line_1_33' title="bbox 243 3000 1834 3073; baseline -0.002 -18"><span class='ocrx_word' id='word_1_245' title='bbox 243 3005 589 3073; x_wconf 74' lang='grc' dir='ltr'>καθήκεσαν,</span> <span class='ocrx_word' id='word_1_246' title='bbox 622 3003 713 3054; x_wconf 72' lang='grc' dir='ltr'>καὶ</span> <span class='ocrx_word' id='word_1_247' title='bbox 749 3003 804 3064; x_wconf 78' lang='grc' dir='ltr'><strong>ἐς</strong></span> <span class='ocrx_word' id='word_1_248' title='bbox 850 3004 978 3069; x_wconf 81' lang='grc' dir='ltr'>τοὺς</span> <span class='ocrx_word' id='word_1_249' title='bbox 1033 3001 1226 3064; x_wconf 83' lang='grc' dir='ltr'>νυκτὸς</span> <span class='ocrx_word' id='word_1_250' title='bbox 1282 3000 1554 3062; x_wconf 75' lang='grc' dir='ltr'>ἀστασίαν</span> <span class='ocrx_word' id='word_1_251' title='bbox 1598 3001 1723 3053; x_wconf 74' lang='grc' dir='ltr'>τινὰ</span> <span class='ocrx_word' id='word_1_252' title='bbox 1777 3001 1834 3063; x_wconf 77' lang='grc' dir='ltr'><strong>ἐς</strong></span> 
     </span>
    </p>
   </div>
   <div class='ocr_carea' id='block_1_34' title="bbox 1916 497 3496 568">
    <p class='ocr_par' dir='ltr' id='par_1_34' title="bbox 1916 497 3496 568">
     <span class='ocr_line' id='line_1_34' title="bbox 1916 497 3496 568; baseline 0.004 -18"><span class='ocrx_word' id='word_1_253' title='bbox 1916 505 2132 567; x_wconf 87' lang='lat' dir='ltr'><strong>partem</strong></span> <span class='ocrx_word' id='word_1_254' title='bbox 2214 512 2474 552; x_wconf 88' lang='lat' dir='ltr'><strong>curarum</strong></span> <span class='ocrx_word' id='word_1_255' title='bbox 2538 498 2890 566; x_wconf 76' lang='lat' dir='ltr'><strong>principatus</strong></span> <span class='ocrx_word' id='word_1_256' title='bbox 2974 497 3357 554; x_wconf 89' lang='lat' dir='ltr'><strong>adhibentur:</strong></span> <span class='ocrx_word' id='word_1_257' title='bbox 3399 502 3496 568; x_wconf 86' lang='lat' dir='ltr'><strong>qui</strong></span> 
     </span>
    </p>
   </div>
   <div class='ocr_carea' id='block_1_35' title="bbox 1922 587 3496 660">
    <p class='ocr_par' dir='ltr' id='par_1_35' title="bbox 1922 587 3496 660">
     <span class='ocr_line' id='line_1_35' title="bbox 1922 587 3496 660; baseline 0.004 -20"><span class='ocrx_word' id='word_1_258' title='bbox 1922 588 2208 644; x_wconf 82' lang='lat' dir='ltr'><strong>mensibus</strong></span> <span class='ocrx_word' id='word_1_259' title='bbox 2281 589 2430 644; x_wconf 79' lang='lat' dir='ltr'><strong>senis</strong></span> <span class='ocrx_word' id='word_1_260' title='bbox 2491 587 2750 653; x_wconf 88' lang='lat' dir='ltr'><strong>evolutis,</strong></span> <span class='ocrx_word' id='word_1_261' title='bbox 2803 590 3133 660; x_wconf 81' lang='lat' dir='ltr'><strong>dignitatem</strong></span> <span class='ocrx_word' id='word_1_262' title='bbox 3190 591 3496 659; x_wconf 87' lang='lat' dir='ltr'><strong>deponunt.</strong></span> 
     </span>
    </p>
   </div>
   <div class='ocr_carea' id='block_1_36' title="bbox 1915 677 3500 752">
    <p class='ocr_par' dir='ltr' id='par_1_36' title="bbox 1915 677 3500 752">
     <span class='ocr_line' id='line_1_36' title="bbox 1915 677 3500 752; baseline 0.003 -21"><span class='ocrx_word' id='word_1_263' title='bbox 1915 677 2042 732; x_wconf 87' lang='lat' dir='ltr'><strong>Post</strong></span> <span class='ocrx_word' id='word_1_264' title='bbox 2069 691 2319 734; x_wconf 86' lang='lat' dir='ltr'><strong>senatum</strong></span> <span class='ocrx_word' id='word_1_265' title='bbox 2341 695 2596 752; x_wconf 87' lang='lat' dir='ltr'><strong>magnum</strong></span> <span class='ocrx_word' id='word_1_266' title='bbox 2619 680 2761 735; x_wconf 85' lang='lat' dir='ltr'><strong>alius</strong></span> <span class='ocrx_word' id='word_1_267' title='bbox 2778 687 3009 736; x_wconf 90' lang='lat' dir='ltr'><strong>senatus</strong></span> <span class='ocrx_word' id='word_1_268' title='bbox 3032 688 3144 745; x_wconf 86' lang='lat' dir='ltr'><strong>est,</strong></span> <span class='ocrx_word' id='word_1_269' title='bbox 3172 681 3265 749; x_wconf 88' lang='lat' dir='ltr'><strong>qui</strong></span> <span class='ocrx_word' id='word_1_270' title='bbox 3290 681 3500 736; x_wconf 71' lang='lat' dir='ltr'><strong>Evoca-</strong></span> 
     </span>
    </p>
   </div>
   <div class='ocr_carea' id='block_1_37' title="bbox 1918 771 3498 843">
    <p class='ocr_par' dir='ltr' id='par_1_37' title="bbox 1918 771 3498 843">
     <span class='ocr_line' id='line_1_37' title="bbox 1918 771 3498 843; baseline 0.002 -19"><span class='ocrx_word' id='word_1_271' title='bbox 1918 778 2094 824; x_wconf 83' lang='lat' dir='ltr'><strong>torum</strong></span> <span class='ocrx_word' id='word_1_272' title='bbox 2123 772 2234 843; x_wconf 78' lang='grc'><strong>(15)</strong></span> <span class='ocrx_word' id='word_1_273' title='bbox 2269 771 2488 837; x_wconf 87' lang='lat' dir='ltr'><strong>dicitur,</strong></span> <span class='ocrx_word' id='word_1_274' title='bbox 2514 773 2606 838; x_wconf 91' lang='lat' dir='ltr'><strong>qui</strong></span> <span class='ocrx_word' id='word_1_275' title='bbox 2629 772 2760 828; x_wconf 88' lang='lat' dir='ltr'><strong>viris</strong></span> <span class='ocrx_word' id='word_1_276' title='bbox 2787 781 3005 827; x_wconf 86' lang='lat' dir='ltr'><strong>constat</strong></span> <span class='ocrx_word' id='word_1_277' title='bbox 3029 772 3312 827; x_wconf 80' lang='lat' dir='ltr'><strong>trecentis.</strong></span> <span class='ocrx_word' id='word_1_278' title='bbox 3343 771 3498 827; x_wconf 80' lang='lat' dir='ltr'><strong>Hunc</strong></span> 
     </span>
    </p>
   </div>
   <div class='ocr_carea' id='block_1_38' title="bbox 1919 865 3500 935">
    <p class='ocr_par' dir='ltr' id='par_1_38' title="bbox 1919 865 3500 935">
     <span class='ocr_line' id='line_1_38' title="bbox 1919 865 3500 935; baseline 0 -17"><span class='ocrx_word' id='word_1_279' title='bbox 1919 875 2173 918; x_wconf 82' lang='lat' dir='ltr'><strong>senatum</strong></span> <span class='ocrx_word' id='word_1_280' title='bbox 2237 873 2429 918; x_wconf 84' lang='lat' dir='ltr'><strong>creant</strong></span> <span class='ocrx_word' id='word_1_281' title='bbox 2487 865 2541 918; x_wconf 91' lang='lat' dir='ltr'><strong>in</strong></span> <span class='ocrx_word' id='word_1_282' title='bbox 2578 879 2776 934; x_wconf 82' lang='lat' dir='ltr'><strong>magno</strong></span> <span class='ocrx_word' id='word_1_283' title='bbox 2815 875 3036 930; x_wconf 90' lang='lat' dir='ltr'><strong>senatu,</strong></span> <span class='ocrx_word' id='word_1_284' title='bbox 3081 865 3500 935; x_wconf 85' lang='lat' dir='ltr'><strong>allegentesqui</strong></span> 
     </span>
    </p>
   </div>
   <div class='ocr_carea' id='block_1_39' title="bbox 1921 957 3500 1029">
    <p class='ocr_par' dir='ltr' id='par_1_39' title="bbox 1921 957 3500 1029">
     <span class='ocr_line' id='line_1_39' title="bbox 1921 957 3500 1029; baseline -0.001 -17"><span class='ocrx_word' id='word_1_285' title='bbox 1921 958 2209 1029; x_wconf 77' lang='lat' dir='ltr'><strong>prudentia</strong></span> <span class='ocrx_word' id='word_1_286' title='bbox 2269 967 2533 1028; x_wconf 69' lang='lat' dir='ltr'><strong>praestare</strong></span> <span class='ocrx_word' id='word_1_287' title='bbox 2573 958 2856 1012; x_wconf 88' lang='lat' dir='ltr'><strong>videntur.</strong></span> <span class='ocrx_word' id='word_1_288' title='bbox 2913 957 3151 1021; x_wconf 81' lang='lat' dir='ltr'><strong>Senatus</strong></span> <span class='ocrx_word' id='word_1_289' title='bbox 3193 968 3374 1012; x_wconf 89' lang='lat' dir='ltr'><strong>autem</strong></span> <span class='ocrx_word' id='word_1_290' title='bbox 3400 973 3500 1010; x_wconf 86' lang='lat' dir='ltr'><strong>vo-</strong></span> 
     </span>
    </p>
   </div>
   <div class='ocr_carea' id='block_1_40' title="bbox 1919 1049 3498 1120">
    <p class='ocr_par' dir='ltr' id='par_1_40' title="bbox 1919 1049 3498 1120">
     <span class='ocr_line' id='line_1_40' title="bbox 1919 1049 3498 1120; baseline -0.003 -14"><span class='ocrx_word' id='word_1_291' title='bbox 1919 1059 2167 1107; x_wconf 87' lang='lat' dir='ltr'><strong>catorum</strong></span> <span class='ocrx_word' id='word_1_292' title='bbox 2183 1049 2251 1104; x_wconf 90' lang='lat' dir='ltr'><strong>de</strong></span> <span class='ocrx_word' id='word_1_293' title='bbox 2280 1050 2426 1106; x_wconf 80' lang='lat' dir='ltr'><strong>bello</strong></span> <span class='ocrx_word' id='word_1_294' title='bbox 2453 1057 2507 1106; x_wconf 91' lang='lat' dir='ltr'><strong>et</strong></span> <span class='ocrx_word' id='word_1_295' title='bbox 2529 1063 2665 1119; x_wconf 86' lang='lat' dir='ltr'><strong>pace</strong></span> <span class='ocrx_word' id='word_1_296' title='bbox 2693 1049 3175 1120; x_wconf 72' lang='lat' dir='ltr'><strong>legationibusque</strong></span> <span class='ocrx_word' id='word_1_297' title='bbox 3201 1050 3498 1104; x_wconf 85' lang='lat' dir='ltr'><strong>consultat.</strong></span> 
     </span>
    </p>
   </div>
   <div class='ocr_carea' id='block_1_41' title="bbox 1933 1141 3498 1213">
    <p class='ocr_par' dir='ltr' id='par_1_41' title="bbox 1933 1141 3498 1213">
     <span class='ocr_line' id='line_1_41' title="bbox 1933 1141 3498 1213; baseline -0.004 -15"><span class='ocrx_word' id='word_1_298' title='bbox 1933 1145 1998 1198; x_wconf 79' lang='lat' dir='ltr'><strong>Et</strong></span> <span class='ocrx_word' id='word_1_299' title='bbox 2059 1144 2133 1209; x_wconf 82' lang='lat' dir='ltr'><strong>ei,</strong></span> <span class='ocrx_word' id='word_1_300' title='bbox 2188 1144 2562 1213; x_wconf 87' lang='lat' dir='ltr'><strong>quodcunque</strong></span> <span class='ocrx_word' id='word_1_301' title='bbox 2610 1143 2788 1196; x_wconf 88' lang='lat' dir='ltr'><strong>visum</strong></span> <span class='ocrx_word' id='word_1_302' title='bbox 2869 1141 3036 1196; x_wconf 79' lang='lat' dir='ltr'><strong>fuerit</strong></span> <span class='ocrx_word' id='word_1_303' title='bbox 3103 1141 3195 1196; x_wconf 90' lang='lat' dir='ltr'><strong>isti</strong></span> <span class='ocrx_word' id='word_1_304' title='bbox 3257 1144 3498 1204; x_wconf 87' lang='lat' dir='ltr'><strong>senatui,</strong></span> 
     </span>
    </p>
   </div>
   <div class='ocr_carea' id='block_1_42' title="bbox 1922 1227 3504 1304">
    <p class='ocr_par' dir='ltr' id='par_1_42' title="bbox 1922 1227 3504 1304">
     <span class='ocr_line' id='line_1_42' title="bbox 1922 1227 3504 1304; baseline -0.004 -17"><span class='ocrx_word' id='word_1_305' title='bbox 1922 1233 2118 1288; x_wconf 86' lang='lat' dir='ltr'><strong>civitas</strong></span> <span class='ocrx_word' id='word_1_306' title='bbox 2155 1243 2267 1287; x_wconf 86' lang='lat' dir='ltr'><strong>tota</strong></span> <span class='ocrx_word' id='word_1_307' title='bbox 2303 1240 2460 1304; x_wconf 86' lang='lat' dir='ltr'><strong>paret</strong></span> <span class='ocrx_word' id='word_1_308' title='bbox 2486 1272 2501 1296; x_wconf 92' lang='lat'><strong>,</strong></span> <span class='ocrx_word' id='word_1_309' title='bbox 2531 1239 2585 1286; x_wconf 91' lang='lat' dir='ltr'><strong>et</strong></span> <span class='ocrx_word' id='word_1_310' title='bbox 2627 1231 2682 1284; x_wconf 89' lang='lat' dir='ltr'><strong>in</strong></span> <span class='ocrx_word' id='word_1_311' title='bbox 2740 1229 3090 1292; x_wconf 86' lang='lat' dir='ltr'><strong>sententiam,</strong></span> <span class='ocrx_word' id='word_1_312' title='bbox 3129 1243 3292 1298; x_wconf 88' lang='lat' dir='ltr'><strong>quam</strong></span> <span class='ocrx_word' id='word_1_313' title='bbox 3339 1227 3504 1282; x_wconf 88' lang='lat' dir='ltr'><strong>dede-</strong></span> 
     </span>
    </p>
   </div>
   <div class='ocr_carea' id='block_1_43' title="bbox 1922 1323 3497 1396">
    <p class='ocr_par' dir='ltr' id='par_1_43' title="bbox 1922 1323 3497 1396">
     <span class='ocr_line' id='line_1_43' title="bbox 1922 1323 3497 1396; baseline -0.003 -15"><span class='ocrx_word' id='word_1_314' title='bbox 1922 1329 2018 1394; x_wconf 89' lang='lat' dir='ltr'><strong>rit,</strong></span> <span class='ocrx_word' id='word_1_315' title='bbox 2063 1325 2317 1384; x_wconf 88' lang='lat' dir='ltr'><strong>manibus</strong></span> <span class='ocrx_word' id='word_1_316' title='bbox 2350 1326 2696 1396; x_wconf 86' lang='lat' dir='ltr'><strong>pedibusque</strong></span> <span class='ocrx_word' id='word_1_317' title='bbox 2745 1325 3008 1380; x_wconf 88' lang='lat' dir='ltr'><strong>universa</strong></span> <span class='ocrx_word' id='word_1_318' title='bbox 3072 1325 3272 1378; x_wconf 84' lang='lat' dir='ltr'><strong>civitas</strong></span> <span class='ocrx_word' id='word_1_319' title='bbox 3328 1323 3497 1376; x_wconf 81' lang='lat' dir='ltr'><strong>vadit.</strong></span> 
     </span>
    </p>
   </div>
   <div class='ocr_carea' id='block_1_44' title="bbox 1923 1414 3496 1487">
    <p class='ocr_par' dir='ltr' id='par_1_44' title="bbox 1923 1414 3496 1487">
     <span class='ocr_line' id='line_1_44' title="bbox 1923 1414 3496 1487; baseline -0.004 -15"><span class='ocrx_word' id='word_1_320' title='bbox 1923 1419 2259 1472; x_wconf 88' lang='lat' dir='ltr'><strong>Criminibus</strong></span> <span class='ocrx_word' id='word_1_321' title='bbox 2278 1419 2610 1487; x_wconf 80' lang='lat' dir='ltr'><strong>capitalibus</strong></span> <span class='ocrx_word' id='word_1_322' title='bbox 2637 1419 2784 1472; x_wconf 86' lang='lat' dir='ltr'><strong>viros</strong></span> <span class='ocrx_word' id='word_1_323' title='bbox 2809 1415 3105 1485; x_wconf 67' lang='lat' dir='ltr'><strong>prml‘ecere</strong></span> <span class='ocrx_word' id='word_1_324' title='bbox 3142 1416 3332 1469; x_wconf 88' lang='lat' dir='ltr'><strong>decem</strong></span> <span class='ocrx_word' id='word_1_325' title='bbox 3356 1414 3496 1483; x_wconf 64' lang='lat' dir='ltr'><strong>(l4),</strong></span> 
     </span>
    </p>
   </div>
   <div class='ocr_carea' id='block_1_45' title="bbox 1924 1507 3496 1579">
    <p class='ocr_par' dir='ltr' id='par_1_45' title="bbox 1924 1507 3496 1579">
     <span class='ocr_line' id='line_1_45' title="bbox 1924 1507 3496 1579; baseline -0.003 -18"><span class='ocrx_word' id='word_1_326' title='bbox 1924 1511 2014 1579; x_wconf 89' lang='lat' dir='ltr'><strong>qni</strong></span> <span class='ocrx_word' id='word_1_327' title='bbox 2058 1518 2318 1564; x_wconf 85' lang='lat' dir='ltr'><strong>accusent</strong></span> <span class='ocrx_word' id='word_1_328' title='bbox 2348 1518 2403 1562; x_wconf 86' lang='lat' dir='ltr'><strong>et</strong></span> <span class='ocrx_word' id='word_1_329' title='bbox 2433 1509 2685 1577; x_wconf 86' lang='lat' dir='ltr'><strong>puniant.</strong></span> <span class='ocrx_word' id='word_1_330' title='bbox 2720 1507 2816 1563; x_wconf 80' lang='lat' dir='ltr'><strong>llis</strong></span> <span class='ocrx_word' id='word_1_331' title='bbox 2843 1509 2976 1563; x_wconf 89' lang='lat' dir='ltr'><strong>licet</strong></span> <span class='ocrx_word' id='word_1_332' title='bbox 3006 1523 3206 1563; x_wconf 88' lang='lat' dir='ltr'><strong>manus</strong></span> <span class='ocrx_word' id='word_1_333' title='bbox 3259 1507 3496 1576; x_wconf 86' lang='lat' dir='ltr'><strong>principi</strong></span> 
     </span>
    </p>
   </div>
   <div class='ocr_carea' id='block_1_46' title="bbox 1925 1601 3506 1672">
    <p class='ocr_par' dir='ltr' id='par_1_46' title="bbox 1925 1601 3506 1672">
     <span class='ocr_line' id='line_1_46' title="bbox 1925 1601 3506 1672; baseline -0.003 -16"><span class='ocrx_word' id='word_1_334' title='bbox 1925 1604 2156 1672; x_wconf 81' lang='lat' dir='ltr'><strong>injicere</strong></span> <span class='ocrx_word' id='word_1_335' title='bbox 2202 1615 2258 1656; x_wconf 85' lang='lat' dir='ltr'><strong>et</strong></span> <span class='ocrx_word' id='word_1_336' title='bbox 2289 1602 2356 1657; x_wconf 91' lang='lat' dir='ltr'><strong>ad</strong></span> <span class='ocrx_word' id='word_1_337' title='bbox 2396 1618 2586 1658; x_wconf 87' lang='lat' dir='ltr'><strong>necem</strong></span> <span class='ocrx_word' id='word_1_338' title='bbox 2647 1603 2865 1658; x_wconf 79' lang='lat' dir='ltr'><strong>trahere</strong></span> <span class='ocrx_word' id='word_1_339' title='bbox 2898 1619 2912 1656; x_wconf 91' lang='lat'><strong>:</strong></span> <span class='ocrx_word' id='word_1_340' title='bbox 2945 1617 3046 1656; x_wconf 93' lang='lat' dir='ltr'><strong>nec</strong></span> <span class='ocrx_word' id='word_1_341' title='bbox 3073 1610 3159 1657; x_wconf 90' lang='lat' dir='ltr'><strong>est</strong></span> <span class='ocrx_word' id='word_1_342' title='bbox 3213 1601 3306 1670; x_wconf 86' lang='lat' dir='ltr'><strong>qui</strong></span> <span class='ocrx_word' id='word_1_343' title='bbox 3361 1601 3506 1653; x_wconf 84' lang='lat' dir='ltr'><strong>ausit</strong></span> 
     </span>
    </p>
   </div>
   <div class='ocr_carea' id='block_1_47' title="bbox 1925 1691 3502 1765">
    <p class='ocr_par' dir='ltr' id='par_1_47' title="bbox 1925 1691 3502 1765">
     <span class='ocr_line' id='line_1_47' title="bbox 1925 1691 3502 1765; baseline -0.005 -17"><span class='ocrx_word' id='word_1_344' title='bbox 1925 1696 2045 1765; x_wconf 83' lang='lat' dir='ltr'><strong>ejus</strong></span> <span class='ocrx_word' id='word_1_345' title='bbox 2094 1708 2318 1749; x_wconf 86' lang='lat' dir='ltr'><strong>causam</strong></span> <span class='ocrx_word' id='word_1_346' title='bbox 2352 1693 2638 1762; x_wconf 85' lang='lat' dir='ltr'><strong>inquirere</strong></span> <span class='ocrx_word' id='word_1_347' title='bbox 2668 1710 2683 1758; x_wconf 89' lang='lat'><strong>;</strong></span> <span class='ocrx_word' id='word_1_348' title='bbox 2719 1695 2803 1747; x_wconf 91' lang='lat' dir='ltr'><strong>sic</strong></span> <span class='ocrx_word' id='word_1_349' title='bbox 2848 1691 2996 1748; x_wconf 86' lang='lat' dir='ltr'><strong>enim</strong></span> <span class='ocrx_word' id='word_1_350' title='bbox 3027 1692 3344 1746; x_wconf 90' lang='lat' dir='ltr'><strong>ordinatum</strong></span> <span class='ocrx_word' id='word_1_351' title='bbox 3395 1701 3502 1755; x_wconf 74' lang='lat' dir='ltr'><strong>est;</strong></span> 
     </span>
    </p>
   </div>
   <div class='ocr_carea' id='block_1_48' title="bbox 1927 1783 3506 1855">
    <p class='ocr_par' dir='ltr' id='par_1_48' title="bbox 1927 1783 3506 1855">
     <span class='ocr_line' id='line_1_48' title="bbox 1927 1783 3506 1855; baseline -0.006 -14"><span class='ocrx_word' id='word_1_352' title='bbox 1927 1796 1982 1841; x_wconf 91' lang='lat' dir='ltr'><strong>et</strong></span> <span class='ocrx_word' id='word_1_353' title='bbox 2031 1798 2290 1842; x_wconf 86' lang='lat' dir='ltr'><strong>creantur</strong></span> <span class='ocrx_word' id='word_1_354' title='bbox 2339 1792 2396 1839; x_wconf 92' lang='lat' dir='ltr'><strong>ut</strong></span> <span class='ocrx_word' id='word_1_355' title='bbox 2434 1785 2822 1855; x_wconf 87' lang='lat' dir='ltr'><strong>delinquentes</strong></span> <span class='ocrx_word' id='word_1_356' title='bbox 2853 1784 3076 1840; x_wconf 83' lang='lat' dir='ltr'><strong>feriant.</strong></span> <span class='ocrx_word' id='word_1_357' title='bbox 3121 1783 3248 1838; x_wconf 91' lang='lat' dir='ltr'><strong>Sive</strong></span> <span class='ocrx_word' id='word_1_358' title='bbox 3283 1783 3337 1836; x_wconf 92' lang='lat' dir='ltr'><strong>in</strong></span> <span class='ocrx_word' id='word_1_359' title='bbox 3369 1783 3506 1835; x_wconf 85' lang='lat' dir='ltr'><strong>civi-</strong></span> 
     </span>
    </p>
   </div>
   <div class='ocr_carea' id='block_1_49' title="bbox 1931 1876 3504 1948">
    <p class='ocr_par' dir='ltr' id='par_1_49' title="bbox 1931 1876 3504 1948">
     <span class='ocr_line' id='line_1_49' title="bbox 1931 1876 3504 1948; baseline -0.006 -12"><span class='ocrx_word' id='word_1_360' title='bbox 1931 1891 2121 1946; x_wconf 87' lang='lat' dir='ltr'><strong>tatem,</strong></span> <span class='ocrx_word' id='word_1_361' title='bbox 2173 1880 2292 1934; x_wconf 74' lang='lat' dir='ltr'><strong>sive</strong></span> <span class='ocrx_word' id='word_1_362' title='bbox 2344 1879 2397 1932; x_wconf 90' lang='lat' dir='ltr'><strong>in</strong></span> <span class='ocrx_word' id='word_1_363' title='bbox 2452 1878 2728 1948; x_wconf 88' lang='lat' dir='ltr'><strong>privatutn</strong></span> <span class='ocrx_word' id='word_1_364' title='bbox 2786 1877 2912 1946; x_wconf 89' lang='lat' dir='ltr'><strong>quis</strong></span> <span class='ocrx_word' id='word_1_365' title='bbox 2942 1877 3088 1945; x_wconf 69' lang='lat' dir='ltr'><strong>jqnid</strong></span> <span class='ocrx_word' id='word_1_366' title='bbox 3138 1876 3504 1938; x_wconf 86' lang='lat' dir='ltr'><strong>commiserit,</strong></span> 
     </span>
    </p>
   </div>
   <div class='ocr_carea' id='block_1_50' title="bbox 1928 1969 3505 2040">
    <p class='ocr_par' dir='ltr' id='par_1_50' title="bbox 1928 1969 3505 2040">
     <span class='ocr_line' id='line_1_50' title="bbox 1928 1969 3505 2040; baseline -0.004 -14"><span class='ocrx_word' id='word_1_367' title='bbox 1928 1973 2114 2028; x_wconf 86' lang='lat' dir='ltr'><strong>decem</strong></span> <span class='ocrx_word' id='word_1_368' title='bbox 2135 1972 2236 2027; x_wconf 88' lang='lat' dir='ltr'><strong>viri</strong></span> <span class='ocrx_word' id='word_1_369' title='bbox 2264 1971 2310 2028; x_wconf 87' lang='lat' dir='ltr'><strong>si</strong></span> <span class='ocrx_word' id='word_1_370' title='bbox 2327 1972 2705 2040; x_wconf 71' lang='lat' dir='ltr'><strong>cognoverint,</strong></span> <span class='ocrx_word' id='word_1_371' title='bbox 2735 1970 2800 2024; x_wconf 91' lang='lat' dir='ltr'><strong>de</strong></span> <span class='ocrx_word' id='word_1_372' title='bbox 2814 1985 2879 2024; x_wconf 90' lang='lat' dir='ltr'><strong>eo</strong></span> <span class='ocrx_word' id='word_1_373' title='bbox 2901 1969 3233 2039; x_wconf 89' lang='lat' dir='ltr'><strong>supplicium</strong></span> <span class='ocrx_word' id='word_1_374' title='bbox 3256 1978 3505 2024; x_wconf 86' lang='lat' dir='ltr'><strong>sumunt.</strong></span> 
     </span>
    </p>
   </div>
   <div class='ocr_carea' id='block_1_51' title="bbox 1929 2061 3504 2132">
    <p class='ocr_par' dir='ltr' id='par_1_51' title="bbox 1929 2061 3504 2132">
     <span class='ocr_line' id='line_1_51' title="bbox 1929 2061 3504 2132; baseline -0.004 -14"><span class='ocrx_word' id='word_1_375' title='bbox 1929 2063 2072 2118; x_wconf 90' lang='lat' dir='ltr'><strong>Sunt</strong></span> <span class='ocrx_word' id='word_1_376' title='bbox 2118 2073 2170 2118; x_wconf 90' lang='lat' dir='ltr'><strong>et</strong></span> <span class='ocrx_word' id='word_1_377' title='bbox 2221 2063 2312 2118; x_wconf 88' lang='lat' dir='ltr'><strong>alii</strong></span> <span class='ocrx_word' id='word_1_378' title='bbox 2343 2062 2580 2132; x_wconf 77' lang='lat' dir='ltr'><strong>judices,</strong></span> <span class='ocrx_word' id='word_1_379' title='bbox 2633 2062 2727 2130; x_wconf 91' lang='lat' dir='ltr'><strong>qui</strong></span> <span class='ocrx_word' id='word_1_380' title='bbox 2771 2061 2828 2114; x_wconf 93' lang='lat' dir='ltr'><strong>in</strong></span> <span class='ocrx_word' id='word_1_381' title='bbox 2865 2061 3098 2130; x_wconf 83' lang='lat' dir='ltr'><strong>reliquis</strong></span> <span class='ocrx_word' id='word_1_382' title='bbox 3151 2061 3242 2129; x_wconf 87' lang='lat' dir='ltr'><strong>jus</strong></span> <span class='ocrx_word' id='word_1_383' title='bbox 3291 2062 3504 2122; x_wconf 84' lang='lat' dir='ltr'><strong>dicunt,</strong></span> 
     </span>
    </p>
   </div>
   <div class='ocr_carea' id='block_1_52' title="bbox 1927 2153 3504 2229">
    <p class='ocr_par' dir='ltr' id='par_1_52' title="bbox 1927 2153 3504 2229">
     <span class='ocr_line' id='line_1_52' title="bbox 1927 2153 3504 2229; baseline -0.004 -17"><span class='ocrx_word' id='word_1_384' title='bbox 1927 2159 2150 2229; x_wconf 89' lang='lat' dir='ltr'><strong>quidam</strong></span> <span class='ocrx_word' id='word_1_385' title='bbox 2188 2156 2405 2221; x_wconf 81' lang='lat' dir='ltr'><strong>urbani,</strong></span> <span class='ocrx_word' id='word_1_386' title='bbox 2437 2156 2664 2225; x_wconf 88' lang='lat' dir='ltr'><strong>quidam</strong></span> <span class='ocrx_word' id='word_1_387' title='bbox 2713 2155 3015 2223; x_wconf 74' lang='lat' dir='ltr'><strong>peregrini.</strong></span> <span class='ocrx_word' id='word_1_388' title='bbox 3054 2153 3154 2208; x_wconf 87' lang='lat' dir='ltr'><strong>llis</strong></span> <span class='ocrx_word' id='word_1_389' title='bbox 3187 2167 3504 2223; x_wconf 71' lang='lat' dir='ltr'><strong>praeposue-</strong></span> 
     </span>
    </p>
   </div>
   <div class='ocr_carea' id='block_1_53' title="bbox 1930 2244 3502 2316">
    <p class='ocr_par' dir='ltr' id='par_1_53' title="bbox 1930 2244 3502 2316">
     <span class='ocr_line' id='line_1_53' title="bbox 1930 2244 3502 2316; baseline -0.006 -10"><span class='ocrx_word' id='word_1_390' title='bbox 1930 2259 2063 2306; x_wconf 90' lang='lat' dir='ltr'><strong>runt</strong></span> <span class='ocrx_word' id='word_1_391' title='bbox 2109 2249 2497 2316; x_wconf 75' lang='lat' dir='ltr'><strong>magistratum</strong></span> <span class='ocrx_word' id='word_1_392' title='bbox 2554 2245 2920 2316; x_wconf 72' lang='lat' dir='ltr'><strong>quadraginta</strong></span> <span class='ocrx_word' id='word_1_393' title='bbox 2968 2246 3213 2300; x_wconf 90' lang='lat' dir='ltr'><strong>virorum</strong></span> <span class='ocrx_word' id='word_1_394' title='bbox 3254 2244 3395 2314; x_wconf 78' lang='lat' dir='ltr'><strong>(i5),</strong></span> <span class='ocrx_word' id='word_1_395' title='bbox 3435 2244 3502 2297; x_wconf 88' lang='lat' dir='ltr'><strong>ad</strong></span> 
     </span>
    </p>
   </div>
   <div class='ocr_carea' id='block_1_54' title="bbox 1930 2336 3510 2411">
    <p class='ocr_par' dir='ltr' id='par_1_54' title="bbox 1930 2336 3510 2411">
     <span class='ocr_line' id='line_1_54' title="bbox 1930 2336 3510 2411; baseline -0.006 -16"><span class='ocrx_word' id='word_1_396' title='bbox 1930 2356 2072 2411; x_wconf 86' lang='lat' dir='ltr'><strong>quos</strong></span> <span class='ocrx_word' id='word_1_397' title='bbox 2128 2339 2438 2395; x_wconf 87' lang='lat' dir='ltr'><strong>sententias</strong></span> <span class='ocrx_word' id='word_1_398' title='bbox 2487 2353 2654 2406; x_wconf 83' lang='lat' dir='ltr'><strong>super</strong></span> <span class='ocrx_word' id='word_1_399' title='bbox 2713 2337 3011 2408; x_wconf 85' lang='lat' dir='ltr'><strong>puniendis</strong></span> <span class='ocrx_word' id='word_1_400' title='bbox 3047 2336 3298 2391; x_wconf 85' lang='lat' dir='ltr'><strong>sontibus</strong></span> <span class='ocrx_word' id='word_1_401' title='bbox 3331 2344 3510 2387; x_wconf 84' lang='lat' dir='ltr'><strong>trans-</strong></span> 
     </span>
    </p>
   </div>
   <div class='ocr_carea' id='block_1_55' title="bbox 1932 2425 3508 2504">
    <p class='ocr_par' dir='ltr' id='par_1_55' title="bbox 1932 2425 3508 2504">
     <span class='ocr_line' id='line_1_55' title="bbox 1932 2425 3508 2504; baseline -0.006 -18"><span class='ocrx_word' id='word_1_402' title='bbox 1932 2433 2174 2504; x_wconf 85' lang='lat' dir='ltr'><strong>mittant,</strong></span> <span class='ocrx_word' id='word_1_403' title='bbox 2243 2441 2301 2488; x_wconf 90' lang='lat' dir='ltr'><strong>ut</strong></span> <span class='ocrx_word' id='word_1_404' title='bbox 2353 2430 2675 2499; x_wconf 89' lang='lat' dir='ltr'><strong>dispiciant,</strong></span> <span class='ocrx_word' id='word_1_405' title='bbox 2722 2444 2852 2482; x_wconf 91' lang='lat' dir='ltr'><strong>num</strong></span> <span class='ocrx_word' id='word_1_406' title='bbox 2908 2438 2963 2482; x_wconf 92' lang='lat' dir='ltr'><strong>et</strong></span> <span class='ocrx_word' id='word_1_407' title='bbox 3024 2427 3160 2497; x_wconf 80' lang='lat' dir='ltr'><strong>ipsis</strong></span> <span class='ocrx_word' id='word_1_408' title='bbox 3217 2425 3508 2480; x_wconf 82' lang='lat' dir='ltr'><strong>sententiae</strong></span> 
     </span>
    </p>
   </div>
   <div class='ocr_carea' id='block_1_56' title="bbox 1932 2514 3508 2592">
    <p class='ocr_par' dir='ltr' id='par_1_56' title="bbox 1932 2514 3508 2592">
     <span class='ocr_line' id='line_1_56' title="bbox 1932 2514 3508 2592; baseline -0.006 -16"><span class='ocrx_word' id='word_1_409' title='bbox 1932 2523 2142 2592; x_wconf 87' lang='lat' dir='ltr'><strong>optime</strong></span> <span class='ocrx_word' id='word_1_410' title='bbox 2178 2520 2385 2575; x_wconf 88' lang='lat' dir='ltr'><strong>habere</strong></span> <span class='ocrx_word' id='word_1_411' title='bbox 2421 2519 2737 2574; x_wconf 82' lang='lat' dir='ltr'><strong>videantur.</strong></span> <span class='ocrx_word' id='word_1_412' title='bbox 2787 2517 3182 2574; x_wconf 61' lang='lat' dir='ltr'><strong>Si‘sententia:</strong></span> <span class='ocrx_word' id='word_1_413' title='bbox 3210 2514 3508 2585; x_wconf 77' lang='lat' dir='ltr'><strong>displicue-</strong></span> 
     </span>
    </p>
   </div>
   <div class='ocr_carea' id='block_1_57' title="bbox 1933 2609 3509 2686">
    <p class='ocr_par' dir='ltr' id='par_1_57' title="bbox 1933 2609 3509 2686">
     <span class='ocr_line' id='line_1_57' title="bbox 1933 2609 3509 2686; baseline -0.011 -12"><span class='ocrx_word' id='word_1_414' title='bbox 1933 2619 2068 2686; x_wconf 86' lang='lat' dir='ltr'><strong>rint,</strong></span> <span class='ocrx_word' id='word_1_415' title='bbox 2129 2625 2184 2672; x_wconf 92' lang='lat' dir='ltr'><strong>et</strong></span> <span class='ocrx_word' id='word_1_416' title='bbox 2241 2617 2347 2686; x_wconf 86' lang='lat' dir='ltr'><strong>ipsi</strong></span> <span class='ocrx_word' id='word_1_417' title='bbox 2427 2616 2574 2668; x_wconf 90' lang='lat' dir='ltr'><strong>inter</strong></span> <span class='ocrx_word' id='word_1_418' title='bbox 2658 2630 2717 2667; x_wconf 87' lang='lat' dir='ltr'><strong>se</strong></span> <span class='ocrx_word' id='word_1_419' title='bbox 2771 2611 3160 2674; x_wconf 84' lang='lat' dir='ltr'><strong>dissenserint,</strong></span> <span class='ocrx_word' id='word_1_420' title='bbox 3229 2609 3509 2678; x_wconf 75' lang='lat' dir='ltr'><strong>negotium</strong></span> 
     </span>
    </p>
   </div>
   <div class='ocr_carea' id='block_1_58' title="bbox 1935 2697 3512 2768">
    <p class='ocr_par' dir='ltr' id='par_1_58' title="bbox 1935 2697 3512 2768">
     <span class='ocr_line' id='line_1_58' title="bbox 1935 2697 3512 2768; baseline -0.008 -2"><span class='ocrx_word' id='word_1_421' title='bbox 1935 2720 2111 2766; x_wconf 91' lang='lat' dir='ltr'><strong>totum</strong></span> <span class='ocrx_word' id='word_1_422' title='bbox 2174 2709 2244 2768; x_wconf 90' lang='lat' dir='ltr'><strong>ad</strong></span> <span class='ocrx_word' id='word_1_423' title='bbox 2304 2709 2668 2765; x_wconf 88' lang='lat' dir='ltr'><strong>Evocatornm</strong></span> <span class='ocrx_word' id='word_1_424' title='bbox 2747 2712 3001 2762; x_wconf 89' lang='lat' dir='ltr'><strong>senatum</strong></span> <span class='ocrx_word' id='word_1_425' title='bbox 3058 2702 3320 2757; x_wconf 78' lang='lat' dir='ltr'><strong>refertur.</strong></span> <span class='ocrx_word' id='word_1_426' title='bbox 3411 2697 3512 2754; x_wconf 84' lang='lat' dir='ltr'><strong>llic</strong></span> 
     </span>
    </p>
   </div>
   <div class='ocr_carea' id='block_1_59' title="bbox 1935 2796 3508 2871">
    <p class='ocr_par' dir='ltr' id='par_1_59' title="bbox 1935 2796 3508 2871">
     <span class='ocr_line' id='line_1_59' title="bbox 1935 2796 3508 2871; baseline -0.008 -9"><span class='ocrx_word' id='word_1_427' title='bbox 1935 2805 2224 2862; x_wconf 66' lang='lat' dir='ltr'><strong>sententiae</strong></span> <span class='ocrx_word' id='word_1_428' title='bbox 2261 2803 2428 2857; x_wconf 88' lang='lat' dir='ltr'><strong>multa</strong></span> <span class='ocrx_word' id='word_1_429' title='bbox 2455 2799 2743 2871; x_wconf 79' lang='lat' dir='ltr'><strong>diligentia</strong></span> <span class='ocrx_word' id='word_1_430' title='bbox 2783 2799 3172 2860; x_wconf 78' lang='lat' dir='ltr'><strong>excutiuntur,</strong></span> <span class='ocrx_word' id='word_1_431' title='bbox 3204 2807 3258 2852; x_wconf 88' lang='lat' dir='ltr'><strong>et</strong></span> <span class='ocrx_word' id='word_1_432' title='bbox 3287 2796 3508 2850; x_wconf 84' lang='lat' dir='ltr'><strong>tandem</strong></span> 
     </span>
    </p>
   </div>
   <div class='ocr_carea' id='block_1_60' title="bbox 1935 2888 3512 2956">
    <p class='ocr_par' dir='ltr' id='par_1_60' title="bbox 1935 2888 3512 2956">
     <span class='ocr_line' id='line_1_60' title="bbox 1935 2888 3512 2956; baseline -0.008 -4"><span class='ocrx_word' id='word_1_433' title='bbox 1935 2899 2000 2952; x_wconf 86' lang='lat' dir='ltr'><strong>ad</strong></span> <span class='ocrx_word' id='word_1_434' title='bbox 2055 2898 2218 2952; x_wconf 79' lang='lat' dir='ltr'><strong>linem</strong></span> <span class='ocrx_word' id='word_1_435' title='bbox 2253 2897 2560 2952; x_wconf 86' lang='lat' dir='ltr'><strong>ducuntur.</strong></span> <span class='ocrx_word' id='word_1_436' title='bbox 2617 2893 2830 2946; x_wconf 88' lang='lat' dir='ltr'><strong>Snntet</strong></span> <span class='ocrx_word' id='word_1_437' title='bbox 2879 2891 2972 2944; x_wconf 89' lang='lat' dir='ltr'><strong>alii</strong></span> <span class='ocrx_word' id='word_1_438' title='bbox 3007 2890 3362 2956; x_wconf 75' lang='lat' dir='ltr'><strong>magistratus</strong></span> <span class='ocrx_word' id='word_1_439' title='bbox 3391 2888 3512 2956; x_wconf 86' lang='lat' dir='ltr'><strong>plu—</strong></span> 
     </span>
    </p>
   </div>
   <div class='ocr_carea' id='block_1_61' title="bbox 1937 2979 3514 3054">
    <p class='ocr_par' dir='ltr' id='par_1_61' title="bbox 1937 2979 3514 3054">
     <span class='ocr_line' id='line_1_61' title="bbox 1937 2979 3514 3054; baseline -0.006 -9"><span class='ocrx_word' id='word_1_440' title='bbox 1937 2991 2060 3047; x_wconf 86' lang='lat' dir='ltr'><strong>rimi</strong></span> <span class='ocrx_word' id='word_1_441' title='bbox 2104 2990 2158 3044; x_wconf 90' lang='lat' dir='ltr'><strong>in</strong></span> <span class='ocrx_word' id='word_1_442' title='bbox 2192 2987 2500 3043; x_wconf 87' lang='lat' dir='ltr'><strong>custodiam</strong></span> <span class='ocrx_word' id='word_1_443' title='bbox 2552 2985 2707 3040; x_wconf 90' lang='lat' dir='ltr'><strong>urbis</strong></span> <span class='ocrx_word' id='word_1_444' title='bbox 2757 2984 3089 3054; x_wconf 86' lang='lat' dir='ltr'><strong>comparati.</strong></span> <span class='ocrx_word' id='word_1_445' title='bbox 3131 2981 3271 3036; x_wconf 87' lang='lat' dir='ltr'><strong>Sunt</strong></span> <span class='ocrx_word' id='word_1_446' title='bbox 3315 2979 3514 3050; x_wconf 87' lang='lat' dir='ltr'><strong>quibus</strong></span> 
     </span>
    </p>
   </div>
   <div class='ocr_carea' id='block_1_62' title="bbox 242 3071 1828 3164">
    <p class='ocr_par' dir='ltr' id='par_1_62' title="bbox 242 3071 1828 3164">
     <span class='ocr_line' id='line_1_62' title="bbox 242 3071 1828 3164; baseline -0.003 -16"><span class='ocrx_word' id='word_1_447' title='bbox 242 3097 350 3164; x_wconf 79' lang='grc' dir='ltr'>τὴν</span> <span class='ocrx_word' id='word_1_448' title='bbox 384 3071 541 3148; x_wconf 79' lang='grc' dir='ltr'>πόλιν</span> <span class='ocrx_word' id='word_1_449' title='bbox 578 3095 946 3164; x_wconf 82' lang='grc' dir='ltr'>πράσσοντας.</span> <span class='ocrx_word' id='word_1_450' title='bbox 977 3094 1086 3147; x_wconf 73' lang='grc' dir='ltr'><strong>Καὶ</strong></span> <span class='ocrx_word' id='word_1_451' title='bbox 1109 3094 1448 3164; x_wconf 84' lang='grc' dir='ltr'>ἀγορανόμοι</span> <span class='ocrx_word' id='word_1_452' title='bbox 1473 3092 1653 3162; x_wconf 71' lang='grc' dir='ltr'>ἕτεροι</span> <span class='ocrx_word' id='word_1_453' title='bbox 1677 3091 1828 3145; x_wconf 84' lang='grc' dir='ltr'>καθί-</span> 
     </span>
    </p>
   </div>
   <div class='ocr_carea' id='block_1_63' title="bbox 1935 3071 3516 3164">
    <p class='ocr_par' dir='ltr' id='par_1_63' title="bbox 1938 3071 3516 3154">
     <span class='ocr_line' id='line_1_63' title="bbox 1938 3071 3516 3154; baseline -0.008 -17"><span class='ocrx_word' id='word_1_454' title='bbox 1938 3082 2217 3154; x_wconf 77' lang='lat' dir='ltr'><strong>negotium</strong></span> <span class='ocrx_word' id='word_1_455' title='bbox 2251 3079 2496 3134; x_wconf 85' lang='lat' dir='ltr'><strong>civitatis</strong></span> <span class='ocrx_word' id='word_1_456' title='bbox 2550 3076 2909 3134; x_wconf 83' lang='lat' dir='ltr'><strong>commissum</strong></span> <span class='ocrx_word' id='word_1_457' title='bbox 2935 3081 3021 3129; x_wconf 90' lang='lat' dir='ltr'><strong>est</strong></span> <span class='ocrx_word' id='word_1_458' title='bbox 3071 3073 3128 3128; x_wconf 91' lang='lat' dir='ltr'><strong>in</strong></span> <span class='ocrx_word' id='word_1_459' title='bbox 3161 3085 3260 3127; x_wconf 79' lang='lat' dir='ltr'><strong>eos</strong></span> <span class='ocrx_word' id='word_1_460' title='bbox 3298 3072 3390 3140; x_wconf 91' lang='lat' dir='ltr'><strong>qui</strong></span> <span class='ocrx_word' id='word_1_461' title='bbox 3417 3071 3516 3124; x_wconf 89' lang='lat' dir='ltr'><strong>dc-</strong></span> 
     </span>
    </p>
   </div>
   <div class='ocr_carea' id='block_1_64' title="bbox 243 3183 1832 3254">
    <p class='ocr_par' dir='ltr' id='par_1_64' title="bbox 243 3183 1832 3254">
     <span class='ocr_line' id='line_1_64' title="bbox 243 3183 1832 3254; baseline -0.003 -15"><span class='ocrx_word' id='word_1_462' title='bbox 243 3200 504 3247; x_wconf 83' lang='grc' dir='ltr'>στανται,</span> <span class='ocrx_word' id='word_1_463' title='bbox 535 3187 662 3248; x_wconf 84' lang='grc' dir='ltr'>τοὺς</span> <span class='ocrx_word' id='word_1_464' title='bbox 694 3184 897 3254; x_wconf 78' lang='grc' dir='ltr'>φόρους</span> <span class='ocrx_word' id='word_1_465' title='bbox 922 3183 1032 3238; x_wconf 85' lang='grc' dir='ltr'><strong>τῶν</strong></span> <span class='ocrx_word' id='word_1_466' title='bbox 1065 3184 1160 3237; x_wconf 82' lang='grc' dir='ltr'><strong>ἐπί</strong></span> <span class='ocrx_word' id='word_1_467' title='bbox 1190 3202 1298 3236; x_wconf 88' lang='grc' dir='ltr'>τινι</span> <span class='ocrx_word' id='word_1_468' title='bbox 1331 3183 1702 3254; x_wconf 79' lang='grc' dir='ltr'>πραγμάτων,</span> <span class='ocrx_word' id='word_1_469' title='bbox 1735 3184 1832 3236; x_wconf 72' lang='grc' dir='ltr'>καὶ</span> 
     </span>
    </p>
   </div>
   <div class='ocr_carea' id='block_1_65' title="bbox 243 3275 1830 3346">
    <p class='ocr_par' dir='ltr' id='par_1_65' title="bbox 243 3275 1830 3346">
     <span class='ocr_line' id='line_1_65' title="bbox 243 3275 1830 3346; baseline -0.001 -18"><span class='ocrx_word' id='word_1_470' title='bbox 243 3279 309 3340; x_wconf 82' lang='grc' dir='ltr'><strong>ἐς</strong></span> <span class='ocrx_word' id='word_1_471' title='bbox 337 3275 440 3337; x_wconf 80' lang='grc' dir='ltr'>τὰς</span> <span class='ocrx_word' id='word_1_472' title='bbox 478 3277 777 3346; x_wconf 78' lang='grc' dir='ltr'>προσόδους</span> <span class='ocrx_word' id='word_1_473' title='bbox 812 3280 909 3346; x_wconf 76' lang='grc' dir='ltr'>τῆς</span> <span class='ocrx_word' id='word_1_474' title='bbox 944 3277 1155 3340; x_wconf 82' lang='grc' dir='ltr'>πόλεως</span> <span class='ocrx_word' id='word_1_475' title='bbox 1186 3278 1539 3345; x_wconf 81' lang='grc' dir='ltr'>ἀπαιτήσεις,</span> <span class='ocrx_word' id='word_1_476' title='bbox 1569 3279 1616 3328; x_wconf 89' lang='grc' dir='ltr'>οἱ</span> <span class='ocrx_word' id='word_1_477' title='bbox 1643 3276 1705 3345; x_wconf 79' lang='grc' dir='ltr'>δὴ</span> <span class='ocrx_word' id='word_1_478' title='bbox 1732 3277 1830 3338; x_wconf 60' lang='grc' dir='ltr'><strong>τὰς</strong></span> 
     </span>
    </p>
   </div>
   <div class='ocr_carea' id='block_1_66' title="bbox 245 3365 1832 3440">
    <p class='ocr_par' dir='ltr' id='par_1_66' title="bbox 245 3365 1832 3440">
     <span class='ocr_line' id='line_1_66' title="bbox 245 3365 1832 3440; baseline 0 -20"><span class='ocrx_word' id='word_1_479' title='bbox 245 3369 552 3438; x_wconf 74' lang='grc' dir='ltr'>προσόδους</span> <span class='ocrx_word' id='word_1_480' title='bbox 604 3369 944 3440; x_wconf 80' lang='grc' dir='ltr'>πράττοντες</span> <span class='ocrx_word' id='word_1_481' title='bbox 981 3368 1405 3438; x_wconf 79' lang='grc' dir='ltr'>καθιστάμενοι,</span> <span class='ocrx_word' id='word_1_482' title='bbox 1435 3367 1520 3434; x_wconf 74' lang='grc' dir='ltr'>ἐφ’</span> <span class='ocrx_word' id='word_1_483' title='bbox 1549 3365 1644 3429; x_wconf 84' lang='grc' dir='ltr'>οὓς</span> <span class='ocrx_word' id='word_1_484' title='bbox 1669 3367 1734 3436; x_wconf 77' lang='grc' dir='ltr'>δὴ</span> <span class='ocrx_word' id='word_1_485' title='bbox 1764 3367 1832 3420; x_wconf 81' lang='grc' dir='ltr'>τὰ</span> 
     </span>
    </p>
   </div>
   <div class='ocr_carea' id='block_1_67' title="bbox 250 3459 1830 3531">
    <p class='ocr_par' dir='ltr' id='par_1_67' title="bbox 250 3459 1830 3531">
     <span class='ocr_line' id='line_1_67' title="bbox 250 3459 1830 3531; baseline -0.003 -18"><span class='ocrx_word' id='word_1_486' title='bbox 250 3463 357 3528; x_wconf 64' lang='grc' dir='ltr'>τῆς</span> <span class='ocrx_word' id='word_1_487' title='bbox 413 3460 704 3531; x_wconf 75' lang='grc' dir='ltr'>ξυμπάσης</span> <span class='ocrx_word' id='word_1_488' title='bbox 752 3459 963 3524; x_wconf 82' lang='grc' dir='ltr'>πόλεως</span> <span class='ocrx_word' id='word_1_489' title='bbox 1017 3461 1302 3531; x_wconf 86' lang='grc' dir='ltr'>χρήματα,</span> <span class='ocrx_word' id='word_1_490' title='bbox 1337 3460 1434 3513; x_wconf 79' lang='grc' dir='ltr'>καὶ</span> <span class='ocrx_word' id='word_1_491' title='bbox 1479 3459 1530 3510; x_wconf 90' lang='grc' dir='ltr'>οἱ</span> <span class='ocrx_word' id='word_1_492' title='bbox 1583 3460 1740 3528; x_wconf 76' lang='grc' dir='ltr'>φόροι</span> <span class='ocrx_word' id='word_1_493' title='bbox 1786 3459 1830 3489; x_wconf 78' lang='lat'><strong>°°</strong></span> 
     </span>
    </p>
   </div>
   <div class='ocr_carea' id='block_1_68' title="bbox 255 3551 1833 3626">
    <p class='ocr_par' dir='ltr' id='par_1_68' title="bbox 255 3551 1833 3626">
     <span class='ocr_line' id='line_1_68' title="bbox 255 3551 1833 3626; baseline -0.003 -19"><span class='ocrx_word' id='word_1_494' title='bbox 255 3554 643 3625; x_wconf 69' lang='grc' dir='ltr'>ἀναφέρονται.</span> <span class='ocrx_word' id='word_1_495' title='bbox 700 3555 998 3626; x_wconf 76' lang='grc' dir='ltr'>’Ἄρχοντες</span> <span class='ocrx_word' id='word_1_496' title='bbox 1042 3554 1099 3606; x_wconf 85' lang='grc' dir='ltr'>δὲ</span> <span class='ocrx_word' id='word_1_497' title='bbox 1143 3554 1193 3605; x_wconf 91' lang='grc' dir='ltr'><strong>οί</strong></span> <span class='ocrx_word' id='word_1_498' title='bbox 1245 3551 1590 3622; x_wconf 83' lang='grc' dir='ltr'>γεραιότεροί</span> <span class='ocrx_word' id='word_1_499' title='bbox 1625 3568 1705 3616; x_wconf 87' lang='grc' dir='ltr'><strong>τε,</strong></span> <span class='ocrx_word' id='word_1_500' title='bbox 1738 3551 1833 3602; x_wconf 73' lang='grc' dir='ltr'>καὶ</span> 
     </span>
    </p>
   </div>
   <div class='ocr_carea' id='block_1_69' title="bbox 250 3644 1828 3718">
    <p class='ocr_par' dir='ltr' id='par_1_69' title="bbox 250 3644 1828 3718">
     <span class='ocr_line' id='line_1_69' title="bbox 250 3644 1828 3718; baseline -0.002 -18"><span class='ocrx_word' id='word_1_501' title='bbox 250 3645 530 3716; x_wconf 80' lang='grc' dir='ltr'>ἀξιώματι</span> <span class='ocrx_word' id='word_1_502' title='bbox 555 3649 809 3718; x_wconf 81' lang='grc' dir='ltr'>προέχειν</span> <span class='ocrx_word' id='word_1_503' title='bbox 835 3645 1145 3709; x_wconf 80' lang='grc' dir='ltr'>δοκοῦντες,</span> <span class='ocrx_word' id='word_1_504' title='bbox 1178 3646 1532 3699; x_wconf 81' lang='grc' dir='ltr'>καθίστανται</span> <span class='ocrx_word' id='word_1_505' title='bbox 1561 3645 1650 3698; x_wconf 71' lang='grc' dir='ltr'><strong>διὰ</strong></span> <span class='ocrx_word' id='word_1_506' title='bbox 1679 3644 1795 3715; x_wconf 87' lang='grc' dir='ltr'>βίου</span> <span class='ocrx_word' id='word_1_507' title='bbox 1814 3659 1828 3673; x_wconf 76' lang='grc'><strong><em>⁸</em></strong></span> 
     </span>
    </p>
   </div>
   <div class='ocr_carea' id='block_1_70' title="bbox 245 3737 1834 3810">
    <p class='ocr_par' dir='ltr' id='par_1_70' title="bbox 245 3737 1834 3810">
     <span class='ocr_line' id='line_1_70' title="bbox 245 3737 1834 3810; baseline 0.001 -18"><span class='ocrx_word' id='word_1_508' title='bbox 245 3740 330 3803; x_wconf 80' lang='grc' dir='ltr'>ὡς</span> <span class='ocrx_word' id='word_1_509' title='bbox 361 3739 599 3810; x_wconf 79' lang='grc' dir='ltr'>ἐργῶδες</span> <span class='ocrx_word' id='word_1_510' title='bbox 639 3739 698 3792; x_wconf 80' lang='grc' dir='ltr'>ὃν</span> <span class='ocrx_word' id='word_1_511' title='bbox 729 3739 851 3792; x_wconf 84' lang='grc' dir='ltr'>κατ’</span> <span class='ocrx_word' id='word_1_512' title='bbox 875 3739 1121 3792; x_wconf 70' lang='grc' dir='ltr'>ἐνιαυτὸν</span> <span class='ocrx_word' id='word_1_513' title='bbox 1155 3737 1469 3808; x_wconf 72' lang='grc' dir='ltr'>λογίζεσθαι</span> <span class='ocrx_word' id='word_1_514' title='bbox 1502 3739 1603 3797; x_wconf 76' lang='grc' dir='ltr'><strong>τὰς</strong></span> <span class='ocrx_word' id='word_1_515' title='bbox 1633 3739 1834 3807; x_wconf 80' lang='grc' dir='ltr'>προσό-</span> 
     </span>
    </p>
   </div>
   <div class='ocr_carea' id='block_1_71' title="bbox 242 3827 1834 3898">
    <p class='ocr_par' dir='ltr' id='par_1_71' title="bbox 242 3827 1834 3898">
     <span class='ocr_line' id='line_1_71' title="bbox 242 3827 1834 3898; baseline 0 -16"><span class='ocrx_word' id='word_1_516' title='bbox 242 3831 376 3893; x_wconf 76' lang='grc' dir='ltr'>δους</span> <span class='ocrx_word' id='word_1_517' title='bbox 407 3846 467 3882; x_wconf 87' lang='grc' dir='ltr'><strong>τε</strong></span> <span class='ocrx_word' id='word_1_518' title='bbox 497 3831 589 3884; x_wconf 57' lang='grc' dir='ltr'><strong>καὶ⁸</strong></span> <span class='ocrx_word' id='word_1_519' title='bbox 609 3830 821 3895; x_wconf 77' lang='grc' dir='ltr'>ἐξόδους</span> <span class='ocrx_word' id='word_1_520' title='bbox 863 3830 964 3898; x_wconf 86' lang='grc' dir='ltr'>τῆς</span> <span class='ocrx_word' id='word_1_521' title='bbox 1006 3830 1236 3893; x_wconf 83' lang='grc' dir='ltr'>πόλεως,</span> <span class='ocrx_word' id='word_1_522' title='bbox 1264 3829 1292 3892; x_wconf 83' lang='grc' dir='ltr'><strong>ὅ</strong></span> <span class='ocrx_word' id='word_1_523' title='bbox 1323 3846 1376 3881; x_wconf 90' lang='grc' dir='ltr'><strong>τι</strong></span> <span class='ocrx_word' id='word_1_524' title='bbox 1411 3827 1478 3881; x_wconf 82' lang='grc' dir='ltr'>ἂν</span> <span class='ocrx_word' id='word_1_525' title='bbox 1509 3828 1834 3895; x_wconf 82' lang='grc' dir='ltr'>ἀπογένοιτό</span> 
     </span>
    </p>
   </div>
   <div class='ocr_carea' id='block_1_72' title="bbox 244 3919 1834 3992">
    <p class='ocr_par' dir='ltr' id='par_1_72' title="bbox 244 3919 1834 3992">
     <span class='ocr_line' id='line_1_72' title="bbox 244 3919 1834 3992; baseline -0.001 -18"><span class='ocrx_word' id='word_1_526' title='bbox 244 3939 315 3975; x_wconf 87' lang='grc' dir='ltr'><strong>τε</strong></span> <span class='ocrx_word' id='word_1_527' title='bbox 349 3923 449 3976; x_wconf 72' lang='grc' dir='ltr'>καὶ</span> <span class='ocrx_word' id='word_1_528' title='bbox 479 3922 822 3992; x_wconf 81' lang='grc' dir='ltr'>περιγένοιτο</span> <span class='ocrx_word' id='word_1_529' title='bbox 847 3921 1026 3974; x_wconf 80' lang='grc' dir='ltr'>αὐτῶν</span> <span class='ocrx_word' id='word_1_530' title='bbox 1058 3919 1167 3977; x_wconf 85' lang='grc' dir='ltr'><strong>τῶν</strong></span> <span class='ocrx_word' id='word_1_531' title='bbox 1193 3921 1518 3990; x_wconf 81' lang='grc' dir='ltr'>χρημάτων.</span> <span class='ocrx_word' id='word_1_532' title='bbox 1556 3921 1695 3972; x_wconf 78' lang='grc' dir='ltr'><strong>Ἀπὸ</strong></span> <span class='ocrx_word' id='word_1_533' title='bbox 1729 3920 1834 3991; x_wconf 81' lang='grc' dir='ltr'>μὲν</span> 
     </span>
    </p>
   </div>
   <div class='ocr_carea' id='block_1_73' title="bbox 245 4013 1834 4089">
    <p class='ocr_par' dir='ltr' id='par_1_73' title="bbox 245 4013 1834 4089">
     <span class='ocr_line' id='line_1_73' title="bbox 245 4013 1834 4089; baseline -0.003 -18"><span class='ocrx_word' id='word_1_534' title='bbox 245 4013 350 4072; x_wconf 78' lang='grc' dir='ltr'>οὖν</span> <span class='ocrx_word' id='word_1_535' title='bbox 381 4017 587 4070; x_wconf 87' lang='grc' dir='ltr'>τούτων</span> <span class='ocrx_word' id='word_1_536' title='bbox 619 4015 902 4089; x_wconf 77' lang='grc' dir='ltr'>αἱροῦνται</span> <span class='ocrx_word' id='word_1_537' title='bbox 936 4015 1122 4084; x_wconf 84' lang='grc' dir='ltr'>σφίσιν</span> <span class='ocrx_word' id='word_1_538' title='bbox 1146 4017 1412 4083; x_wconf 75' lang='grc' dir='ltr'>ἡγεμόνα,</span> <span class='ocrx_word' id='word_1_539' title='bbox 1432 4013 1652 4068; x_wconf 84' lang='grc' dir='ltr'>ἐπειδὰν</span> <span class='ocrx_word' id='word_1_540' title='bbox 1679 4015 1834 4082; x_wconf 81' lang='grc' dir='ltr'>σφίσι</span> 
     </span>
    </p>
   </div>
   <div class='ocr_carea' id='block_1_74' title="bbox 245 4107 1835 4182">
    <p class='ocr_par' dir='ltr' id='par_1_74' title="bbox 245 4107 1835 4182">
     <span class='ocr_line' id='line_1_74' title="bbox 245 4107 1835 4182; baseline -0.002 -20"><span class='ocrx_word' id='word_1_541' title='bbox 245 4109 580 4182; x_wconf 82' lang='grc' dir='ltr'>τελευτήσῃ,</span> <span class='ocrx_word' id='word_1_542' title='bbox 611 4111 667 4173; x_wconf 86' lang='grc' dir='ltr'><strong>ἐς</strong></span> <span class='ocrx_word' id='word_1_543' title='bbox 695 4109 763 4162; x_wconf 86' lang='grc' dir='ltr'><strong>τὰ</strong></span> <span class='ocrx_word' id='word_1_544' title='bbox 795 4107 991 4178; x_wconf 84' lang='grc' dir='ltr'>πρῶτα</span> <span class='ocrx_word' id='word_1_545' title='bbox 1018 4107 1186 4178; x_wconf 80' lang='grc' dir='ltr'>τιμῆς</span> <span class='ocrx_word' id='word_1_546' title='bbox 1216 4108 1514 4178; x_wconf 83' lang='grc' dir='ltr'>ἀνήκουσιν</span> <span class='ocrx_word' id='word_1_547' title='bbox 1546 4107 1602 4170; x_wconf 83' lang='grc' dir='ltr'><strong>ἐς</strong></span> <span class='ocrx_word' id='word_1_548' title='bbox 1627 4108 1835 4176; x_wconf 86' lang='grc' dir='ltr'>ταύτην</span> 
     </span>
    </p>
   </div>
   <div class='ocr_carea' id='block_1_75' title="bbox 243 4197 1837 4274">
    <p class='ocr_par' dir='ltr' id='par_1_75' title="bbox 243 4197 1837 4274">
     <span class='ocr_line' id='line_1_75' title="bbox 243 4197 1837 4274; baseline -0.004 -17"><span class='ocrx_word' id='word_1_549' title='bbox 243 4205 354 4274; x_wconf 82' lang='grc' dir='ltr'>τὴν</span> <span class='ocrx_word' id='word_1_550' title='bbox 383 4203 679 4256; x_wconf 79' lang='grc' dir='ltr'>πολιτείαν.</span> <span class='ocrx_word' id='word_1_551' title='bbox 699 4201 837 4263; x_wconf 88' lang='grc' dir='ltr'>Τούς</span> <span class='ocrx_word' id='word_1_552' title='bbox 862 4217 921 4252; x_wconf 87' lang='grc' dir='ltr'><strong>τε</strong></span> <span class='ocrx_word' id='word_1_553' title='bbox 947 4201 1054 4272; x_wconf 84' lang='grc' dir='ltr'><strong>γὰρ</strong></span> <span class='ocrx_word' id='word_1_554' title='bbox 1087 4199 1395 4270; x_wconf 80' lang='grc' dir='ltr'>θησαυροὺς</span> <span class='ocrx_word' id='word_1_555' title='bbox 1424 4200 1520 4253; x_wconf 75' lang='grc' dir='ltr'>καὶ</span> <span class='ocrx_word' id='word_1_556' title='bbox 1541 4197 1644 4262; x_wconf 84' lang='grc' dir='ltr'>τὰς</span> <span class='ocrx_word' id='word_1_557' title='bbox 1668 4217 1837 4269; x_wconf 83' lang='grc' dir='ltr'>προσ-</span> 
     </span>
    </p>
   </div>
   <div class='ocr_carea' id='block_1_76' title="bbox 247 4275 1838 4363">
    <p class='ocr_par' dir='ltr' id='par_1_76' title="bbox 247 4275 1838 4363">
     <span class='ocr_line' id='line_1_76' title="bbox 247 4275 1838 4363; baseline -0.004 -15"><span class='ocrx_word' id='word_1_558' title='bbox 247 4297 410 4353; x_wconf 76' lang='grc' dir='ltr'>όδους</span> <span class='ocrx_word' id='word_1_559' title='bbox 444 4293 712 4363; x_wconf 82' lang='grc' dir='ltr'>ἐφορῶσιν</span> <span class='ocrx_word' id='word_1_560' title='bbox 756 4275 922 4353; x_wconf 71' lang='grc' dir='ltr'>οὗτοι,</span> <span class='ocrx_word' id='word_1_561' title='bbox 959 4291 1051 4343; x_wconf 75' lang='grc' dir='ltr'>καὶ</span> <span class='ocrx_word' id='word_1_562' title='bbox 1096 4287 1548 4358; x_wconf 88' lang='grc' dir='ltr'>ἐπιτροπεύουσι.</span> <span class='ocrx_word' id='word_1_563' title='bbox 1602 4286 1838 4356; x_wconf 78' lang='grc' dir='ltr'>Χρημα-</span> 
     </span>
    </p>
   </div>
   <div class='ocr_carea' id='block_1_77' title="bbox 248 4377 1834 4452">
    <p class='ocr_par' dir='ltr' id='par_1_77' title="bbox 248 4377 1834 4452">
     <span class='ocr_line' id='line_1_77' title="bbox 248 4377 1834 4452; baseline -0.007 -13"><span class='ocrx_word' id='word_1_564' title='bbox 248 4386 467 4452; x_wconf 76' lang='grc' dir='ltr'>τίςουσι</span> <span class='ocrx_word' id='word_1_565' title='bbox 496 4385 556 4437; x_wconf 80' lang='grc' dir='ltr'>δὲ</span> <span class='ocrx_word' id='word_1_566' title='bbox 593 4383 778 4452; x_wconf 81' lang='grc' dir='ltr'>σφίσιν</span> <span class='ocrx_word' id='word_1_567' title='bbox 810 4385 866 4444; x_wconf 89' lang='grc' dir='ltr'><strong>ἐς</strong></span> <span class='ocrx_word' id='word_1_568' title='bbox 901 4381 1002 4452; x_wconf 83' lang='grc' dir='ltr'>τὴν</span> <span class='ocrx_word' id='word_1_569' title='bbox 1030 4379 1206 4450; x_wconf 75' lang='grc' dir='ltr'>ἀρχὴν</span> <span class='ocrx_word' id='word_1_570' title='bbox 1236 4377 1437 4442; x_wconf 76' lang='grc' dir='ltr'>αὐτῶν,</span> <span class='ocrx_word' id='word_1_571' title='bbox 1467 4377 1565 4430; x_wconf 79' lang='grc' dir='ltr'><strong>σὺν</strong></span> <span class='ocrx_word' id='word_1_572' title='bbox 1591 4377 1668 4446; x_wconf 82' lang='grc' dir='ltr'><strong>τῷ</strong></span> <span class='ocrx_word' id='word_1_573' title='bbox 1697 4379 1834 4446; x_wconf 78' lang='grc' dir='ltr'>ἠγε-</span> 
     </span>
    </p>
   </div>
   <div class='ocr_carea' id='block_1_78' title="bbox 1943 3163 3513 3240">
    <p class='ocr_par' dir='ltr' id='par_1_78' title="bbox 1943 3163 3513 3240">
     <span class='ocr_line' id='line_1_78' title="bbox 1943 3163 3513 3240; baseline -0.008 -14"><span class='ocrx_word' id='word_1_574' title='bbox 1943 3172 2240 3228; x_wconf 84' lang='lat' dir='ltr'><strong>l&#39;ectionem</strong></span> <span class='ocrx_word' id='word_1_575' title='bbox 2276 3171 2516 3240; x_wconf 83' lang='lat' dir='ltr'><strong>aliquam</strong></span> <span class='ocrx_word' id='word_1_576' title='bbox 2536 3169 2654 3223; x_wconf 85' lang='lat' dir='ltr'><strong>sive</strong></span> <span class='ocrx_word' id='word_1_577' title='bbox 2679 3166 2976 3220; x_wconf 87' lang='lat' dir='ltr'><strong>tumultum</strong></span> <span class='ocrx_word' id='word_1_578' title='bbox 3011 3174 3178 3218; x_wconf 90' lang='lat' dir='ltr'><strong>noctu</strong></span> <span class='ocrx_word' id='word_1_579' title='bbox 3212 3163 3513 3216; x_wconf 91' lang='lat' dir='ltr'><strong>concitant.</strong></span> 
     </span>
    </p>
   </div>
   <div class='ocr_carea' id='block_1_79' title="bbox 1944 3252 3519 3328">
    <p class='ocr_par' dir='ltr' id='par_1_79' title="bbox 1944 3252 3519 3328">
     <span class='ocr_line' id='line_1_79' title="bbox 1944 3252 3519 3328; baseline -0.009 -8"><span class='ocrx_word' id='word_1_580' title='bbox 1944 3264 2087 3320; x_wconf 82' lang='lat' dir='ltr'><strong>Sunt</strong></span> <span class='ocrx_word' id='word_1_581' title='bbox 2117 3273 2172 3319; x_wconf 89' lang='lat' dir='ltr'><strong>et</strong></span> <span class='ocrx_word' id='word_1_582' title='bbox 2198 3279 2384 3318; x_wconf 82' lang='lat' dir='ltr'><strong>rerum</strong></span> <span class='ocrx_word' id='word_1_583' title='bbox 2431 3262 2734 3327; x_wconf 89' lang='lat' dir='ltr'><strong>venalium,</strong></span> <span class='ocrx_word' id='word_1_584' title='bbox 2798 3266 2968 3328; x_wconf 86' lang='lat' dir='ltr'><strong>atque</strong></span> <span class='ocrx_word' id='word_1_585' title='bbox 3025 3256 3163 3311; x_wconf 86' lang='lat' dir='ltr'><strong>adeo</strong></span> <span class='ocrx_word' id='word_1_586' title='bbox 3197 3255 3369 3309; x_wconf 84' lang='lat' dir='ltr'><strong>tOtius</strong></span> <span class='ocrx_word' id='word_1_587' title='bbox 3411 3252 3519 3307; x_wconf 78' lang='lat' dir='ltr'><strong>fori</strong></span> 
     </span>
    </p>
   </div>
   <div class='ocr_carea' id='block_1_80' title="bbox 1943 3348 3516 3426">
    <p class='ocr_par' dir='ltr' id='par_1_80' title="bbox 1943 3348 3516 3426">
     <span class='ocr_line' id='line_1_80' title="bbox 1943 3348 3516 3426; baseline -0.009 -16"><span class='ocrx_word' id='word_1_588' title='bbox 1943 3355 2231 3426; x_wconf 70' lang='lat' dir='ltr'><strong>praesides.</strong></span> <span class='ocrx_word' id='word_1_589' title='bbox 2327 3353 2436 3407; x_wconf 79' lang='lat' dir='ltr'><strong>Alii</strong></span> <span class='ocrx_word' id='word_1_590' title='bbox 2519 3352 2818 3422; x_wconf 66' lang='lat' dir='ltr'><strong>praesident</strong></span> <span class='ocrx_word' id='word_1_591' title='bbox 2881 3348 3241 3418; x_wconf 81' lang='lat' dir='ltr'><strong>vectigalibus</strong></span> <span class='ocrx_word' id='word_1_592' title='bbox 3303 3362 3516 3410; x_wconf 87' lang='lat' dir='ltr'><strong>rerum,</strong></span> 
     </span>
    </p>
   </div>
   <div class='ocr_carea' id='block_1_81' title="bbox 1940 3439 3515 3502">
    <p class='ocr_par' dir='ltr' id='par_1_81' title="bbox 1940 3439 3515 3502">
     <span class='ocr_line' id='line_1_81' title="bbox 1940 3439 3515 3502; baseline -0.009 0"><span class='ocrx_word' id='word_1_593' title='bbox 1940 3449 2033 3502; x_wconf 89' lang='lat' dir='ltr'><strong>alii</strong></span> <span class='ocrx_word' id='word_1_594' title='bbox 2051 3457 2178 3502; x_wconf 88' lang='lat' dir='ltr'><strong>sunt</strong></span> <span class='ocrx_word' id='word_1_595' title='bbox 2202 3445 2538 3500; x_wconf 89' lang='lat' dir='ltr'><strong>tributorum</strong></span> <span class='ocrx_word' id='word_1_596' title='bbox 2562 3451 2617 3496; x_wconf 92' lang='lat' dir='ltr'><strong>et</strong></span> <span class='ocrx_word' id='word_1_597' title='bbox 2639 3440 2878 3495; x_wconf 87' lang='lat' dir='ltr'><strong>civitatis</strong></span> <span class='ocrx_word' id='word_1_598' title='bbox 2903 3439 3180 3492; x_wconf 88' lang='lat' dir='ltr'><strong>reditnum</strong></span> <span class='ocrx_word' id='word_1_599' title='bbox 3206 3445 3515 3491; x_wconf 76' lang='lat' dir='ltr'><strong>exactores.</strong></span> 
     </span>
    </p>
   </div>
   <div class='ocr_carea' id='block_1_82' title="bbox 1942 3529 3517 3610">
    <p class='ocr_par' dir='ltr' id='par_1_82' title="bbox 1942 3529 3517 3610">
     <span class='ocr_line' id='line_1_82' title="bbox 1942 3529 3517 3610; baseline -0.008 -18"><span class='ocrx_word' id='word_1_600' title='bbox 1942 3541 2177 3608; x_wconf 85' lang='lat' dir='ltr'><strong>Quidam</strong></span> <span class='ocrx_word' id='word_1_601' title='bbox 2211 3535 2494 3610; x_wconf 74' lang='lat' dir='ltr'><strong>pra&#39;positi</strong></span> <span class='ocrx_word' id='word_1_602' title='bbox 2535 3543 2668 3590; x_wconf 83' lang='lat' dir='ltr'><strong>sunt</strong></span> <span class='ocrx_word' id='word_1_603' title='bbox 2707 3532 3068 3602; x_wconf 76' lang='lat' dir='ltr'><strong>vectigalibus</strong></span> <span class='ocrx_word' id='word_1_604' title='bbox 3117 3538 3172 3586; x_wconf 83' lang='lat' dir='ltr'><strong>et</strong></span> <span class='ocrx_word' id='word_1_605' title='bbox 3227 3529 3517 3590; x_wconf 82' lang='lat' dir='ltr'><strong>reditibus,</strong></span> 
     </span>
    </p>
   </div>
   <div class='ocr_carea' id='block_1_83' title="bbox 1941 3622 3521 3702">
    <p class='ocr_par' dir='ltr' id='par_1_83' title="bbox 1941 3622 3521 3702">
     <span class='ocr_line' id='line_1_83' title="bbox 1941 3622 3521 3702; baseline -0.009 -14"><span class='ocrx_word' id='word_1_606' title='bbox 1941 3634 2006 3688; x_wconf 87' lang='lat' dir='ltr'><strong>ad</strong></span> <span class='ocrx_word' id='word_1_607' title='bbox 2050 3647 2188 3702; x_wconf 87' lang='lat' dir='ltr'><strong>quos</strong></span> <span class='ocrx_word' id='word_1_608' title='bbox 2223 3632 2500 3686; x_wconf 71' lang='lat' dir='ltr'><strong>universa:</strong></span> <span class='ocrx_word' id='word_1_609' title='bbox 2563 3627 2800 3681; x_wconf 84' lang='lat' dir='ltr'><strong>civitatis</strong></span> <span class='ocrx_word' id='word_1_610' title='bbox 2832 3640 2968 3694; x_wconf 85' lang='lat' dir='ltr'><strong>opcs</strong></span> <span class='ocrx_word' id='word_1_611' title='bbox 3013 3622 3280 3680; x_wconf 78' lang='lat' dir='ltr'><strong>adhibitis</strong></span> <span class='ocrx_word' id='word_1_612' title='bbox 3332 3622 3521 3675; x_wconf 81' lang='lat' dir='ltr'><strong>obser-</strong></span> 
     </span>
    </p>
   </div>
   <div class='ocr_carea' id='block_1_84' title="bbox 1943 3715 3520 3786">
    <p class='ocr_par' dir='ltr' id='par_1_84' title="bbox 1943 3715 3520 3786">
     <span class='ocr_line' id='line_1_84' title="bbox 1943 3715 3520 3786; baseline -0.01 -7"><span class='ocrx_word' id='word_1_613' title='bbox 1943 3723 2231 3779; x_wconf 86' lang='lat' dir='ltr'><strong>vatoribus</strong></span> <span class='ocrx_word' id='word_1_614' title='bbox 2285 3721 2636 3777; x_wconf 82' lang='lat' dir='ltr'><strong>deferuntur.</strong></span> <span class='ocrx_word' id='word_1_615' title='bbox 2702 3717 3055 3786; x_wconf 75' lang='lat' dir='ltr'><strong>Magistratus</strong></span> <span class='ocrx_word' id='word_1_616' title='bbox 3139 3715 3230 3768; x_wconf 89' lang='lat' dir='ltr'><strong>hic</strong></span> <span class='ocrx_word' id='word_1_617' title='bbox 3301 3721 3520 3766; x_wconf 84' lang='lat' dir='ltr'><strong>constat</strong></span> 
     </span>
    </p>
   </div>
   <div class='ocr_carea' id='block_1_85' title="bbox 1945 3805 3520 3877">
    <p class='ocr_par' dir='ltr' id='par_1_85' title="bbox 1945 3805 3520 3877">
     <span class='ocr_line' id='line_1_85' title="bbox 1945 3805 3520 3877; baseline -0.01 -6"><span class='ocrx_word' id='word_1_618' title='bbox 1945 3818 2080 3871; x_wconf 89' lang='lat' dir='ltr'><strong>viris</strong></span> <span class='ocrx_word' id='word_1_619' title='bbox 2144 3825 2306 3870; x_wconf 61' lang='lat' dir='ltr'><strong>aetate</strong></span> <span class='ocrx_word' id='word_1_620' title='bbox 2353 3823 2406 3867; x_wconf 89' lang='lat' dir='ltr'><strong>et</strong></span> <span class='ocrx_word' id='word_1_621' title='bbox 2453 3807 2759 3866; x_wconf 85' lang='lat' dir='ltr'><strong>honoribus</strong></span> <span class='ocrx_word' id='word_1_622' title='bbox 2843 3805 3214 3877; x_wconf 83' lang='lat' dir='ltr'><strong>gravissimis,</strong></span> <span class='ocrx_word' id='word_1_623' title='bbox 3263 3805 3356 3873; x_wconf 89' lang='lat' dir='ltr'><strong>qui</strong></span> <span class='ocrx_word' id='word_1_624' title='bbox 3427 3819 3520 3871; x_wconf 89' lang='lat' dir='ltr'><strong>per</strong></span> 
     </span>
    </p>
   </div>
   <div class='ocr_carea' id='block_1_86' title="bbox 1953 3894 3518 3969">
    <p class='ocr_par' dir='ltr' id='par_1_86' title="bbox 1953 3894 3518 3969">
     <span class='ocr_line' id='line_1_86' title="bbox 1953 3894 3518 3969; baseline -0.011 -7"><span class='ocrx_word' id='word_1_625' title='bbox 1953 3910 2265 3964; x_wconf 84' lang='lat' dir='ltr'><strong>universam</strong></span> <span class='ocrx_word' id='word_1_626' title='bbox 2299 3905 2464 3959; x_wconf 86' lang='lat' dir='ltr'><strong>vitam</strong></span> <span class='ocrx_word' id='word_1_627' title='bbox 2495 3903 2660 3956; x_wconf 90' lang='lat' dir='ltr'><strong>istum</strong></span> <span class='ocrx_word' id='word_1_628' title='bbox 2688 3899 3074 3969; x_wconf 79' lang='lat' dir='ltr'><strong>magistratum</strong></span> <span class='ocrx_word' id='word_1_629' title='bbox 3106 3897 3368 3958; x_wconf 89' lang='lat' dir='ltr'><strong>retinent,</strong></span> <span class='ocrx_word' id='word_1_630' title='bbox 3389 3894 3518 3964; x_wconf 87' lang='lat' dir='ltr'><strong>quia</strong></span> 
     </span>
    </p>
   </div>
   <div class='ocr_carea' id='block_1_87' title="bbox 1943 3987 3524 4064">
    <p class='ocr_par' dir='ltr' id='par_1_87' title="bbox 1943 3987 3524 4064">
     <span class='ocr_line' id='line_1_87' title="bbox 1943 3987 3524 4064; baseline -0.012 -6"><span class='ocrx_word' id='word_1_631' title='bbox 1943 4002 2160 4059; x_wconf 78' lang='lat' dir='ltr'><strong>dillicile</strong></span> <span class='ocrx_word' id='word_1_632' title='bbox 2207 4000 2421 4054; x_wconf 87' lang='lat' dir='ltr'><strong>videtur</strong></span> <span class='ocrx_word' id='word_1_633' title='bbox 2449 4003 2674 4064; x_wconf 85' lang='lat' dir='ltr'><strong>accepta</strong></span> <span class='ocrx_word' id='word_1_634' title='bbox 2699 4002 2752 4048; x_wconf 89' lang='lat' dir='ltr'><strong>et</strong></span> <span class='ocrx_word' id='word_1_635' title='bbox 2789 4006 3034 4062; x_wconf 80' lang='lat' dir='ltr'><strong>expensa</strong></span> <span class='ocrx_word' id='word_1_636' title='bbox 3077 3987 3347 4054; x_wconf 71' lang='lat' dir='ltr'><strong>civitatis,</strong></span> <span class='ocrx_word' id='word_1_637' title='bbox 3385 3989 3524 4051; x_wconf 79' lang='lat' dir='ltr'><strong>quid</strong></span> 
     </span>
    </p>
   </div>
   <div class='ocr_carea' id='block_1_88' title="bbox 1945 4084 3519 4166">
    <p class='ocr_par' dir='ltr' id='par_1_88' title="bbox 1945 4084 3519 4166">
     <span class='ocr_line' id='line_1_88' title="bbox 1945 4084 3519 4166; baseline -0.012 -15"><span class='ocrx_word' id='word_1_638' title='bbox 1945 4094 2291 4166; x_wconf 83' lang='lat' dir='ltr'><strong>expendatur</strong></span> <span class='ocrx_word' id='word_1_639' title='bbox 2326 4102 2378 4147; x_wconf 89' lang='lat' dir='ltr'><strong>et</strong></span> <span class='ocrx_word' id='word_1_640' title='bbox 2411 4089 2543 4160; x_wconf 88' lang='lat' dir='ltr'><strong>quid</strong></span> <span class='ocrx_word' id='word_1_641' title='bbox 2564 4087 2828 4157; x_wconf 89' lang='lat' dir='ltr'><strong>supersit.</strong></span> <span class='ocrx_word' id='word_1_642' title='bbox 2850 4084 3148 4154; x_wconf 87' lang='lat' dir='ltr'><strong>quotannis</strong></span> <span class='ocrx_word' id='word_1_643' title='bbox 3175 4089 3519 4150; x_wconf 86' lang='lat' dir='ltr'><strong>computare,</strong></span> 
     </span>
    </p>
   </div>
   <div class='ocr_carea' id='block_1_89' title="bbox 1944 4171 3521 4258">
    <p class='ocr_par' dir='ltr' id='par_1_89' title="bbox 1944 4171 3521 4258">
     <span class='ocr_line' id='line_1_89' title="bbox 1944 4171 3521 4258; baseline -0.013 -15"><span class='ocrx_word' id='word_1_644' title='bbox 1944 4197 1998 4243; x_wconf 81' lang='lat' dir='ltr'><strong>et</strong></span> <span class='ocrx_word' id='word_1_645' title='bbox 2036 4185 2250 4258; x_wconf 81' lang='lat' dir='ltr'><strong>singula</strong></span> <span class='ocrx_word' id='word_1_646' title='bbox 2287 4184 2343 4238; x_wconf 89' lang='lat' dir='ltr'><strong>in</strong></span> <span class='ocrx_word' id='word_1_647' title='bbox 2377 4182 2619 4237; x_wconf 88' lang='lat' dir='ltr'><strong>rationes</strong></span> <span class='ocrx_word' id='word_1_648' title='bbox 2656 4178 2889 4234; x_wconf 76' lang='lat' dir='ltr'><strong>referre.</strong></span> <span class='ocrx_word' id='word_1_649' title='bbox 2930 4175 3010 4230; x_wconf 76' lang='lat' dir='ltr'><strong>Ex</strong></span> <span class='ocrx_word' id='word_1_650' title='bbox 3064 4174 3150 4228; x_wconf 86' lang='lat' dir='ltr'><strong>his</strong></span> <span class='ocrx_word' id='word_1_651' title='bbox 3187 4171 3292 4230; x_wconf 77' lang='lat' dir='ltr'><strong>sibi</strong></span> <span class='ocrx_word' id='word_1_652' title='bbox 3323 4173 3521 4226; x_wconf 87' lang='lat' dir='ltr'><strong>ducem</strong></span> 
     </span>
    </p>
   </div>
   <div class='ocr_carea' id='block_1_90' title="bbox 1945 4268 3522 4350">
    <p class='ocr_par' dir='ltr' id='par_1_90' title="bbox 1945 4268 3522 4350">
     <span class='ocr_line' id='line_1_90' title="bbox 1945 4268 3522 4350; baseline -0.012 -14"><span class='ocrx_word' id='word_1_653' title='bbox 1945 4281 2193 4350; x_wconf 88' lang='lat' dir='ltr'><strong>capiunt,</strong></span> <span class='ocrx_word' id='word_1_654' title='bbox 2231 4275 2456 4347; x_wconf 90' lang='lat' dir='ltr'><strong>quando</strong></span> <span class='ocrx_word' id='word_1_655' title='bbox 2509 4274 2558 4328; x_wconf 91' lang='lat' dir='ltr'><strong>is</strong></span> <span class='ocrx_word' id='word_1_656' title='bbox 2600 4272 2697 4343; x_wconf 91' lang='lat' dir='ltr'><strong>qui</strong></span> <span class='ocrx_word' id='word_1_657' title='bbox 2729 4279 2948 4326; x_wconf 85' lang='lat' dir='ltr'><strong>‘rcrum</strong></span> <span class='ocrx_word' id='word_1_658' title='bbox 3003 4268 3229 4338; x_wconf 84' lang='lat' dir='ltr'><strong>potitur,</strong></span> <span class='ocrx_word' id='word_1_659' title='bbox 3270 4273 3522 4318; x_wconf 85' lang='lat' dir='ltr'><strong>mortuus</strong></span> 
     </span>
    </p>
   </div>
   <div class='ocr_carea' id='block_1_91' title="bbox 1948 4354 3524 4436">
    <p class='ocr_par' dir='ltr' id='par_1_91' title="bbox 1948 4354 3524 4436">
     <span class='ocr_line' id='line_1_91' title="bbox 1948 4354 3524 4436; baseline -0.015 -6"><span class='ocrx_word' id='word_1_660' title='bbox 1948 4372 2138 4430; x_wconf 79' lang='lat' dir='ltr'><strong>fuerit.</strong></span> <span class='ocrx_word' id='word_1_661' title='bbox 2199 4369 2304 4436; x_wconf 82' lang='lat' dir='ltr'><strong>Qui</strong></span> <span class='ocrx_word' id='word_1_662' title='bbox 2354 4368 2423 4425; x_wconf 88' lang='lat' dir='ltr'><strong>ad</strong></span> <span class='ocrx_word' id='word_1_663' title='bbox 2477 4367 2721 4436; x_wconf 89' lang='lat' dir='ltr'><strong>primum</strong></span> <span class='ocrx_word' id='word_1_664' title='bbox 2770 4361 3054 4432; x_wconf 83' lang='lat' dir='ltr'><strong>dignitatis</strong></span> <span class='ocrx_word' id='word_1_665' title='bbox 3117 4359 3294 4413; x_wconf 89' lang='lat' dir='ltr'><strong>locum</strong></span> <span class='ocrx_word' id='word_1_666' title='bbox 3351 4354 3524 4409; x_wconf 84' lang='lat' dir='ltr'><strong>evecti</strong></span> 
     </span>
    </p>
   </div>
   <div class='ocr_carea' id='block_1_92' title="bbox 250 4454 1828 4549">
    <p class='ocr_par' dir='ltr' id='par_1_92' title="bbox 250 4468 1828 4549">
     <span class='ocr_line' id='line_1_92' title="bbox 250 4468 1828 4549; baseline -0.006 -19"><span class='ocrx_word' id='word_1_667' title='bbox 250 4478 384 4549; x_wconf 85' lang='grc' dir='ltr'>μόνι</span> <span class='ocrx_word' id='word_1_668' title='bbox 416 4475 858 4546; x_wconf 84' lang='grc' dir='ltr'>παραγενόμενοι</span> <span class='ocrx_word' id='word_1_669' title='bbox 887 4473 942 4536; x_wconf 74' lang='grc' dir='ltr'><strong>ἐς</strong></span> <span class='ocrx_word' id='word_1_670' title='bbox 996 4489 1056 4525; x_wconf 87' lang='grc' dir='ltr'><strong>τε</strong></span> <span class='ocrx_word' id='word_1_671' title='bbox 1088 4471 1357 4542; x_wconf 73' lang='grc' dir='ltr'>ἀκρόασιν</span> <span class='ocrx_word' id='word_1_672' title='bbox 1391 4468 1701 4540; x_wconf 77' lang='grc' dir='ltr'>πρέσϐεων,</span> <span class='ocrx_word' id='word_1_673' title='bbox 1743 4469 1828 4522; x_wconf 61' lang='grc' dir='ltr'>καὶ</span> 
     </span>
    </p>
   </div>
   <div class='ocr_carea' id='block_1_93' title="bbox 1935 4454 3524 4549">
    <p class='ocr_par' dir='ltr' id='par_1_93' title="bbox 1947 4454 3524 4527">
     <span class='ocr_line' id='line_1_93' title="bbox 1947 4454 3524 4527; baseline -0.013 -9"><span class='ocrx_word' id='word_1_674' title='bbox 1947 4454 2174 4527; x_wconf 52' lang='lat' dir='ltr'><strong>(ueri—nt,</strong></span> <span class='ocrx_word' id='word_1_675' title='bbox 2223 4463 2290 4517; x_wconf 87' lang='lat' dir='ltr'><strong>ad</strong></span> <span class='ocrx_word' id='word_1_676' title='bbox 2339 4461 2507 4516; x_wconf 87' lang='lat' dir='ltr'><strong>istum</strong></span> <span class='ocrx_word' id='word_1_677' title='bbox 2539 4458 2754 4512; x_wconf 85' lang='lat' dir='ltr'><strong>tandem</strong></span> <span class='ocrx_word' id='word_1_678' title='bbox 2793 4454 3056 4508; x_wconf 80' lang='lat' dir='ltr'><strong>honorem</strong></span> <span class='ocrx_word' id='word_1_679' title='bbox 3095 4458 3524 4520; x_wconf 86' lang='lat' dir='ltr'><strong>promoventur.</strong></span> 
     </span>
    </p>
   </div>
   <div class='ocr_carea' id='block_1_94' title="bbox 247 4561 1842 4638">
    <p class='ocr_par' dir='ltr' id='par_1_94' title="bbox 247 4561 1842 4638">
     <span class='ocr_line' id='line_1_94' title="bbox 247 4561 1842 4638; baseline -0.007 -15"><span class='ocrx_word' id='word_1_680' title='bbox 247 4568 365 4623; x_wconf 84' lang='grc' dir='ltr'><strong>τῶν</strong></span> <span class='ocrx_word' id='word_1_681' title='bbox 427 4566 853 4638; x_wconf 78' lang='grc' dir='ltr'>μεγάλων,“είτε</span> <span class='ocrx_word' id='word_1_682' title='bbox 900 4562 1191 4634; x_wconf 80' lang='grc' dir='ltr'>βασιλέων,</span> <span class='ocrx_word' id='word_1_683' title='bbox 1245 4563 1357 4614; x_wconf 77' lang='grc' dir='ltr'>εἴτε</span> <span class='ocrx_word' id='word_1_684' title='bbox 1406 4561 1500 4615; x_wconf 71' lang='grc' dir='ltr'>καὶ</span> <span class='ocrx_word' id='word_1_685' title='bbox 1554 4561 1842 4630; x_wconf 78' lang='grc' dir='ltr'>ἡγεμόνων</span> 
     </span>
    </p>
   </div>
   <div class='ocr_carea' id='block_1_95' title="bbox 247 4653 1844 4731">
    <p class='ocr_par' dir='ltr' id='par_1_95' title="bbox 247 4653 1844 4731">
     <span class='ocr_line' id='line_1_95' title="bbox 247 4653 1844 4731; baseline -0.008 -15"><span class='ocrx_word' id='word_1_686' title='bbox 247 4661 561 4731; x_wconf 77' lang='grc' dir='ltr'>ἀναφορὰς.</span> <span class='ocrx_word' id='word_1_687' title='bbox 592 4661 704 4713; x_wconf 74' lang='grc' dir='ltr'><strong>Καὶ</strong></span> <span class='ocrx_word' id='word_1_688' title='bbox 731 4658 924 4730; x_wconf 79' lang='grc' dir='ltr'>ἄνδρες</span> <span class='ocrx_word' id='word_1_689' title='bbox 955 4656 1103 4710; x_wconf 81' lang='grc' dir='ltr'>οὗτοι</span> <span class='ocrx_word' id='word_1_690' title='bbox 1133 4659 1166 4726; x_wconf 83' lang='grc' dir='ltr'>ἠ</span> <span class='ocrx_word' id='word_1_691' title='bbox 1200 4655 1302 4723; x_wconf 74' lang='grc' dir='ltr'>τῆς</span> <span class='ocrx_word' id='word_1_692' title='bbox 1332 4654 1541 4715; x_wconf 84' lang='grc' dir='ltr'>πόλεως</span> <span class='ocrx_word' id='word_1_693' title='bbox 1570 4654 1664 4722; x_wconf 80' lang='grc' dir='ltr'><strong>ὅλη</strong></span> <span class='ocrx_word' id='word_1_694' title='bbox 1691 4653 1844 4716; x_wconf 80' lang='grc' dir='ltr'>ἐξου-</span> 
     </span>
    </p>
   </div>
   <div class='ocr_carea' id='block_1_96' title="bbox 249 4741 1840 4818">
    <p class='ocr_par' dir='ltr' id='par_1_96' title="bbox 249 4741 1840 4818">
     <span class='ocr_line' id='line_1_96' title="bbox 249 4741 1840 4818; baseline -0.008 -12"><span class='ocrx_word' id='word_1_695' title='bbox 249 4753 354 4806; x_wconf 85' lang='grc' dir='ltr'><strong>σία</strong></span> <span class='ocrx_word' id='word_1_696' title='bbox 377 4765 393 4782; x_wconf 79' lang='grc'><em>’</em></span> <span class='ocrx_word' id='word_1_697' title='bbox 417 4749 748 4818; x_wconf 73' lang='grc' dir='ltr'>ὀνομάζεται</span> <span class='ocrx_word' id='word_1_698' title='bbox 789 4748 847 4800; x_wconf 83' lang='grc' dir='ltr'>δὲ</span> <span class='ocrx_word' id='word_1_699' title='bbox 883 4747 982 4800; x_wconf 73' lang='grc' dir='ltr'>καὶ</span> <span class='ocrx_word' id='word_1_700' title='bbox 1011 4745 1305 4817; x_wconf 80' lang='grc' dir='ltr'>ἡγεμονία.</span> <span class='ocrx_word' id='word_1_701' title='bbox 1341 4745 1574 4816; x_wconf 78' lang='grc' dir='ltr'>Προὲχει</span> <span class='ocrx_word' id='word_1_702' title='bbox 1608 4743 1664 4796; x_wconf 85' lang='grc' dir='ltr'>δὲ</span> <span class='ocrx_word' id='word_1_703' title='bbox 1698 4741 1840 4811; x_wconf 82' lang='grc' dir='ltr'>αὕτη</span> 
     </span>
    </p>
   </div>
   <div class='ocr_carea' id='block_1_97' title="bbox 246 4831 1840 4913">
    <p class='ocr_par' dir='ltr' id='par_1_97' title="bbox 246 4831 1840 4913">
     <span class='ocr_line' id='line_1_97' title="bbox 246 4831 1840 4913; baseline -0.006 -20"><span class='ocrx_word' id='word_1_704' title='bbox 246 4845 285 4913; x_wconf 70' lang='grc' dir='ltr'><strong>ἡ</strong></span> <span class='ocrx_word' id='word_1_705' title='bbox 328 4839 484 4902; x_wconf 86' lang='grc' dir='ltr'>πόλις</span> <span class='ocrx_word' id='word_1_706' title='bbox 515 4839 660 4892; x_wconf 81' lang='grc' dir='ltr'>δυοῖν</span> <span class='ocrx_word' id='word_1_707' title='bbox 698 4837 808 4891; x_wconf 84' lang='grc' dir='ltr'>τῶν</span> <span class='ocrx_word' id='word_1_708' title='bbox 847 4839 905 4889; x_wconf 79' lang='grc' dir='ltr'><strong>ἐν</strong></span> <span class='ocrx_word' id='word_1_709' title='bbox 937 4839 1008 4908; x_wconf 74' lang='grc' dir='ltr'>τῇ</span> <span class='ocrx_word' id='word_1_710' title='bbox 1048 4834 1249 4902; x_wconf 67' lang='grc' dir='ltr'>Ἰταλία.</span> <span class='ocrx_word' id='word_1_711' title='bbox 1286 4833 1494 4886; x_wconf 88' lang='grc' dir='ltr'>πόλεων</span> <span class='ocrx_word' id='word_1_712' title='bbox 1546 4831 1739 4885; x_wconf 79' lang='grc' dir='ltr'>οἰκιῶν</span> <span class='ocrx_word' id='word_1_713' title='bbox 1780 4849 1840 4883; x_wconf 92' lang='grc' dir='ltr'><strong>τε</strong></span> 
     </span>
    </p>
   </div>
   <div class='ocr_carea' id='block_1_98' title="bbox 246 4924 1840 5002">
    <p class='ocr_par' dir='ltr' id='par_1_98' title="bbox 246 4924 1840 5002">
     <span class='ocr_line' id='line_1_98' title="bbox 246 4924 1840 5002; baseline -0.008 -14"><span class='ocrx_word' id='word_1_714' title='bbox 246 4931 588 5002; x_wconf 75' lang='grc' dir='ltr'>εὐπρεπείᾳ,</span> <span class='ocrx_word' id='word_1_715' title='bbox 635 4930 729 4983; x_wconf 80' lang='grc' dir='ltr'>καὶ</span> <span class='ocrx_word' id='word_1_716' title='bbox 782 4929 1100 4998; x_wconf 85' lang='grc' dir='ltr'>κατασκευῇ</span> <span class='ocrx_word' id='word_1_717' title='bbox 1139 4926 1378 4982; x_wconf 75' lang='grc' dir='ltr'>ἐπὶτῶν</span> <span class='ocrx_word' id='word_1_718' title='bbox 1409 4926 1510 4995; x_wconf 81' lang='grc' dir='ltr'>τῆς</span> <span class='ocrx_word' id='word_1_719' title='bbox 1559 4924 1840 4992; x_wconf 78' lang='grc' dir='ltr'>Θαλάσσης</span> 
     </span>
    </p>
   </div>
   <div class='ocr_carea' id='block_1_99' title="bbox 243 5017 1841 5095">
    <p class='ocr_par' dir='ltr' id='par_1_99' title="bbox 243 5017 1841 5095">
     <span class='ocr_line' id='line_1_99' title="bbox 243 5017 1841 5095; baseline -0.011 -11"><span class='ocrx_word' id='word_1_720' title='bbox 243 5024 740 5095; x_wconf 76' lang='grc' dir='ltr'>οἰκοδομημάτων,</span> <span class='ocrx_word' id='word_1_721' title='bbox 789 5022 864 5083; x_wconf 78' lang='grc' dir='ltr'>ὡς</span> <span class='ocrx_word' id='word_1_722' title='bbox 917 5019 977 5073; x_wconf 71' lang='grc' dir='ltr'>τὸ</span> <span class='ocrx_word' id='word_1_723' title='bbox 1049 5020 1258 5072; x_wconf 83' lang='grc' dir='ltr'>ἐπίπαν</span> <span class='ocrx_word' id='word_1_724' title='bbox 1307 5019 1406 5089; x_wconf 84' lang='grc' dir='ltr'>τῆς</span> <span class='ocrx_word' id='word_1_725' title='bbox 1462 5017 1694 5081; x_wconf 81' lang='grc' dir='ltr'>πόλεως,</span> <span class='ocrx_word' id='word_1_726' title='bbox 1747 5017 1841 5070; x_wconf 70' lang='grc' dir='ltr'>καὶ</span> 
     </span>
    </p>
   </div>
   <div class='ocr_carea' id='block_1_100' title="bbox 247 5109 1839 5188">
    <p class='ocr_par' dir='ltr' id='par_1_100' title="bbox 247 5109 1839 5188">
     <span class='ocr_line' id='line_1_100' title="bbox 247 5109 1839 5188; baseline 0.007 -24"><span class='ocrx_word' id='word_1_727' title='bbox 247 5120 480 5188; x_wconf 77' lang='grc' dir='ltr'>πλούτῳ</span> <span class='ocrx_word' id='word_1_728' title='bbox 509 5117 619 5169; x_wconf 86' lang='grc' dir='ltr'>τῶν</span> <span class='ocrx_word' id='word_1_729' title='bbox 657 5117 714 5167; x_wconf 85' lang='grc' dir='ltr'><strong>ἐν</strong></span> <span class='ocrx_word' id='word_1_730' title='bbox 743 5117 809 5184; x_wconf 81' lang='grc' dir='ltr'><strong>τῇ</strong></span> <span class='ocrx_word' id='word_1_731' title='bbox 843 5113 999 5165; x_wconf 90' lang='grc' dir='ltr'>πόλει</span> <span class='ocrx_word' id='word_1_732' title='bbox 1037 5111 1415 5174; x_wconf 83' lang='grc' dir='ltr'>ἐνοικούντων,</span> <span class='ocrx_word' id='word_1_733' title='bbox 1455 5109 1551 5163; x_wconf 78' lang='grc' dir='ltr'>ἅτε</span> <span class='ocrx_word' id='word_1_734' title='bbox 1595 5111 1693 5179; x_wconf 80' lang='grc' dir='ltr'>τῆς</span> <span class='ocrx_word' id='word_1_735' title='bbox 1741 5111 1839 5161; x_wconf 56' lang='grc' dir='ltr'><strong>πά·</strong></span> 
     </span>
    </p>
   </div>
   <div class='ocr_carea' id='block_1_101' title="bbox 243 5200 1836 5276">
    <p class='ocr_par' dir='ltr' id='par_1_101' title="bbox 243 5200 1836 5276">
     <span class='ocr_line' id='line_1_101' title="bbox 243 5200 1836 5276; baseline -0.008 -11"><span class='ocrx_word' id='word_1_736' title='bbox 243 5214 396 5272; x_wconf 83' lang='grc' dir='ltr'>λεως</span> <span class='ocrx_word' id='word_1_737' title='bbox 426 5208 520 5261; x_wconf 78' lang='grc' dir='ltr'>ἐπὶ</span> <span class='ocrx_word' id='word_1_738' title='bbox 545 5205 821 5276; x_wconf 78' lang='grc' dir='ltr'>ἐμπορίαν</span> <span class='ocrx_word' id='word_1_739' title='bbox 857 5201 1184 5272; x_wconf 78' lang='grc' dir='ltr'>ἐπιτηδείως</span> <span class='ocrx_word' id='word_1_740' title='bbox 1215 5202 1447 5272; x_wconf 84' lang='grc' dir='ltr'>ἐχούσης</span> <span class='ocrx_word' id='word_1_741' title='bbox 1475 5200 1550 5264; x_wconf 86' lang='grc' dir='ltr'><strong>ὡς</strong></span> <span class='ocrx_word' id='word_1_742' title='bbox 1576 5200 1836 5270; x_wconf 80' lang='grc' dir='ltr'>μάλιστα,</span> 
     </span>
    </p>
   </div>
   <div class='ocr_carea' id='block_1_102' title="bbox 246 5292 1836 5373">
    <p class='ocr_par' dir='ltr' id='par_1_102' title="bbox 246 5292 1836 5373">
     <span class='ocr_line' id='line_1_102' title="bbox 246 5292 1836 5373; baseline -0.008 -16"><span class='ocrx_word' id='word_1_743' title='bbox 246 5303 358 5361; x_wconf 76' lang='grc' dir='ltr'>καὶ</span> <span class='ocrx_word' id='word_1_744' title='bbox 383 5302 644 5373; x_wconf 82' lang='grc' dir='ltr'>χρήματα</span> <span class='ocrx_word' id='word_1_745' title='bbox 676 5296 924 5360; x_wconf 81' lang='grc' dir='ltr'>εὐπετῶς</span> <span class='ocrx_word' id='word_1_746' title='bbox 962 5295 1359 5368; x_wconf 66' lang='grc' dir='ltr'>ποριζομένης.</span> <span class='ocrx_word' id='word_1_747' title='bbox 1387 5294 1752 5366; x_wconf 75' lang='grc' dir='ltr'>Κεκόσμηται</span> <span class='ocrx_word' id='word_1_748' title='bbox 1778 5292 1836 5346; x_wconf 82' lang='grc' dir='ltr'>δὲ</span> 
     </span>
    </p>
   </div>
   <div class='ocr_carea' id='block_1_103' title="bbox 1944 4538 3522 4622">
    <p class='ocr_par' dir='ltr' id='par_1_103' title="bbox 1944 4538 3522 4622">
     <span class='ocr_line' id='line_1_103' title="bbox 1944 4538 3522 4622; baseline -0.013 -11"><span class='ocrx_word' id='word_1_749' title='bbox 1944 4557 2260 4614; x_wconf 86' lang='lat' dir='ltr'><strong>Thcsauros</strong></span> <span class='ocrx_word' id='word_1_750' title='bbox 2305 4562 2472 4622; x_wconf 89' lang='lat' dir='ltr'><strong>atque</strong></span> <span class='ocrx_word' id='word_1_751' title='bbox 2505 4551 2680 4604; x_wconf 88' lang='lat' dir='ltr'><strong>totius</strong></span> <span class='ocrx_word' id='word_1_752' title='bbox 2726 4546 2878 4602; x_wconf 82' lang='lat' dir='ltr'><strong>urbis</strong></span> <span class='ocrx_word' id='word_1_753' title='bbox 2907 4558 3038 4612; x_wconf 82' lang='lat' dir='ltr'><strong>opes</strong></span> <span class='ocrx_word' id='word_1_754' title='bbox 3079 4553 3135 4596; x_wconf 88' lang='lat' dir='ltr'><strong>et</strong></span> <span class='ocrx_word' id='word_1_755' title='bbox 3181 4539 3394 4594; x_wconf 88' lang='lat' dir='ltr'><strong>reditus</strong></span> <span class='ocrx_word' id='word_1_756' title='bbox 3429 4538 3522 4606; x_wconf 73' lang='lat' dir='ltr'><strong>jn-</strong></span> 
     </span>
    </p>
   </div>
   <div class='ocr_carea' id='block_1_104' title="bbox 1943 4626 3524 4720">
    <p class='ocr_par' dir='ltr' id='par_1_104' title="bbox 1943 4626 3524 4720">
     <span class='ocr_line' id='line_1_104' title="bbox 1943 4626 3524 4720; baseline -0.015 -16"><span class='ocrx_word' id='word_1_757' title='bbox 1943 4649 2186 4720; x_wconf 73' lang='lat' dir='ltr'><strong>spiciunt</strong></span> <span class='ocrx_word' id='word_1_758' title='bbox 2207 4654 2259 4700; x_wconf 89' lang='lat' dir='ltr'><strong>et</strong></span> <span class='ocrx_word' id='word_1_759' title='bbox 2292 4651 2567 4699; x_wconf 86' lang='lat' dir='ltr'><strong>tutantur.</strong></span> <span class='ocrx_word' id='word_1_760' title='bbox 2599 4641 2804 4695; x_wconf 87' lang='lat' dir='ltr'><strong>Eorum</strong></span> <span class='ocrx_word' id='word_1_761' title='bbox 2857 4633 3093 4690; x_wconf 76' lang='lat' dir='ltr'><strong>omcium</strong></span> <span class='ocrx_word' id='word_1_762' title='bbox 3127 4629 3282 4700; x_wconf 81' lang='lat'><strong>105</strong></span> <span class='ocrx_word' id='word_1_763' title='bbox 3299 4639 3404 4695; x_wconf 88' lang='lat' dir='ltr'><strong>est,</strong></span> <span class='ocrx_word' id='word_1_764' title='bbox 3429 4626 3524 4681; x_wconf 82' lang='lat' dir='ltr'><strong>tibi</strong></span> 
     </span>
    </p>
   </div>
   <div class='ocr_carea' id='block_1_105' title="bbox 1945 4723 3527 4810">
    <p class='ocr_par' dir='ltr' id='par_1_105' title="bbox 1945 4723 3527 4810">
     <span class='ocr_line' id='line_1_105' title="bbox 1945 4723 3527 4810; baseline -0.014 -14"><span class='ocrx_word' id='word_1_765' title='bbox 1945 4742 2328 4810; x_wconf 77' lang='lat' dir='ltr'><strong>magistratum</strong></span> <span class='ocrx_word' id='word_1_766' title='bbox 2369 4740 2516 4794; x_wconf 89' lang='lat' dir='ltr'><strong>hunc</strong></span> <span class='ocrx_word' id='word_1_767' title='bbox 2568 4733 2825 4793; x_wconf 88' lang='lat' dir='ltr'><strong>inierint,</strong></span> <span class='ocrx_word' id='word_1_768' title='bbox 2853 4723 3378 4810; x_wconf 81' lang='lat' dir='ltr'><strong>_consultatiouibus</strong></span> <span class='ocrx_word' id='word_1_769' title='bbox 3397 4737 3527 4776; x_wconf 86' lang='lat' dir='ltr'><strong>cum</strong></span> 
     </span>
    </p>
   </div>
   <div class='ocr_carea' id='block_1_106' title="bbox 1952 4805 3524 4906">
    <p class='ocr_par' dir='ltr' id='par_1_106' title="bbox 1952 4805 3524 4906">
     <span class='ocr_line' id='line_1_106' title="bbox 1952 4805 3524 4906; baseline -0.013 -18"><span class='ocrx_word' id='word_1_770' title='bbox 1952 4834 2205 4906; x_wconf 87' lang='lat' dir='ltr'><strong>principe</strong></span> <span class='ocrx_word' id='word_1_771' title='bbox 2242 4845 2464 4891; x_wconf 78' lang='lat' dir='ltr'><strong>vacare.</strong></span> <span class='ocrx_word' id='word_1_772' title='bbox 2498 4835 2553 4882; x_wconf 91' lang='lat' dir='ltr'><strong>et</strong></span> <span class='ocrx_word' id='word_1_773' title='bbox 2586 4841 2713 4881; x_wconf 88' lang='lat' dir='ltr'><strong>cum</strong></span> <span class='ocrx_word' id='word_1_774' title='bbox 2740 4805 2931 4878; x_wconf 64' lang='lat' dir='ltr'><strong>colt-tn</strong></span> <span class='ocrx_word' id='word_1_775' title='bbox 2957 4819 3263 4890; x_wconf 70' lang='lat' dir='ltr'><strong>legationes</strong></span> <span class='ocrx_word' id='word_1_776' title='bbox 3319 4815 3524 4885; x_wconf 86' lang='lat' dir='ltr'><strong>princi-</strong></span> 
     </span>
    </p>
   </div>
   <div class='ocr_carea' id='block_1_107' title="bbox 1951 4907 3526 5001">
    <p class='ocr_par' dir='ltr' id='par_1_107' title="bbox 1951 4907 3526 5001">
     <span class='ocr_line' id='line_1_107' title="bbox 1951 4907 3526 5001; baseline -0.013 -20"><span class='ocrx_word' id='word_1_777' title='bbox 1951 4946 2078 5001; x_wconf 86' lang='lat' dir='ltr'><strong>pum</strong></span> <span class='ocrx_word' id='word_1_778' title='bbox 2111 4940 2411 4999; x_wconf 79' lang='lat' dir='ltr'><strong>regumque</strong></span> <span class='ocrx_word' id='word_1_779' title='bbox 2446 4919 2748 4976; x_wconf 87' lang='lat' dir='ltr'><strong>relationes</strong></span> <span class='ocrx_word' id='word_1_780' title='bbox 2769 4915 2986 4969; x_wconf 88' lang='lat' dir='ltr'><strong>audire.</strong></span> <span class='ocrx_word' id='word_1_781' title='bbox 3039 4913 3292 4964; x_wconf 80' lang='lat' dir='ltr'><strong>Potestas</strong></span> <span class='ocrx_word' id='word_1_782' title='bbox 3353 4907 3526 4960; x_wconf 88' lang='lat' dir='ltr'><strong>totius</strong></span> 
     </span>
    </p>
   </div>
   <div class='ocr_carea' id='block_1_108' title="bbox 1950 4999 3521 5086">
    <p class='ocr_par' dir='ltr' id='par_1_108' title="bbox 1950 4999 3521 5086">
     <span class='ocr_line' id='line_1_108' title="bbox 1950 4999 3521 5086; baseline -0.017 -9"><span class='ocrx_word' id='word_1_783' title='bbox 1950 4999 2194 5077; x_wconf 80' lang='lat' dir='ltr'><strong>civitatis</strong></span> <span class='ocrx_word' id='word_1_784' title='bbox 2241 5032 2410 5086; x_wconf 86' lang='lat' dir='ltr'><strong>penes</strong></span> <span class='ocrx_word' id='word_1_785' title='bbox 2465 5013 2568 5066; x_wconf 85' lang='lat' dir='ltr'><strong>hos</strong></span> <span class='ocrx_word' id='word_1_786' title='bbox 2619 5017 2746 5065; x_wconf 87' lang='lat' dir='ltr'><strong>est:</strong></span> <span class='ocrx_word' id='word_1_787' title='bbox 2781 5014 2839 5060; x_wconf 91' lang='lat' dir='ltr'><strong>et</strong></span> <span class='ocrx_word' id='word_1_788' title='bbox 2909 5017 3101 5059; x_wconf 85' lang='lat' dir='ltr'><strong>revera</strong></span> <span class='ocrx_word' id='word_1_789' title='bbox 3148 4999 3521 5072; x_wconf 89' lang='lat' dir='ltr'><strong>principatum</strong></span> 
     </span>
    </p>
   </div>
   <div class='ocr_carea' id='block_1_109' title="bbox 1951 5087 3528 5181">
    <p class='ocr_par' dir='ltr' id='par_1_109' title="bbox 1951 5087 3528 5181">
     <span class='ocr_line' id='line_1_109' title="bbox 1951 5087 3528 5181; baseline -0.015 -18"><span class='ocrx_word' id='word_1_790' title='bbox 1951 5111 2278 5181; x_wconf 86' lang='lat' dir='ltr'><strong>gubernant.</strong></span> <span class='ocrx_word' id='word_1_791' title='bbox 2306 5103 2513 5159; x_wconf 88' lang='lat' dir='ltr'><strong>Civitas</strong></span> <span class='ocrx_word' id='word_1_792' title='bbox 2542 5102 2646 5156; x_wconf 87' lang='lat' dir='ltr'><strong>ista</strong></span> <span class='ocrx_word' id='word_1_793' title='bbox 2681 5096 2898 5152; x_wconf 85' lang='lat' dir='ltr'><strong>duobus</strong></span> <span class='ocrx_word' id='word_1_794' title='bbox 2930 5109 3122 5148; x_wconf 88' lang='lat' dir='ltr'><strong>omnes</strong></span> <span class='ocrx_word' id='word_1_795' title='bbox 3157 5090 3325 5147; x_wconf 62' lang='lat' dir='ltr'><strong>Italiae</strong></span> <span class='ocrx_word' id='word_1_796' title='bbox 3365 5087 3528 5140; x_wconf 80' lang='lat' dir='ltr'><strong>nrbes</strong></span> 
     </span>
    </p>
   </div>
   <div class='ocr_carea' id='block_1_110' title="bbox 1944 5178 3528 5255">
    <p class='ocr_par' dir='ltr' id='par_1_110' title="bbox 1944 5178 3528 5255">
     <span class='ocr_line' id='line_1_110' title="bbox 1944 5178 3528 5255; baseline -0.017 -1"><span class='ocrx_word' id='word_1_797' title='bbox 1944 5178 2227 5255; x_wconf 73' lang='lat' dir='ltr'><strong>antecedit</strong></span> <span class='ocrx_word' id='word_1_798' title='bbox 2267 5214 2280 5250; x_wconf 92' lang='lat'>:</span> <span class='ocrx_word' id='word_1_799' title='bbox 2324 5193 2580 5247; x_wconf 87' lang='lat' dir='ltr'><strong>videlicet</strong></span> <span class='ocrx_word' id='word_1_800' title='bbox 2625 5189 2914 5245; x_wconf 89' lang='lat' dir='ltr'><strong>domorum</strong></span> <span class='ocrx_word' id='word_1_801' title='bbox 2977 5178 3406 5250; x_wconf 87' lang='lat' dir='ltr'><strong>magniﬁcentia,</strong></span> <span class='ocrx_word' id='word_1_802' title='bbox 3469 5183 3528 5227; x_wconf 85' lang='lat' dir='ltr'><strong>ct</strong></span> 
     </span>
    </p>
   </div>
   <div class='ocr_carea' id='block_1_111' title="bbox 1954 5275 3523 5356">
    <p class='ocr_par' dir='ltr' id='par_1_111' title="bbox 1954 5275 3523 5356">
     <span class='ocr_line' id='line_1_111' title="bbox 1954 5275 3523 5356; baseline -0.017 -8"><span class='ocrx_word' id='word_1_803' title='bbox 1954 5291 2319 5350; x_wconf 66' lang='lat' dir='ltr'><strong>aediﬁciorum</strong></span> <span class='ocrx_word' id='word_1_804' title='bbox 2351 5300 2471 5356; x_wconf 79' lang='lat' dir='ltr'><strong>qua:</strong></span> <span class='ocrx_word' id='word_1_805' title='bbox 2498 5283 2553 5339; x_wconf 88' lang='lat' dir='ltr'><strong>in</strong></span> <span class='ocrx_word' id='word_1_806' title='bbox 2597 5280 2738 5336; x_wconf 87' lang='lat' dir='ltr'><strong>mari</strong></span> <span class='ocrx_word' id='word_1_807' title='bbox 2768 5278 3040 5334; x_wconf 81' lang='lat' dir='ltr'><strong>aediﬁcata</strong></span> <span class='ocrx_word' id='word_1_808' title='bbox 3084 5282 3212 5332; x_wconf 89' lang='lat' dir='ltr'><strong>sunt</strong></span> <span class='ocrx_word' id='word_1_809' title='bbox 3235 5275 3523 5342; x_wconf 87' lang='lat' dir='ltr'><strong>apparatu.</strong></span> 
     </span>
    </p>
   </div>
   <div class='ocr_carea' id='block_1_112' title="bbox 1539 5401 2242 5485">
    <p class='ocr_par' dir='ltr' id='par_1_112' title="bbox 1539 5401 2242 5485">
     <span class='ocr_line' id='line_1_112' title="bbox 1539 5401 2242 5485; baseline -0.006 -17"><span class='ocrx_word' id='word_1_810' title='bbox 1539 5407 1790 5472; x_wconf 70' lang='lat' dir='ltr'><strong>Notulte</strong></span> <span class='ocrx_word' id='word_1_811' title='bbox 1830 5401 2242 5485; x_wconf 84' lang='lat' dir='ltr'><strong>marginales.</strong></span> 
     </span>
    </p>
   </div>
   <div class='ocr_carea' id='block_1_113' title="bbox 330 5519 769 5591">
    <p class='ocr_par' dir='ltr' id='par_1_113' title="bbox 330 5519 769 5591">
     <span class='ocr_line' id='line_1_113' title="bbox 330 5519 769 5591; baseline -0.021 -12"><span class='ocrx_word' id='word_1_812' title='bbox 330 5521 444 5589; x_wconf 68' lang='grc' dir='ltr'><strong>ΗΞ)</strong></span> <span class='ocrx_word' id='word_1_813' title='bbox 471 5519 769 5591; x_wconf 65' lang='lat' dir='ltr'><strong>Sexta-tia.</strong></span> 
     </span>
    </p>
   </div>
   <div class='ocr_carea' id='block_1_114' title="bbox 232 5590 782 5663">
    <p class='ocr_par' dir='ltr' id='par_1_114' title="bbox 232 5590 782 5663">
     <span class='ocr_line' id='line_1_114' title="bbox 232 5590 782 5663; baseline -0.011 -16"><span class='ocrx_word' id='word_1_814' title='bbox 232 5619 235 5622; x_wconf 55' lang='grc' dir='ltr'><strong>ν</strong></span> <span class='ocrx_word' id='word_1_815' title='bbox 329 5595 350 5656; x_wconf 88' lang='grc'><strong>(</strong></span> <span class='ocrx_word' id='word_1_816' title='bbox 361 5593 442 5663; x_wconf 82' lang='lat' dir='ltr'><strong>t5)</strong></span> <span class='ocrx_word' id='word_1_817' title='bbox 465 5590 782 5660; x_wconf 83' lang='lat' dir='ltr'><strong>Avogatori.</strong></span> 
     </span>
    </p>
   </div>
   <div class='ocr_carea' id='block_1_115' title="bbox 2014 5495 2610 5576">
    <p class='ocr_par' dir='ltr' id='par_1_115' title="bbox 2014 5495 2610 5576">
     <span class='ocr_line' id='line_1_115' title="bbox 2014 5495 2610 5576; baseline -0.01 -21"><span class='ocrx_word' id='word_1_818' title='bbox 2014 5506 2127 5576; x_wconf 69' lang='grc' dir='ltr'>(ιι)</span> <span class='ocrx_word' id='word_1_819' title='bbox 2163 5502 2312 5576; x_wconf 70' lang='grc' dir='ltr'>ςιειρο</span> <span class='ocrx_word' id='word_1_820' title='bbox 2345 5499 2416 5576; x_wconf 90' lang='lat' dir='ltr'><strong>di_</strong></span> <span class='ocrx_word' id='word_1_821' title='bbox 2436 5495 2610 5552; x_wconf 84' lang='lat' dir='ltr'><strong>Dieci.</strong></span> 
     </span>
    </p>
   </div>
   <div class='ocr_carea' id='block_1_116' title="bbox 2012 5571 2491 5648">
    <p class='ocr_par' dir='ltr' id='par_1_116' title="bbox 2012 5571 2491 5648">
     <span class='ocr_line' id='line_1_116' title="bbox 2012 5571 2491 5648; baseline -0.017 -17"><span class='ocrx_word' id='word_1_822' title='bbox 2012 5571 2126 5648; x_wconf 80' lang='lat' dir='ltr'><strong>(l5)</strong></span> <span class='ocrx_word' id='word_1_823' title='bbox 2153 5571 2491 5639; x_wconf 64' lang='lat' dir='ltr'><strong>Quarantim.</strong></span> 
     </span>
    </p>
   </div>
   <div class='ocr_carea' id='block_1_117' title="bbox 331 5718 1828 5826">
    <p class='ocr_par' dir='ltr' id='par_1_117' title="bbox 331 5718 1791 5826">
     <span class='ocr_line' id='line_1_117' title="bbox 331 5718 1791 5826; baseline -0.014 -12"><span class='ocrx_word' id='word_1_824' title='bbox 331 5756 382 5789; x_wconf 84' lang='grc'><strong><em>⁸⁸</em></strong></span> <span class='ocrx_word' id='word_1_825' title='bbox 415 5754 483 5812; x_wconf 75' lang='lat' dir='ltr'><strong>In</strong></span> <span class='ocrx_word' id='word_1_826' title='bbox 507 5773 626 5824; x_wconf 88' lang='lat' dir='ltr'><strong>ora,</strong></span> <span class='ocrx_word' id='word_1_827' title='bbox 656 5753 940 5826; x_wconf 75' lang='grc' dir='ltr'>πρτγάδοι.</span> <span class='ocrx_word' id='word_1_828' title='bbox 1006 5718 1074 5826; x_wconf 38' lang='grc' dir='ltr'><strong>λ’,</strong></span> <span class='ocrx_word' id='word_1_829' title='bbox 1091 5746 1445 5819; x_wconf 80' lang='grc' dir='ltr'>δεδογμένων.</span> <span class='ocrx_word' id='word_1_830' title='bbox 1472 5743 1534 5800; x_wconf 81' lang='lat' dir='ltr'><strong>R.</strong></span> <span class='ocrx_word' id='word_1_831' title='bbox 1569 5753 1626 5798; x_wconf 86' lang='lat' dir='ltr'><strong>ut</strong></span> <span class='ocrx_word' id='word_1_832' title='bbox 1665 5743 1717 5796; x_wconf 80' lang='lat' dir='ltr'><strong>in</strong></span> <span class='ocrx_word' id='word_1_833' title='bbox 1744 5758 1791 5795; x_wconf 89' lang='lat' dir='ltr'><strong>c.</strong></span> 
     </span>
    </p>
   </div>
   <div class='ocr_carea' id='block_1_118' title="bbox 1935 5718 2804 5826">
    <p class='ocr_par' dir='ltr' id='par_1_118' title="bbox 1943 5721 2804 5800">
     <span class='ocr_line' id='line_1_118' title="bbox 1943 5721 2804 5800; baseline -0.017 -10"><span class='ocrx_word' id='word_1_834' title='bbox 1943 5735 2008 5790; x_wconf 80' lang='lat' dir='ltr'><strong>In</strong></span> <span class='ocrx_word' id='word_1_835' title='bbox 2034 5749 2160 5800; x_wconf 79' lang='lat' dir='ltr'><strong>uno,</strong></span> <span class='ocrx_word' id='word_1_836' title='bbox 2196 5731 2398 5799; x_wconf 74' lang='grc' dir='ltr'>ἔφοροι,</span> <span class='ocrx_word' id='word_1_837' title='bbox 2429 5737 2490 5779; x_wconf 80' lang='grc' dir='ltr'><strong>ιιι</strong></span> <span class='ocrx_word' id='word_1_838' title='bbox 2512 5725 2562 5779; x_wconf 87' lang='lat' dir='ltr'><strong>in</strong></span> <span class='ocrx_word' id='word_1_839' title='bbox 2603 5739 2684 5792; x_wconf 82' lang='lat' dir='ltr'><strong>pr.</strong></span> <span class='ocrx_word' id='word_1_840' title='bbox 2719 5721 2804 5776; x_wconf 78' lang='lat' dir='ltr'><strong>ed.</strong></span> 
     </span>
    </p>
   </div>
  </div>
