4032 6490
487 349 596 413 199
1640 325 1958 395 LAONlCl
1992 327 2079 386 Cl}

2206 323 2666 388 COCONDYLE
3695 309 3798 372 200

490 460 730 518 Excellit
789 467 846 515 et
906 455 1210 528 opulentia,
1273 468 1402 526 quia:
1482 468 1652 524 penes
1719 452 1872 506 cives
1947 453 2072 511 est;

2210 469 2213 514 ι
2251 446 2406 507 πόλις
2445 443 2589 512 α’ύτη
2632 440 2699 494 τά
2728 455 2788 492 τε
2842 437 3005 502 ἄλλα,
3039 435 3132 489 καὶ
3183 432 3412 504 ἐπινείῳ
3476 429 3649 492 ἐντος
3704 428 3802 496 τῆς

488 569 624 609 nam
667 568 793 607 cum
862 523 958 606 sit-
989 523 1319 604 mercaturae
1349 554 1404 601 et
1453 523 1928 616 negotiationibus
1963 540 2080 594 ido-

2213 537 2398 598 ιό).εως
2428 531 2863 605 ᾠκοδομημένῳ,
2886 530 3152 584 κάλλιστά
3177 546 3238 582 τε
3265 527 3418 590 ἰδεῖν,
3458 525 3569 580 καὶ
3603 523 3805 594 εὐπρε-

498 662 630 710 nea,
661 645 722 700 ﬁt
760 652 820 699 ut
858 644 1053 697 incolat
1093 641 1366 712 plurimas
1418 639 1547 694 hinc
1602 638 1867 706 colligant
1922 647 2077 702 Opes.

2209 628 2465 698 τεστάτῳ,
2493 629 2615 686 ταῖς
2647 627 2936 697 τριήρεσιν
2967 621 3329 692 ἑξηρτημένφ
3365 619 3451 682 ὡς
3477 616 3801 680 πλείσταις,

495 737 784 791 Exornata
818 742 906 787 est
937 733 1130 786 eadem
1165 730 1297 784 urbs
1326 729 1554 800 pulchra
1586 726 1808 781 navium
1843 723 2082 778 statione

2211 721 2284 772 tul.
2325 718 2530 780 πλοίοις
2561 717 2746 780 ἄλλοις
2785 715 3154 784 παμπόλλοις,
3187 713 3282 766 καὶ
3326 714 3389 781 τῇ
3451 710 3646 780 σκευῇ
3683 705 3803 760 τού-

503 845 627 901 quae
661 828 805 881 intra
863 825 1053 879 urbem
1089 825 1194 878 sita
1227 832 1334 888 est,
1391 822 1764 892 pulcherrima
1815 825 1870 872 et
1916 828 2086 869 amm-

2221 829 2296 864 ων
2327 810 2577 879 ἀφθόνως
2607 827 2665 862 τε
2701 808 2900 878 ἐχούσῃ
2936 805 3126 871 αὑτοῦ,
3167 805 3278 859 ἀπό
3307 821 3364 856 τε
3395 804 3449 835 ⁸⁸
3485 805 3690 855 ὅπλων
3718 801 3809 852 καὶ

502 922 732 977 nissime
799 920 942 980 visu,
993 917 1270 972 instructa
1339 912 1691 975 triremibus,
1746 911 2086 976 navibusque

2214 904 2366 957 ἱλλων
2395 905 2493 956 ὅσα
2535 905 2590 964 ἐς
2628 903 2820 970 χρείαν
2892 899 3050 970 φέρει
3105 901 3227 960 ταῖς
3282 895 3477 950 ναυσί.
3515 894 3725 962 Δίήκει
3755 891 3806 944 δὲ

505 1016 630 1069 aliis
682 1011 958 1082 plurimis.
1051 1010 1329 1079 Copiosus
1383 1007 1456 1060 ibi
1501 1013 1588 1059 est
1636 1009 1936 1073 apparatus
2031 999 2086 1051 in

2225 998 2286 1048 πὶ
2327 995 2490 1048 πέντε
2542 994 2814 1056 σταδίους.
2847 992 2947 1044 xal.
3000 990 3192 1062 ἄνδρες
3230 990 3304 1052 ὡς
3337 990 3614 1040 πλεῖστοι
3645 988 3809 1054 ἐργαι

504 1115 761 1178 promptu
814 1110 1311 1164 armamentorum,
1358 1108 1411 1154 et
1467 1099 1706 1151 aliorum
1738 1109 1862 1164 qua:
1920 1103 2089 1145 naves

2215 1091 2414 1158 ζὸμενοι
2445 1085 2616 1140 αὑτοῦ
2651 1085 2774 1138 καθ’
2798 1085 3038 1152 ἑκάστην
3073 1085 3130 1145 ἐς
3161 1082 3258 1142 τὰς
3285 1080 3442 1141 ναῦς.
3483 1079 3807 1148 ’Δρχοντας

503 1168 812 1268 postulant.
872 1195 1126 1265 Spatium
1163 1202 1402 1262 occupat
1441 1191 1686 1261 quinque
1755 1187 2088 1242 stadiorum.

2214 1181 2252 1232 ὶέ
2284 1178 2574 1249 αἱροῦνται
2604 1177 2700 1229 τοῦ
2741 1175 2989 1228 ἑνιαυτοῦ
3023 1175 3117 1227 δύο
3145 1174 3200 1236 ἐς
3236 1172 3296 1226 τὸ
3329 1171 3596 1224 ἐπίνειον
3628 1168 3806 1229 τοῦτο,

513 1290 624 1345 Viri
648 1289 965 1357 complures
991 1286 1236 1356 quotidie
1267 1286 1375 1338 huc
1404 1289 1743 1346 commeant,
1783 1286 2093 1349 .operantes

2217 1277 2294 1329 ιαὶ
2330 1281 2388 1337 ἐς
2429 1273 2726 1344 ξύμπασαν
2758 1273 2860 1342 τὴν
2892 1272 3265 1340 κατασκευήν.
3293 1269 3536 1330 Ἵπποις
3569 1267 3632 1319 δέ
3657 1265 3809 1318 οὐδέν

506 1385 726 1444 sedulo,
765 1392 827 1436 ut
880 1396 1002 1450 quae
1052 1379 1118 1431 ad
1151 1393 1321 1431 naves
1371 1377 1674 1444 pertinent,
1721 1387 1834 1426 non
1887 1369 2091 1424 desint.

2216 1385 2281 1420 ςοι
2313 1367 2513 1437 χρῆται
2549 1367 2583 1436 ἡ
2613 1365 2770 1427 πόλις
2795 1363 2957 1432 αὕτη,
2987 1363 3125 1416 ἀλλὰ
3152 1361 3290 1432 πεζῇ
3312 1378 3367 1413 τε
3400 1359 3500 1411 ἐπ’
3533 1358 3808 1428 ἀλλήλους

507 1473 826 1541 Quotannis
861 1475 1012 1525 viros
1045 1469 1186 1523 duos
1227 1470 1439 1539 eligunt
1504 1465 1819 1537 primarius,
1855 1463 1950 1534 qui
1982 1470 2098 1516 sta-

2218 1458 2456 1526 ροιτῶσι,
2489 1458 2585 1508 καὶ
2617 1455 2947 1524 πλοιαρίοις,
2991 1456 3057 1523 τῇ
3104 1453 3204 1520 μὲν
3240 1451 3338 1520 τῆς
3381 1451 3697 1522 θαλάσσης
3729 1451 3810 1504 διὰ

514 1567 652 1620 tioni
715 1566 792 1620 illi
870 1562 1272 1634 pra-ﬁciuntur,
1350 1571 1409 1614 ut
1470 1575 1534 1614 ea
1592 1573 1715 1628 qua).
1775 1556 1840 1611 ad
1923 1556 2097 1624 ipsam

2221 1547 2312 1598 :th
2342 1545 2530 1599 οἰκιῶν
2559 1545 2849 1614 διήκουσα,
2874 1547 2940 1615 τῇ
2974 1545 3030 1596 δὲ
3059 1545 3153 1596 καὶ
3179 1543 3362 1597 αὐτῶν
3396 1543 3813 1612 κατεστρωμέ-

509 1662 794 1724 spectant,
847 1651 1046 1707 scdulo
1080 1657 1408 1720 procurent.
1473 1648 1759 1717 Equorum
1796 1642 1986 1698 nullus
2045 1641 2098 1694 in

2216 1658 2309 1694 mw
2345 1639 2595 1702 πλίνθοις
2626 1639 2920 1708 ἅπανταχῆ
2947 1640 3047 1708 τῆς
3074 1638 3308 1700 πόλεως.
3347 1637 3552 1708 Τείχει
3577 1636 3636 1689 δὲ
3662 1635 3808 1688 οὐδὲν

515 1750 623 1801 ista
659 1747 795 1800 urbe
826 1759 984 1798 usus.
1044 1741 1296 1797 Pcdestri
1358 1739 1558 1794 itinere
1594 1747 1830 1792 utuntur
1874 1733 1931 1788 in
1969 1745 2102 1784 con-

2216 1731 2601 1801 περιὸέὸ).ηται
2634 1733 2669 1801 ὴ
2704 1730 2883 1794 πόλις.
2922 1730 3034 1792 Τὰς
3069 1731 3257 1800 μέντοι
3306 1729 3494 1796 ἀρχὰς
3528 1727 3652 1780 τῶν
3686 1743 3808 1795 σφε-

518 1840 803 1910 gressibus
843 1836 1072 1891 mutuis.
1122 1832 1480 1902 Navigiorum
1527 1845 1664 1886 usus
1695 1826 1838 1900 apud
1866 1841 1963 1881 eos
1989 1826 2100 1878 rre-

2294 1843 2382 1878 awv
2418 1796 2628 1878 πόλεων
2655 1796 2710 1887 ἑς
2758 1841 2818 1878 τε
2862 1826 2963 1895 τὴν
3003 1796 3236 1895 ἤπειρον
3269 1823 3370 1893 τῆς
3411 1823 3697 1887 Ἰταλίας,
3725 1821 3812 1872 καὶ
3880 1796 3886 1804 ι

515 1943 699 2001 quens
744 1937 854 1992 est,
905 1941 1032 1981 cum
1077 1939 1229 1978 mare
1271 1931 1524 1977 transeat
1564 1936 1662 1990 per
1699 1921 1918 1974 domos.
1955 1915 2100 1969 Prat-

2219 1921 2267 1981 ἐς
2305 1917 2405 1989 τὴν
2441 1919 2709 1990 παράλιον
2739 1918 2926 1990 χώραν
2957 1919 3163 1982 αὐτῶν,
3196 1916 3285 1970 διὰ
3322 1915 3485 1981 τέλος
3527 1915 3588 1969 δὲ
3622 1917 3699 1975 ὡς
3725 1914 3811 1966 ἐπὶ

519 2032 672 2074 terea
711 2021 844 2074 urbs
902 2027 1008 2072 tota
1063 2014 1264 2085 tegulis
1313 2013 1596 2081 integitnr,
1657 2026 1758 2066 nec
1802 2009 1929 2063 ullis
1964 2019 2102 2061 mm-

2218 2015 2270 2068 τδ
2323 2013 2460 2066 πολῦ
2513 2012 2823 2084 αἱροῦνται.
2868 2009 3126 2064 Ἐπειδὰν
3178 2009 3235 2062 δὲ
3279 2009 3604 2062 ἐπανίωσιν
3636 2010 3693 2070 ἐς
3721 2007 3810 2074 τὴν

520 2114 689 2181 nibus
719 2112 980 2181 cingitur.
1014 2109 1393 2178 Magistratus,
1419 2119 1559 2174 quos
1580 2105 1808 2160 urbibus
1847 2103 1902 2157 in
1935 2100 2103 2155 Italia:

2217 2105 2392 2171 πόλιν,
2425 2105 2492 2175 ἢν
2521 2121 2575 2156 τι
2617 2105 2692 2175 μὴ
2719 2101 2895 2174 ὀρθῶς
2923 2101 3319 2172 πεπραγμένον
3346 2096 3379 2174 ᾖ
3411 2100 3603 2167 αὐτῷ,
3633 2098 3732 2160 τάς
3759 2113 3809 2147 τε

517 2203 840 2259 continente
871 2211 926 2257 et
979 2200 1034 2254 in
1073 2195 1352 2252 maritima
1403 2195 1647 2265 ipsorum
1680 2195 1908 2264 regione
1978 2190 2104 2246 sitis

2219 2199 2444 2262 εὐθύνας
2478 2199 2665 2252 δίδωσι
2697 2197 2794 2251 καὶ
2818 2196 2976 2265 δίκην
3016 2193 3102 2263 ἐφ’
3141 2189 3222 2257 οἷς
3257 2194 3333 2264 μὴ
3363 2193 3561 2256 καλῶς
3589 2189 3811 2244 πεπολι-

516 2298 849 2355 decernunt,
916 2295 1240 2364 plerumque
1301 2291 1476 2346 exiis
1511 2289 1605 2360 qui
1647 2288 1702 2342 in
1775 2285 2102 2357 magistratu

2217 2293 2454 2362 τευμὲνα
2505 2291 2768 2360 τυγχάνει
2820 2289 2989 2358 αὐτῷ.
3029 2288 3140 2340 Καὶ
3192 2286 3484 2357 αἱροῦνται
3529 2284 3635 2354 μὲν
3675 2280 3809 2334 οὗτοι

520 2397 652 2444 sunt
711 2387 1084 2443 constituunt.
1137 2384 1242 2440 Ubi
1295 2385 1350 2442 bi
1386 2382 1612 2438 reversi.
1642 2379 1869 2441 fuerint,
1905 2388 2100 2446 poenas

2217 2384 2530 2456 στρατηγὸν
2555 2387 2744 2452 σφίσιν
2768 2382 2870 2435 οὐκ
2899 2380 3194 2451 ἐπιχώριον
3227 2381 3283 2442 ἐς
3308 2381 3375 2432 τὰ
3407 2376 3807 2449 στρατεύματα

519 2481 656 2534 dant
696 2495 904 2533 eorum
935 2493 1060 2547 quae
1103 2477 1291 2546 inique
1349 2474 1404 2528 in
1450 2473 1785 2541 magistratu
1848 2465 2105 2522 collocati

2216 2477 2319 2546 τῆς
2350 2476 2606 2547 ὴπείρου,
2632 2473 2871 2536 δεδιότες
2905 2473 2980 2543 μὴ
3024 2472 3435 2542 προσαγόμενοι
3468 2472 3607 2532 τοὺς
3658 2481 3808 2532 στρα-

521 2579 779 2640 egerunt.
843 2569 1073 2633 Ducem,
1140 2575 1306 2638 quem
1377 2565 1722 2620 exercitibus
1771 2556 2108 2615 continentis

2217 2570 2446 2634 τιώτας,
2488 2568 2620 2636 περὶ
2661 2567 2761 2639 τὴν
2815 2566 2992 2637 ἀρχὴν
3050 2566 3442 2634 νεωτερίσωσι,
3499 2564 3604 2616 καὶ
3645 2559 3807 2614 κινδυ-

526 2671 865 2734 proponunt,
933 2678 1042 2715 non
1076 2661 1393 2730 indigenam
1427 2666 1521 2712 aut
1547 2658 1723 2710 civem
1759 2660 1980 2712 creant,
2010 2663 2106 2704 ve.

2224 2663 2392 2735 νεύσῃ
2426 2661 2610 2724 αὐτοῖς
2667 2660 3037 2731 διαφθαρῆναι
3069 2658 3137 2712 τὰ
3175 2659 3512 2728 πράγματα.
3565 2657 3658 2720 Ἐς
3697 2652 3808 2723 μέν·

529 2757 626 2810 riti
657 2764 717 2808 ut
749 2753 1061 2808 conciliatis
1126 2752 1361 2805 militum
1405 2750 1629 2809 animis.
1695 2745 2110 2801 lnnovationem

2220 2771 2305 2808 τοι
2363 2755 2462 2824 τὴν
2500 2753 2677 2823 ἀρχὴν
2727 2756 2826 2823 τῆς
2885 2752 3184 2823 θαλάσσης,
3239 2752 3340 2805 οὐκ
3384 2751 3617 2821 ἔχοντες
3673 2749 3809 2804 ὅπως

516 2850 772 2920 ιυιῑᾳυειηι
803 2847 1090 2901 moliretur
1127 2852 1324 2900 contra
1373 2843 1774 2914 principatum.
1811 2849 2108 2908 rerumque

2223 2850 2543 2918 ἑπάγωνται
2575 2847 2916 2918 ἀλλοτρίους,
2947 2847 3240 2900 καθιστᾶσί
3270 2863 3326 2899 τε
3354 2849 3416 2898 ἑκ
3465 2847 3581 2899 τῶν
3616 2845 3806 2910 ἐπιχω-

529 2955 743 2997 summa
773 2940 826 2993 in
861 2940 1168 3008 periculum
1185 2939 1420 2994 veniret.
1453 2934 1754 2990 Navalibus
1773 2932 1952 3002 copiis
1988 2943 2113 2986 cum

2228 2944 2360 3016 ρίων
2397 2943 2837 3013 αὐτοκράτορας,
2887 2941 3110 2994 ἐπειδὰν
3162 2939 3420 3010 πολεμεῖν
3453 2940 3804 3009 ἐξέρχωνται.

530 3049 641 3089 non
676 3032 891 3102 possint
927 3033 1058 3086 dare
1088 3032 1477 3100 imperatorem
1521 3026 1898 3097 peregrinum,
1944 3034 2114 3074 unum

2227 3038 2336 3090 Kal.
2377 3037 2482 3107 ἰδίᾳ
2514 3037 2638 3090 κατ’
2682 3035 2928 3088 ἐνιαυτὸν
2981 3034 3080 3098 τὰς
3114 3033 3249 3088 δέκα
3294 3036 3576 3105 τριήρεις,
3600 3034 3668 3096 ἃς
3701 3033 3806 3082 ἐπι-

532 3128 602 3180 de
626 3118 741 3181 Suo
796 3139 1031 3192 corpore
1063 3121 1447 3191 deligunt,qui
1470 3119 1682 3174 navalia
1709 3116 1894 3187 pralia
1931 3127 2120 3183 capes-

2231 3132 2550 3199 πέμπουσιν
2583 3129 2736 3193 ἒτους
2767 3129 3026 3191 ἑκάστου,
3058 3130 3114 3191 ἑς
3160 3145 3222 3182 τε
3267 3129 3358 3182 τὸν
3396 3127 3614 3195 Ἰόνιον,
3646 3125 3736 3179 καὶ
3761 3123 3808 3181 ἐς

535 3229 642 3283 sat,
691 3233 818 3272 cum
853 3217 921 3271 ad
965 3171 1405 3286 belligerandum
1453 3212 1752 3282 prodeunt.
1811 3207 2121 3280 Separatim

2225 3171 2574 3291 τὸᾌίγαῖον,
2617 3171 2734 3275 τῶν
2763 3221 2899 3276 νεῶν
2933 3171 3112 3275 αὐτῶν
3153 3221 3212 3274 αἳ
3247 3222 3338 3274 ἐπὶ
3375 3171 3663 3292 ἐμπορίαν
3693 3219 3805 3284 ἀφι-

533 3309 841 3380 quctannis
875 3307 1066 3363 decem
1134 3307 1396 3362 triremes
1429 3306 1657 3360 mittunt
1708 3303 1761 3358 in
1796 3301 2013 3358 Ionium
2069 3306 2125 3354 et

2227 3317 2485 3373 κνοῦνται
2531 3317 2626 3370 ἐπὶ
2657 3315 2934 3384 Αἴγυπτον
2982 3317 3076 3369 καὶ
3132 3315 3366 3386 Λιὸύην,
3394 3319 3495 3370 καὶ
3547 3310 3807 3370 Ὠκεανὸν.

536 3401 788 3472 Εετειιηι
827 3416 1002 3467 mare,
1061 3409 1288 3470 propter
1341 3413 1510 3454 naves
1543 3411 1669 3468 quae
1733 3397 1787 3450 in
1823 3392 2125 3465 Egyptum

2230 3410 2324 3464 καὶ
2356 3408 2612 3474 Εὔξεινον
2644 3407 2864 3461 πόντον.
2921 3406 3030 3460 Καὶ
3060 3405 3461 3476 καθαιροῦντες
3501 3405 3564 3459 τὸ
3601 3405 3807 3474 λῃστρι-

536 3508 593 3552 et
622 3497 677 3550 in
719 3494 946 3566 Libyam
996 3494 1264 3549 mercium
1315 3491 1492 3564 gratia
1545 3489 1974 3562 proﬁciscuntur
2031 3499 2128 3556 per

2231 3501 2349 3566 κδν,
2399 3501 2523 3555 ὅποι
2555 3499 2622 3554 ἂν
2669 3497 3045 3569 περιτύχωσιν
3090 3497 3148 3574 al.
3181 3497 3314 3551 δέκα
3344 3490 3511 3550 αὗται
3551 3496 3805 3567 τριήρεις.

539 3587 823 3644 Oceanqu
879 3597 934 3642 et
977 3587 1255 3642 Euxinum
1282 3601 1456 3640 mare.
1497 3583 1647 3640 Mare
1692 3583 1800 3639 hoc
1831 3588 2131 3652 repurgant

2231 3593 2606 3665 διατρίϐουσιν
2635 3593 2757 3646 ὅλον
2780 3589 3048 3652 ἐνιαυτὸν,
3073 3591 3128 3652 ἐς
3151 3591 3291 3662 ὅπερ
3321 3590 3376 3643 αἱ
3403 3589 3543 3644 δέκα
3566 3582 3807 3658 ἀφικνού-

540 3699 569 3735 a
600 3681 820 3750 piratis,
878 3695 1020 3751 quos
1073 3687 1328 3735 arcentes
1378 3677 1696 3747 ubicunque
1739 3675 1793 3730 in
1847 3689 1944 3730 eos
1988 3673 2131 3727 inci-

2238 3705 2422 3760 μεναι,
2471 3686 2882 3741 ἀπαλλάττουσι
2931 3687 3140 3748 ταύτας
3199 3689 3299 3755 τῆς
3352 3687 3637 3755 φυλακῆς.
3676 3680 3807 3732 Ἐπι-

541 3777 747 3841 derint,
787 3775 926 3829 foris
963 3780 1254 3829 morantur
1281 3786 1376 3838 per
1405 3771 1682 3841 integrum
1745 3781 1975 3831 annum,
2033 3779 2130 3818 ex-

2234 3781 2518 3850 πέμπουσι
2565 3778 2623 3831 δὲ
2673 3780 2767 3831 καὶ
2795 3775 3061 3849 ’τριήρεις
3107 3777 3202 3830 ἐπὶ
3238 3777 3521 3848 ἐμπορίαν
3570 3778 3603 3844 ἡ
3650 3771 3801 3831 πόλις.

540 3876 856 3938 spectantes
885 3867 1062 3920 donec
1089 3864 1278 3920 decem
1306 3862 1426 3928 aliae
1457 3861 1881 3917 submittantur.
1899 3857 2034 3922 Quae
2085 3855 2132 3910 si

2236 3865 2626 3935 ἑξωνουμὲνων
2671 3865 2781 3918 τῶν
2825 3865 3066 3919 πολιτῶν
3099 3865 3324 3930 ταύτας,
3355 3865 3410 3929 ἑς
3461 3883 3528 3919 τε
3572 3859 3806 3926 Ἀλεξᾶν·

542 3959 1082 4023 venerint,liberataa
1111 3957 1325 4026 priores
1366 3955 1535 4009 maris
1572 3952 1849 4016 custodia,
1905 3950 2131 4003 domum

2236 3957 2429 4028 δρειαν
2458 3959 2554 4010 καὶ
2583 3958 2810 4030 Συρίαν,
2847 3959 2944 4011 καὶ
2975 3959 3205 4025 Τάναϊν,
3235 3959 3330 4012 καὶ
3365 3962 3423 4022 ἐς
3456 3961 3562 4023 τὰς
3592 3959 3803 4024 Βρεταν-

545 4060 820 4107 remeant.
860 4049 1074 4105 Civitas
1109 4049 1214 4103 ista
1253 4045 1421 4101 mittit
1462 4048 1745 4108 triremes,
1797 4055 1938 4112 quiis
1989 4041 2136 4096 cives

2239 4049 2399 4113 νικὰς
2443 4051 2664 4120 νήσους,
2701 4051 2800 4104 καὶ
2833 4052 2890 4113 ἐς
2924 4050 3027 4121 τὴν
3074 4049 3306 4122 Δισύην.
3341 4051 3554 4121 Εῐησαν
3588 4049 3632 4104 δ’
3671 4045 3730 4100 ἂν
3759 4039 3804 4094 αἱ

544 4149 759 4204 emunt,
791 4141 1022 4209 petitum
1061 4144 1292 4202 merces,
1325 4137 1379 4189 in
1416 4134 1833 4196 Alexandriam,
1891 4130 2135 4201 Syriam,

2240 4143 2488 4213 τριήρεις
2535 4138 2697 4196 αὗται
2749 4142 2843 4196 δύο
2895 4144 2990 4197 καὶ
3025 4142 3199 4196 εἴκοσι
3239 4144 3465 4213 μείζους
3501 4143 3613 4196 τῶν
3649 4136 3803 4193 ἄλλων

551 4232 814 4296 Tanaim,
857 4231 1209 4284 Britannicas
1269 4230 1504 4294 insulas,
1543 4238 1597 4283 et
1627 4228 1682 4282 in
1729 4227 1995 4282 Africam.
2044 4225 2138 4282 Ila:

2241 4237 2537 4307 τριήρεων,
2567 4235 2664 4289 ἆτε
2709 4236 2802 4291 ἐπὶ
2836 4235 3110 4306 ἐμπορίαν
3153 4230 3691 4307 κατεσκευασμέόαι.
3719 4225 3805 4280 Νο-

555 4331 695 4377 sunt
757 4336 993 4376 numero
1027 4321 1224 4390 viginti
1262 4321 1406 4384 duae,
1436 4336 1558 4390 qua
1610 4319 2001 4390 magnitudine
2027 4317 2132 4374 dif-

2247 4328 2467 4398 μίξεται
2490 4328 2536 4380 δ’
2560 4327 2747 4390 αὐτοῖς
2775 4327 2861 4396 ἐφ’
2885 4328 3125 4398 ἑκάστης
3158 4327 3298 4392 νεὼς
3331 4331 3426 4384 καὶ
3466 4328 3662 4389 παῖδας
3698 4333 3804 4386 συγ-

553 4416 741 4472 ferunt
791 4429 820 4467 a
879 4413 1131 4484 reliquis,
1187 4421 1246 4467 ut
1310 4427 1550 4483 (μῶλυ
1601 4427 1810 4467 merces
1839 4412 2138 4481 capiendas

2245 4416 2524 4484 κλητικῶν
2565 4415 2776 4485 ἀνδρῶν
2828 4417 2923 4470 ἐπὶ
2974 4415 3074 4488 τὴν
3124 4418 3401 4488 ἐμπορίαν
3450 4412 3803 4487 ἀφικνεῖσθαι.

553 4517 851 4563 exstructa:
892 4507 1024 4562 sint.
1058 4507 1250 4562 Solent
1282 4506 1442 4577 106
1474 4515 1681 4571 autem,
1711 4507 1784 4560 ita
1815 4506 1961 4560 enim
2009 4515 2141 4560 con-

2214 4509 2714 4578 ιμεμισθωμένους
2770 4511 2867 4563 καὶ
2923 4509 3148 4573 τούτους
3199 4512 3298 4564 σὺν
3348 4513 3415 4582 τῇ
3466 4511 3561 4583 νηῒ
3610 4506 3696 4561 ἐπὶ
3728 4502 3806 4568 τὴν

553 4600 787 4655 suctudo
820 4607 986 4665 tenet,
1041 4616 1166 4654 cum
1204 4601 1440 4669 singulis
1507 4598 1744 4653 navibus
1770 4597 2145 4668 {patriciorum

2248 4601 2550 4670 ἐμπορίαν.
2593 4599 2923 4672 Ἐξεύρηται
2962 4602 3064 4670 μὲν
3102 4597 3196 4655 οὖν
3233 4601 3450 4664 τούτοις
3493 4605 3606 4663 τοῖς
3641 4598 3785 4650 Οὑενε

556 4695 653 4749 lilii
700 4694 768 4747 ad
823 4708 1036 4749 merces
1087 4691 1495 4762 comparandas
1561 4692 1837 4761 proﬁcisci
1893 4697 2148 4748 mercede

2249 4697 2383 4762 τοῖς,
2442 4695 2577 4764 προς
2635 4694 2728 4746 τὸν
2783 4695 3054 4764 Λιγυρίας
3103 4694 3370 4766 τύραννον
3420 4687 3806 4759 διαπολεμοῦσι.

561 4786 844 4842 Conducti.
903 4785 1157 4856 Magnam
1208 4784 1456 4856 pecunia:
1507 4784 1618 4838 vim
1652 4783 1847 4840 Veneti
1884 4783 2153 4840 coniece-

2251 4789 2517 4858 χρήματα
2547 4789 2701 4864 circa
2732 4786 2892 4858 ἄλλῃ.
2920 4788 3017 4840 καὶ
3065 4787 3132 4858 δὴ
3179 4786 3288 4840 τῶν
3333 4787 3571 4841 πολιτῶν
3601 4781 3808 4836 ἑκάστου

561 4889 713 4943 runt,
771 4893 896 4933 cum
933 4879 1449 4951 bellumgererent
1513 4879 1788 4934 adversus
1846 4877 2148 4932 Mediolani

2248 4881 2350 4950 τῆς
2381 4882 2572 4943 οὐσίας
2604 4881 2630 4931 ὁ
2658 4878 3014 4949 δεκατισμός.
3062 4879 3207 4950 Πρὸς
3237 4879 3331 4942 οὓς
3361 4879 3426 4950 δὴ
3459 4881 3642 4934 τάττει
3670 4875 3699 4942 ἠ
3729 4867 3808 4918 πό-

558 4970 779 5034 ducem,
803 4969 1098 5036 bonorum,
1130 4986 1254 5040 quae
1281 4971 1429 5026 cives
1462 4971 1854 5040 possidebant,
1888 4970 2147 5026 introdu-

2256 4973 2339 5034 λις
2372 4973 2588 5041 ἐτήσιον
2622 4970 2912 5042 πρόσοδον,
2945 4967 3032 5024 οἷα
3065 4971 3160 5024 τοῦ
3195 4974 3392 5042 χρέους
3414 4972 3668 5024 ἀπόδοσιν
3695 4980 3708 4995 ⁶
3732 4956 3805 5013 κιιιὶ

558 5072 647 5118 cta
699 5062 1085 5139 decimatione.
1116 5063 1352 5135 Propter
1395 5066 1540 5119 hanc
1584 5066 1804 5121 civibus
1867 5065 2142 5130 annuum,

2261 5065 2396 5118 ᾶττα
2424 5063 2468 5116 δ’
2500 5067 2568 5118 ἂν
2596 5064 2911 5135 ἐπαγγέλλῃ
2947 5063 3255 5134 λαμϐάνειν
3286 5067 3414 5128 τοὺς
3447 5063 3681 5122 πολίτας.
3705 5049 3805 5122 τρία

561 5157 725 5243 quasi
759 5155 928 5210 debiti
977 5157 1434 5226 persolutionem,
1467 5157 1803 5213 ordinarunt
1833 5156 2068 5212 reditum
2129 5175 2146 5213 :

2261 5159 2326 5228 δὴ
2379 5159 2612 5213 ἕκαστον
2662 5158 2994 5227 ἐπαγγέλλει
3032 5159 3343 5213 ἀποδιδόναι
3383 5160 3539 5223 ἔτους
3580 5154 3802 5210 ἑκάστου.

565 5237 953 5319 promittentes
1012 5264 1362 5320 quarcunque
1431 5251 1804 5306 contulissent
1874 5251 2022 5306 cives
2094 5251 2147 5306 in

2262 5251 2376 5305 Οὐκ
2409 5251 2554 5305 ἑστιν
2589 5253 2676 5305 ὅτε
2705 5253 2800 5304 ἐπὶ
2829 5253 2955 5314 τοὺς
2986 5251 3186 5314 παῖδάς
3214 5268 3274 5305 τε
3318 5255 3414 5306 καὶ
3452 5251 3696 5320 ἐγγόνους
3725 5237 3804 5290 οὐκ

566 5356 730 5395 nsunt
768 5339 919 5404 belli,
969 5353 1162 5394 eorum
1200 5342 1418 5396 tertiam
1471 5352 1684 5411 partem
1756 5342 1994 5412 singulis
2042 5357 2152 5396 an-

2259 5347 2576 5415 ἀφικνεῖται
2625 5347 2658 5416 ἡ
2708 5345 2935 5414 τοιαύτη
2994 5345 3282 5415 πρόσοδος.
3347 5345 3690 5412 Ἑξωνοῦνται
3723 5328 3801 5416 μέῗ

567 5434 656 5488 nis
677 5434 825 5488 cives
863 5433 1118 5504 singulos
1144 5409 1490 5504 recepturos:
1521 5433 1622 5490 Hic
1653 5409 1871 5491 reditus
1906 5435 1976 5488 ad
2017 5437 2154 5491 Iibe—

2259 5409 2396 5491 ἑνιοι
2425 5409 2863 5504 ταύτας-ὀλίγου
2895 5409 3140 5501 τινὸς-θ’,
3172 5435 3325 5504 παρὰ,
3375 5409 3485 5488 etim
3521 5426 3702 5486 ἐνδεῶς
3727 5409 3801 5469 τοὖ

561 5539 654 5580 ros
690 5533 745 5580 et
794 5536 1022 5598 nepotes
1056 5525 1225 5583 redit.
1281 5526 1520 5593 Quidam
1573 5528 1674 5583 bos
1716 5528 1930 5584 reditus
1986 5544 2153 5599 parvo

2266 5532 2382 5602 βίου
2423 5530 2610 5598 σφίσιν
2647 5529 2906 5598 ἐχόντων,
2937 5530 3034 5581 καὶ
3083 5526 3495 5598 εὐδαιμονοῦσι.
3524 5521 3668 5580 Δοκεί
3705 5505 3799 5568 δὲἡ

1831 5625 2085 5688 Νοίυιιυ
2127 5626 2537 5707 marginales.

692 5723 735 5754 ⁹¹
770 5721 838 5776 In
890 5740 1008 5808 ora,
1048 5725 1169 5795 ἦτοι
1215 5726 1421 5799 ἀρσενὰ
1473 5744 1531 5783 τε
1563 5725 1658 5784 νῦν
1697 5726 1870 5792 οὓτως
1898 5727 2156 5800 ὀνομαζὸε

564 5792 727 5856 τινός.
770 5794 830 5847 Il.
867 5807 924 5849 ut
953 5813 1006 5849 ιη
1040 5807 1187 5854 cont.

2201 5744 2328 5786 wov.
2366 5727 2439 5782 ίσ.
2479 5727 2771 5798 ἀρςενάλ·.
2890 5727 2936 5758 ⁸⁸
2973 5725 3089 5780 Duo
3124 5742 3255 5784 mu.
3289 5726 3509 5794 habent,
3538 5727 3628 5781 οὐκ
3648 5714 3793 5779 ὀλίγον
