4032 6430
569 398 674 458 9.03

573 605 722 670 regia
806 604 977 655 classe
1045 600 1280 664 Venetis,
1340 617 1479 667 quos
1534 610 1724 654 contra
1787 601 2133 668 procedebat,

576 709 836 750 terrorem
890 695 1108 760 injicere
1162 694 1456 747 nitebatur.
1497 693 1557 746 lli
1616 694 1834 762 quidem
1867 733 1880 756 ,
1910 694 2139 747 sublatis

576 789 795 840 navium
824 787 1201 849 armamentis,
1234 787 1508 856 progressi
1541 795 1667 840 sunt
1683 785 2136 850 Prreconnesum,

1450 880 1612 934 Navis
1675 879 2136 947 Peloponuesiaca

573 974 981 1050 relinquebatur
1029 987 1058 1023 a
1099 981 1272 1040 tergo,
1330 973 1458 1040 quia
1490 969 1770 1039 postremo
1813 971 2137 1024 adducenda

573 883 703 933 nihil
757 889 1064 934 metuentes
1122 880 1367 934 hostem.

567 1075 888 1134 cumquae,
953 1079 1077 1118 cum
1131 1065 1275 1132 regia
1342 1065 1584 1117 triremis
1617 1065 2131 1132 appropinquasset,

567 1162 977 1216 accersebatur.
1013 1161 1129 1213 Dux
1161 1169 1344 1214 autem
1376 1157 1712 1212 Venetorum
1737 1158 1956 1211 sublato
1978 1158 2134 1225 signo

567 1270 683 1304 nam
728 1252 906 1321 sequi,
969 1268 1070 1306 nec
1122 1252 1362 1320 priorem
1416 1251 1468 1303 in
1525 1251 1732 1304 hostem
1767 1249 2132 1303 incursionem

567 1343 746 1393 facere
763 1341 1011 1410 jubebat.
1039 1339 1520 1409 Peloponnesiaca:
1560 1340 1799 1393 triremis
1836 1339 1970 1400 dux.
2007 1354 2132 1392 cum

568 1443 781 1502 putaret
814 1449 872 1489 se
919 1434 1138 1502 jussum
1189 1435 1394 1487 irruere
1442 1435 1493 1486 in
1543 1436 1778 1494 hostem,
1818 1440 1873 1486 et
1913 1442 2135 1501 propter

562 1527 810 1581 eamdem
834 1542 948 1581 rem
975 1527 1190 1597 signum
1214 1541 1338 1580 esse
1358 1526 1566 1590 datum,
1597 1527 1859 1594 impetum
1897 1525 1948 1577 in
1988 1525 2134 1594 regis

565 1636 756 1674 navem
807 1620 956 1683 fecit,
979 1634 1212 1688 eamque
1249 1619 1532 1690 demergit.
1563 1619 1805 1689 Reliqua.-
1861 1617 2133 1672 Barbaro-

566 1728 684 1764 rum
709 1726 872 1765 naves
911 1726 1035 1764 cum
1087 1711 1454 1777 adverterent,
1499 1727 1528 1765 ιι
1573 1722 1726 1781 parte
1765 1711 1992 1764 adversa
2042 1724 2134 1764 oc-

564 1812 777 1872 ceptum
810 1804 1087 1873 pra-lium,
1133 1815 1188 1858 et
1229 1805 1358 1874 ipsa:
1409 1806 1474 1859 ad
1501 1805 1743 1874 prmlittm
1797 1819 1856 1858 se
1904 1817 2132 1856 conver-

1685 392 1992 452 I..\O.\'IC[
2033 393 2128 450 CH
2154 391 2468 451 \LCOCON
2485 391 2692 450 DYLi-E

573 510 766 575 viginti
799 509 1060 578 quinque,
1085 507 1327 576 aliasque
1357 520 1524 561 naves
1546 507 1765 561 circiter
1798 508 2114 575 octuaginta

2247 525 2336 569 νος
2392 509 2514 566 τοὺς
2563 507 2880 569 Οὖενετοὶις,

3681 389 3764 454 εισι

2914 507 2987 575 τῷ
3028 507 3292 574 βαπιῖἐως
3353 507 3598 575 νιυτικῷ.
3634 510 3764 562 Οὗτοι

2249 601 2346 668 μὲν
2379 603 2657 670 προῄεσαν
2683 601 2775 650 ἐπὶ
2806 600 3221 668 Προικόννησον,
3259 600 3559 668 μετεώρους
3585 600 3767 668 ἔχοντες

2241 696 2338 753 τὰς
2377 691 2506 752 ναῦς
2543 694 2747 752 αὐτοῖς.
2789 692 2851 743 Ἦ
2881 692 2938 743 δὲ
2973 690 3379 760 Πελοποννησία
3419 691 3766 753 ὑπολέλειπτο.

2242 784 2315 844 ὼς
2343 782 2571 852 ὕστερον
2614 783 2953 852 ἀναγομένη.
2997 783 3263 838 Ἐνταῦθα
3282 786 3358 845 ὼς
3389 783 3559 852 ἀγχοῦ
3586 783 3770 852 ἐγένετο

2247 877 2486 945 τριήρης
2521 876 2620 945 μία
2649 876 2742 927 τοῦ
2777 876 3061 944 βασιλέως.
3106 878 3492 945 μετεπέμπετο
3524 878 3550 929 ὁ
3577 876 3771 945 ἡγεμὼν

2236 967 2349 1018 τῶν
2393 967 2692 1032 Οὐενετῶν,
2738 969 2967 1038 σημεῖον
3007 968 3245 1037 ἐπάρας,
3276 969 3515 1021 κελεύων
3547 967 3769 1027 ἐπεσθαι,

2241 1060 2335 1111 καὶ
2370 1059 2446 1129 μὴ
2480 1059 2793 1129 ἐμϐάλλειν.
2839 1061 3098 1129 Οίόμενος
3137 1059 3182 1112 δ’
3228 1062 3255 1113 ό
3295 1061 3395 1128 τῆς
3427 1062 3674 1131 τριήρους
3698 1060 3772 1128 cip-

2238 1167 2348 1220 χων
2390 1153 2488 1220 τῆς
2527 1153 2986 1221 Πελοποννησίας.
3017 1153 3093 1210 ὼς
3129 1152 3344 1205 κελεύοι
3399 1152 3696 1221 ἐμϐάλλειν,
3724 1151 3774 1200 τὸ

2241 1245 2493 1312 σύνθημα
2525 1245 2772 1313 οίόμενϐς
2805 1247 2856 1298 oi
2904 1245 3160 1312 γενέσθαι
3209 1245 3314 1297 ὑπὸ
3345 1245 3439 1300 τοῦ
3474 1243 3771 1313 στρατηγοῦ.

2238 1335 2499 1405 ἐμϐάλλει
2525 1354 2585 1389 τε
2616 1341 2681 1407 τῇ
2715 1339 2810 1389 τοῦ
2844 1336 3113 1407 βασιλέως
3142 1335 3251 1406 νηῒ,
3276 1340 3370 1390 καὶ
3422 1336 3688 1390 καταδύει.
3723 1335 3774 1387 Ai

2238 1429 2295 1481 δὲ
2316 1429 2502 1482 λοιπαὶ
2532 1429 2640 1481 τῶν
2675 1429 3034 1499 βαρϐαρικῶν
3073 1447 3212 1482 νεων
3264 1429 3492 1494 ἰδοῦσαι,
3522 1429 3594 1492 ὡς
3623 1429 3774 1497 ὑπῆρ-

2236 1539 2334 1574 κτο
2360 1521 2622 1590 πολέμου.
2649 1524 2742 1575 καὶ
2770 1525 2826 1584 ἐς
2865 1524 3047 1593 μάχην
3083 1521 3464 1585 καθίστανται,
3497 1523 3774 1590 ἐπείγονται

2237 1615 2539 1684 ἐπαμύνειν
2569 1615 2892 1684 βουλόμεναι
2916 1616 3007 1668 ἐπὶ
3056 1617 3155 1684 τὴν
3189 1615 3618 1688 Πελοποννησίαν
3642 1613 3770 1667 ναῦν.

2250 1709 2518 1762 Ἐνταῦθα
2543 1709 2608 1780 δὴ
2635 1710 2740 1762 τῶν
2790 1711 2836 1742 ’⁸
2887 1711 3177 1763 Οὐενετῶν
3206 1711 3456 1780 τριήρεις
3487 1707 3774 1763 κατιδοῦσαι

2237 1803 2297 1855 τὸ
2324 1803 2569 1871 γεγονὸς,
2595 1804 2669 1868 ὡς
2693 1804 2786 1856 ἐπὶ
2813 1803 2915 1872 τὴν
2946 1804 3214 1874 σφετέραν
3235 1805 3293 1856 αί
3317 1803 3649 1872 βαρϐαρικαὶ
3667 1803 3774 1865 νῆες

565 1869 749 1950 ti-baut
777 1869 824 1950 ι-
847 1895 1227 1966 festinantque
1250 1869 1266 1874 -
1290 1869 1550 1966 impetum
1590 1897 1642 1949 in
1710 1895 2121 1964 Peloponnesia-

2237 1893 2571 1962 ἐπείγονται,
2602 1898 2966 1966 ἀντανήγοντο
3005 1898 3101 1949 καὶ
3129 1895 3294 1948 αὗται
3335 1897 3428 1948 ἐπὶ
3479 1893 3771 1964 ναυμαχίαν,

563 2006 686 2042 eam
720 2004 910 2043 navem
949 1991 1143 2044 dantes
1173 1989 1432 2044 resistere
1469 1989 1706 2044 fortiter.
1746 1987 1933 2043 Veneti
1980 1988 2134 2042 vide-

562 2082 877 2148 runt,quod
911 2082 1244 2151 parabatur,-
1291 2082 1545 2136 videlicet
1595 2084 1826 2137 classem
1873 2081 2127 2136 hostilem

558 2174 841 2226 incursare
870 2172 926 2226 in
951 2171 1470 2241 Peloponnesiacam
1507 2173 1816 2234 triremem,
1847 2172 1963 2241 ipsi
1994 2187 2129 2240 quo-

555 2280 660 2334 que
690 2264 756 2317 ad
801 2265 992 2319 navale
1061 2274 1343 2320 certamen
1404 2265 1853 2334 accingebantur.
1907 2263 2126 2317 Interim

555 2360 679 2414 dum
709 2361 946 2415 ferveret
974 2361 1246 2430 praelium,
1283 2361 1614 2430 navigabant
1646 2376 1742 2428 per
1782 2374 1973 2412 omnes
2027 2359 2121 2410 ho-

556 2451 720 2503 stium
782 2465 972 2513 naves,
1028 2451 1294 2518 quasdam
1360 2451 1527 2504 remis
1564 2451 1628 2504 ad
1682 2452 1833 2504 littus
1884 2459 2124 2518 agentes.

553 2538 747 2595 Veneti
784 2541 840 2593 in
888 2540 1035 2593 hunc
1071 2542 1292 2594 modum
1341 2541 1566 2594 victoria
1612 2542 1768 2610 potiti
1829 2553 1976 2605 sunt,
2035 2557 2128 2596 ca-

556 2634 767 2701 pientes
799 2648 966 2689 naves
1000 2633 1318 2688 barbaricas
1369 2635 1658 2698 tredecim,
1692 2637 1985 2706 plerasque
2037 2645 2122 2698 ta.-

555 2742 676 2780 tnen
733 2742 955 2782 vacuas.
1017 2727 1152 2782 Nam
1216 2728 1400 2791 Turci,
1461 2729 1552 2784 ubi
1584 2740 1870 2785 senserant
1934 2744 2122 2793 naves,

554 2818 610 2871 in
646 2820 847 2888 quibus
887 2830 1068 2882 erant,
1092 2821 1204 2890 jam
1233 2822 1553 2890 capiendas,
1590 2822 1643 2876 in
1701 2839 1850 2878 mare
1881 2837 1941 2878 se
1981 2825 2122 2894 abji—

549 2911 788 2974 eiehant,
820 2919 875 2965 et
909 2911 962 2964 lu
1001 2922 1203 2967 terram
1244 2914 1560 2969 enatabant.
1623 2913 1829 2969 Eodem
1874 2925 2122 2984 tempore

549 3018 672 3055 cum
698 3005 869 3060 armis
904 3015 1167 3074 urgerent
1202 3006 1388 3061 Veneti
1442 3007 1824 3071 llechmetem,
1858 3007 2118 3078 Lampsa~

546 3109 669 3146 cum
737 3097 1048 3151 obsidendo
1107 3099 1163 3152 in
1201 3097 1467 3153 ditionem
1510 3111 1880 3169 acceperunt:
1935 3101 2118 3168 ibique

2234 1989 2326 2041 καὶ
2372 1987 2448 2050 ὡς
2500 1989 2869 2058 ἐναυμάχουν,
2913 1989 3207 2041 διέκπλουν
3243 2007 3301 2041 τε
3333 1989 3672 2057 ἐποιήσαντο,
3697 1985 3771 2035 καὶ

2230 2081 2635 2145 καταδύσαντες
2664 2082 2798 2146 ναῦς
2830 2084 2899 2136 ’τὲ
2941 2101 3114 2147 τινας,
3145 2085 3237 2136 καὶ
3282 2083 3661 2152 ζωγρήσαντες
3691 2081 3770 2138 τὰς

2232 2175 2448 2240 λοιπὰς,
2482 2179 2538 2233 ἐς
2565 2177 2667 2244 τὴν
2694 2177 2801 2245 γῆν
2856 2177 3178 2246 ἐτρέψαντο.
3224 2178 3332 2229 Καὶ
3363 2177 3622 2244 ἐνίκησαν
3660 2173 3772 2223 θύε-

2230 2269 2398 2332 νετοὶ,
2429 2269 2561 2332 ναῦς
2609 2269 2864 2333 λαϐόντες
2915 2271 3024 2322 τῶν
3087 2268 3387 2339 Βαρϐάρων
3417 2267 3770 2336 τρισκαίδεκα.

2229 2363 2395 2424 κενὰς
2418 2363 2473 2416 δὲ
2508 2365 2606 2425 τὰς
2638 2363 2876 2425 πλείους.
2909 2365 2972 2415 Oi
2999 2362 3106 2433 γὰρ
3135 2363 3390 2432 Τοῦρκοι,
3417 2364 3493 2423 ὼς
3523 2363 3772 2415 ἁλίσκοιτο

2229 2457 2261 2524 ἡ
2297 2454 2449 2519 ναῦς,
2475 2456 2531 2517 ἐς
2565 2456 2666 2522 τὴν
2701 2456 2974 2509 θάλατταν
3023 2456 3274 2517 ἔπιπτον,
3311 2456 3404 2509 καὶ
3459 2456 3664 2520 ἐξά-δεον
3694 2450 3772 2502 ἐπὶ

2227 2547 2326 2615 τὴν
2357 2548 2480 2615 γῆν.
2524 2548 2792 2602 Ἐνταῦθα
2818 2549 2893 2609 ὡς
2923 2551 3022 2619 ἠδη
3068 2548 3306 2616 πόλεμον
3355 2547 3473 2604 τοῖς
3519 2543 3772 2601 Ούενετοῖς

2227 2640 2572 2710 ἀνελομένοις
2619 2642 2756 2714 πρὸς
2788 2641 3010 2711 βασιλέα
3065 2640 3382 2710 Μῆμέτην,
3418 2640 3518 2706 τήν
3556 2654 3613 2688 τε
3640 2636 3770 2700 Λαμ-

2225 2732 2400 2800 ψακον
2436 2733 2725 2805 πολιορκίᾳ
2754 2733 3198 2802 παρεστήσαντο,
3222 2731 3316 2805 καὶ
3343 2730 3594 2800 φυλακην
3627 2729 3771 2792 ἐγκαι-

2223 2825 2463 2886 τέλιπον,
2497 2835 2590 2878 καὶ
2640 2825 2798 2876 αὐτοὶ
2846 2823 3050 2894 ᾤχοντο
3079 2825 3165 2877 ἐπ’
3205 2824 3356 2876 οίκου
3408 2820 3768 2876 ἀποπλέοντες.

2232 2921 2500 2974 Ἐνταῦθα
2533 2925 2718 2990 μέντοι
2747 2922 2802 2973 of
2833 2939 2893 2973 τε
2923 2921 3178 2974 Ούενετοὶ
3206 2919 3400 2973 τοῦτον
3427 2920 3522 2972 τὸν
3561 2933 3770 2984 στρατη-

2221 3013 2398 3079 γὸν,δς
2428 3014 2776 3083 περιεγένετο
2791 3014 2884 3067 τοῦ
2907 3016 3016 3066 τῶν
3038 3013 3340 3085 Βαρϐάρων
3365 3014 3579 3073 στόλου,
3599 3013 3771 3080 ἡγοντο

2223 3106 2478 3170 θανάτου,
2502 3106 2576 3168 ὡς
2603 3107 2867 3177 πρότερον
2896 3107 3219 3174 ὑπάρξαντα
3250 3105 3486 3168 ἀδικίας,
3518 3106 3612 3156 καὶ
3632 3101 3770 3154 λελυο

547 3188 805 3255 przesidio
838 3191 1054 3253 relicto,
1087 3191 1308 3245 domum
1360 3194 1562 3247 reversi
1593 3204 1740 3248 sunt.
1777 3192 1969 3246 Veneti
2011 3193 2118 3246 dn-

2227 3203 2355 3248 κότα
2385 3198 2483 3259 τὰς
2517 3197 2749 3259 σπονδὰς
2782 3197 2934 3266 παρὰ
2963 3199 3031 3252 τὰ
3059 3197 3440 3267 ἐπεσταλμένα
3469 3195 3644 3264 αὐτῷ.
3679 3191 3771 3245 Καὶ

547 3292 664 3330 cem
724 3278 878 3332 illum
932 3281 1026 3349 qui
1085 3281 1266 3350 praelia
1328 3284 1570 3337 secunda
1620 3295 1814 3337 contra
1851 3283 2122 3337 Barbaros

547 3373 774 3436 fecerat,
813 3387 1095 3428 reversum
1128 3375 1324 3445 capitis
1371 3381 1724 3431 accusabant.
1764 3375 1994 3435 Crimini
2024 3379 2120 3428 da-

546 3461 726 3522 batur,
755 3461 899 3527 quod
933 3463 1081 3530 prior
1102 3466 1414 3536 praeterjus
1455 3475 1510 3520 et
1537 3482 1776 3536 aequum,
1827 3477 1884 3521 et
1926 3476 2122 3535 prmter

546 3553 1230 3626 magistratusimperium,
1281 3559 1527 3628 praelium
1584 3559 1824 3626 iniisset,
1879 3560 2122 3624 hedera-

2223 3288 2284 3338 ἐν
2309 3288 2431 3358 δίκῃ
2459 3290 2752 3357 γενόμενος
2778 3290 2929 3359 παρά
2957 3289 3259 3354 δικασταῖς,
3290 3289 3566 3357 ἀπελύθη,
3599 3288 3668 3358 μὴ
3692 3285 3772 3336 αὺ-

2219 3375 2310 3438 τδς
2346 3377 2611 3447 πρότερος
2649 3378 2888 3448 ὑπάρξαι
2923 3379 3016 3432 τοῦ
3046 3381 3182 3450 πρὸς
3215 3379 3494 3450 βάρϐαρον
3534 3379 3769 3446 πολέμου.

2221 3469 2357 3521 Μετ’
2379 3470 2438 3520 οὐ
2469 3470 2638 3522 πολὺν
2661 3471 2718 3522 δέ
2747 3473 2939 3541 χρόνον
2965 3472 3484 3543 διεπρεσϐεύσαντο,
3513 3474 3608 3525 καὶ
3631 3487 3774 3523 σπου·

2218 3561 2314 3623 δάς
2346 3563 2697 3632 ἐποιήσαντο.

543 3661 650 3712 quc
676 3646 954 3714 fregisset.
989 3648 1126 3704 Cum
1157 3650 1210 3704 in
1242 3651 1388 3720 hunc
1454 3653 1677 3708 modum
1738 3653 1934 3724 capitis
2001 3653 2414 3723 anquireretur.
2486 3657 2720 3711 crimine
2762 3659 3047 3714 absolutus
3099 3671 3206 3723 est,
3276 3671 3336 3715 ut
3386 3663 3482 3729 qui
3546 3662 3771 3730 praelium

547 3740 707 3810 103
754 3741 894 3794 haud
937 3741 1085 3810 prior
1117 3742 1435 3813 incepisset.
1487 3743 1600 3801 Nec
1646 3757 1892 3817 tempore
1953 3749 2122 3804 multo
2161 3747 2489 3820 interposito
2524 3751 2823 3821 legationes
2856 3753 3002 3810 ultro
3056 3755 3307 3824 citroque
3374 3755 3582 3819 missae,
3648 3755 3775 3808 inter

542 3845 804 3903 uti-osque
835 3850 1026 3906 pacem
1050 3836 1162 3892 icto
1198 3838 1402 3894 findere
1426 3851 1752 3896 sanxerunt.
1893 3871 1917 3901 ο

611 3928 945 3983 Mcchmetes
975 3929 1222 3996 quidem,
1271 3931 1735 3998 quemadmodum
1793 3935 2112 4003 accepimus

543 4022 728 4081 modo.
784 4035 911 4088 erga
971 4019 1209 4076 Venetos
1271 4020 1501 4076 aﬁ‘eot-us
1554 4031 1692 4076 erat.
1729 4022 1937 4077 Graecis
1987 4041 2112 4079 vero

545 4119 658 4162 erat
686 4124 950 4177 perquam
1001 4108 1312 4173 familiaris,
1383 4125 1586 4180 eosque
1639 4112 1819 4166 colere
1863 4113 2114 4180 cupiebat

549 4201 600 4252 in
632 4199 888 4253 omnibus
911 4214 1251 4268 quacunque
1302 4202 1592 4270 petiissent
1646 4204 1787 4258 haud
1837 4209 2106 4274 gravatim

546 4289 846 4360 largiendo.
884 4289 1304 4346 Familiaritatis
1330 4304 1516 4348 autem
1548 4295 1669 4361 ejus
1714 4311 1904 4360 causa,
1945 4315 2110 4368 quam

546 4400 690 4437 nunc
729 4384 1000 4444 dabimus,
1060 4394 1199 4438 erat.
1254 4383 1570 4452 Mustaphas
1613 4403 1754 4442 unus
1801 4405 1831 4442 e
1888 4405 2112 4444 numero

546 4475 782 4528 ﬁliorum
815 4475 1094 4545 Pajazitis.
1128 4476 1370 4530 imitatus
1391 4475 1598 4532 Mosem
1632 4476 1880 4542 fratrem,
1924 4481 1990 4533 ad
2026 4480 2112 4534 Si-

2296 3933 2386 3995 Ἒς
2417 3931 2644 3995 τούτους
2683 3931 2784 4001 μέν
2814 3930 2906 3984 οὖν
2934 3932 3104 3995 οὕτως
3139 3931 3266 4002 ἔσχε
3297 3932 3373 4003 τῷ
3412 3933 3625 4003 βασιλεί
3649 3935 3771 4002 Μεχ⁶

2221 4022 2386 4094 μὲτῃ.
2419 4023 2545 4085 Τοῖς
2573 4023 2630 4076 δέ
2680 4021 2938 4092 Ἕλλησιν
2969 4023 3277 4092 ἐπιτήδειός
3305 4040 3363 4076 τε
3394 4026 3492 4078 καὶ
3528 4027 3770 4093 συνήθης.

2211 4114 2368 4183 ἠξίου
2385 4113 2706 4183 θεραπεύειν
2735 4115 2859 4169 ὅτου
2881 4115 2948 4169 ἂν
2963 4115 3246 4184 δεήσαιντο
3265 4115 3393 4184 παρ’
3415 4118 3596 4188 ἐαυτῷ
3625 4118 3687 4170 δι’
3705 4135 3774 4168 ας-

2218 4206 2342 4261 τξαν
2363 4207 2540 4276 τήνδε.
2560 4209 2896 4274 Μουσταφᾶς
2914 4209 3021 4278 γάρ
3043 4225 3124 4261 τοι
3143 4209 3171 4260 ὁ
3186 4208 3296 4261 τῶν
3314 4210 3643 4278 Παιαζήτεω
3657 4207 3772 4260 παί-

2218 4300 2345 4363 δων,
2383 4299 2766 4369 μιμησάμενος
2804 4299 3008 4355 Μωσέα
3059 4299 3150 4352 τὸν
3201 4299 3459 4368 ἀδελφὸν,
3508 4303 3603 4354 καὶ
3651 4301 3772 4369 πρὸς

2219 4392 2310 4442 τὸν
2350 4391 2602 4456 Σινώπης
2641 4392 2888 4462 ἄρχοντα
2938 4391 3202 4461 πολέμιον
3253 4393 3383 4448 ὂντα
3441 4395 3516 4465 τῷ
3574 4391 3774 4461 ἀδελφῷ

2219 4484 2484 4554 Μεχμέτῃ
2519 4484 2849 4553 ἀφικόμενος
2892 4489 2988 4540 καὶ
3023 4486 3185 4554 ὅρκια
3217 4488 3612 4555 ποιησάμενος,
3643 4487 3771 4540 ὥστε

543 4568 760 4635 nnpium
786 4570 1006 4632 ducem,
1033 4569 1125 4637 qui
1156 4567 1331 4624 hostis
1363 4577 1483 4624 erat
1529 4569 1873 4635 Mecbmctis,
1920 4586 2112 4640 perve-

2227 4576 2403 4642 Ξὲνους
2437 4578 2577 4632 εἷναί
2607 4595 2666 4631 τε
2701 4579 2797 4632 καὶ
2849 4580 3036 4647 φίλους
3088 4579 3362 4649 ἀλλήλοις,
3394 4583 3490 4635 καὶ
3529 4586 3664 4653 πρὸς
3693 4582 3774 4632 τὸν

543 4659 1034 4729 niens,juramenti
1072 4659 1339 4730 religione
1397 4661 1718 4730 interposita
1774 4677 1833 4718 se
1875 4663 2108 4718 invicem

539 4749 743 4802 amicos
783 4759 837 4803 et
867 4751 1115 4819 lio-spites
1149 4753 1200 4804 in
1221 4760 1503 4821 posterum
1539 4753 1654 4807 fore
1685 4755 2108 4810 conﬁrmabant.

454 4842 461 4850 '
540 4840 742 4894 Deinde
771 4856 890 4894 cum
927 4843 1135 4910 legatos
1182 4844 1424 4898 misisset
1450 4844 1518 4898 ad
1569 4844 1744 4899 Dacia:
1770 4846 1964 4900 ducem
1992 4885 2007 4910 ,
2057 4857 2113 4900 et

539 4935 712 4985 amice
742 4934 809 4986 ab
838 4948 901 4986 eo
926 4934 1065 4987 foret
1089 4945 1372 5005 acceptus,
1401 4937 1867 5008 pollicereturque
1918 4955 1976 4994 se
2006 4942 2108 5008 ipsi

537 5025 818 5092 suppetias
837 5025 1074 5079 laturum
1105 5029 1158 5082 in
1185 5045 1356 5098 regno
1373 5031 1520 5097 quod
1547 5039 1730 5084 averet
1747 5033 2104 5100 acquirendo,

539 5115 590 5167 in
616 5116 801 5168 Asiam
833 5114 943 5185 (l8)
976 5117 1125 5171 abire
1156 5119 1420 5175 decrevit.
1455 5120 1594 5176 Cum
1647 5123 1700 5175 in
1757 5122 1886 5178 Asia
1941 5125 2105 5193 longo

537 5217 780 5276 tempore
803 5220 1044 5264 moratus
1077 5222 1240 5279 esset,
1301 5215 1510 5270 habens
1547 5233 1737 5270 secum
1802 5221 1946 5273 viros
1996 5231 2104 5272 tre.

535 5313 745 5364 ecutos,
778 5303 922 5356 haud
949 5305 1201 5358 cessabat
1229 5309 1442 5362 ambire
1497 5307 1799 5365 Turcorum
1830 5315 2100 5381 optimum

531 5407 821 5463 quemque,
849 5406 901 5447 et
929 5396 995 5448 ad
1055 5397 1418 5454 defectionem
1476 5402 1754 5470 pellicere.
1813 5404 1950 5459 Cum
2015 5421 2102 5459 res

2215 4670 2419 4733 Δακίας
2493 4671 2740 4740 ἡγεμόνα
2817 4671 3413 4742 διαπρεσϐευσάμενος,
3481 4675 3558 4732 ὡς
3627 4674 3774 4727 αὑττιν

2212 4761 2455 4832 ἄσμενος
2481 4762 2798 4832 ὑπεδέχετο,
2828 4767 2922 4815 καὶ
2948 4763 3113 4818 τᾶλλα
3145 4766 3460 4836 ὑπισχνεῖτο
3481 4780 3773 4834 συγκατερ-

2211 4855 2478 4923 γάζεσθαι
2508 4855 2578 4910 τὰ
2600 4857 2657 4920 ἐς
2684 4857 2784 4925 τὴν
2816 4857 3097 4926 βασιλείαν
3123 4899 3138 4921 ,
3168 4859 3320 4928 διέϐη
3349 4875 3407 4911 τε
3437 4862 3519 4921 εἰς
3543 4861 3642 4930 τὴν
3677 4861 3770 4908 Aa-

2213 4950 2337 5001 κίαν
2367 4949 2723 5017 Μουσταφᾶς,
2767 4951 2863 5002 καὶ
2903 4951 3095 5020 χρόνον
3131 4951 3321 5004 αὐτόθι
3365 4952 3648 5024 διατρίψας
3692 4966 3772 5000 συ-

2214 5040 2363 5108 χνὸν,
2387 5042 2525 5109 ἔχων
2569 5040 2767 5109 ἄνδρας
2800 5043 3172 5106 τριακοσίους,
3201 5043 3446 5110 ἔπρασσε
3483 5047 3619 5111 πρὸς
3658 5044 3770 5097 τοὺς

2213 5131 2476 5200 Τούρκων
2523 5132 2802 5203 ἀρίστους,
2849 5134 3052 5200 μετιὼν
3105 5135 3362 5190 ἕκαστον.
3407 5135 3496 5196 Ὡς
3549 5134 3594 5188 δ’
3630 5131 3771 5186 οὐδὲν

2215 5223 2522 5292 προεχώρει
2555 5225 2622 5289 θ’,
2651 5222 2721 5294 ἦν
2759 5227 2868 5294 γὰρ
2911 5227 3208 5298 Μεχμέτης
3236 5227 3310 5282 τά.
3334 5245 3394 5280 τε
3437 5228 3575 5280 ἄλλα
3605 5229 3769 5278 ἐπιει-

2213 5315 2336 5385 κὴς,
2363 5319 2456 5367 καὶ
2491 5321 2547 5378 ἐς
2577 5321 2635 5368 τὸ
2667 5318 2992 5388 θεραπεύειν
3024 5319 3148 5382 τοὺς
3179 5321 3436 5389 ἀρίστους
3465 5321 3573 5372 τῶν
3615 5315 3774 5382 Τούρο

2214 5424 2326 5460 κων
2358 5410 2460 5462 ούκ
2510 5410 2795 5481 ἀδόκιμος,
2835 5413 3045 5481 τρόπου
3095 5429 3156 5464 τε
3213 5412 3464 5482 ἡσυχίου,
3503 5409 3668 5480 ψευδῆ
3714 5417 3766 5453 τε

1813 5525 2060 5584 Notulae
2088 5525 2497 5603 marginales.

601 5615 714 5682 (l8)
748 5619 834 5672 Al.
866 5620 1155 5693 Europam,
1191 5624 1261 5677 al.
1293 5623 1541 5680 Daciam.

591 5758 734 5844 πλη
770 5777 894 5844 uno.
935 5765 990 5814 αἱ
1017 5762 1199 5844 λοιπαὶ
1229 5783 1278 5818 τ.
1355 5767 1400 5799 ⁸⁷
1429 5765 1512 5820 Ex
1539 5765 1732 5820 Latina
1766 5772 2002 5825 versione
2037 5787 2121 5839 ραι

2227 5776 2513 5829 desiderari
2570 5785 2680 5830 mer.
2713 5775 2884 5839 verba,
2921 5773 3118 5844 ἤχθετο
3156 5772 3410 5839 μάλιστα,
3443 5769 3515 5824 re!
3554 5769 3759 5824 similia.

532 5823 600 5882 in
635 5829 699 5884 1i.
732 5833 875 5884 nulla
907 5845 978 5884 est
1011 5834 1224 5888 lacuna.
