4032 6442
319 388 440 455 9.13

1432 397 1529 459 DE
1564 399 1821 461 REBUS
1851 401 2207 463 TURCICIS
2255 400 2404 461 LIB.
2447 401 2545 461 Ν.

3488 399 3599 466 214

323 501 451 564 λος,
482 497 564 566 εἷς
591 503 699 557 τῶν
741 505 982 576 ἀρίστων
1030 508 1323 578 λεγόμενος
1356 512 1611 579 γενέσθαι
1643 516 1734 567 τοῦ
1766 517 1916 584 Παρ-

2022 528 2117 579 pas
2153 511 2399 576 domum,
2457 521 2517 565 ut
2586 512 2924 583 mancipium
2969 513 3253 581 tractavit;
3289 528 3495 581 eosque
3540 516 3593 569 in

328 593 578 664 Οενόπης
600 595 861 663 βασιλέως
895 599 1135 666 νεανίας,
1183 602 1244 653 τὸ
1278 604 1379 671 μὲν
1408 600 1545 668 εἶδος
1595 607 1694 658 οὐκ
1725 606 1916 676 ἀηδὴς.

336 689 599 760 ἐπιεικὴς
617 689 671 742 δὲ
695 689 784 742 τὸν
804 694 1012 761 τρόπον
1042 693 1137 748 καὶ
1158 695 1404 767 ἡσύχως.
1430 698 1633 752 Τοῦτον
1662 701 1758 754 σὺν
1789 701 1919 753 πολ-

339 781 460 845 λοίς
489 783 663 846 ἄλλοις
680 785 953 854 ἀγόμενος
982 789 1010 840 ὀ
1044 789 1399 857 Πριάλοοπας
1427 793 1508 855 εἰς
1528 795 1595 846 τὰ
1619 796 1819 863 οἰκεῖα,
1843 796 1918 858 ὡς

342 875 648 944 ἀνδράποδά
669 894 728 930 τε
763 883 1039 948 περιεῖπε,
1086 886 1182 936 καὶ
1213 879 1362 955 εἶχεν
1392 887 1451 939 ἐν
1478 886 1722 956 φυλακῇ,
1758 891 1814 951 ἐς
1847 890 1920 944 τὰ

340 966 586 1034 βασίλεια
623 969 941 1040 διατρίϐων,
972 978 1227 1046 κατεῖχεν
1254 977 1329 1040 ὡς
1377 980 1682 1049 χρημάτων
1710 982 1765 1043 ἐς
1791 982 1919 1043 τοὺς

336 1061 715 1130 προσήκοντας
754 1063 980 1129 ἐσαῦθις
1015 1068 1425 1138 αποόιδόμενος,
1460 1070 1526 1139 ἢν
1558 1073 1795 1126 αἰτοῖντο
1823 1072 1920 1126 αὐ-

329 1151 489 1215 τούς.
507 1152 571 1204 Ἦ
591 1152 647 1206 δὲ
664 1156 801 1226 γυνὴ
827 1155 1046 1222 τούτου,
1068 1159 1143 1224 ὡς
1167 1160 1315 1231 ἑώρα
1332 1163 1424 1217 τὸν
1455 1165 1919 1237 νεανίαν,ῆράσθη

326 1262 396 1297 τε
418 1244 620 1299 αὐτοῦ·
659 1240 730 1318 ἦν
756 1248 865 1319 γὰρ
905 1249 1000 1304 καὶ
1050 1255 1107 1316 ἐς
1136 1253 1332 1317 ἄλλους
1377 1255 1644 1327 πρότερον
1674 1257 1919 1327 φοιτῶσα

326 1339 417 1399 εἰς
447 1338 667 1409 ἄνδρας,
701 1341 797 1393 καὶ
854 1341 1176 1407 ἀκόλαστος.
1211 1344 1589 1417 Συγγινομένη
1623 1351 1808 1404 τοίνυν
1838 1352 1918 1421 τῷ

328 1430 546 1503 νεανίᾳ,
578 1434 671 1486 καὶ
697 1434 1099 1507 ὲπιμαινομένη
1115 1437 1268 1508 αὐτῷ
1299 1441 1355 1503 ἐς
1390 1441 1481 1494 τὸν
1510 1441 1713 1511 ἔρωτα,
1741 1442 1921 1496 συντί-

326 1524 671 1597 θεταιαὺτῷ
698 1528 791 1580 ἐπὶ
822 1527 900 1597 τῷ
932 1531 1087 1601 ἀνδρὶ
1141 1532 1458 1602 ἐπιϐουλὴν,
1489 1534 1580 1588 καὶ
1612 1537 1920 1605 ἐξηγουμέ-

324 1635 434 1687 νης
469 1621 566 1686 τῆς
623 1622 885 1689 γυναικὸς
941 1624 997 1687 ἐς
1054 1624 1150 1695 τὴν
1210 1627 1434 1698 κοίτην,
1489 1630 1565 1692 ὡς
1615 1630 1921 1685 ἀνεπαύετο

334 1712 695 1781 Πριάλουπας
720 1718 749 1769 ὁ
779 1716 1027 1785 ἡγεμὼν,
1057 1720 1237 1773 ἀνεῖλέ
1266 1737 1327 1774 τε
1364 1723 1525 1775 αὐτὸν
1568 1722 1686 1792 ἅμα
1713 1724 1811 1777 σὺν
1850 1728 1916 1797 τῇ

332 1807 582 1869 γυναικὶ,
616 1807 712 1859 καὶ
762 1806 878 1877 ἅμα
907 1812 1266 1882 συγκατίσχει
1297 1812 1395 1884 τὴν
1426 1817 1914 1889 ήγεμονίανάὑτῷ.

2023 604 2277 659 custodia
2311 604 2638 667 asservavit,
2694 616 2939 661 moratus
2974 607 3023 659 in
3079 609 3249 674 regia,
3287 608 3479 662 volens
3501 624 3596 663 cus

2023 696 2351 767 prepiuquis
2378 697 2689 760 resrituere,
2719 707 2945 767 accepta
2979 681 3229 764 pecunia,
3258 699 3304 752 si
3339 696 3595 753 venirent

2023 804 2155 843 Suos
2211 788 2578 858 redemptum.
2648 789 2797 843 Uxor
2864 788 3133 859 Prialupa:
3189 789 3594 844 adolescentem

2022 880 2199 935 visum
2226 897 2411 936 amare
2435 880 2629 950 cmpit.
2679 880 2810 936 Erat
2857 885 3002 937 enim
3041 883 3201 936 istius
3229 883 3478 937 nmlieris
3510 884 3597 935 in-

2021 971 2262 1040 genium,
2320 979 2379 1027 ut
2431 972 2753 1042 priusquam
2811 983 3105 1042 peteretur,
3154 981 3364 1041 peteret
3421 972 3594 1034 viros,

2024 1079 2134 1132 prae
2162 1063 2582 1134 intemperantia
2642 1069 2732 1120 cui
2790 1066 3027 1121 obnoxia
3074 1075 3212 1119 erat.
3258 1063 3397 1119 Cum
3426 1064 3595 1134 igitur

2022 1158 2200 1225 stupri
2239 1160 2692 1215 consuetudinem
2746 1176 2869 1215 cum
2905 1162 3250 1215 adolescente
3282 1159 3593 1219 habuisset.

2022 1263 2209 1304 amore
2238 1251 2438 1304 ardens
2472 1259 2527 1304 et
2571 1251 2782 1318 furens,
2815 1267 2940 1305 eum
2976 1250 3331 1305 adolescente
3357 1249 3594 1304 insidias

2024 1340 2221 1396 marito
2283 1341 2573 1398 subornat.
2634 1342 2834 1398 Mulier
2890 1344 3293 1399 adolescentem
3341 1340 3494 1399 ducit
3538 1341 3594 1395 in

2022 1433 2367 1499 cubiculum,
2405 1436 2458 1490 in
2488 1452 2596 1507 quo
2622 1438 2912 1507 quiescere
2933 1435 3132 1491 solitus
3160 1445 3278 1491 erat
3307 1433 3597 1505 Prialnpas

2022 1524 2131 1578 dux
2165 1541 2179 1578 :
2210 1523 2422 1596 ibique,
2448 1525 2721 1597 adjuvaus
2747 1527 3152 1582 adolescentem
3184 1526 3402 1591 mulier,
3446 1524 3599 1579 Pria-

2021 1615 2179 1686 lupas
2215 1620 2437 1673 occisus
2472 1629 2577 1686 est,
2613 1628 2666 1674 ct
2703 1620 2831 1690 ipse
2857 1622 2923 1674 ad
2961 1619 3177 1689 imperii
3221 1617 3595 1689 gubernacula

2020 1708 2290 1763 asceiidit.
2325 1708 2462 1765 Cum
2497 1720 2677 1765 autem
2705 1712 2811 1766 sibi
2846 1712 3189 1784 tyrannidem
3226 1712 3293 1766 ad
3320 1728 3443 1765 eum
3474 1724 3596 1764 mo-

2023 1802 2153 1857 dum
2188 1813 2458 1873 parasset,
2506 1806 2714 1859 nemini
2765 1806 2872 1861 nisi
2927 1806 3142 1861 mulieri
3179 1805 3283 1861 soli
3323 1804 3593 1875 placebat.

346 1896 569 1967 Ἐπειδὴ
627 1900 1023 1972 ἐτυράννευεν,
1091 1906 1270 1958 οὐδενὶ
1323 1907 1432 1960 τῶν
1489 1910 1551 1961 ἐν
1605 1911 1671 1979 τῇ
1733 1909 1910 1972 πόλει.

2021 1898 2092 1949 At
2124 1898 2261 1952 ultio
2282 1897 2427 1953 haud
2461 1898 2633 1952 multo
2662 1909 2787 1965 post
2827 1909 3018 1955 secuta
3052 1898 3211 1973 113
3240 1909 3344 1953 est.
3378 1896 3597 1950 Pria‘lu-

325 1987 452 2043 ἀλλ’
489 1991 550 2043 ἐν
602 1992 666 2060 τῇ
722 1995 944 2059 γυναικὶ
994 1995 1385 2066 ἀρεσκόμενος.
1457 1998 1523 2053 Ἦ
1580 2001 1762 2070 μέντοι
1789 2002 1912 2074 δίκη

323 2089 427 2141 τὸν
480 2088 835 2159 Πριαλούπην
886 2090 986 2144 οὐκ
1057 2093 1138 2155 εἰς
1214 2095 1434 2164 μακρὰν
1502 2095 1772 2150 κατέλαϐε
1817 2097 1914 2151 τὸν

328 2181 507 2234 παῖδα
533 2180 699 2236 αὑτοῦ
732 2182 846 2236 ἀπὸ
870 2183 1073 2254 ταύτης
1105 2185 1170 2255 δὴ
1202 2185 1302 2255 τῆς
1335 2189 1594 2256 γυναικὸς
1618 2190 1914 2260 γενόμενον

333 2275 512 2344 αὐτῷ.
571 2275 776 2328 Τοῦτον
814 2276 925 2348 γάρ
955 2294 1059 2341 τοι,
1117 2277 1193 2342 ὡς
1256 2278 1447 2347 ἐφοίτα
1486 2281 1636 2352 παρὰ
1684 2280 1913 2350 βασιλέα

338 2366 551 2432 limati,
597 2368 914 2439 αἰτούμενος
970 2370 1289 2441 συμμαχίαν
1323 2388 1383 2425 τε
1436 2373 1533 2426 καὶ
1590 2375 1915 2446 ἐπικουρίαν

337 2460 435 2512 ἐπὶ
468 2459 744 2527 Κάρουλον
769 2500 786 2525 ,
838 2460 931 2511 τὸν
961 2461 1083 2513 τότε
1128 2458 1193 2530 δὴ
1224 2461 1591 2531 Ἀκαρνανίας
1621 2465 1910 2537 τύραννον,

334 2551 643 2617 συλλαϐὼν,
672 2550 818 2605 ὥστε
842 2551 941 2623 τὴν
966 2551 1153 2624 χώραν
1183 2553 1351 2607 αὐτοῦ
1387 2559 1706 2629 κατασχεῖν,
1730 2560 1915 2626 ὲξέκοο

295 2678 299 2683 -
327 2658 401 2717 ψε
434 2647 516 2700 τὼ
540 2645 826 2717 ὀφθαλμώ.
857 2647 968 2717 Τὴν
1000 2648 1186 2716 μέντοι
1207 2650 1397 2721 χώραν
1416 2651 1593 2717 οὐδεὶς
1622 2656 1916 2727 κατεστρέ-

327 2737 476 2807 ψατο
513 2738 612 2806 τῆς
635 2736 952 2792 Ἰωαννίνων
976 2736 1213 2802 πόλεως.
1258 2740 1604 2816 Ἐπαγομένη
1629 2746 1818 2802 τοῦτον
1848 2748 1914 2819 δὴ

326 2830 424 2884 τὸν
458 2829 738 2899 Κάρουλον
765 2831 866 2883 sui?
900 2830 1086 2899 σφίσιν
1118 2830 1381 2903 ἄρχὸντα,
1437 2838 1531 2890 καὶ
1575 2839 1929 2912 ὲπιτετραμ-·

330 2922 505 2989 μένου
536 2920 685 2991 αὺτῷ
711 2921 918 2979 δίέπειν
965 2921 1034 2976 τὰ
1073 2928 1172 2993 τῆς
1202 2928 1411 2992 πόλεως
1440 2931 1768 3002 πράγματα,
1819 2936 1918 2990 καὶ

326 3019 703 3089 ἀντεχομένου
725 3023 783 3080 ἐς
807 3021 902 3076 τὸν
926 3022 1165 3095 πόλεμον
1185 3025 1473 3097 κράτιστα.
1506 3024 1571 3083 Ἡ
1602 3028 1790 3098 μέντοι
1820 3031 1917 3103 ἁρ-

326 3117 402 3184 χὴ
457 3113 602 3183 αὕτη
640 3116 961 3185 Τριϐαλλῶν
1006 3114 1143 3172 οὖσα
1184 3120 1246 3173 τὸ
1299 3121 1550 3186 παλαιὸν,
1580 3122 1724 3177 οὕτω
1772 3123 1827 3187 ἐς
1856 3142 1916 3177 τε

2014 2004 2114 2060 pas
2146 1991 2317 2054 enim,
2353 1992 2447 2061 qui
2482 1990 2630 2047 ﬁlius
2686 1992 2808 2061 eius
2863 2003 3004 2057 erat,
3054 1991 3228 2060 patris
3264 2005 3459 2044 nomen
3508 2003 3601 2059 ge-

2016 2096 2164 2150 rens,
2197 2093 2358 2140 natus
2408 2100 2474 2140 ex
2506 2086 2613 2140 ista
2668 2101 2861 2147 uxore,
2906 2098 3031 2138 cum
3066 2092 3389 2153 preperaret
3421 2082 3485 2135 ad
3514 2096 3599 2135 re-

2014 2191 2134 2247 gem
2158 2176 2393 2243 Mosem,
2445 2188 2640 2248 petens
2674 2178 2942 2232 auxilium
2975 2184 3030 2232 et
3058 2176 3376 2247 praesidium
3402 2182 3595 2229 contra

2013 2267 2412 2341 Carolum»(29)
2441 2271 2763 2326 Acarnania:
2794 2269 3123 2341 principem,
3161 2278 3222 2325 ut
3263 2283 3384 2322 eam
3420 2266 3599 2336 regio-

2016 2380 2139 2419 nem
2172 2366 2225 2418 in
2269 2376 2596 2436 potestatem
2646 2367 2939 2436 redigeret,
2980 2374 3174 2434 captus
3198 2372 3303 2428 est,
3340 2362 3599 2429 oculique

2015 2461 2136 2530 ejus
2176 2463 2317 2518 eruti
2352 2470 2500 2517 sunt.
2533 2461 2831 2533 Regionem
2854 2458 3008 2515 urbis
3040 2446 3398 2514 Joanniorum
3433 2468 3597 2509 nemo

2016 2555 2257 2623 subegit.
2288 2554 2456 2609 Petiit
2503 2556 2651 2610 enim
2681 2554 2939 2610 Carolum
2977 2552 3082 2608 sibi
3112 2552 3309 2607 ducem
3340 2568 3354 2604 :
3383 2549 3469 2603 cui
3505 2548 3596 2602 ubi

2017 2649 2254 2719 primum
2282 2649 2435 2704 urbis
2467 2648 2879 2702 administratio
2919 2660 3002 2702 est
3043 2646 3359 2711 commissa,
3394 2642 3596 2697 bellum

2017 2740 2236 2795 fortiter
2300 2738 2600 2794 admodum
2661 2739 2944 2793 sustinuit.
3004 2735 3259 2808 Regnum
3318 2735 3597 2801 hoc,cum

2019 2832 2173 2902 prius
2215 2830 2581 2888 Triballorum
2637 2831 2800 2897 foret,
2853 2833 2919 2887 ad
2974 2831 3219 2887 lZaulum
3265 2840 3319 2885 et
3340 2827 3599 2884 Carolum

2018 2926 2212 2984 ducem
2255 2928 2309 2980 in
2367 2928 2512 2983 hunc
2561 2926 2782 2983 modum
2825 2928 3134 2981 descendit.
3182 2924 3319 2980 Cum
3365 2932 3601 2991 utraque

2021 3028 2234 3077 teneret
2258 3021 2546 3076 ﬁnitimam
2584 3020 2840 3075 Archelai
2884 3019 3184 3089 regionem,
3217 3030 3338 3088 quae
3367 3030 3431 3071 ea
3459 3022 3600 3068 tem-

2021 3124 2235 3188 pestate
2310 3118 2481 3170 Actus
2564 3114 2884 3179 vocabatur,
2945 3122 3000 3168 et
3069 3110 3598 3183 Argyropoliehnam

338 3206 636 3274 ἰζάουλον,
668 3210 761 3264 καὶ
794 3212 895 3263 ἐπὶ
930 3212 1214 3282 Κάρουλον
1255 3212 1349 3267 τὸν
1384 3214 1631 3286 ἡγεμόνα
1686 3216 1916 3287 περιῆλ-

2023 3227 2200 3281 usque
2229 3207 2598 3281 Naupactum,
2637 3224 2760 3278 qua:
2803 3218 2886 3263 est
2913 3224 2943 3262 e
2971 3207 3192 3279 regione
3219 3203 3459 3268 Achaim,
3494 3217 3601 3256 suo

327 3301 451 3355 θεν.
477 3300 635 3356 Οὕτω
662 3303 721 3356 δὲ
768 3304 938 3374 ἄμφω
966 3306 1047 3359 τὼ
1068 3309 1222 3376 χεῖρε
1271 3307 1562 3379 κατασχὼν
1597 3302 1777 3373 οὗτος,
1819 3311 1916 3364 καὶ

331 3395 436 3463 τὴν
464 3395 599 3462 πρὸς
624 3395 703 3465 τῷ
725 3395 1014 3468 ’Δρχελῴῳ
1061 3395 1276 3469 χώραν,
1310 3398 1371 3452 τό
1395 3417 1454 3451 τε
1490 3401 1685 3455 Αίετὸν
1720 3403 1917 3457 καλού-

342 3505 528 3553 μενον,
551 3490 644 3541 καὶ
695 3491 1215 3564 ’Δγγελοπολίχνην,
1244 3493 1302 3557 ἐς
1327 3511 1386 3546 τε
1430 3496 1522 3548 ἐπὶ
1552 3494 1912 3562 Ναύπακτον,

338 3581 436 3633 τὸν
464 3584 795 3653 καταντικρὺ
824 3585 1074 3659 ’Διχαῖας⁴
1124 3586 1422 3655 ἐπεκράτει
1453 3587 1554 3657 τῆς
1582 3589 1769 3660 χώρας
1821 3594 1916 3646 καὶ

336 3675 691 3745 ὲτυρὰννευεν
740 3680 836 3731 ἐπὶ
870 3678 1015 3747 μέγα
1049 3680 1306 3750 χωρήσας
1335 3680 1644 3750 δυνάμεως,
1675 3681 1816 3753 ἀνὴρ
1846 3685 1917 3737 τά

330 3784 393 3820 τε
431 3770 489 3831 ἐς
508 3769 710 3840 ἀρχὴν,
744 3770 841 3824 καὶ
870 3772 927 3834 ἐς
951 3771 1044 3825 τὸν
1075 3773 1313 3842 πόλεμον
1336 3772 1511 3826 δοκῶν
1539 3775 1799 3846 γενέσθαι
1831 3775 1917 3828 οὐ·

325 3859 486 3925 δενὸς
510 3862 620 3914 τῶν
639 3860 760 3917 τότε
792 3864 1116 3935 ἡγουμένων
1144 3865 1482 3936 λειπόμενος.
1514 3868 1632 3921 Καὶ
1670 3868 1728 3920 ὲν
1753 3868 1912 3923 πολέ-

332 3971 462 4021 μοις
488 3955 626 4025 πρὸς
659 3957 784 4019 τοὺς
809 3957 1121 4029 περιοίκους
1173 3958 1317 4030 μέγα.
1336 3958 1670 4028 εὐδοκιμῶν,
1704 3962 1915 4031 ἠγάγε-

326 4063 416 4109 τοι,
450 4043 526 4109 ὡς
560 4046 830 4119 πρότερόν
858 4065 955 4118 μοι
1012 4048 1252 4116 ἐλέγετο,
1305 4048 1400 4103 τοῦ
1428 4049 1673 4122 Ἀθηνῶν
1726 4068 1786 4103 τε
1819 4052 1916 4105 καὶ

328 4138 605 4208 Κορίνθου
657 4139 927 4209 ἡγεμόνος
967 4140 1246 4211 θυγατέρα
1299 4143 1357 4205 ἐς
1391 4142 1591 4214 γάμον.
1630 4140 1820 4213 Τούτῳ
1840 4140 1917 4214 τῷ

327 4230 568 4299 ἡγεμόνι
594 4233 724 4294 παις
751 4231 974 4300 ἐγένετο
998 4233 1152 4296 νόθος
1171 4249 1186 4263 ο
1219 4232 1329 4287 ἀπὺ
1377 4236 1486 4305 γὰρ
1513 4234 1616 4304 τῆς
1661 4234 1919 4300 Εὐϐοἲδος

328 4322 487 4394 αὑτῷ
532 4325 792 4392 γυναικὸς
836 4324 1069 4397 ἄρρενος
1103 4327 1206 4379 οὐκ
1239 4326 1401 4397 ἔτυχε
1453 4327 1640 4395 γόνου.
1672 4326 1834 4399 Νόθῳ
1856 4327 1915 4382 δὲ

328 4417 411 4485 τῷ
445 4417 600 4470 παιδὶ
645 4411 715 4487 ἦν
746 4416 919 4486 ὄνομα
959 4416 1267 4482 Ἀντώνιος.
1301 4416 1490 4488 Τούτῳ
1522 4414 1599 4489 τῷ
1644 4419 1917 4491 Ἀντωνίῳ

328 4510 437 4578 τήν
456 4526 517 4562 τε
545 4509 812 4564 Βοιωτίαν
833 4509 1092 4563 κατέλιπε
1121 4511 1214 4564 καὶ
1247 4511 1346 4580 τὴν
1373 4509 1566 4580 Θηϐῶν
1596 4512 1752 4565 πόλιν
1777 4528 1791 4543 ·
1815 4513 1914 4583 τὴν

329 4603 445 4672 γὰρ
474 4600 742 4671 Κόρινθον
792 4601 1054 4656 κατέλιπε
1080 4603 1159 4672 τῷ
1185 4602 1423 4675 κηδεστῇ
1453 4601 1619 4656 αὐτοῦ
1648 4602 1912 4676 Θεοδώρῳ

327 4695 411 4766 τῷ
430 4694 702 4764 βασιλέως
733 4693 969 4766 ἀδελφῷ.
999 4694 1111 4766 Τὴν
1142 4694 1201 4748 δὲ
1229 4692 1476 4763 ’Δθηνῶν
1506 4695 1682 4760 πόλιν,
1710 4696 1910 4765 ἀφελό-

331 4805 500 4857 μενος
524 4786 728 4857 ταύτην
756 4788 819 4841 τὸ
858 4788 1094 4858 πρόσθεν
1121 4788 1250 4855 τοὺς
1286 4788 1635 4860 Κελτίϐηρας
1656 4789 1764 4844 ἀπὸ
1796 4790 1914 4844 Να-

328 4882 511 4951 ϐἀρης
547 4881 589 4946 ³,
622 4873 771 4951 εἶχον
800 4881 908 4951 γὰρ
929 4879 994 4952 δὴ
1029 4882 1123 4935 καὶ
1155 4879 1361 4949 ταύτην
1394 4882 1444 4935 οί
1467 4881 1688 4953 Ἴϐηρες
1744 4897 1914 4939 κατα-

329 4972 729 5043 στρεψάμενοι,
785 4972 1048 5027 κατέλιπε
1093 4974 1205 5037 τοῖς
1253 4972 1556 5037 Οὐενετοίς.
1618 4973 1679 5026 Ὀ
1726 4975 1913 5046 μέντοι

331 5068 466 5128 παῖς
492 5065 657 5118 αὐτοῦ
700 5064 988 5129 Ἀντώνιος
1017 5059 1321 5131 οὗτοςνὼς
1372 5065 1525 5136 παρὰ
1570 5064 1666 5120 τοῦ
1708 5069 1919 5135 πατρὸς

330 5158 672 5228 παρεδέξατο
727 5159 828 5230 τὴν
875 5158 978 5228 τῆς
1014 5157 1277 5222 Βοιωτίας
1310 5158 1516 5229 ἀρχήν·
1553 5160 1651 5230 τὴν
1685 5154 1793 5231 γὰρ
1850 5158 1917 5230 δὴ

328 5251 588 5304 Φωκαΐδα
620 5249 807 5322 χώραν
866 5249 1060 5319 ἄλλην,
1115 5251 1211 5304 καὶ
1258 5248 1526 5304 Λεϐαδῐαν
1589 5252 1917 5321 ὑπηγάγετο

328 5342 653 5414 ιιαιαζήτης
683 5345 712 5396 ὀ
743 5343 1126 5414 ’Δμουράτεω,
1185 5343 1561 5414 προσθέμενος
1592 5346 1657 5416 τῇ
1706 5344 1907 5398 ἑαυτοῦ

330 5438 506 5507 ἀρχῇ,
529 5437 604 5498 ὡς
628 5436 897 5505 πρότερόν
934 5453 1026 5505 μοι
1054 5435 1352 5506 δεδήλωται
1376 5454 1391 5469 ⁸
1428 5430 1584 5500 οὗτος
1606 5437 1670 5507 δὴ
1702 5432 1795 5492 οὖν
1818 5440 1912 5491 ἐπὶ

332 5530 467 5593 τοὺς
494 5530 790 5594 Οὑενετοὺς
819 5528 1085 5601 ἐξήνεγκε
1134 5531 1390 5601 πόλεμον,
1430 5535 1523 5586 καὶ
1553 5534 1652 5597 τὰς
1681 5534 1914 5604 Ἀθήνας

2021 3304 2251 3376 imperio
2288 3305 2557 3359 admovit.
2601 3301 2705 3371 Qui
2763 3302 3135 3373 principatum
3194 3294 3600 3352 administravit
3700 3292 3701 3299 “

2019 3414 2146 3453 cum
2190 3412 2366 3468 usque
2412 3413 2501 3453 res
2562 3413 2678 3453 suae
2736 3399 3073 3450 incrementa
3124 3398 3431 3455 sumerent,
3467 3404 3600 3460 pace

2020 3494 2274 3562 belloque
2316 3492 2452 3546 nulli
2483 3492 2682 3546 ducum
2725 3492 2979 3557 cederet;
3009 3487 3230 3543 tandem
3268 3502 3391 3542 cum
3418 3484 3595 3543 bellis.

2018 3601 2143 3656 quae
2188 3584 2453 3640 adversus
2505 3584 2772 3639 finitimos
2834 3584 3024 3653 gessit,
3087 3582 3383 3653 plurimum
3410 3579 3599 3645 gloriae

2018 3681 2126 3736 sibi
2154 3679 2482 3750 peperisset,
2523 3678 2703 3742 duxit,
2748 3687 2809 3732 ut
2839 3691 3007 3745 supra
3040 3676 3355 3735 docuimus,
3392 3672 3597 3726 Raine-

2018 3774 2086 3828 rii
2125 3773 2462 3829 Athenarum
2520 3781 2577 3827 et
2627 3770 2885 3826 Corinthi
2936 3767 3203 3839 principis
3238 3766 3431 3820 tiliam.
3460 3762 3598 3817 liuic

2018 3864 2145 3919 duci
2200 3854 2370 3920 natus
2416 3872 2502 3918 est
2560 3861 2704 3917 illius
2756 3859 2993 3926 nothus;
3031 3870 3155 3911 nam
3213 3870 3282 3910 ex
3349 3853 3598 3909 Euboide

2020 3971 2192 4012 uxore
2214 3957 2383 4026 stirps
2417 3954 2594 4011 virilis
2640 3954 2783 4009 haud
2827 3960 2953 4007 nata
2985 3960 3091 4008 est.
3127 3950 3337 4005 Nomen
3364 3949 3458 4003 lilii
3492 3962 3596 4001 nec

2021 4050 2098 4106 thi
2128 4057 2249 4106 erat
2279 4047 2576 4105 Antonius.
2619 4047 2759 4103 Huic
2813 4054 3148 4102 testamento
3184 4043 3411 4119 reliquit
3441 4043 3599 4096 Boeo-

2021 4144 2175 4209 tiam,
2207 4153 2264 4199 et
2295 4143 2515 4199 Thebas
2571 4142 2793 4208 urbem;
2839 4156 2965 4195 nam
3015 4138 3314 4195 Corinthus
3357 4145 3597 4191 cesserat

2017 4252 2223 4311 genero
2281 4235 2593 4299 Theodoro,
2641 4238 2786 4308 regis
2840 4233 3022 4290 fratri.
3075 4232 3278 4289 Urbem
3331 4233 3595 4295 Athenas,

2018 4346 2144 4403 quae
2167 4331 2322 4401 prius
2346 4330 2751 4387 Celtiberorum
2785 4338 2906 4383 erat
2935 4337 3085 4401 (nam
3118 4337 3173 4382 et
3197 4328 3342 4382 hanc
3373 4335 3598 4381 tenuere

2020 4423 2186 4493 lberi)
2244 4424 2347 4479 sibi
2400 4423 2725 4493 subjiciens,
2789 4422 3008 4477 tandem
3071 4419 3299 4474 Venetis
3354 4419 3594 4486 reliquit.

2020 4511 2196 4569 Filius
2225 4515 2499 4570 Antonius
2529 4529 2559 4567 a
2591 4523 2747 4583 patre
2799 4512 3012 4581 accepit
3054 4509 3280 4565 Breotia:
3326 4523 3594 4579 regnum;

2020 4621 2149 4660 nam
2190 4604 2402 4673 reliqua
2434 4603 2799 4660 Phocensium
2848 4602 2999 4672 regio
3037 4608 3092 4656 et
3138 4599 3384 4656 Lebadia
3434 4614 3600 4654 vene-

2020 4707 2146 4752 rant
2192 4697 2252 4753 in
2284 4704 2647 4769 -potestatem
2687 4694 2968 4767 Pajazitis,
3034 4709 3173 4764 quas
3213 4708 3315 4748 suo
3344 4692 3594 4746 dominio

2020 4792 2289 4863 adjunxit,
2309 4809 2311 4811 ί
2332 4800 2391 4845 ut
2419 4804 2586 4861 supra
2616 4788 3063 4845 memoravimus.
3095 4787 3369 4842 Antonius
3399 4797 3593 4841 contra

2024 4882 2263 4939 Venetos
2290 4884 2491 4938 bellum
2524 4882 2711 4947 movit,
2743 4889 2797 4937 et
2841 4881 3086 4933 Athenas
3108 4878 3325 4933 summa
3360 4877 3595 4945 diligeno

2022 4976 2099 5033 tia
2135 4977 2476 5033 exercitibus
2510 4973 2894 5032 circumsedit.
2938 4971 3132 5027 Veneti
3177 4985 3320 5041 aegre
3347 4968 3595 5024 ferebant

2019 5070 2211 5126 urbem
2242 5085 2398 5125 suam
2441 5066 2731 5125 obsidione
2778 5064 2951 5137 premi
2991 5082 3007 5118 :
3045 5072 3243 5134 parant
3280 5064 3444 5133 igitur
3460 5076 3590 5113 eam

2017 5164 2305 5221 obsidione
2333 5162 2570 5218 solvere.
2625 5158 2689 5214 Et
2740 5177 2865 5215 cum
2911 5160 3238 5215 statuissent
3263 5156 3445 5211 hostili
3478 5158 3595 5208 ani-

2016 5272 2108 5312 mo
2138 5255 2410 5326 proﬁcisci
2455 5265 2640 5309 contra
2674 5253 2916 5314 Thebas.
2959 5255 3260 5309 exercitum
3291 5266 3354 5304 ex
3386 5247 3594 5303 Eubnia

2017 5359 2285 5418 quantum
2349 5357 2574 5418 potuere
2634 5356 3055 5418 compararunt,
3113 5361 3326 5400 necnon
3385 5341 3594 5408 reliqua

2021 5460 2145 5513 qua:
2172 5440 2236 5497 ad
2287 5440 2671 5496 instruendum
2722 5442 3019 5495 exercitum
3075 5439 3330 5499 attinent,
3362 5435 3597 5504 college-

2025 5542 2173 5588 runt.
2208 5532 2274 5587 Et
2300 5532 2368 5587 ah
2394 5530 2602 5588 Euboia
2652 5544 2800 5589 reeta
2842 5536 3063 5585 movent
3118 5529 3169 5582 in
3220 5526 3510 5591 Bmotiam,
3543 5532 3600 5580 et

1646 5651 1892 5714 Notulw
1923 5651 2325 5727 marginales.

431 5747 526 5817 ‘29)
548 5749 799 5802 naulum.

437 5891 458 5922 ³
482 5889 745 5959 Ναδίρας
774 5886 841 5944 Ii.
877 5898 931 5942 ut
960 5889 1011 5942 in
1045 5904 1096 5943 ε.
