4032 6444
484 391 592 457 215

1602 396 1797 458 LAON
1808 396 1917 459 [CI
1958 399 2629 461 CHALCOCONDYLJE

3664 404 3761 469 216

479 515 676 561 contra
712 505 926 560 urbem.
955 506 1227 562 Antonius
1273 513 1333 560 ut
1351 507 1562 577 accepit
1591 508 1830 564 Venetos
1868 518 2058 563 contra

2167 509 2498 580 ἐπολιόρκει,
2533 512 2820 582 προσέχων
2851 511 3250 582 ἐντεταμένως.
3300 512 3371 567 οι
3403 513 3600 584 μέντοι
3634 516 3763 569 Οὐε-
3820 536 3825 541 ο

480 613 695 654 secum
747 599 991 655 exercitu
1053 615 1305 670 pergere.
1347 618 1482 658 suos
1533 603 1587 656 in
1640 602 1782 657 duas
1848 614 2058 656 turmas

485 690 746 755 partitur.
779 706 915 761 quas
964 692 1108 746 locat
1150 692 1204 746 in
1241 692 1329 747 via
1378 708 1478 764 per
1522 708 1688 763 quam
1745 691 1983 748 Venetos
2004 702 2059 749 et

487 781 827 839 Eubmenses
899 784 1003 838 iter
1078 783 1323 842 facturos
1383 798 1725 859 compertum
1798 786 2056 842 habebat.

484 872 658 928 Unam
700 873 884 944 posuit
935 875 991 929 in
1045 876 1247 942 fronte,
1303 877 1531 933 alteram
1581 888 1639 933 ut
1672 896 1703 935 a
1735 890 1889 949 tergo
1913 890 2059 935 esset

476 966 581 1020 iter
601 966 885 1036 ingressis.
922 966 1129 1023 Deinde
1155 972 1493 1039 exspectavit
1536 973 1715 1027 donec
1764 974 1950 1026 hostes
1990 988 2057 1026 ex

474 1055 778 1126 improviso
801 1057 857 1112 in
907 1058 1148 1113 medium
1182 1060 1460 1118 venirent.

2155 604 2302 656 νετοὶ
2355 603 2529 657 δεινὸν
2564 604 2925 674 ποιησάμενοι
2991 604 3419 678 πολιορκεῖσθαι
3472 606 3578 678 τὴν
3609 608 3762 662 πόλιν

2155 698 2361 764 αὐτῶν,
2395 700 2490 753 καὶ
2525 700 2758 770 ἀμύνειν
2791 700 3138 770 βουλόμενοι,
3178 701 3277 756 καὶ
3308 701 3414 755 ἐπὶ
3437 703 3545 773 τὴν
3569 703 3761 773 Θηϐῶν

2155 791 2529 863 διανοούμενοι
2574 793 2732 847 πόλιν
2784 794 2950 862 ίὲναι,
3003 795 3240 868 στρατόν
3279 812 3345 849 τε
3380 796 3484 849 τδν
3513 796 3626 851 ἀπὸ
3665 797 3761 865 τῆς

2156 886 2410 952 Εὐϐοίας,
2447 886 2572 939 ὅσον
2619 886 2887 956 ἠδύναντο
2920 889 3277 956 συλλέξαντες
3330 890 3435 943 καὶ
3463 888 3757 959 ὁπλισμὸν,

2156 978 2265 1031 ἀπὸ
2291 980 2390 1049 τῆς
2414 979 2648 1042 Εὐϐοίας
2677 979 2923 1052 ἐχώρουν
2956 984 3051 1038 ἐπὶ
3080 982 3181 1054 τὴν
3215 982 3521 1046 Βοιωτίαν,
3544 982 3641 1035 καὶ
3664 982 3757 1034 ἐπὶ

2155 1069 2256 1140 τὴν
2283 1072 2460 1125 πόλιν.
2501 1073 2788 1137 Ἀντώνιος
2816 1076 2873 1128 δέ
2928 1075 3238 1148 πυθόμενος
3286 1080 3425 1141 τοὺς
3457 1075 3762 1137 Οὑενετοὺς

475 1154 943 1225 στρατευομένους
975 1156 1064 1211 ἐπ’
1094 1159 1280 1225 αὐτὸν,
1312 1159 1505 1232 λόχους
1543 1162 1915 1232 ποιησάμενος
1943 1164 2154 1231 διττοὺς
2177 1168 2321 1222 κατὰ
2344 1171 2443 1240 τὴν
2471 1172 2608 1236 ὁδὸν,
2765 1173 3001 1228 ἐπύθετο
3069 1174 3371 1245 μέλλοντας
3437 1171 3764 1239 διαπορεύε-

472 1249 598 1304 σθαι
626 1250 754 1317 τούς
797 1270 859 1307 τε
893 1254 1157 1321 Εὐόιέοας
1188 1256 1306 1328 ἅμα
1327 1259 1422 1315 καὶ
1452 1259 1771 1324 Οὺενετοὺς,
1821 1261 1913 1314 τὸν
1955 1263 2056 1331 μὲν
2095 1265 2420 1338 ἐνεδρεύσας
2448 1271 2506 1333 ἐς
2543 1271 2605 1324 τὸ
2635 1271 2826 1343 πρόσω
2853 1271 2952 1343 τῆς
2982 1270 3130 1339 ὀδοῦ,
3155 1275 3248 1327 τὸν
3278 1272 3340 1328 δὲ
3383 1273 3447 1333 ἐς
3511 1270 3576 1324 τὺ
3642 1268 3764 1323 δπι..

472 1346 620 1413 σθεν,
651 1348 921 1419 ἐπέμενεν
976 1351 1238 1425 ἐμϐαλεῖν
1268 1357 1327 1420 ἐς
1390 1356 1452 1411 τὺ
1507 1357 1672 1429 μέσον
1708 1360 1845 1423 τοὺς
1886 1361 2207 1429 πολεμίους.

541 1440 733 1498 Veneti
763 1447 1254 1517 progrediebantur
1276 1450 1345 1507 ad
1400 1452 1596 1506 urbem
1650 1453 1891 1514 Thebas.
1933 1471 2059 1523 quae

473 1537 664 1600 aberat
695 1540 764 1595 ab
793 1540 1001 1599 Euboia
1033 1544 1230 1605 stadiis
1248 1554 1468 1605 centum
1494 1547 1917 1617 quinquaginta.
1943 1547 2058 1605 Nu-

473 1645 662 1691 merus
677 1642 859 1690 autem
882 1649 1079 1692 eorum
1131 1640 1226 1708 qui
1254 1654 1409 1695 arma
1433 1640 1637 1697 Thebis
1670 1641 1878 1697 inferre
1897 1657 2060 1713 para-

475 1724 631 1790 bant,
650 1727 1120 1798 complectebatur
1150 1746 1245 1787 sex
1287 1733 1453 1787 millia
1480 1734 1739 1788 militum.
1761 1735 2056 1803 Antonius,

2241 1459 2507 1514 Ἐνταῦθα
2530 1457 2624 1515 οὖν
2656 1463 2732 1524 ὡς
2778 1463 2827 1516 ei
2853 1463 3108 1516 Οὐενετοὶ
3150 1459 3493 1532 ἐπορεύοντο
3520 1459 3618 1514 ἐπὶ
3664 1455 3760 1527 τὴν

2156 1553 2355 1624 Θηϐῶν
2408 1555 2584 1623 πόλιν,
2641 1556 2809 1627 διέχει
2837 1555 2885 1608 δ’
2929 1558 2962 1633 ἠ
2995 1555 3155 1620 πόλις
3193 1554 3341 1628 αὕτη
3383 1554 3498 1608 ἀπὸ
3533 1550 3759 1639 Εὐϐοίας

2159 1649 2407 1712 σταδίους
2432 1649 2567 1702 (basi.
2596 1655 2694 1722 ρν¹,
2729 1652 2824 1704 καὶ
2848 1650 3020 1723 ⁴ᾔεσαν
3056 1647 3473 1716 ἐξωπλισμένοι
3515 1663 3578 1699 τε
3620 1645 3756 1713 ἅμα,

2156 1740 2254 1795 καὶ
2278 1740 2465 1794 πολλοὶ
2505 1740 2658 1806 δντες
2687 1743 2780 1795 ἐπὶ
2808 1743 2909 1804 τὰς
2945 1740 3155 1811 Θήϐας,
3183 1735 3325 1810 ἦσαν
3360 1737 3421 1791 δὲ
3452 1735 3605 1807 ἀμφὶ
3634 1734 3757 1795 τοὺς

473 1834 600 1923 cum
634 1820 690 1876 in
732 1821 968 1879 insidias
1006 1823 1168 1898 114
1188 1825 1383 1888 hostes
1414 1828 1739 1900 praecipitati
1764 1840 1972 1899 essent,
1996 1832 2051 1886 in

2162 1834 2575 1906 ἑξακισχιλίους,
2608 1837 2887 1889 ἐπιπεσὼν
2920 1835 3133 1897 τούτοις
3167 1834 3324 1901 ἄφνω
3355 1834 3385 1886 δ
3443 1827 3755 1886 Ἀντώνιος.

409 1951 419 1962 .
480 1909 587 1967 hos
626 1912 869 1984 undique
894 1924 1143 1982 coortus,
1199 1918 1410 1976 habens
1444 1920 1499 1979 in
1562 1922 1798 1993 singulis
1854 1923 2054 1983 turmis

2162 1922 2297 2000 ἔχων
2329 1927 2471 1983 κατὰ
2505 1929 2633 1993 τοὺς
2685 1927 2878 2000 λόχους
2906 1926 2968 1980 οὐ
3009 1927 3230 1990 πλείους
3258 1923 3374 1978 τῶν
3400 1922 3753 1995 τριακοσίων,

474 2019 588 2065 non
635 2007 775 2066 ultra
805 2016 889 2070 ter
937 2021 1223 2076 centenos,
1269 2015 1434 2071 simul
1468 2016 1718 2089 utrisque
1756 2032 2051 2087 apparens,

474 2100 664 2158 hostes
684 2103 865 2172 fugam
896 2105 1142 2176 arripere
1162 2108 1360 2177 coegit,
1381 2106 1637 2178 plurimis
1656 2111 1815 2167 caesis
1848 2122 1903 2166 et
1928 2126 2056 2183 cap—

475 2190 569 2247 tis.
599 2191 774 2252 Etiam
803 2196 1083 2269 principes
1128 2201 1440 2269 qnieorum
1476 2188 1757 2274 regionem
1790 2205 2058 2277 guberna-

473 2288 624 2352 bant,
657 2288 805 2359 cepit
841 2290 1019 2358 vivos,
1050 2290 1188 2353 Hinc
1220 2296 1427 2353 cedens
1462 2312 1721 2358 reversus
1748 2310 1851 2365 est,
1911 2302 2056 2354 unde

472 2379 754 2450 digressus
797 2394 937 2447 erat,
1000 2385 1070 2440 ad
1128 2386 1480 2446 obsidionem
1545 2390 1907 2446 Athenarum.
1973 2391 2054 2446 Ad

471 2470 618 2531 hanc
649 2475 842 2530 urbem
875 2478 1063 2548 copias
1108 2481 1321 2547 habuit,
1382 2483 1562 2538 donee
1605 2485 1829 2555 quidam
1883 2485 2053 2541 Athe-

471 2564 699 2625 nienses
728 2577 892 2638 pacto
924 2568 1302 2631 intercedente
1329 2590 1425 2645 per
1457 2576 1824 2646 proditionem
1862 2580 2051 2634 urbem

474 2658 620 2718 hosti
640 2660 943 2718 traderent.
975 2663 1187 2723 Deinde
1214 2668 1405 2736 paucis
1422 2668 1618 2725 diebus
1649 2681 1837 2742 postet
1870 2686 2053 2727 arcem

473 2767 639 2826 quam
698 2755 991 2814 obsidione
1056 2761 1308 2831 urgebat,
1340 2765 1649 2831 occupavit,
1687 2765 2056 2837 princepsque

473 2845 668 2926 Attica
694 2858 749 2903 et
776 2848 1002 2909 Bmotiae
1022 2851 1337 2911 declaratus
1380 2864 1484 2911 est.
1539 2856 1678 2915 Cum
1716 2870 1900 2913 autem
1958 2874 2054 2914 ve-

474 2940 652 3001 uisset
679 2943 794 3019 jam
819 2952 950 3001 ante
964 2946 1037 3002 1n
1069 2944 1281 3008 Januas
1303 2946 1587 3017 Pajazitis,
1639 2952 1937 3019 superstite
1960 2953 2053 3005 ad.

474 3038 582 3098 huc
611 3046 786 3109 patre,
813 3039 1015 3101 deinde
1041 3056 1262 3111 quoque
1324 3043 1570 3099 accessit
1619 3042 1823 3100 Jannas
1864 3043 2053 3110 Musis,

475 3129 858 3200 Musulmanis,
885 3140 939 3188 et
971 3132 1295 3191 Mechmetis
1334 3135 1571 3197 :Januae
1636 3139 1842 3193 milites
1865 3156 2060 3193 llittttc-

2156 2024 2252 2078 καὶ
2285 2021 2373 2076 ἐπ’
2402 2023 2607 2091 ἀμφοῖν
2634 2021 2753 2090 ἅμα
2813 2019 3104 2088 ἐπιφανεὶς
3163 2019 3279 2079 τοῖς
3327 2016 3645 2077 Οὐενετοτς,
3701 2011 3753 2073 ἐς

2160 2117 2340 2189 φυγήν
2367 2132 2423 2169 τε
2449 2113 2737 2187 ἐτρέψατο,
2759 2112 2854 2166 καὶ
2884 2110 3115 2173 πολλούς
3145 2127 3201 2163 τε
3240 2108 3428 2166 αὐτῶν
3451 2104 3750 2179 διέφθειρε,

2159 2209 2286 2271 τοὺς
2306 2207 2360 2260 δέ
2382 2208 2686 2278 ἐζώγρησε.
2724 2202 2833 2261 Καὶ
2855 2202 2982 2265 τοὺς
2998 2203 3118 2256 τότε
3142 2200 3430 2271 ἡγεμόνας
3447 2199 3549 2264 τῆς
3574 2195 3752 2268 χώρας

2162 2300 2341 2354 αὐτῶν
2371 2298 2675 2369 ἐζώγρησε,
2708 2295 2802 2349 καὶ
2832 2292 3010 2349 ἀπιὼν
3041 2289 3197 2356 αὖθις
3236 2294 3293 2357 ἐς
3323 2289 3598 2353 τούπίσω,
3628 2287 3751 2338 ἐπος

2161 2393 2369 2463 λιόρκει
2397 2391 2496 2462 τὴν
2524 2389 2769 2458 Ἀθηνῶν
2791 2386 2968 2451 πόλιν,
3005 2387 3063 2449 ἐς
3093 2384 3121 2437 δ
3140 2384 3204 2455 δὴ
3237 2381 3543 2453 προδοσίαν
3571 2377 3751 2431 συνθε·

2168 2487 2348 2557 μένων
2372 2484 2524 2555 αὐτῷ
2559 2484 2669 2538 τῶν
2706 2480 3030 2549 Ἀθηναίων,
3059 2477 3162 2550 τήν
3197 2493 3258 2529 τε
3296 2475 3463 2529 πόλιν
3496 2472 3748 2539 κατέσχε,

2165 2583 2259 2636 καὶ
2310 2580 2370 2633 οὗ
2422 2576 2606 2649 πολλῷ
2646 2575 2874 2645 ὕστερον
2929 2569 3236 2641 πολιορκῶν
3295 2568 3401 2637 τὴν
3457 2562 3751 2635 ἀκρόπολιν

2162 2671 2578 2742 παρεστησατο,
2635 2668 2731 2721 καὶ
2766 2664 3091 2735 ἐτυράννευε
3121 2661 3222 2733 τῆς
3249 2678 3310 2715 τε
3352 2657 3615 2726 Ἀττικῆς
3640 2654 3747 2724 ἅμα

2161 2765 2253 2819 καὶ
2289 2762 2578 2826 Βοιωτίας.
2632 2760 2743 2814 Καὶ
2795 2758 3133 2829 ἀφικόμενος
3191 2757 3249 2818 ἐς
3281 2755 3386 2818 τὰς
3431 2750 3749 2820 Παιαζήτεω

2163 2860 2264 2929 μὲν
2295 2858 2489 2929 πρῶτα
2524 2855 2721 2927 θύρας,
2754 2853 2851 2924 τοῦ
2888 2850 3095 2920 πατρὸς
3120 2846 3286 2903 αὐτοῦ
3320 2848 3405 2903 ἔτι
3441 2844 3744 2915 περιόντος.

2164 2953 2303 3025 μετὰ.
2333 2951 2388 3005 δὲ
2416 2949 2590 3005 ταῦτα
2636 2951 2695 3013 ἐς
2722 2948 2819 3012 τὰς
2862 2946 3109 3008 Μωσέως
3134 2960 3195 2997 τε
3236 2943 3335 3001 καὶ
3379 2934 3746 3005 Μουσουλμά-

2161 3065 2288 3110 νεω,
2323 3045 2419 3100 καὶ
2476 3044 2540 3116 δὴ
2575 3043 2671 3098 καὶ
2735 3032 3047 3112 Μεχμέτεω
3105 3035 3298 3105 θύρας,
3337 3032 3644 3105 ἐθεράπευέ
3688 3045 3745 3080 τε

2164 3142 2415 3215 χρήμασι
2439 3139 2535 3194 τάς
2569 3135 2835 3210 βασιλέως
2865 3133 3059 3204 θύρας.
3099 3130 3211 3185 Καὶ
3246 3128 3395 3183 κατὰ
3425 3127 3528 3197 τὴν
3569 3123 3746 3215 χώραν

476 3226 634 3283 ribus
660 3226 767 3285 sibi
801 3226 1224 3296 conciliavit,et
1256 3231 1309 3286 in
1342 3231 1566 3300 regione
1599 3247 1697 3291 sua
1761 3232 2052 3286 admodum

2162 3209 2343 3305 ᾱρχιυν
2373 3230 2548 3294 ἀδεῶς
2580 3227 2676 3283 τοῦ
2735 3223 2930 3280 λοιποῦ
2984 3223 3225 3295 διῃτᾶτο.
3272 3220 3520 3289 Λέγεται
3553 3219 3650 3289 μὲν
3685 3214 3743 3279 δὴ

476 3319 721 3379 suaviter
749 3328 804 3376 et
832 3320 1127 3391 tranquille
1157 3320 1212 3376 in
1245 3323 1518 3392 reliquum
1548 3325 1823 3394 regnavit.
1858 3324 2055 3379 Dicunt

476 3416 625 3468 hunc
666 3414 849 3471 virum
904 3424 1101 3478 caetera
1176 3417 1454 3475 illustrem
1500 3418 1801 3474 exstitisse.
1854 3418 2058 3476 Deinde

461 3503 605 3569 cum
634 3507 688 3562 in
721 3508 989 3568 ditionem
1025 3510 1333 3582 redegisset
1379 3512 1647 3578 Athenas,
1697 3510 1881 3569 ferunt
1930 3530 2055 3569 eum

477 3606 592 3659 tum
634 3601 856 3661 demum
884 3602 1091 3659 abiisse
1120 3604 1187 3659 ad
1219 3602 1427 3663 Jannas
1458 3606 1626 3677 regis,
1653 3622 1795 3677 quas
1826 3607 1930 3663 sibi
1971 3610 2056 3664 fa-

478 3692 798 3752 miliaritate
831 3706 886 3750 et
937 3697 1253 3755 arctissima
1316 3697 1731 3754 necessitudine
1779 3699 2055 3758 devinxit.

477 3786 847 3858 Tyrannidem
873 3796 1054 3849 autem
1077 3789 1348 3856 exercuit,
1383 3791 1549 3846 ducta
1612 3792 1810 3860 privati
1858 3794 2055 3864 cujus.

475 3879 600 3935 dam
635 3879 881 3937 Thebani
916 3897 1109 3936 uxore.
1133 3881 1277 3942 Cum
1331 3884 1478 3947 enim
1524 3884 1773 3953 nuptiale
1829 3900 2058 3947 sacrum

477 3982 801 4046 peragentes
831 3974 886 4030 in
934 3974 1142 4046 nuptiis
1198 3975 1486 4045 cujusdam
1521 3973 1772 4036 Thebani
1830 3977 2061 4037 choreas

477 4065 771 4130 ducerent,
801 4061 993 4129 aderat
1030 4075 1087 4120 et
1124 4067 1441 4125 sacerdotis,
1469 4067 1759 4135 cujusdam
1792 4066 1927 4130 ﬁlia.
1951 4083 2065 4123 ma-

477 4157 643 4209 ritum
686 4155 903 4214 habens
938 4155 1114 4212 forma
1170 4157 1388 4226 quidem
1426 4157 1725 4224 luculenta,
1782 4156 2061 4213 moribus-

478 4263 587 4320 que
612 4248 860 4309 venustis
898 4257 954 4303 et
986 4248 1257 4309 modestis
1283 4250 1593 4320 praeditum.
1630 4248 1786 4307 Hanc
1846 4250 1903 4305 in
1936 4248 2061 4325 ipsa

480 4343 684 4395 chorea
719 4341 1019 4402 adamavit.
1049 4341 1250 4397 Amore
1271 4352 1451 4397 autem
1479 4360 1693 4411 amens,
1715 4343 1858 4400 haud
1891 4343 2064 4396 Inulto

469 4442 728 4505 tempore
758 4446 883 4505 post
916 4449 1036 4489 eam
1080 4436 1187 4491 sibi
1229 4436 1583 4493 matrimonio
1631 4436 1837 4509 junxit.
1869 4434 2065 4491 Felici-

478 4539 666 4598 terque
698 4530 867 4586 vitam
901 4528 1174 4599 egit,cnm
1204 4528 1571 4600 principatum
1600 4532 1664 4586 ad
1689 4544 1815 4584 eum
1842 4528 2060 4583 modum

479 4621 837 4686 instituisset,
870 4635 983 4692 quo
1027 4621 1130 4677 sibi
1165 4621 1395 4691 suisque
1416 4628 1470 4675 et
1502 4620 1623 4677 aliis
1678 4622 1912 4674 maxime
1968 4635 2066 4690 op-

480 4722 715 4784 portune
739 4714 943 4773 habere
975 4713 1477 4771 videbatur.Aleoti
1512 4713 1628 4787 ('50)
1663 4710 2067 4783 iiliumEgieae

480 4805 814 4876 principem,
841 4804 935 4877 qui
963 4809 1221 4879 corporis
1253 4805 1583 4865 fortitudine
1616 4806 1942 4877 praestabat,
1975 4821 2069 4875 ge—

485 4913 683 4959 nerum
713 4899 929 4964 ascivit,
966 4899 1096 4956 data
1123 4900 1173 4955 ei
1211 4915 1377 4970 quam
1410 4899 1785 4969 adoptaverat,
1837 4898 1890 4955 in
1925 4913 2065 4953 uxo-

483 4991 783 5060 rem,ﬁlia.
813 4988 1017 5050 Habuit
1042 5001 1097 5047 et
1125 4993 1288 5051 aliam
1344 4992 1509 5054 tiliam
1565 4992 1905 5062 adoptivam,
1953 5008 2063 5060 qua

482 5086 587 5149 sibi
616 5099 879 5155 generum
911 5084 1123 5155 paravit
1150 5085 1408 5157 juvenem
1427 5086 1719 5155 quemdam
1751 5083 1820 5139 ab
1851 5085 2060 5141 Euboia

481 5175 803 5245 primulum,
827 5175 978 5234 claro
1008 5177 1129 5232 loco
1149 5185 1362 5236 natum.
1393 5177 1681 5238 Postremo
1704 5191 1827 5230 cum
1860 5174 2063 5229 bellum

483 5269 628 5332 inter
656 5270 836 5341 ipsum
862 5277 918 5324 et
948 5268 1190 5325 Venetos
1251 5285 1384 5341 pace
1404 5269 1737 5340 diremptum
1768 5271 1930 5328 foret,
1964 5284 2060 5336 pa—

483 5371 665 5417 catam
715 5361 1004 5436 amplexus
1036 5371 1123 5419 est
1192 5362 1381 5420 vitam.
1413 5362 1592 5423 Aleoti
1634 5361 1805 5417 filium
1846 5361 2065 5432 Egiuze

440 5516 442 5520 ,
483 5454 909 5526 ducem,virum
963 5456 1204 5517 maxime
1233 5456 1343 5515 sibi
1412 5458 1787 5522 commodum,
1836 5457 2061 5528 quando

2159 3325 2257 3383 καὶ
2283 3318 2463 3387 οὗτος,
2494 3320 2590 3374 καὶ
2636 3319 2783 3372 δοκεῖ
2818 3316 3071 3387 γενέσθαι
3125 3313 3265 3384 ἀνὴρ
3304 3314 3376 3366 τά
3408 3330 3472 3366 τε
3506 3311 3641 3367 ἄλλα
3665 3306 3746 3359 εὑ-

2158 3416 2419 3488 δοκιμῶν,
2462 3413 2559 3469 καλ⁸
2586 3412 2711 3467 ἐπεί
2738 3428 2797 3465 τε
2835 3407 3113 3480 παρέλαϐε
3154 3405 3252 3479 τὴν
3286 3405 3541 3475 Ἀθηνῶν
3576 3402 3741 3459 πόλιν,

2159 3510 2255 3564 ἐπί
2283 3527 2342 3562 τε
2370 3510 2469 3571 τὰς
2503 3505 2771 3576 βασιλέως
2822 3501 2992 3571 θύρας
3029 3498 3185 3554 οὐδέν
3233 3515 3319 3553 τοι
3349 3497 3535 3581 πολλῷ
3561 3492 3743 3563 ὰφικό⁴⁵

2164 3616 2345 3672 μενος,
2375 3596 2717 3669 ἐπιτηδείους
2738 3609 2796 3647 τε
2824 3590 2975 3662 αὐτῷ
3009 3592 3193 3661 σχεῖν,⁸
3216 3592 3314 3642 καὶ
3346 3588 3601 3660 συνήθεις
3626 3582 3743 3641 τοὺς

2161 3693 2309 3763 ἀμφὶ
2358 3690 2450 3744 τὸν
2490 3687 2734 3758 βασιλέα.
2766 3683 3123 3753 Ἐτυράννευε
3155 3680 3212 3735 δὲ
3263 3683 3460 3752 γήμας
3517 3676 3742 3747 γυναῖκα

2162 3787 2353 3857 ἀνδρὸς
2383 3782 2594 3839 ἰδιώτου
2625 3781 2734 3836 ἀπὸ
2759 3779 2979 3850 θηὸῶν.
3036 3777 3125 3839 Ὧς
3149 3777 3257 3845 γὰρ
3303 3778 3514 3845 ἀνῆγον
3546 3772 3597 3825 ot
3635 3768 3739 3835 Θη-

2162 3879 2305 3934 ϐαῖοι
2338 3877 2533 3952 χοροὺς
2564 3876 2655 3927 ἐπὶ
2687 3873 2851 3943 γάμῳ
2879 3872 3007 3938 τινὶ,
3034 3873 3129 3926 καὶ
3158 3865 3228 3941 ἦν
3273 3869 3472 3940 ἱερέως
3505 3862 3740 3933 θυγάτηρ

2163 3970 2258 4031 ὑπ’
2291 3948 2448 4039 ἀνδρὶ
2481 3948 2848 4036 γεγενημένη,
2883 3963 2985 4017 οὐκ
3041 3961 3211 4034 ἀηδὴς
3269 3963 3482 4031 μέντοι,
3542 3957 3633 4010 τὸν
3686 3952 3738 4006 δὲ

2163 4062 2364 4131 Ιτρόπον
2402 4058 2654 4129 ἐπιεικής
2684 4075 2742 4111 τε
2790 4056 2909 4128 ἅμα
2961 4055 3056 4110 καὶ
3114 4054 3375 4125 σώφρων,
3433 4051 3650 4125 ἠράσθη
3681 4060 3737 4098 τε

2163 4155 2334 4226 αὐτῆς
2377 4154 2435 4206 ἐν
2458 4150 2535 4223 τῷ
2563 4149 2712 4223 χορῷ
2750 4149 2891 4222 ἅμα,
2914 4149 3011 4204 καὶ
3032 4147 3285 4230 ἐρασθεὶς
3320 4146 3599 4216 ἀπάγεται
3618 4138 3736 4194 ταύ-

2129 4262 2284 4316 ’την.
2344 4245 2669 4315 Ἐπιμανεὶς
2722 4243 2780 4298 δέ
2815 4242 2892 4314 τῷ
2952 4241 3141 4313 ἔρωτι,
3178 4241 3240 4294 οὐ
3276 4237 3466 4307 πολλῷ
3520 4235 3736 4303 ὕστερον

2167 4339 2341 4410 ἔγημὲ
2376 4356 2436 4392 τε
2493 4338 2684 4406 αὐτὴν,
2731 4338 2826 4392 καὶ
2857 4336 3190 4407 εὐδαιμόνως
3227 4335 3490 4405 βιοτεύων
3515 4327 3736 4394 ἐτύγχα-

2166 4451 2280 4499 νεν,
2302 4430 2668 4507 ἐξοικονομῶν
2711 4449 2773 4485 τε
2825 4431 2926 4502 τὴν
2954 4429 3130 4506 ἀρχὴν
3160 4431 3253 4481 ἐπὶ
3286 4429 3351 4481 τὸ
3377 4427 3453 4489 ώς
3484 4418 3734 4479 κάλλιστα

2168 4526 2312 4596 ἔχειν
2340 4524 2530 4581 δοκοῦν
2559 4525 2674 4596 ἃμα
2695 4528 2807 4585 τοῖς
2831 4543 2890 4578 τε
2910 4525 2965 4577 ἐν
2995 4526 3060 4593 τῇ
3086 4521 3241 4593 χώρᾳ.
3283 4523 3509 4582 καὶτοῖς
3544 4514 3732 4571 ἄλλοιςο

2172 4611 2340 4682 Οὗτος
2381 4618 2480 4689 μὲν
2519 4614 2612 4671 οὖν
2653 4617 2746 4672 καὶ
2794 4616 2929 4687 πρὸς
2956 4615 3048 4669 τδν
3086 4620 3141 4669 ὲν
3171 4618 3235 4687 τῇ
3283 4616 3481 4685 Αἶγίνῐὶ
3510 4611 3734 4679 ἄρχοντα

2167 4711 2448 4769 Γαλεώτου
2479 4710 2502 4742 ⁸
2545 4710 2727 4777 παῖδα,
2746 4707 2841 4767 τοῦ
2881 4709 2973 4767 ἐπὶ
3006 4708 3164 4783 ῥώμῃ
3194 4706 3448 4777 σώματος
3476 4703 3731 4769 ἐπισήμου

2166 4804 2338 4871 ὄντος,
2373 4803 2676 4876 ἐπιγαμίαν
2699 4802 3072 4874 ποιησάμενος
3097 4802 3192 4861 ἐπὶ
3222 4802 3350 4874 θετῇ
3376 4797 3544 4855 αὑτοῦ
3572 4794 3730 4860 θυγαο

2163 4900 2276 4973 τρὶ,
2324 4900 2418 4957 καὶ
2443 4899 2553 4954 ἀπὸ
2582 4899 2814 4961 Εὖϐοίας
2852 4898 3071 4955 νεανίαν
3113 4896 3214 4967 τῆς
3239 4894 3515 4965 γεωργίου
3543 4885 3728 4973 οίκὶαςν

2164 4972 2431 5063 κηδεστὴν
2459 4989 2551 5045 ἐπὶ
2600 4989 2762 5063 ἑτέρᾳ
2811 4987 2972 5043 αὑτοῦ
3025 4987 3154 5058 θετῇ
3191 4985 3575 5057 ποιησάμενος,
3604 4972 3726 5045 πρός

2167 5101 2230 5139 τε
2254 5083 2379 5153 τοὺς
2411 5082 2703 5146 Οὐενετοὺς
2740 5081 2968 5142 σπονδάς
2994 5097 3054 5138 τε
3088 5078 3479 5150 ποιησάμενος,
3512 5065 3728 5142 ἡσυχίαν

2168 5172 2294 5248 ἦγε.
2328 5177 2438 5230 Καὶ
2458 5175 2741 5233 Γαλεώτου
2761 5174 2856 5227 τδν
2896 5173 3082 5239 παῖδα,
3133 5167 3361 5239 Αἰγίνης
3404 5167 3460 5221 δέ
3487 5165 3722 5233 ἄρχοντα.

2171 5271 2478 5341 ἐπιτήδειον
2530 5271 2692 5343 ἔχων,
2735 5268 2868 5339 παρ’
2898 5266 3063 5321 αὐτὸν
3097 5264 3368 5334 φοιτῶντα
3416 5254 3722 5328 ἐθεράπευε.

2173 5366 2270 5422 καὶ
2302 5363 2597 5436 σωφρονῶν
2654 5361 2751 5416 ἐπὶ
2780 5361 2914 5417 πολὺ
2962 5361 3027 5432 δὴ
3063 5360 3158 5415 τοῦ
3201 5360 3393 5432 χρόνου
3445 5349 3720 5419 διεγένετο.

2127 5504 2132 5508 .
2170 5456 2508 5530 εὐδαιμονῶν
2534 5456 2643 5515 and
2667 5474 2728 5515 τε
2761 5455 2864 5531 τῆς
2904 5456 3045 5514 κατὰ
3066 5455 3165 5530 τὴν
3195 5453 3372 5527 ἀρχὴν
3401 5438 3719 5514 οἰκονομίας,

1776 5593 2025 5662 Νοιυιω
2056 5595 2474 5677 marginales.

558 5714 672 5783 (50)
706 5713 941 5774 Galeoti.

551 5874 579 5917 δ
606 5875 873 5947 Ἁλεότου,
905 5889 964 5940 ut
998 5880 1165 5952 infra.
