4032 6426
527 396 635 463 223

1618 400 1623 417 '
1689 397 2008 459 LAONICI
2046 398 2722 462 CHALCOCONDYLIE
3088 436 3105 443 κ
3654 393 3742 456 221

530 524 655 563 sum
679 523 711 563 a
734 507 850 563 lilio
873 509 1162 564 sentiebat.
1184 506 1317 562 Nam
1342 509 1606 565 censebat
1659 508 1930 567 hederam
1980 512 2107 567 reli-

2219 513 2302 575 5e;
2334 514 2582 583 πάρεισι.
2620 511 2730 565 Καὶ
2753 509 2915 564 τοῦτο
2968 510 3150 579 μέντοι
3180 507 3563 577 ἀναμφιλόγως
3589 506 3697 577 ἔχον
3709 511 3744 572 ⁵,

528 603 745 670 ginnem
778 614 880 655 nec
905 600 1298 666 temerandam,
1340 616 1444 657 nec
1488 602 1795 658 violandam
1835 619 2001 660 esse:
2048 614 2106 660 et

528 692 624 759 qui
652 691 703 746 id
732 690 976 755 fecisset,
1012 691 1173 760 119
1200 691 1334 745 nihil
1359 692 1551 748 bouiei
1587 709 1824 763 unquam
1877 705 2106 749 eventu-

529 797 692 837 rum:
725 797 828 837 nec
846 783 1143 852 quidquam
1173 783 1484 861 prohibere,
1516 787 1817 854 quominus
1849 802 1975 841 eum
2015 802 2105 842 er-

531 884 652 931 rato
672 891 775 931 suo
800 883 985 945 pereat
1017 877 1254 945 penitus.
1299 874 1502 932 Verum
1564 878 1678 933 haec
1733 879 1785 933 iu
1830 878 2105 935 delibera-

2211 605 2485 672 ἐμπεδοῦν
2509 605 2717 672 ἔφασκε
2764 603 2864 674 τὴν
2920 601 3157 670 αἵρεσιν.
3219 601 3416 671 ἥντινα
3461 599 3528 655 ἂν
3580 601 3748 656 ἕλοιτο.

2223 697 2438 750 Ἐκεῖνα
2464 697 2511 750 δ’
2534 696 2600 749 αὖ
2640 696 2961 765 ἑνδοιασμδν
2990 694 3365 765 παρεχόμενα,
3403 695 3524 747 ὅποι
3573 712 3631 746 τε
3673 697 3753 747 nl.

2210 782 2369 861 ᾗὲπὶ
2399 790 2494 859 τὴν
2527 786 2809 858 βασιλειαν
2872 788 3146 857 ἀφίκοιτο,
3194 788 3442 840 κίνδυνον
3487 787 3631 855 σφίσι
3676 788 3753 840 τὸν

2215 881 2470 951 μέγιστον
2500 880 2857 951 παρέχεσθαι.

534 967 739 1023 tionem
774 969 1133 1039 proponenda
1159 984 1286 1025 esse
1315 970 1390 1035 ei,
1417 970 1510 1037 qui
1543 970 1812 1027 deliberet
1868 971 1980 1026 utri
2046 972 2191 1041 parti
2253 974 2324 1029 sit
2378 973 2807 1029 adhaereudum:
2858 971 2928 1027 ab
2987 971 3090 1027 bac
3142 979 3298 1041 parte
3348 971 3597 1026 loeentur
3639 984 3752 1037 opes

535 1060 688 1128 regni
718 1069 773 1116 et
794 1061 1213 1132 peregrinorum
1255 1063 1498 1118 militum
1558 1066 1765 1128 robur;
1816 1066 1886 1121 ab
1911 1067 2105 1132 altera,
2142 1081 2263 1137 quae
2286 1068 2451 1122 modo
2476 1067 2737 1131 diximus,
2797 1076 3094 1137 ponantur.
3157 1065 3252 1121 Illa
3298 1066 3517 1138 quidem
3566 1064 3755 1120 dubiam

531 1153 742 1209 faciunt
767 1156 1117 1212 electionem.

607 1248 733 1305 Haec
761 1251 927 1305 etiam
956 1251 1376 1322 ambiguitatem
1398 1253 1667 1322 inferunt,
1687 1255 1817 1311 dum
1838 1255 2111 1325 cogitaret

529 1358 638 1409 qua
664 1354 722 1397 et
740 1345 1019 1413 quomodo
1048 1361 1282 1418 regnum
1319 1348 1425 1404 sibi
1450 1349 1767 1417 subjiceret,
1803 1360 1859 1405 et
1882 1349 2103 1404 interim

530 1434 850 1492 Gracorum
898 1453 987 1493 res
1018 1440 1074 1493 in
1118 1454 1396 1495 summum
1439 1441 1737 1497 adduceret
1776 1442 2104 1497 discrimen.

531 1528 592 1582 lu
626 1529 774 1584 hunc
808 1531 1032 1584 modum
1069 1531 1135 1585 ad
1186 1542 1484 1603 utramque
1525 1544 1737 1602 partem
1785 1535 2105 1592 Graecorum

530 1621 702 1677 animi
759 1624 1199 1694 propendebant.
1236 1623 1382 1681 Vicit
1421 1636 1605 1682 tamen
1640 1629 1932 1693 sententia,
1985 1642 2109 1698 qua

525 1714 755 1781 jubebat
779 1731 960 1784 regem
979 1717 1262 1786 juvenem,
1286 1720 1384 1788 qui
1410 1736 1596 1775 rerum
1621 1729 1738 1774 tum
1769 1721 2106 1792 petiebatur,

530 1808 686 1876 sequi
713 1823 1051 1878 quocunque
1085 1810 1364 1866 duxisset.
1397 1811 1637 1868 Proinde
1664 1813 2107 1885 adjungebautur

2283 1255 2469 1310 Ταῦτα
2503 1256 2689 1326 μέντοι
2735 1255 2851 1319 τοῖς
2884 1253 3148 1325 Ἕλλησιν
3185 1256 3276 1309 ἐπ’
3313 1255 3604 1326 ἀμφότερα
3631 1272 3761 1324 γινο-

2214 1357 2397 1424 μένοις
2436 1357 2557 1416 ταῖς
2612 1351 2881 1424 γνώμαις,
2932 1350 3031 1406 ﬁt:
3079 1349 3176 1403 τοῦ
3227 1347 3353 1402 νέου
3410 1348 3669 1419 βασιλέως
3708 1349 3760 1401 τὸ

2209 1448 2411 1515 κράτος
2442 1447 2680 1518 ἔχοντος,
2707 1447 2829 1500 τότε
2852 1443 2967 1499 τῶν
3003 1442 3278 1514 Ἐλλήνων
3305 1441 3480 1515 ταύτῃ
3500 1443 3563 1511 τῇ
3587 1440 3760 1510 γνώμῃ

2212 1541 2476 1597 ὶτίθεντοι
2509 1541 2605 1593 καὶ
2633 1541 2954 1611 αἱρούμενοι
2990 1538 3061 1592 τὰ
3089 1537 3420 1608 πράγματα,
3512 1534 3759 1603 ἐξηγεῖτο,

2211 1634 2305 1689 ἐπὶ
2329 1635 2428 1703 τὴν
2456 1632 2764 1702 Μουσταφᾶ
2794 1632 3096 1703 ἐτράποντο
3128 1629 3317 1701 τύχην,
3347 1628 3491 1683 ὥστε
3527 1627 3763 1682 καθιστά-

2214 1742 2303 1780 ναι
2346 1725 2510 1779 αὐτὸν
2562 1723 2808 1794 βασιλέα,
2861 1722 2960 1777 καὶ
2998 1723 3099 1792 τὴν
3141 1719 3542 1775 Καλλιούπολιν
3601 1721 3762 1789 σφίσιν

2212 1811 2584 1873 ἀποδίδοσθαι,
2633 1811 2774 1864 ὥστε
2824 1810 2997 1865 ταῦτα
3046 1810 3312 1878 ὶδέδοκτο,
3364 1811 3461 1865 καὶ
3512 1809 3762 1880 ὶπλήρουν

530 1897 835 1970 Μυειοριιαι
877 1902 1015 1971 (55),
1081 1918 1327 1974 eumque
1393 1920 1578 1973 regem
1636 1909 2107 1976 pronuntiarunt:

2219 1906 2310 1967 τὰς
2337 1904 2490 1967 ναῦς.
2517 1903 2777 1972 Ἀφεκετο
2803 1897 2903 1958 οὖν
2926 1906 2955 1958 ὁ
2978 1903 3236 1974 βασιλεὺς
3266 1901 3359 1957 επὶ
3389 1903 3490 1973 τὴν
3521 1900 3762 1956 Καλλιού-

529 1991 636 2047 bac
682 2000 863 2049 tamen
898 1995 1242 2063 conditione,
1285 2008 1345 2052 ut
1373 1997 1685 2070 Callipolim
1722 2002 1984 2055 amissam
2018 2016 2110 2056 re-

2219 1994 2390 2057 πολιν,
2423 1996 2518 2047 καὶ
2546 1995 2623 2058 ὡς
2652 1994 2805 2048 οὐδὲν
2822 1994 3157 2064 παρεγένετο
3186 1993 3294 2046 ἀπὸ
3318 1993 3544 2061 Λήμνου
3576 1993 3601 2047 ὁ
3630 1993 3761 2047 Mou-

528 2085 796 2153 ciperent.
818 2086 929 2143 llis
962 2088 1033 2142 ita
1067 2090 1333 2156 decretis,
1373 2093 1553 2163 cepiis
1584 2093 1882 2150 navalibus
1911 2092 2107 2159 imple-

2219 2089 2445 2157 σταφᾱς,
2473 2087 2855 2158 προαγόμενος
2885 2085 3156 2156 πράσσειν
3183 2102 3236 2138 τι
3267 2085 3324 2147 ις
3347 2083 3449 2155 τὴν
3479 2084 3650 2154 ἀρχὴν
3676 2081 3761 2151 τῆς

527 2191 659 2232 vere
691 2194 877 2245 naves,
903 2181 1105 2251 quibus
1138 2182 1455 2241 instructus
1477 2200 1572 2241 rex
1595 2187 1747 2242 venit
1767 2186 2107 2258 Callipolim.

2219 2180 2506 2251 Εὐρώπης,
2535 2180 2628 2233 καὶ
2659 2179 2972 2249 πολιορκεῖν
3001 2179 3101 2249 τὴν
3130 2176 3534 2232 Καλλιούπολιν
3561 2178 3764 2231 Ζουναῖ-

524 2266 663 2325 Cum
711 2281 894 2326 autem
936 2275 1185 2330 nondum
1234 2292 1301 2332 eo
1356 2278 1676 2335 advenisset
1724 2278 2049 2351 Mustapbss
2078 2296 2109 2336 e

2219 2292 2310 2345 την
2343 2276 2435 2327 τὸν
2466 2277 2566 2343 τῆς
2619 2273 2875 2343 Σμύρνης
2923 2274 3185 2343 ἄρχοντα,
3242 2272 3496 2343 παρόντα
3541 2271 3603 2342 δὴ
3660 2269 3763 2323 τότε

528 2361 756 2429 Lemno,
810 2364 1004 2422 volens
1057 2369 1174 2438 ipse
1231 2368 1458 2425 interim
1517 2370 1725 2438 aliquid
1772 2386 1936 2441 agere
1960 2373 2109 2442 quod

2219 2367 2417 2432 Istam,
2438 2366 2532 2420 ἅτε
2563 2367 2778 2434 ἑταῖρον
2802 2366 2935 2419 ὄντα
2960 2364 3057 2418 τοῦ
3086 2366 3416 2433 Μουσταφᾶ,
3441 2365 3518 2429 ὡς
3547 2379 3763 2435 παρεσοο

528 2455 837 2521 pertineret
867 2456 937 2511 ad
968 2474 1200 2530 regnum
1232 2461 1493 2532 Europae.
1519 2461 1829 2533 Callipolim
1854 2463 2112 2521 obsidere

2219 2458 2377 2529 μένου
2429 2458 2495 2528 δὴ
2549 2459 2750 2512 αὖτὶκα
2804 2458 3084 2523 κάκείνου,
3140 2456 3614 2523 ὲξεπιδεικνύντες
3668 2454 3763 2514 τοῖς

527 2546 748 2602 statuit.
779 2547 988 2603 Aderat
1016 2559 1073 2605 et
1101 2550 1366 2607 Zunaites
1401 2552 1653 2625 Smyrna;
1684 2556 1962 2625 princeps,
1989 2555 2111 2611 Mu-

2219 2549 2505 2621 Τούριιοις,
2556 2550 2913 2618 ἐπολιόρκουν
2955 2550 3054 2617 τὴν
3102 2549 3279 2618 ἄκραν
3302 2547 3404 2618 τῆς
3439 2546 3763 2603 Καλλιουπό-

529 2639 744 2709 staplue
774 2638 1153 2698 fantiliaritate
1171 2642 1428 2714 junctus.
1476 2645 1650 2702 Porro
1691 2648 1944 2703 dicebant
1972 2646 2112 2701 Τοι-

2219 2642 2369 2706 λεως.
2406 2642 2540 2697 Μετ’
2570 2642 2629 2694 οὐ
2667 2643 2840 2695 πολὺν
2890 2642 2948 2694 δὲ
2990 2642 3183 2712 χρόνον
3227 2641 3565 2711 παρεγένετό
3605 2658 3661 2693 τε
3689 2638 3767 2692 καὶ

529 2732 637 2795 ris.
659 2732 752 2803 qui
785 2746 1182 2807 convenerant,
1211 2735 1562 2809 Mustapham
1597 2738 1752 2795 brevi
1785 2739 2111 2797 aduturum.

2219 2734 2378 2798 αὐτὸς
2436 2735 2799 2802 Μουσταφᾶς,
2859 2750 2956 2786 και
3006 2733 3075 2787 τά
3120 2751 3179 2786 τε
3231 2735 3378 2805 ἄκρα
3425 2735 3529 2802 τῆς
3577 2732 3764 2791 πόλεως

527 2823 939 2897 Oppugnabant
992 2843 1175 2884 arcem
1215 2830 1506 2902 Callipolis
1557 2850 1573 2886 :
1628 2846 1734 2887 nec
1770 2833 1941 2889 multo
1987 2842 2112 2903 post

2219 2824 2640 2896 προσεχώρησεν
2668 2825 2838 2897 αὐτῷ.
2870 2825 2984 2881 Καὶ
3011 2826 3047 2897 ἡ
3078 2827 3425 2898 Χερρόνησος
3455 2825 3653 2879 αὐτίκα
3676 2823 3766 2876 ιδι-

530 2915 742 2972 dedidit
789 2934 851 2975 se
883 2918 1201 2977 advenienti
1247 2920 1558 2993 Mustapba’.
1592 2923 1982 2981 Chersonesus
2013 2942 2028 2980 :
2058 2931 2112 2978 et

2219 2920 2341 2985 Ξατο
2376 2917 2634 2989 βασιλέα,
2665 2921 2758 2973 καὶ
2791 2917 2977 2973 εἵπετο
3007 2920 3141 2972 ὅπου
3172 2918 3438 2988 ἐξηγεῖτο.
3470 2916 3582 2987 Τὴν
3605 2916 3763 2985 μέντοι

530 3008 681 3064 illico
746 3028 873 3071 eum
932 3028 1115 3083 regem
1182 3016 1597 3083 consalutavit,
1661 3028 1716 3072 et
1779 3030 2112 3085 quocunque

2219 3011 2613 3066 Καλλιούπολιν
2659 3014 2686 3063 ὁ
2736 3011 3009 3080 Ἐλλήνων
3058 3010 3318 3080 βασιλεὺς
3360 3009 3518 3078 ἠξίου
3546 3007 3765 3062 ἀποδίδο-

530 3101 816 3165 «lauisset.
878 3106 1291 3175 promptissime
1341 3109 1739 3177 sequebantur.
1795 3107 2107 3177 Callipolim

2219 3105 2364 3161 σθαι.
2406 3105 2464 3159 Ὀ
2489 3104 2570 3169 δὲ,
2603 3106 2826 3174 ἕτοιμος
2875 3104 2977 3172 μὲν
3019 3100 3165 3156 εἶναι
3210 3101 3542 3167 ἀποδώσειν,
3589 3101 3675 3156 καὶ
3705 3095 3764 3168 μὴ

531 3196 639 3251 sibi
698 3195 839 3251 tradi
892 3197 1206 3265 postulabat
1253 3198 1573 3255 Graecorum
1626 3216 1744 3256 rex.
1794 3198 2110 3269 Mustaphas

2219 3199 2559 3264 ἀντιτείνειν,
2582 3199 2709 3261 τοὺς
2736 3199 2922 3268 μέντοι
2944 3195 3219 3269 Τούρκους
3242 3195 3505 3266 χαλεπῶς
3525 3212 3582 3248 τε
3602 3193 3764 3251 οἴσειν.

530 3296 764 3355 paratus
801 3294 924 3342 erat
962 3303 1084 3344 eam
1127 3288 1281 3355 dare,
1314 3304 1420 3345 nec
1469 3290 1735 3345 abnuere.
1774 3289 1943 3344 Turci
1995 3305 2108 3345 rem

2219 3292 2301 3346 ml
2333 3292 2487 3362 σφίσι
2526 3290 2602 3362 μὴ
2647 3291 2705 3344 ἐν
2753 3289 2925 3359 καλῷ,
2969 3287 3122 3342 οὔπω
3168 3289 3249 3342 ἔτι
3315 3284 3766 3357 κατειργασμένης

532 3382 693 3435 istam
748 3380 957 3451 iniquis
1023 3382 1377 3452 patiebantur
1435 3384 1659 3449 animis,
1720 3397 1846 3438 eum
1913 3398 2111 3454 parum

2219 3389 2309 3456 τῆς
2361 3384 2558 3455 ἀρχῆς.
2614 3383 2938 3437 ἀποϐαίνειν
2981 3382 3050 3437 τὰ
3101 3385 3423 3452 πράγματα.
3495 3381 3767 3448 ’Υπέσχετο

533 3477 829 3530 honestum
863 3474 970 3532 sibi
1013 3474 1138 3532 fore
1182 3476 1614 3542 arbitrarentur,
1654 3490 1822 3548 regno
1866 3477 2111 3533 nondum

2219 3480 2403 3551 μέντοι
2439 3477 2661 3532 ἐπειδὰν
2692 3480 2751 3540 ἐς
2790 3476 2888 3546 τὴν
2927 3476 3101 3546 ἀρχὴν
3153 3472 3571 3544 παραγένηται,
3604 3473 3695 3539 τήν
3721 3482 3767 3519 τε

531 3568 672 3625 satis
693 3567 934 3632 ﬁrmato,
959 3572 1152 3626 urbem
1179 3569 1338 3626 talem
1362 3569 1571 3626 Graecis
1592 3571 1819 3643 donare.
1841 3556 2112 3627 Praeterea

2219 3574 2371 3628 πόλιν
2420 3572 2755 3638 ἀποδιδόναι,
2798 3571 2893 3624 καὶ
2933 3570 2988 3622 εἴ
3015 3587 3069 3622 τι
3115 3569 3242 3622 ἄλλο
3273 3567 3585 3637 ἐπιτήδειον
3612 3562 3768 3620 αὐτοῖς

531 3661 589 3718 in
613 3662 782 3718 dubio
817 3662 999 3719 adhuc
1031 3679 1178 3726 esse.
1218 3679 1347 3719 cum
1394 3680 1624 3734 regnum
1676 3664 1919 3720 nondum
1971 3664 2110 3719 satis

2219 3665 2485 3720 οἷονταιη
2528 3662 2749 3717 ἔσεσθαι
2777 3700 2794 3727 ,
2846 3660 2986 3732 μήτε
3031 3658 3123 3713 τοῦ
3169 3657 3360 3712 λοιποῦ
3404 3658 3475 3712 ἂν
3534 3655 3767 3725 στερῆσαι

529 3755 604 3813 sit
636 3757 930 3822 munitum,
977 3772 1220 3826 quonam
1253 3773 1345 3815 res
1375 3768 1655 3828 erupturas
1699 3759 1833 3824 sint,
1888 3758 2120 3828 pollice-

2216 3752 2419 3817 αὐτούς
2450 3770 2609 3807 ποτε.

528 3850 715 3907 batur.
749 3851 938 3924 Itaque
956 3854 1164 3910 Graecis
1196 3868 1315 3920 rex,
1336 3869 1464 3909 cum
1491 3855 1546 3909 in
1574 3868 1807 3925 regnum
1832 3856 2103 3916 venisset.
2145 3868 2204 3908 se
2229 3851 2369 3923 ipsis
2398 3851 2730 3906 traditurum
2762 3846 3070 3920 Callipolim
3100 3864 3114 3902 :
3139 3856 3405 3919 praeterea
3478 3848 3526 3905 si
3592 3841 3769 3915 aliquid

527 3945 697 4012 aliud,
728 3947 876 4017 quod
904 3948 1010 4003 sibi
1040 3948 1174 4002 utile
1204 3946 1326 4003 fore
1359 3955 1644 4019 putarent,
1672 3948 2103 4019 postulaverint,
2136 3961 2234 4002 eos
2270 3959 2441 4017 porro
2469 3945 2613 3999 haud
2646 3943 2923 4014 repulsam
2954 3957 3242 4015 passuros.

599 4039 810 4097 Graecis
842 4040 894 4094 in
945 4041 1094 4095 bunc
1121 4040 1346 4095 modum
1381 4040 1689 4111 persuasis,
1720 4051 1872 4097 recta
1909 4040 1966 4094 in
1996 4038 2111 4093 Eu-

530 4144 722 4196 ropam
772 4129 1064 4186 contendit
1098 4146 1115 4184 :
1149 4144 1311 4200 quem
1360 4132 1745 4188 advenientem
1799 4145 1995 4187 omnes
2051 4138 2113 4184 ut

534 4238 720 4293 regem
775 4232 831 4278 et
880 4221 1148 4292 Pajazitis
1202 4222 1374 4279 lilium
1428 4225 1819 4296 excipiebant,
1882 4224 2115 4295 ejusque

532 4315 768 4385 imperio
811 4330 873 4371 se
916 4316 1342 4374 submittebant.
1374 4318 1513 4375 Cum
1551 4319 1829 4391 Pajazites
1854 4331 2114 4389 comper-

531 4418 650 4462 tum
704 4407 934 4465 haberet
998 4407 1346 4479 Mustapham
1404 4410 1824 4479 Adrianopolim
1882 4425 2115 4481 pergere

531 4502 750 4574 (urbem
782 4503 928 4558 enim
962 4503 1125 4559 istam
1160 4504 1389 4576 regebat
1431 4501 1595 4572 jussu
1641 4502 1984 4570 Meebmetis,
2016 4503 2112 4575 qui

532 4596 777 4663 moriens
804 4596 855 4651 id
883 4598 934 4652 ei
961 4596 1296 4666 mandarat)
1341 4597 1593 4653 exercitu
1626 4613 1692 4652 ex
1742 4595 1959 4667 Europa
1982 4613 2115 4652 eon-

2294 4037 2501 4101 Πείσας
2534 4036 2634 4107 μὲν
2677 4036 2771 4091 οὖν
2802 4036 2922 4089 τότε
2956 4037 3084 4098 τοὺς
3122 4035 3416 4106 Ἕλληνας,
3462 4035 3690 4106 ἤλαυνεν
3725 4030 3769 4089 ἐς

2218 4128 2283 4184 τὸ
2317 4129 2511 4200 πρόσω
2543 4128 2645 4199 τῆς
2690 4128 2986 4200 Εὐρώπης,
3039 4127 3136 4182 καὶ
3166 4126 3512 4199 προσεχώρει
3545 4145 3605 4181 τε
3649 4121 3768 4189 αὐτῷ

2222 4221 2541 4294 ξύμπαντα,
2569 4221 2645 4285 ὡς
2681 4221 2899 4292 βασιλεί
2917 4240 2974 4275 τε
3003 4220 3116 4274 ὄντι
3144 4219 3316 4288 σφῶν,
3350 4218 3446 4272 καὶ
3479 4218 3767 4288 Παιαζήτεω

2221 4319 2380 4373 παιδὶ
2412 4316 2717 4389 γενομένῳ.
2739 4316 2898 4370 Ἐπεὶ
2925 4317 2983 4369 δὲ
3003 4314 3326 4387 Παιαζήτης
3351 4313 3556 4385 ᾔσθετο
3580 4311 3767 4367 ἐπιόντα

2220 4409 2315 4463 ἐπὶ
2362 4407 2836 4479 ’Δδριανούπολιν,
2888 4409 3224 4479 ἐπετρόπευε
3279 4405 3336 4459 δὲ
3389 4406 3494 4475 τῆς
3558 4405 3760 4460 πόλεως.

2221 4499 2614 4569 καταλειφθεὶς
2648 4501 2755 4553 ὑπὸ
2803 4500 3114 4570 Μεχμέτεω
3161 4498 3429 4569 βασιλέως
3458 4498 3553 4552 ἐπὶ
3600 4499 3662 4568 τῇ
3704 4506 3764 4544 τε·

2221 4594 2379 4666 λευτῇ
2412 4593 2603 4659 αὐτοῦ,
2653 4592 2950 4665 συνήγειρὲ
3004 4610 3065 4646 τε
3118 4594 3179 4645 τὸ
3221 4590 3329 4644 ἀπὸ
3376 4591 3481 4660 τῆς
3535 4586 3769 4661 Εὐρώπης

531 4697 778 4760 gregato,
802 4691 1022 4746 obviam
1051 4691 1322 4762 processit
1350 4689 1655 4763 Mustapbaa
1674 4706 1840 4760 quam
1868 4692 2112 4761 proxime

2219 4687 2553 4757 στράτευμα,
2609 4688 2703 4739 καὶ
2753 4687 2968 4755 ὑπήντα
3002 4685 3080 4754 τῷ
3122 4684 3436 4753 Μουσταφᾷ
3484 4680 3653 4752 ἀγχοῦ
3694 4677 3772 4742 τῆς

531 4783 973 4852 Adrianopolim,
992 4785 1149 4853 quasi
1174 4790 1526 4854 pugnaturus
1551 4798 1566 4836 :
1594 4799 1697 4839 nec
1716 4783 2110 4854 permissurus,

533 4878 579 4932 si
614 4883 784 4930 tautae
816 4877 964 4932 vires
1007 4879 1263 4944 fuissent,
1304 4893 1432 4934 eum
1483 4878 1536 4933 in
1581 4879 1735 4949 regni
1768 4878 1953 4933 sedem
1986 4893 2115 4947 pro-

533 4962 922 5025 cedere.'Cum
968 4968 1291 5039 Mustapbas
1341 4970 1562 5039 agmine
1611 4970 1925 5040 composito
1959 4984 2118 5031 acce-

534 5061 712 5123 deret,
746 5056 913 5115 Turci
940 5059 1235 5117 confestim
1262 5061 1424 5131 120
1454 5076 1648 5117 omnes
1674 5061 1742 5115 ad
1768 5059 2113 5130 Mustapbam

537 5152 923 5208 transitionem
963 5151 1195 5220 faciunt,
1250 5169 1490 5224 eumque
1523 5163 1584 5210 ut
1628 5169 1811 5224 regem
1856 5153 2112 5210 adorant.

532 5245 805 5302 Praeterea
833 5243 1109 5318 Pajazites
1130 5246 1463 5316 provolutus
1489 5247 1555 5302 ad
1581 5261 1761 5319 genua
1788 5245 2112 5315 Mustaphae,

532 5352 661 5393 eum
705 5348 767 5394 ut
811 5355 999 5411 regem
1054 5337 1308 5395 adoravit
1343 5355 1360 5394 :
1393 5353 1594 5410 resque
1640 5339 1818 5394 eidem
1864 5339 2115 5402 tradidit,

537 5438 595 5483 ut
619 5444 719 5499 pro
748 5446 853 5488 suo
884 5431 1120 5487 arbitrio
1154 5439 1371 5501 ageret.
1415 5431 1578 5487 Hunc
1624 5431 1890 5487 continuae
1933 5430 2117 5485 necari

2235 4774 2761 4851 Ἀδριανουπόλεως.
2806 4777 2880 4840 ὡς
2928 4778 3018 4831 διὰ
3054 4777 3237 4848 μάχης
3288 4776 3668 4845 ὲλευσόμενος,
3697 4766 3773 4821 καὶ

2221 4873 2559 4944 ἐπιτρέπων,
2595 4872 2662 4942 ἦν
2692 4871 2936 4936 δύναιτο,
2995 4871 3089 4924 ἐπὶ
3147 4875 3217 4923 τα
3261 4868 3337 4940 μὴ
3395 4868 3646 4936 βασίλεια
3691 4874 3773 4911 πο-

2224 4966 2498 5038 ρεύεσθαι.
2545 4965 2637 5028 Ὠς
2665 4964 2850 5035 μέντοι
2886 4961 3291 5031 συνταξάμενος
3318 4961 3515 5031 ἐπῄει,
3548 4957 3598 5011 οἱ
3625 4950 3773 5020 Τοῦρ·

2224 5074 2313 5111 κοι
2341 5052 2436 5112 οὖν
2472 5058 2674 5112 αὐτίκα
2701 5056 2875 5128 ᾔεσαν
2903 5055 3022 5124 ἅμα
3060 5055 3265 5117 πάντες
3295 5053 3386 5106 ἐπὶ
3415 5053 3508 5105 τὸν
3550 5050 3773 5105 Mouet:-

2225 5151 2355 5218 φΞν,
2387 5149 2483 5202 καὶ
2538 5147 2911 5220 προσεκύνουν
2965 5145 3041 5209 ώς
3080 5141 3333 5217 βασιλέα.
3387 5143 3496 5198 Καὶ
3549 5138 3699 5198 αὐτὸς
3724 5147 3771 5183 τε

2226 5239 2545 5309 Παιαζήτης
2578 5240 2978 5309 προσεκύνησε,
3012 5238 3109 5292 καὶ
3151 5238 3220 5293 τὰ
3252 5239 3553 5309 πράγματα
3582 5224 3772 5302 παρεδί-

2224 5332 2317 5385 δου
2347 5330 2424 5402 τῷ
2461 5333 2792 5404 Μουσταφᾷ,
2815 5331 3053 5403 χρῆσθαι
3081 5331 3267 5393 αὐτοῖς
3300 5331 3329 5385 ὂ
3356 5348 3412 5384 τι
3441 5329 3510 5385 ἂν
3535 5324 3769 5399 βούλοιτο.

2228 5421 2435 5477 Τοῦτον
2476 5423 2577 5496 μὲν
2608 5420 2704 5480 οὖν
2745 5422 2954 5489 λαὸὼν,
3009 5423 3211 5479 αὐτίκα
3246 5422 3413 5480 αὑτοῦ
3447 5418 3769 5493 διεχρήσατο»

1847 5543 2092 5606 Notulm
2114 5541 2525 5621 marginales.
2566 5614 2573 5619 ,

607 5658 721 5733 (33)
752 5658 1056 5736 Mustapbze
1083 5666 1464 5739 adiunguntur
1506 5664 1709 5733 Graci,
1759 5665 1933 5738 ﬁtque
1979 5679 2072 5719 rex
2109 5663 2458 5720 undecimus.

610 5844 637 5927 "
657 5842 842 5919 εἴκων.
879 5846 945 5904 R.
979 5858 1035 5906 ιιι
1064 5851 1115 5906 in
1148 5868 1194 5906 ε.
1275 5851 1389 5885 ’Μ’
1426 5849 1515 5908 Al.
1547 5849 1733 5906 οἴοιτο.
1770 5848 1860 5906 Sic
1892 5847 2052 5904 etiam
2083 5845 2151 5903 Β.
