4032 6498
341 419 461 484 2‘25

346 533 450 588 καὶ
480 532 823 597 ἀπελαύνων,
857 534 954 602 τήν
984 549 1044 585 τε
1089 532 1243 586 πόλιν
1282 532 1432 600 ἔσχε,
1459 534 1567 610 ,καὶ
1597 532 1689 583 ἐπὶ
1725 531 1794 583 τὰ
1822 530 1920 600 βα-
1951 530 1993 588 Δ

351 626 541 679 σίλεια
593 623 946 692 παρεγένετο.
1011 625 1166 677 Μετά
1212 624 1271 676 δὲ
1326 623 1503 676 ταῦτα
1564 624 1920 689 συστραφεὶς,

357 717 478 767 ἵετο
516 716 607 766 ἐπὶ
637 715 737 783 τὴν
770 713 982 776 Ἀσίαν,
1031 711 1172 766 ὥστε
1205 713 1301 765 καὶ
1344 713 1442 782 τὴν
1483 715 1579 782 τῆς
1615 711 1801 775 Ἀσίας
1835 711 1928 781 βα-

363 808 570 861 σιλείαν
605 806 782 873 ἐαυτῷ
822 806 1331 875 προσκτησὸμενος.
1382 805 1584 866 Διαϐὰς
1632 805 1677 857 δ’
1723 806 1779 867 ἐς
1829 803 1926 874 τὴν

374 901 578 960 Ἀσίαν,
620 899 760 969 ἔχων
781 900 843 951 τό
873 916 933 950 τε
966 898 1236 967 Εὐρώπης
1261 898 1606 967 στράτευμα,
1631 898 1728 949 καὶ
1765 897 1926 962 Ἀζά-

359 995 513 1056 πιδας
550 993 675 1053 τοὺς
702 991 966 1060 Τούρκων
994 991 1216 1054 πεζοὺς,
1245 989 1390 1042 οὕτω
1414 989 1808 1058 καλουμένους,
1833 988 1928 1040 καὶ

358 1090 416 1146 ἐς
465 1087 562 1154 τὴν
623 1086 814 1138 Ἀσίαν
849 1084 1297 1154 διεπόρθμευσεν.
1339 1085 1517 1152 Ἐχων
1575 1084 1694 1152 μεθ’
1729 1083 1927 1137 ἐαυτοῦ

357 1180 451 1232 καὶ
485 1180 578 1230 τδν
620 1176 925 1244 Ζουναῖτην
954 1177 1212 1248 Σμύρνης
1245 1177 1504 1244 ἄρχοντα,
1539 1177 1630 1228 ἐπὶ
1656 1178 1929 1245 Ἀμουρά-

352 1289 458 1337 την
510 1271 712 1340 ἣλαυνε
769 1271 861 1323 τὸν
921 1271 1244 1339 Μεχμέτεω.
1309 1271 1415 1322 Τὸν
1473 1272 1656 1338 μέντοι
1703 1270 1928 1340 βασιλέα

367 1366 644 1434 Ἑλλήνων
678 1363 922 1431 πέμπειν
967 1361 1224 1431 πρέσϐεις
1277 1363 1458 1428 ἠξίου,
1520 1363 1688 1432 μηδὲν
1731 1364 1788 1424 ἐς
1829 1362 1928 1430 τὴν

351 1457 540 1523 ξενίαν
571 1455 740 1508 αὑτοῦ
763 1454 1132 1525 νεωτερίζειν,
1165 1453 1240 1517 ὼς
1269 1453 1369 1523 τὴν
1403 1454 1801 1508 Καλλιούπολιν
1829 1455 1928 1508 αύ-

351 1553 487 1604 τὶκα
514 1551 914 1614 ἀποδώσοντος,
944 1549 1169 1602 ἐπειδὰν
1197 1549 1296 1618 τὴν
1322 1549 1512 1601 Ἀσίαν
1531 1548 1680 1617 αὐτῷ
1710 1549 1928 1616 ὑπάγη-

353 1658 472 1702 ται,
513 1639 1040 1712 καταστρεψάμενος
1085 1641 1176 1692 τὸν
1202 1639 1544 1707 ἀδελφιδοῦν.
1585 1640 1846 1710 Παρῆσαν
1871 1640 1929 1694 δὲ

357 1735 455 1786 καὶ
486 1732 866 1802 ’Δμουράτεω,
898 1733 1050 1811 παρὰ
1083 1731 1309 1801 βασιλέα
1334 1733 1631 1798 Βυζαντίου
1660 1737 1932 1803 ἀφικόμε-

356 1842 461 1890 νοι,
501 1824 935 1894 χρηματίζοντες
969 1826 1063 1878 καὶ
1103 1817 1273 1889 οὗτοι,
1329 1827 1423 1880 ἐπὶ⁵
1472 1828 1626 1894 σφίσι
1677 1828 1929 1893 γενέσθαι

355 1916 612 1986 βασιλέα,
661 1919 756 1969 καὶ
803 1917 1224 1986 ὑπισχνούμενοι
1271 1919 1486 1982 δώσειν,
1535 1921 1562 1972 δ
1609 1937 1663 1972 τι
1709 1921 1776 1974 ἂν
1808 1918 1932 1989 βού-

354 2008 564 2062 λοιντο.
592 2007 661 2059 Ol
718 2007 820 2075 μὲν
863 2006 958 2060 οῦν
989 2006 1255 2076 Ἕλληνες
1298 2007 1657 2059 ἀνεϐάλλοντο
1691 2009 1791 2076 μὲν
1841 2009 1934 2060 ἐπὶ

355 2098 560 2168 χρόνον
588 2097 688 2160 τὰς
717 2095 1041 2165 πρεσϐείας,
1070 2097 1226 2160 τέλος
1268 2099 1365 2150 καὶ
1396 2099 1495 2168 τὴν
1533 2100 1632 2166 μὲν
1661 2099 1717 2150 Ἀ
1730 2097 1934 2166 μουρά-

352 2207 470 2243 τεω
498 2188 893 2258 ἀπεπέμψαντο
935 2187 1257 2258 πρεσϐείαν.
1295 2190 1374 2242 Τὰ
1399 2189 1455 2241 δὲ
1482 2189 1784 2257 Μουσταφᾶ
1804 2189 1933 2260 Ιἐλό-

359 2298 521 2350 μενοι
567 2281 894 2348 πράγματα.
933 2279 1222 2348 προσίεντό
1270 2296 1330 2332 τε
1377 2281 1472 2332 καὶ
1508 2280 1756 2349 ἐπέσχον,
1789 2278 1933 2330 ὥστε

353 2375 546 2433 αὐτοῖς
589 2371 913 2424 σπένδεσθαι
949 2374 1087 2426 κατὰ
1119 2373 1230 2426 πᾶν
1256 2372 1580 2442 δεδογμένον
1613 2374 1825 2434 αὐτοῖς.
1869 2372 1933 2425 Ἢ

358 2467 468 2535 μὲν
508 2465 602 2520 οῦν
632 2465 986 2535 Ἀμουράτεω
1017 2465 1286 2534 πρεσϐεία
1316 2466 1620 2535 ἀφικομένη
1652 2466 1802 2534 παρὰ
1841 2465 1934 2518 τὸν

355 2561 605 2649 στρατὸν
632 2561 726 2612 τοῦ
760 2560 1140 2628 ’Δμουράτεω,
1169 2560 1518 2627 διεφήμισεν,
1542 2559 1614 2621 ὡς
1643 2560 1772 2621 τοὺς
1801 2558 1934 2612 Ἐλ-

354 2655 535 2721 ληνας
564 2655 717 2722 σφίσι
746 2654 1184 2724 προσκτήσαιντο
1227 2652 1574 2723 συμμάχους.
1604 2653 1934 2722 Ἐτύγχανον

353 2748 409 2800 δ’
445 2747 504 2797 ἐν
531 2745 782 2814 Δοπαδίῳ
812 2747 879 2812 τῇ
912 2745 1079 2814 λίμνῃ
1108 2745 1689 2814 ἐστρατοπεδευμένοι.
1721 2745 1813 2798 καὶ
1834 2746 1936 2814 τήν

355 2854 424 2889 τε
454 2835 640 2906 χώραν
668 2837 919 2891 διέλυσαν
955 2835 1050 2888 τοῦ
1078 2835 1409 2906 Μιχαλικίου
1446 2837 1637 2903 αὐτοῦ,
1741 2840 1798 2902 ἐς
1836 2839 1935 2907 τὴν

355 2928 648 2981 Θάλασσαν
697 2928 917 2993 ἐξιοῦσα
971 2929 1005 2999 ὴ
1059 2929 1246 2998 λίμνη,
1295 2929 1384 2982 διὰ
1428 2929 1620 2985 στενοῦ
1660 2932 1752 2983 ἐπὶ
1797 2931 1934 2984 πολὺ

356 3023 635 3092 προϊοῦσα
680 3022 899 3082 ἐκδιδοῖ,
942 3022 1160 3090 γέφυρα
1200 3021 1258 3074 δέ
1306 3023 1445 3076 ἐστι.
1492 3024 1828 3092 Μουσταφᾶς
1877 3023 1935 3077 at

356 3118 462 3170 καὶ
495 3115 659 3177 αὐτὸς
690 3115 890 3178 ἐλάσας
921 3114 1118 3184 ἀγχοῦ,
1167 3115 1654 3185 ἐστρατοπεδεύετο
1697 3117 1845 3187 παρά
1876 3117 1937 3170 τὸ

1426 419 1522 477 DE
1563 415 1810 475 ΗΕΒυὸ
1841 413 2198 473 TURCICIS
2255 415 2399 474 LIB.
2435 416 2498 476 V.

2025 527 2185 593 iussit
2231 547 2245 582 :

3483 425 3588 492 29.6

2293 529 2613 599 ducensque
2661 532 2940 587 exercitus
2978 532 3415 606 Adrianopolim,
3467 555 3588 593 eam

2029 623 2220 676 urbem
2253 624 2420 692 cepit,
2470 632 2523 678 et
2574 623 2629 678 in
2675 626 2827 694 regni
2880 626 3063 682 sedem
3120 645 3448 699 progressus
3481 643 3586 686 est.

2029 714 2125 771 llis
2180 718 2419 784 peractis
2473 732 2820 778 conversus.
2878 721 3340 788 proﬁciscebatur
3399 736 3588 778 contra

2029 807 2232 861 Asiam.
2269 807 2455 861 volens
2483 819 2537 861 et
2566 807 2708 864 Asia:
2755 826 2982 879 regnum
3031 814 3305 884 subigere.
3355 815 3594 884 Trajecit

2031 909 2209 952 autem
2237 900 2288 952 in
2324 901 2532 961 Asiam.
2560 902 2764 956 habens
2787 918 2974 956 secum
3001 904 3230 976 Europa
3256 910 3586 971 exercitum.

2029 1001 2085 1045 et
2113 989 2423 1045 Turcorum
2455 993 2685 1061 pedites.
2711 1010 2848 1062 quos
2875 997 3142 1062 Azapidas
3173 1010 3391 1054 vocant.
3426 1002 3595 1056 Adhi—

2031 1083 2148 1137 buit.
2197 1094 2250 1138 et
2301 1083 2546 1154 Smyrnae
2576 1086 2875 1155 principem
2926 1086 3233 1142 Zunaitem.
3284 1091 3378 1144 His
3411 1094 3588 1160 c0piis

2032 1175 2084 1229 in
2133 1178 2317 1230 Asiam
2368 1178 2774 1246 transportatis,
2832 1195 3124 1249 aggressus
3165 1190 3249 1236 est
3279 1183 3593 1236 Amuratrm

2029 1267 2351 1326 Mechmetis
2384 1271 2579 1328 lilium.
2616 1271 2848 1337 Legatos
2884 1275 3034 1329 misit
3063 1275 3128 1328 ad
3167 1291 3348 1345 regem
3377 1274 3597 1330 (εἶναισυ-

2031 1375 2174 1425 rum,
2210 1363 2301 1429 qui
2345 1372 2601 1424 orarent,
2642 1380 2711 1416 ne
2753 1364 2914 1432 quid,
2943 1364 3068 1432 quia
3101 1380 3325 1433 peregre
3351 1367 3586 1428 abesset,

2029 1454 2360 1508 innovarent
2393 1470 2408 1507 :
2447 1469 2526 1516 se,
2579 1455 2668 1508 ubi
2720 1457 2955 1524 primum
2991 1457 3182 1511 Asiam
3217 1459 3515 1523 subegerit,
3547 1469 3601 1513 et

2028 1541 2346 1598 Amuratem
2373 1544 2654 1608 devicerit,
2693 1547 2826 1614 ipsis
2874 1547 3214 1602 redditurum
3245 1547 3553 1617 Callipolim
3583 1588 3595 1599 .

2029 1636 2412 1690 Adveniebant
2453 1653 2675 1706 quoque
2722 1639 2786 1692 ad
2842 1654 3025 1708 regem
3068 1639 3385 1711 Byzantium
3437 1640 3597 1709 legati

2033 1729 2103 1782 ab
2141 1729 2429 1795 Amurate,
2459 1728 2730 1795 dicentes,
2773 1731 2818 1784 si
2863 1746 3012 1785 arma
3051 1732 3334 1788 Amuratis
3367 1747 3605 1800 sequau.

2035 1834 2147 1884 tur,
2180 1820 2298 1876 fore
2331 1832 2388 1875 ut
2414 1821 2680 1890 quidquid
2715 1832 2966 1889 peterent
2997 1823 3066 1878 ab
3094 1824 3376 1886 Amurate.
3411 1841 3605 1880 consr-

2033 1923 2362 1983 quereutur.
2414 1913 2594 1969 Grzeci
2651 1916 2952 1983 legationes
2991 1917 3320 1971 diﬂ‘erebant
3351 1918 3604 1986 aliquan—

2033 2009 2126 2062 diu
2155 2025 2169 2060 :
2197 2016 2478 2077 postremo
2501 2009 2784 2062 Amuralis
2811 2008 3018 2072 legatos
3040 2009 3394 2064 dimiserunt.
3424 2012 3601 2066 Graeci

2035 2109 2214 2152 autem
2261 2100 2437 2153 secuti
2483 2108 2612 2153 sunt
2645 2109 2832 2170 partes
2862 2099 3164 2170 Mustaphae
3199 2120 3212 2156 :
3249 2103 3336 2156 cui
3375 2118 3603 2171 persna-

2034 2199 2248 2254 serunt,
2278 2198 2336 2243 ut
2362 2205 2548 2245 secum
2582 2191 2764 2246 foedus
2797 2193 3002 2246 faceret
3027 2193 3442 2247 conditionibus
3463 2209 3602 2261 quas

2035 2283 2142 2353 ipsi
2175 2283 2673 2353 praescripsissent.
2713 2283 2895 2353 Legati
2923 2285 3205 2339 Amuratis
3236 2300 3360 2339 cum
3393 2285 3596 2338 rediis-

2035 2386 2158 2430 scnt
2214 2376 2267 2428 in
2318 2385 2524 2438 castra,
2579 2391 2860 2432 rumorem
2909 2385 3255 2445 sparserunt,
3297 2393 3354 2432 se
3382 2377 3601 2432 Graecos

2033 2468 2142 2523 sibi
2182 2468 2481 2522 auxiliares
2530 2483 2777 2536 parasse.
2825 2468 2902 2522 Eo
2952 2477 3197 2537 tempore
3229 2472 3601 2525 castrametati

2036 2572 2165 2617 sunt
2193 2575 2363 2630 prope
2394 2561 2695 2626 Lopadium
2744 2560 2950 2627 lacum,
2989 2571 3044 2615 et
3086 2561 3366 2629 regionem
3399 2560 3604 2615 Micha-

2038 2655 2154 2708 licii
2189 2668 2256 2708 eo
2301 2655 2406 2707 loci
2437 2663 2848 2717 evastaverunt,
2884 2654 2976 2708 ubi
3009 2653 3161 2708 lacus
3194 2653 3384 2709 multis
3409 2655 3603 2708 amba-

2039 2745 2198 2813 gibus
2242 2760 2337 2814 per
2389 2743 2674 2812 angustias
2725 2743 2780 2796 in
2835 2758 2982 2797 mare
3019 2741 3342 2807 eﬂ'unditur,
3378 2753 3432 2798 et
3467 2759 3606 2811 pons

2037 2848 2142 2892 est.
2173 2836 2488 2905 Mustaphas
2512 2837 2680 2907 igitur
2701 2835 2996 2901 accedens,
3017 2845 3197 2891 castra
3222 2835 3424 2890 locavit
3445 2838 3605 2903 juzia

2038 2929 2189 2984 ﬂuvii
2218 2931 2444 2993 ostium,
2485 2931 2576 2998 qui
2609 2943 2673 2982 ex
2723 2929 2841 2983 lacu
2875 2935 3165 2997 promanat
3201 2943 3215 2981 :
3249 2943 3316 2981 eo
3347 2942 3474 2981 cum
3508 2930 3606 2978 ιιιΙ-

2037 3025 2317 3081 veuisscut
2360 3025 2642 3079 Amuratis
2690 3023 2886 3092 legati,
2928 3021 3282 3077 commodum
3323 3037 3456 3076 sane
3486 3027 3608 3074 vul-

2040 3126 2244 3189 garunt
2273 3132 2573 3177 rumorem,
2601 3117 2757 3184 quasi
2790 3131 2886 3169 sua
2914 3116 3189 3183 legatione
3218 3113 3524 3169 eiecissent
3551 3124 3610 3166 ut

354 3209 544 3280 χεῖλος
570 3208 666 3260 τοῦ
702 3208 950 3275 ποταμοῦ
978 3208 1076 3277 τῆς
1105 3206 1322 3276 λῐμνης.
1377 3207 1639 3260 Ἐνταῦθα
1684 3207 1760 3270 ὼς
1806 3207 1934 3274 ἀφί-

2040 3213 2216 3268 Graeci
2254 3213 2358 3268 sibi
2409 3212 2618 3266 auxilio
2667 3211 2936 3264 venirent.
2977 3209 3289 3263 Minitantes
3319 3208 3486 3277 igitur
3511 3222 3610 3260 vo-

356 3317 526 3354 κοντο
581 3301 632 3352 οξ
687 3300 950 3369 πρέσϐεις
997 3300 1362 3369 Ἀμουράτου,
1410 3300 1550 3371 τύχῃ
1595 3301 1702 3352 τινὶ
1756 3300 1936 3370 ἀγαθῇ

360 3393 731 3461 χρησάμενοι,
773 3391 1120 3463 διεφήμιζον,
1157 3392 1234 3456 ὡς
1278 3393 1736 3462 συμμαχομένους
1786 3391 1940 3459 σφίσι

366 3485 502 3545 τοὺς
537 3483 802 3554 Ἕλληνας
832 3485 1045 3555 ἔχοντες
1103 3485 1290 3555 ἥκοιεν
1326 3486 1389 3548 ¹³,
1427 3485 1520 3538 καὶ
1554 3486 1648 3538 ἐπὶ
1678 3484 1738 3537 τὸ
1781 3502 1942 3552 στρα-

369 3575 598 3628 τόπεδον
620 3578 712 3631 τοῦ
746 3579 1056 3646 Μουσταφᾶ
1086 3577 1326 3646 ἐφώνουν
1363 3577 1809 3643 ἐπαπειλοῦντες,
1864 3577 1941 3639 ὡς

366 3668 769 3740 ἀπειλημμένῳ
817 3671 874 3721 ἐν
914 3673 979 3740 τῇ
1031 3671 1208 3740 Ἀσίᾳ.
1245 3669 1516 3724 Ἐνταῦθα
1552 3671 1741 3740 φήμης
1787 3670 1940 3740 παρὰ

357 3761 432 3814 τὸ
469 3763 830 3832 στρατόπεδον
851 3762 944 3814 τοῦ
967 3763 1274 3830 Μουσταφᾶ
1299 3763 1620 3832 γενομένης,
1645 3763 1718 3826 ὼς
1753 3763 1938 3831 σφίσιν

353 3857 428 3908 οὐ
463 3855 718 3926 παρῆσαν
750 3857 801 3908 οἱ
828 3856 1112 3924 πρέσϐεις,
1148 3858 1242 3910 καὶ
1291 3856 1588 3920 δεδοικότες
1625 3857 1702 3927 μὴ
1729 3859 1778 3909 οἱ
1807 3857 1936 3910 ’Έλ-

353 3947 530 4017 ληνες
565 3948 659 4001 τὸν
717 3948 1114 4018 Ἑλλήσποντον
1164 3948 1552 4019 κατασχόντες,
1601 3949 1694 4000 τοῦ
1749 3947 1939 4001 λοιποῦ

358 4041 446 4110 μὴ
498 4040 839 4108 ἐπιτρέπωσι
871 4039 1213 4104 διαϐαίνεινλ
1242 4042 1336 4093 καὶ
1379 4041 1546 4094 αὐτοῦ
1581 4041 1754 4110 ταύτῃ
1806 4040 1940 4093 ἀπό-

351 4131 566 4198 λοιντο,
597 4133 760 4202 λόγον
782 4149 842 4184 τε
868 4133 1056 4201 σφισιν
1087 4133 1352 4188 ἐδίδοσαν.
1387 4134 1499 4188 Καὶ
1527 4133 1722 4196 νυκτὸς
1754 4135 1940 4200 ἐπιγε-

356 4224 625 4289 νομένης,
680 4223 842 4284 αὐτὸς
891 4225 920 4275 ὁ
964 4215 1288 4292 Ζουναϊτης,
1317 4225 1346 4276 ὁ
1384 4223 1484 4292 τῆς
1517 4222 1776 4293 Σμύρνης
1810 4225 1938 4292 ήγε-

360 4311 512 4382 μὼν,
541 4313 756 4382 ἀπέδρα
784 4314 877 4366 ἐπὶ
903 4315 1002 4381 τὴν
1029 4313 1290 4386 πατρῴαν
1316 4315 1515 4387 ἀρχήν·
1554 4316 1651 4369 καὶ
1678 4316 1728 4369 oi
1757 4315 1937 4369 λοιποὶ

356 4404 476 4458 τῶν
511 4405 791 4475 ἀρχόντων
823 4405 1243 4476 ἀπεδίδρασκον,
1276 4408 1386 4460 οὐδ’
1407 4407 1658 4460 ὁπωσοῦν
1686 4409 1940 4479 ἐπισχόνο

355 4512 480 4559 τες,
501 4495 640 4566 τύχῃ
669 4494 764 4549 τοῦ
795 4497 1104 4566 Μουσταφᾶ
1131 4497 1332 4551 οὐκέτι
1356 4497 1536 4567 ἀγαθῇ
1564 4497 1934 4560 πιστεύοντες.

2045 3305 2424 3360 cii'erabantur
2463 3310 2656 3358 contra
2707 3301 3011 3369 Mustapha:
3056 3300 3396 3362 exercitum,
3446 3299 3604 3368 quasi

2044 3399 2326 3468 periturus
2366 3399 2438 3450 sit
2487 3397 2539 3450 in
2587 3397 2715 3450 Asia
2749 3395 3108 3450 interclusus.
3144 3394 3273 3448 Haec
3302 3394 3443 3447 fama
3484 3407 3609 3446 cum

2043 3493 2252 3546 volaret
2309 3492 2362 3542 in
2415 3490 2620 3543 castris
2673 3489 2998 3558 Mustaphze,
3053 3497 3108 3540 et
3162 3487 3396 3541 necdum
3445 3485 3612 3554 legati

2045 3593 2246 3654 praesto
2276 3594 2481 3646 essent,
2519 3597 2662 3651 quos
2700 3583 2818 3650 ipse
2844 3582 3090 3642 miserat,
3139 3579 3296 3633 veriti
3325 3594 3394 3632 ne
3435 3577 3612 3631 Graeci

2045 3685 2389 3746 occupantes
2447 3675 2884 3742 Hellespontum,
2922 3686 3024 3725 nec
3060 3670 3351 3724 transitum
3402 3669 3454 3722 in
3502 3668 3612 3721 Eu-

2045 3788 2238 3842 ropam
2271 3773 2492 3835 darent,
2528 3781 2584 3824 et
2621 3769 2825 3823 milites
2857 3767 3156 3836 Mustaphae
3198 3767 3252 3819 in
3284 3767 3410 3820 Asia
3447 3767 3616 3818 inter-

2043 3866 2312 3928 ciderent,
2356 3864 2499 3917 inter
2527 3877 2586 3916 se
2631 3862 2890 3915 collocuti
2939 3868 3067 3913 sunt
3093 3860 3266 3911 varia.
3299 3857 3512 3912 Postea.
3548 3872 3612 3910 ea

2046 3967 2206 4011 nocte
2245 3970 2368 4024 quae
2423 3957 2672 4007 insecuta
2709 3959 2820 4016 est,
2869 3950 3131 4004 Zunaites
3173 3947 3420 4018 Smyrnae
3461 3947 3615 4013 prin-

2041 4063 2196 4117 ceps,
2258 4044 2546 4114 Mustapha
2604 4042 2822 4102 relicto.
2885 4044 2950 4094 ad
3011 4048 3302 4109 paternum
3363 4037 3613 4106 profugit

2045 4141 2437 4211 principatum.
2492 4134 2842 4205 Aufugerunt
2870 4142 2924 4188 et
2956 4133 3155 4203 reliqui
3187 4133 3377 4198 duces,
3423 4146 3614 4200 parum

2046 4232 2274 4286 ﬁdentes
2321 4227 2625 4295 Mustapbaa
2664 4226 2913 4280 fortunae.
2961 4223 3031 4279 Ut
3078 4221 3469 4277 animadvertit
3501 4221 3619 4273 Mu-

2043 4325 2269 4394 stapbas
2298 4336 2432 4376 suos
2463 4319 2740 4375 exercitus
2779 4317 2970 4381 dilabi,
3000 4316 3104 4371 sibi
3133 4327 3353 4384 quoque
3389 4312 3610 4365 tandem

2046 4419 2265 4482 timens,
2320 4415 2444 4485 iuga
2498 4426 2844 4482 praepropera
2880 4409 2947 4463 ad
2997 4422 3152 4462 mare
3202 4423 3263 4460 se
3325 4405 3618 4474 proripuit.

2025 4509 2220 4565 .Grzeci
2256 4511 2349 4577 qui
2385 4506 2667 4574 elegerant
2702 4501 3065 4570 Mustapham,
3102 4512 3338 4565 eumque
3374 4495 3478 4550 sibi
3526 4509 3620 4548 so-

361 4591 469 4654 Ὦς
494 4591 551 4642 δὲ
603 4588 942 4657 Μουσταφᾶς
993 4587 1174 4641 διιδὼν
1229 4590 1298 4642 τὰ
1352 4591 1740 4660 στρατεύματα
1789 4589 1935 4658 αύτῷ

2051 4600 2194 4655 cium
2250 4607 2602 4668 paraverant,
2644 4595 2876 4649 navibus
2927 4593 3243 4660 imposuere
3302 4587 3528 4650 milites,
3563 4595 3619 4640 et

359 4681 858 4751 ἀποδιδράσκοντα,
891 4682 1020 4750 περὶ
1059 4681 1208 4752 αύτῷ
1235 4682 1444 4745 δεδιὼς,
1470 4683 1680 4754 ἀπέδρα
1715 4683 1812 4735 καὶ
1841 4683 1940 4734 αύ-

355 4775 456 4837 τδς
492 4775 587 4826 ἐπὶ
657 4772 952 4828 θάλασσαν.
1006 4773 1268 4844 Ἕλληνες
1326 4775 1511 4844 μέντοι
1564 4774 1640 4837 ὡς
1693 4774 1941 4844 ἑλόμενοι

356 4868 705 4936 Μουσταφᾶν
737 4868 890 4934 σφίσι
940 4868 1232 4938 σύμμαχον
1263 4863 1427 4932 εἶναι,
1473 4868 1803 4938 ἐπλήρωσαν
1842 4866 1942 4930 τὰς

355 4960 522 5023 ναῦς,
556 4963 650 5012 καὶ
683 4959 949 5015 ἐπέπλεον
981 4962 1074 5014 ἐπὶ
1107 4960 1522 5029 Ἑλλήσποντον.
1576 4960 1845 5022 Βασιλεὺς
1881 4959 1939 5013 δὲ

355 5052 529 5114 αὐτὸς
560 5052 862 5115 Βυζαντίου
897 5054 954 5104 ἐν
1003 5052 1393 5122 Προικοννήσῳ
1428 5052 1743 5124 γενόμενος,
1781 5053 1939 5122 ἐσχό-

355 5142 498 5207 λαξέ
527 5160 587 5194 τε
623 5145 752 5214 περὶ
797 5143 1058 5211 γυναικὸς
1090 5143 1289 5214 ἔρωτα,
1326 5139 1393 5216 ἦς
1443 5144 1583 5213 ἐρῶν
1607 5159 1621 5173 °
1671 5144 1940 5214 ἐτύγχανε

357 5243 480 5307 γὰρ
513 5238 701 5308 ἱερέως
731 5239 998 5308 θυγάτηρ,
1041 5240 1138 5290 καὶ
1166 5239 1352 5290 ούκιέν
1379 5238 1552 5292 δέοντι
1578 5239 1938 5306 παρεγένετο,

359 5331 509 5382 ὥστε
537 5328 870 5380 διακωλῦσαι
901 5328 1248 5399 Ἀμουράτην
1279 5330 1334 5390 ἐς
1362 5327 1463 5398 τὴν
1509 5328 1784 5400 Εὐρώπην
1815 5330 1941 5396 ἀφι-

355 5421 582 5477 κέσθαι.
620 5421 962 5491 Ἀμουράτης
995 5422 1093 5490 μὲν
1119 5421 1203 5489 δὴ,
1240 5419 1314 5484 ὡς
1337 5421 1570 5491 τάχιστα
1601 5421 1787 5491 ἡμέρα
1818 5424 1942 5488 ἐγε-

359 5518 538 5585 γόνει,
577 5519 672 5569 καί
729 5515 940 5568 κατεῖδε
995 5515 1055 5567 τὸ
1120 5516 1484 5587 στρατόπεδον
1527 5517 1636 5568 τῶν
1665 5515 1942 5584 πολεμίων

357 5612 545 5673 κενὸν,
581 5611 673 5663 καὶ
701 5610 805 5662 ὑπὸ
853 5608 950 5680 τὴν
998 5610 1292 5680 οἰχομένην
1346 5610 1517 5663 νύκτα
1569 5610 1812 5680 ἁποδρᾷν
1857 5624 1941 5670 τε,

2046 4691 2381 4761 navigarunt
2419 4691 2474 4743 in
2512 4688 2950 4756 Hellespontum.
2987 4683 3102 4736 Rex
3147 4691 3328 4734 autem
3367 4680 3617 4749 Byzantii
3690 4707 3696 4760 ς

2043 4800 2168 4841 cum
2211 4783 2363 4852 121
2399 4781 2540 4835 foret
2575 4781 2630 4834 in
2653 4778 3046 4836 Prteconneso.
3095 4772 3270 4826 amori
3302 4773 3618 4841 importuno

2045 4877 2315 4938 mulieris,
2346 4889 2510 4941 quam
2537 4874 2778 4934 amabat,
2809 4881 3028 4937 operam
3055 4864 3240 4920 dabat.
3275 4864 3400 4918 Haec
3429 4870 3613 4917 autem

2046 4968 2355 5026 sacerdotis
2379 4965 2666 5034 cujusdam
2703 4963 2813 5016 ﬁlia
2844 4969 2984 5014 erat.
3018 4958 3129 5012 Nec
3157 4972 3292 5013 sane
3320 4955 3616 5009 admodum

2050 5069 2362 5130 opportune
2391 5059 2465 5112 ibi
2495 5058 2713 5112 vivebat
2750 5073 2763 5109 :
2801 5051 3036 5107 transitu
3069 5052 3216 5105 enim
3251 5050 3304 5102 in
3342 5048 3617 5116 EurOpam

2047 5156 2340 5208 Amurates
2384 5149 2658 5206 arcendus
2715 5155 2857 5198 erat.
2913 5145 3228 5204 Amurates,
3279 5149 3339 5193 ut
3384 5139 3618 5206 primum

2050 5246 2168 5300 dies
2219 5243 2419 5303 illuxit.
2455 5251 2638 5295 castra
2687 5235 2929 5290 hostium
2971 5248 3142 5289 vacua
3185 5241 3238 5284 et
3269 5231 3482 5282 deserta
3527 5225 3622 5277 de-

2047 5337 2358 5405 prehendit.
2399 5333 2668 5403 Azapides
2715 5338 2894 5382 autem
2950 5341 3151 5380 manus
3194 5322 3470 5391 supplices
3499 5325 3622 5371 ten.

2049 5429 2274 5488 debant,
2319 5437 2578 5495 rogantes
2626 5437 2694 5477 ne
2751 5421 2805 5474 in
2853 5436 2912 5474 se
2943 5435 2971 5472 a
3010 5420 3127 5473 suis
3160 5414 3444 5484 equitibus
3477 5410 3619 5464 item:

2050 5521 2302 5575 desertos
2327 5528 2382 5572 et
2419 5517 2664 5587 proditos
2706 5514 2902 5569 saevire
2927 5518 3220 5566 statueret.
3252 5507 3424 5560 Ponte
3454 5504 3620 5574 igitur

2048 5614 2344 5667 Amurates
2408 5611 2584 5664 lacum
2641 5622 2764 5663 cum
2805 5605 3063 5675 iungens,
3121 5617 3284 5684 quam
3335 5597 3621 5664 celerrime

1671 5746 1909 5808 Notulm
1947 5748 2351 5826 marginales.

433 5876 480 5907 1‘
513 5877 701 5928 ῑκοιεν.
756 5872 816 5927 Ii.
854 5882 910 5926 ut
938 5874 990 5925 in
1025 5888 1074 5926 ε.
