4032 6412
280 417 386 484 233

1381 417 1478 477 DE
1510 411 1763 474 REBUS
1789 407 2148 472 TURClClS
2178 407 2320 468 LIB.
2344 407 2408 468 V.
3429 399 3538 462 234

284 533 475 603 ἠθύμει
511 547 524 561 ·
549 529 687 600 ᾤετο
720 528 776 581 δὲ
809 505 1061 598 αἱρήσειν
1113 526 1210 597 τὴν
1263 526 1434 581 πόλιν.
1505 523 1852 596 Διατρίϐοντι

1970 517 2151 572 urbem
2214 522 2633 587 occupaturum.
2676 512 2854 568 Maras
2917 511 3080 583 igitur
3111 525 3234 567 cum
3293 520 3535 566 noctere'

287 625 342 677 δὲ
372 622 515 692 αὕτῷ
542 621 1016 691 ὲπεκηρυκεύοντό
1044 637 1103 672 τε
1164 620 1214 671 oi
1255 619 1538 689 Ἕλληνες,
1587 617 1704 671 ἀλλ’
1743 616 1852 668 οὐδ’

294 716 366 778 ὡς
386 716 564 786 ἢθελεν
592 715 778 775 αὐτοῖς
836 713 1184 768 σπένδεσθαι.
1230 713 1365 766 Μετ’
1419 715 1480 765 οὑ
1533 711 1592 764 δὲ
1647 710 1850 770 πολλὰς

296 804 924 876 ήμέραίἀπεχώρειὲπ⁹
973 806 1150 868 οίκου,
1207 804 1304 857 καὶ
1355 802 1426 856 τὰ
1471 801 1851 870 στρατεύματα

296 898 428 966 αὑτῷ
458 896 658 964 διῆκεν.
685 899 750 950 Oi
781 897 879 965 μὲν
907 893 1001 950 οὖν
1020 896 1287 966 Ἕλληνες
1309 895 1572 963 πρέσϐεις
1599 910 1656 946 τε
1680 894 1851 961 ἐπεμ-

292 1005 384 1042 πον
429 987 573 1058 παρὰ
613 987 964 1058 ’Δμουρατην
1017 987 1112 1040 καὶ
1136 987 1344 1040 ἐδέοντο
1375 1001 1389 1014 ⁶
1421 987 1450 1039 6
1503 984 1560 1038 δὲ
1597 986 1854 1053 ἀπεπέμ-

290 1102 432 1145 πετο,
463 1086 555 1136 καὶ
577 1083 640 1136 οὐ
672 1082 934 1152 προσίετο
961 1083 1060 1152 τὴν
1088 1082 1336 1146 ἀξίωσιν.
1384 1080 1540 1136 Μετὰ
1565 1079 1623 1132 δὲ
1656 1078 1851 1144 ταῦτα,

284 1175 354 1239 ὡς
383 1175 744 1244 πειρωμένοις
780 1174 898 1235 τοῖς
951 1171 1178 1240 Ἕλλησι
1221 1171 1330 1224 τῶν
1392 1169 1639 1224 σπονδῶν
1699 1169 1855 1222 οὺδὶν

282 1267 582 1337 προεχώρει
611 1306 628 1331 ,
681 1265 979 1334 τρέπονται
1047 1265 1141 1318 ἐπὶ
1197 1264 1292 1318 τὸν
1349 1265 1708 1330 Μουσταφᾶν,
1765 1263 1857 1316 τὸν

276 1359 572 1428 Μεχμέτεω
598 1357 788 1411 παῖδα.
824 1358 1027 1427 Ἔτυχε
1067 1357 1124 1411 δὲ
1149 1355 1441 1428 διατρίϐων
1468 1357 1622 1428 παρᾶ
1639 1358 1716 1429 τῷ
1745 1358 1858 1412 Και-

276 1448 501 1518 ραμάιιῳ
549 1448 655 1517 τὴν
684 1447 899 1501 δίαιταν
919 1446 1271 1517 ποιούμενος.
1311 1448 1580 1518 Πρέσϐεις
1607 1450 1664 1504 δὲ
1720 1451 1862 1520 πέμ-

271 1537 487 1606 ψαντες,
513 1539 934 1608 μετεπέμποντο
951 1541 1042 1592 επὶ
1065 1540 1358 1604 Βυζάντιον
1374 1541 1467 1594 τὸν
1491 1529 1678 1608 παῖδα,
1705 1560 1863 1611 γεγο-

272 1630 398 1684 νότα
425 1631 574 1701 ἀμφὶ
596 1632 666 1684 τὰ
689 1633 1055 1702 τρισκαίδεκα
1088 1632 1206 1702 ἔτη.
1268 1633 1424 1686 Ἐπεὶ
1455 1633 1512 1686 δὲ
1546 1635 1776 1703 ἀφίκετο
1803 1637 1861 1700 ὲς

271 1721 567 1786 Βυζάντιον
594 1723 623 1775 6
646 1724 797 1788 παῖς,
830 1723 1049 1793 ἔπεμπε
1073 1723 1268 1792 λόγους
1323 1725 1474 1795 παρὰ
1520 1727 1650 1791 τοὺς
1687 1727 1865 1798 Τούρ-

268 1830 416 1877 κους,
457 1813 675 1883 μεγάλα
697 1831 756 1868 τε
809 1814 1273 1885 ὑπισχνούμενος,
1315 1818 1411 1870 καὶ
1471 1818 1676 1888 μετιὼν
1729 1819 1862 1873 ικα-

1963 624 2064 663 nec
2093 609 2160 660 ab
2187 608 2338 670 urbis
2365 607 2648 661 obsidione
2674 604 3006 668 discederet,
3035 603 3349 659 Grmcorum
3379 603 3537 674 legati

1961 704 2206 764 veniunt.
2253 716 2441 773 pacem
2477 710 2533 755 et
2568 700 2743 754 ίωειιιε
2793 706 3053 768 petentes.
3101 694 3172 750 At
3227 697 3341 764 ipse
3393 694 3544 749 (Irm-

1962 813 2056 852 cos
2136 796 2190 849 in
2272 793 2456 848 foedus
2531 791 2807 862 suscipere
2898 790 3295 860 aspernabatur
3356 804 3370 841 :
3442 804 3545 843 nec

1961 885 2148 941 multis
2207 884 2397 939 diebus
2431 889 2554 952 post
2619 896 2677 936 re
2720 880 2919 935 infecta
2973 880 3195 933 domum
3284 893 3544 933 reversus

1961 989 2065 1034 est.
2103 978 2286 1047 Cupiae
2337 991 2466 1030 vero
2493 975 2612 1045 ejus
2663 988 2856 1028 omnes
2889 970 3273 1026 dilabebantur
3305 968 3372 1023 ad
3419 985 3539 1023 sua.

1962 1071 2140 1127 Graeci
2167 1071 2379 1140 legatos
2411 1071 2488 1124 ire
2513 1067 2798 1136 jusserunt
2844 1067 2910 1119 ad
2938 1065 3281 1126 Amuratem,
3327 1071 3541 1116 oratum

1964 1176 2154 1232 pacem
2187 1179 2200 1216 :
2231 1175 2369 1231 quos
2385 1159 2590 1214 dimisit
2618 1157 2927 1220 Amurates,
2957 1155 3196 1223 ipsorum
3224 1151 3542 1221 petitionem

1965 1269 2272 1312 aversatus.
2305 1255 2442 1310 Cum
2505 1253 2668 1326 igitur
2726 1252 2897 1308 ὃταιεί
2953 1248 3279 1304 affectarent
3313 1247 3546 1301 summis

1966 1351 2108 1405 votis
2175 1363 2387 1417 pacem,
2447 1361 2552 1401 nec
2611 1355 2796 1400 tamen
2849 1358 2967 1398 eam
3035 1341 3419 1408 impetrarent,
3476 1339 3544 1392 ad

1967 1438 2312 1506 Blustapbam
2364 1445 2800 1498 convertuntur,
2857 1431 3180 1488 hleclnnetis
3231 1431 3425 1486 lilium.
3471 1431 3546 1484 Ea

1969 1536 2296 1599 tempestate
2327 1528 2374 1583 is
2406 1526 2550 1598 apud
2584 1527 2952 1582 Caramanum
3005 1525 3218 1594 agebat,
3253 1523 3457 1577 victum
3493 1532 3549 1576 et

1968 1621 2282 1675 necessaria
2332 1620 2401 1674 ab
2463 1634 2532 1675 eo
2587 1619 2836 1690 capiens.
2883 1616 3062 1673 Missis
3106 1617 3276 1688 igitur
3333 1615 3544 1686 legatis,

1969 1710 2146 1766 Graeci
2197 1710 2544 1780 Mustapham
2598 1711 2922 1767 Mechmetis
2957 1711 3149 1778 filium,
3208 1725 3334 1764 cum
3387 1717 3550 1763 natus

1970 1813 2118 1860 esset
2151 1819 2328 1861 annos
2364 1803 2645 1897 tredecim,
2691 1812 3010 1860 accersunt.
3036 1803 3180 1858 Puer
3219 1804 3311 1857 ubi
3339 1801 3551 1872 Byzan-

270 1921 412 1970 στον,
444 1904 822 1974 ἐπηγγέλλετο
839 1905 1112 1977 διπλασίῳ
1163 1906 1410 1970 πάντων,
1439 1885 1518 1962 ὧν
1561 1903 1711 1977 εῖχεν
1757 1909 1862 1963 ὑπὸ

1970 1899 2105 1954 tium
2133 1899 2302 1965 venit,
2339 1885 2625 1954 sermon'cs
2651 1899 2857 1969 sparsit
2905 1913 3002 1969 per
3056 1898 3288 1964 Turcos,
3339 1895 3552 1967 magnis

281 1997 664 2066 Ἀμουράτεω.
699 1998 810 2050 Καὶ
849 1999 1236 2068 ηὐτομόλησαν
1280 2000 1384 2070 μέν
1431 2015 1574 2064 τινες
1627 2000 1862 2072 Τοῦρκοι

269 2091 416 2160 παρὰ
445 2091 539 2143 τὸν
571 2089 760 2156 παῖδα,
790 2091 852 2143 οὐ
878 2090 1064 2145 πολλοὶ
1090 2091 1170 2144 δέ.
1211 2090 1270 2144 Ὀ
1299 2091 1486 2160 μέντοι
1507 2094 1661 2154 παῖς,
1684 2093 1742 2156 ἐς
1764 2091 1863 2162 τὴν

280 2183 464 2236 ’Λαίαν
493 2183 712 2250 διαϐὰς,
745 2183 1252 2253 συνεπιλαϐομένου
1297 2184 1391 2237 καὶ
1437 2183 1531 2236 τοῦ
1590 2183 1864 2254 Ἐλλήνων

269 2274 556 2352 βασιλέως,
596 2275 658 2328 τό
689 2291 749 2328 τε
791 2273 965 2345 Ἱερὸν
1003 2273 1344 2345 καλούμενον
1403 2274 1857 2346 ἐξεπολιόρκησε.

269 2368 376 2420 Καὶ
400 2366 836 2437 προσελαύνοντι
863 2367 1016 2437 αὐτῷ
1045 2366 1136 2425 διὰ
1190 2367 1291 2436 τῆς
1338 2368 1527 2432 Ἀσίας
1581 2368 1865 2440 προσεχώ-

271 2476 395 2530 ρουν
423 2477 479 2515 τε
509 2461 562 2515 οί
592 2461 710 2515 ἀπὸ
728 2462 829 2530 τῆς
874 2461 1063 2525 Ἀσίας
1121 2461 1382 2531 Τοῦρκοι,
1441 2462 1540 2516 ᾶτε
1599 2462 1865 2533 βασιλέως

270 2554 420 2607 παιδῖ
446 2553 590 2608 ὄντι.
660 2553 932 2607 Ἐνταῦθα
967 2553 1224 2623 Ἀλιάζης
1265 2553 1296 2606 6
1328 2555 1565 2625 οἰνοχόος
1611 2554 1864 2626 ἐπίκλην,

269 2645 451 2698 τοῦτον
480 2647 578 2700 τὸν
613 2645 781 2699 παῖδα
839 2645 1325 2716 ἐπιτετραμμένος
1377 2647 1484 2699 ὑπὸ
1535 2646 1865 2717 Μεχμέτεω,

269 2734 584 2787 συντίθεται
618 2733 914 2806 προδοσίαν
964 2734 1045 2805 τῷ
1095 2735 1436 2809 ’Δμουρὰτῃ,
1501 2737 1646 2791 ὥστε
1689 2754 1866 2794 κατα·

265 2827 566 2897 προδοῦναι
587 2826 740 2896 αὺτῷ
766 2827 829 2880 τὸ
854 2826 1097 2883 παιδίον.
1125 2828 1236 2882 Καὶ
1260 2828 1632 2893 ὡςσυνίθετο
1691 2830 1867 2902 αὐτῷ,

266 2922 554 2990 ἔπρασσεν
609 2919 753 2974 ὥστε
797 2921 890 2974 τὸν
931 2920 1099 2976 παῖδα
1133 2921 1288 2994 αὐτῷ
1321 2923 1617 2994 παραδοίη.
1671 2925 1870 2994 Διεσή-

272 3017 427 3082 μαινε
458 3032 526 3069 τι
564 3015 800 3084 πέμπων
825 3014 1084 3084 ἄγγελον,
1111 3015 1237 3070 ὅποι
1286 3015 1582 3086 διατρίϐων
1612 3019 1870 3088 τυγχάνοι

269 3109 296 3159 6
317 3109 462 3166 παῖς.
507 3106 613 3170 Ὠς
643 3105 747 3175 μὲν
769 3102 866 3160 οὖν
893 3108 950 3171 ἐς
969 3107 1209 3161 Νίκαιαν
1256 3107 1486 3176 ἀφίκετο
1515 3108 1546 3160 ό
1591 3110 1743 3174 παῖς,
1771 3111 1872 3178 τήν

1965 1991 2256 2062 promissis
2325 2006 2422 2046 eos
2452 1990 2762 2046 accendens
2790 2029 2806 2055 ,
2869 1991 3234 2060 prebensabat
3265 1989 3509 2059 singulos
3533 2026 3550 2052 ,

1967 2081 2167 2151 quibus
2199 2082 2554 2151 promittebat
2586 2081 2812 2151 duplum
2849 2097 3040 2136 eorum
3075 2097 3196 2150 quae
3251 2084 3352 2135 sub
3384 2084 3553 2134 Amu-

1968 2182 2088 2230 rate
2119 2173 2448 2229 habuissent
2493 2181 2840 2243 accepturos.
2897 2175 2966 2229 Et
3003 2175 3226 2243 quidam
3257 2170 3446 2236 Turci.
3498 2184 3552 2226 at

1967 2265 2150 2337 pauci.
2172 2267 2239 2322 ad
2262 2283 2498 2336 puerum
2533 2265 2701 2322 istum
2751 2266 3150 2337 transfugiunt.
3194 2267 3340 2320 Puer
3366 2275 3552 2320 autem

1969 2367 2354 2429 transgressus
2407 2361 2463 2415 in
2517 2361 2723 2426 Asiam,
2773 2360 2980 2417 auxilio
3037 2355 3354 2416 Grecorum
3406 2359 3552 2430 regis

1971 2452 2299 2518 instructus,
2347 2457 2530 2509 locum
2585 2453 2682 2525 qui
2715 2454 2832 2524 (54)
2867 2451 3156 2524 Templum
3213 2453 3550 2518 nominatur,

1969 2547 2324 2616 expugnavit.
2376 2543 2487 2602 lter
2534 2544 2760 2601 facienti
2817 2560 2918 2617 per
2985 2546 3193 2609 Asiam,
3233 2543 3402 2599 Turci
3458 2547 3553 2615 qui

1972 2636 2048 2690 ibi
2079 2647 2237 2692 erant
2259 2636 2725 2706 adjungebantur,
2762 2645 2824 2691 ut
2879 2637 2974 2708 qui
3019 2647 3164 2692 esset
3196 2638 3342 2708 regis
3387 2636 3553 2692 filius.

1971 2725 2052 2782 lbi
2077 2724 2202 2781 'tum
2228 2729 2444 2784 Aliazes
2460 2737 2824 2800 cognomento
2853 2729 3198 2801 Saraptarcs,
3233 2731 3351 2784 sive
3381 2729 3558 2799 pocil-

1973 2821 2137 2886 lator,
2175 2821 2264 2876 cui
2299 2823 2367 2877 ab
2395 2821 2699 2878 Mcchmete
2748 2839 2885 2894 puer
2935 2825 3029 2881 ille
3061 2831 3396 2880 commlssus
3419 2834 3558 2889 erat,

1973 2929 2072 2984 per
2111 2915 2480 2985 proditionem
2535 2917 2782 2971 Amurati
2823 2931 3058 2987 puerum
3117 2916 3278 2988 125
3338 2919 3560 2975 tradere

1974 3005 2290 3076 paciscitur.
2356 3008 2537 3063 Paetis
2578 3018 2759 3063 autem
2783 3010 2921 3065 satis
2950 3005 3202 3073 ﬁrmatis,
3227 3011 3557 3064 eunclusnm

1972 3107 2079 3164 est,
2143 3109 2199 3154 ut
2260 3117 2395 3168 puer
2448 3101 2703 3157 Atnurati
2757 3105 3102 3173 proderetur.
3156 3103 3322 3160 Misso
3377 3107 3562 3175 itaque

272 3212 328 3249 τε
375 3196 627 3251 Νίκαιαν
695 3195 1036 3266 ὑπηγάγετο,
1080 3198 1176 3251 καὶ
1223 3195 1456 3250 ἐνταῦθα
1501 3197 1792 3270 διατρίϐων
1843 3201 1866 3252 6

1977 3193 2170 3247 nuntio
2205 3193 2533 3264 siginlicavit
2556 3197 2830 3257 Amurati.
2867 3197 3088 3252 ubinam
3119 3207 3390 3254 terrarum
3421 3218 3560 3272 puer

275 3287 419 3353 παῖς,
449 3285 656 3358 μετῄει
679 3287 806 3346 τοὺς
851 3287 992 3340 κατᾶ
1042 3286 1143 3356 τὴν
1182 3286 1372 3338 Ἀσίαν
1431 3287 1710 3356 ἀρίστους.
1757 3287 1866 3340 Καὶ

1979 3294 2188 3355 ageret.
2215 3287 2350 3342 Cum
2381 3303 2518 3358 puer
2533 3285 2768 3343 Nicream
2801 3291 3070 3354 venisset,
3106 3292 3293 3348 urbem
3320 3308 3440 3348 eam
3470 3312 3565 3350 ce-

277 3377 346 3440 t'o;
378 3379 480 3450 ἤδη
517 3375 738 3448 χειμὼν
791 3373 880 3447 ἦν,
925 3375 1254 3430 διεκωλύετο
1313 3377 1371 3440 ὲς
1422 3377 1484 3429 τὸ
1527 3377 1714 3446 πρόσω
1772 3378 1871 3446 τῆς

294 3469 467 3532 Ἀσίας
498 3469 666 3522 ἰέναι.
697 3467 969 3522 Ἐνταῦοα
997 3467 1305 3539 πυθόμενος
1338 3467 1689 3538 ’Δμουράτης
1717 3471 1872 3540 παρα

300 3561 556 3629 Ἀλιάζεω
579 3563 676 3618 τοῦ
709 3563 1049 3633 Σαραπτάρη
1073 3563 1173 3634 τήν
1201 3580 1260 3617 τε
1285 3562 1573 3633 διατρ.ϐὴν
1596 3563 1690 3616 τοῦ
1737 3549 1870 3614 παι-

283 3655 364 3719 ὣς
389 3659 442 3709 ἐν
463 3659 538 3727 τῇ
573 3655 751 3722 πόλει,
777 3653 960 3709 λαϐὼν
991 3653 1138 3723 ἀμφὶ
1168 3653 1298 3716 τοὺς
1331 3652 1737 3721 ἑξακισχιλίους
1762 3652 1872 3705 τῶν

283 3749 474 3822 θυρῶν,
501 3750 588 3815 ὡς
613 3745 727 3820 εἶχε
757 3749 980 3818 τάχους,
1010 3747 1343 3817 ἀφικόμενος
1370 3747 1464 3800 ἐπὶ
1499 3748 1590 3801 τὸν
1644 3747 1872 3817 Ἑλλήσ-

279 3857 470 3897 ποντον
529 3843 628 3895 καὶ
690 3840 904 3905 διαϐὰς,
937 3839 1174 3912 ἤλαυνεν
1224 3840 1356 3894 εὐθὺ
1408 3839 1684 3903 Βιθυνίας.
1717 3839 1872 3894 Ἐπι·

279 3935 459 3992 πεσὼν
490 3933 556 3990 δὲ
581 3934 740 4005 ἄφνω
763 3937 825 3995 ἐς
863 3933 965 4003 τὴν
997 3932 1173 3997 πόλιν,
1228 3932 1606 4003 συλλαμϐάνει
1657 3948 1718 3986 τε
1779 3933 1873 3984 τὸν

282 4029 445 4082 παῖδα
471 4026 646 4082 αὑτοῦ
679 4023 875 4096 ταύτῃ,
925 4023 1317 4095 παραδιδόντος
1373 4023 1525 4093 αὐτῴ
1554 4021 1646 4076 τοῦ
1691 4022 1874 4078 ’Δλιά-

278 4120 404 4185 ζεω.
439 4121 502 4176 Ὀ
537 4118 639 4190 μὲν
669 4119 778 4190 γὰρ
819 4120 974 4183 παῖς,
1023 4118 1116 4172 ἆτε
1150 4116 1310 4170 τοῦτο
1364 4116 1688 4186 πυθόμενος,
1711 4119 1875 4170 κατέ-

276 4229 448 4281 φνγεν
468 4211 562 4265 ἐπ’
584 4211 769 4274 αὑτὸν,
793 4208 870 4273 ὡς
901 4209 997 4262 ἐπὶ
1045 4209 1321 4280 σωτηρίαν
1346 4211 1496 4279 σφίσι
1516 4212 1836 4280 τράπωνται
1853 4224 1866 4239 ·

276 4307 305 4356 ὁ
329 4306 384 4359 δὲ
404 4305 652 4359 κελεύων
684 4303 762 4372 μὴ
797 4303 1098 4358 δεδοικέναι
1129 4305 1220 4357 τὸν
1251 4304 1439 4369 παῖδα,
1495 4305 1736 4374 ἐπέμενε
1781 4303 1873 4355 τὸν

1977 3376 2100 3446 pit:
2138 3388 2346 3432 etcum
2392 3379 2482 3432 ubi
2529 3393 2860 3448 moraretur,
2909 3385 3205 3454 optimates
3251 3385 3560 3443 Turcorum

1975 3470 2328 3525 conciliabat.
2384 3469 2570 3526 Hiems
2627 3483 2770 3537 erat,
2826 3490 2934 3544 qua
2985 3476 3380 3548 prohibebatur
3427 3497 3565 3551 puer

1977 3561 2197 3630 longius
2265 3565 2588 3632 procedere.
2645 3569 2943 3622 Amurates
3009 3586 3136 3623 cum
3197 3572 3565 3630 intellexisset

1977 3667 2206 3721 puerum
2241 3652 2435 3708 Nicaea:
2461 3657 2694 3721 versari,
2731 3659 3021 3714 nuntiante
3073 3662 3125 3714 id
3157 3665 3342 3718 Aliaze
3400 3668 3566 3722 Sara-

1979 3753 2154 3814 ptare,
2185 3746 2480 3816 assumptis
2529 3748 2710 3803 sexies
2749 3748 2896 3802 mille
2921 3750 3216 3819 januarum
3268 3756 3560 3821 militibus,

1979 3836 2128 3890 venit
2156 3853 2319 3906 quam
2367 3839 2630 3896 ocissime
2663 3841 2714 3894 in
2769 3841 3181 3911 Hellespontum
3216 3863 3231 3901 :
3267 3859 3320 3901 et
3385 3857 3565 3904 trans-

1978 3926 2120 3993 iens,
2184 3941 2334 3983 recta
2370 3931 2503 3984 abiit
2531 3932 2584 3985 in
2615 3932 2947 4004 Bithyniam.
2981 3935 3046 3989 lit.
3079 3953 3202 3990 cum
3241 3940 3562 4010 inoliinatus

1920 4075 1924 4079 _
1976 4034 2033 4075 et
2059 4021 2393 4092 improvisus
2421 4023 2674 4080 irruisset
2699 4026 2754 4080 in
2780 4027 2995 4096 urbem,
3025 4046 3254 4100 puerum
3279 4035 3346 4088 ab
3376 4035 3564 4091 Aliazo

1975 4114 2252 4183 proditum
2269 4117 2868 4186 comprehenditJ’uer
2882 4123 3056 4188 enim,
3073 4126 3286 4179 excitus
3305 4127 3562 4191 tumultu,

1978 4207 2300 4277 confugerat
2330 4209 2396 4263 ad
2429 4209 2698 4276 Aliazem,
2733 4214 2822 4268 cui
2851 4213 3169 4282 obediebat,
3205 4229 3262 4271 ut
3286 4234 3345 4272 se
3373 4221 3565 4275 defen-

1977 4299 2132 4354 deret
2159 4303 2230 4354 ab
2266 4301 2580 4358 imminenti
2626 4305 2893 4374 periculo.
2933 4307 3147 4363 Aliazes
3197 4327 3426 4379 puerum
3455 4331 3565 4368 me-

278 4399 516 4468 ἀδελφὸν
545 4396 643 4450 τοῦ
670 4395 884 4461 παιδὸς,
911 4398 1008 4450 καὶ
1037 4394 1248 4448 ἐλθόντι
1273 4395 1329 4460 ἐς
1364 4396 1433 4450 τὰ
1468 4395 1718 4464 βασίλεια
1773 4397 1866 4466 τῆς

1979 4401 2095 4445 turn
2137 4395 2411 4460 omittere,
2465 4403 2519 4449 ct
2559 4396 2705 4452 bono
2751 4398 2939 4452 animo
2989 4415 3114 4454 esse
3142 4401 3320 4468 jubet,
3377 4415 3430 4457 et
3481 4407 3563 4459 sic

279 4493 518 4557 πόλεως,
543 4490 849 4562 ἐνεχείρισε
879 4488 972 4542 τὸν
998 4489 1163 4542 παῖδα
1194 4487 1367 4558 αὐτῷ.
1425 4488 1628 4542 Τοῦτον
1688 4489 1866 4558 μέντοι

1978 4488 2100 4556 ejus
2149 4487 2374 4542 fratrem
2418 4498 2722 4560 exspectat.
2772 4491 2872 4544 Cui
2915 4491 3004 4545 ubi
3052 4495 3106 4545 in
3160 4497 3363 4562 regiam
3410 4499 3562 4550 urbis

277 4591 304 4640 ὁ
336 4587 694 4659 ’Δμουράτης
725 4584 930 4648 λαϐὼν,
969 4585 1179 4656 ἀγχόνῃ
1217 4581 1454 4646 ἀνεῖλεν,
1585 4580 1866 4651 νομίζεται

1977 4578 2160 4632 sedem
2219 4587 2584 4648 processerat,
2638 4594 2868 4648 puerum
2928 4581 2982 4633 in
3045 4597 3242 4636 uiantis
3291 4585 3558 4641 tradidit:

276 4683 408 4753 παρ’
451 4682 666 4742 αὐτοῖς.
692 4679 926 4746 Λέγεται
953 4677 1009 4729 δὲ
1036 4675 1305 4747 Τεζητίνη
1335 4673 1504 4744 ἄνδρα
1538 4674 1734 4741 γένους
1781 4671 1866 4726 τοί

1978 4685 2141 4740 quem
2164 4679 2447 4738 acceptum
2475 4672 2692 4740 laqueo,
2718 4680 2777 4726 ut
2797 4673 2966 4726 moris
2985 4683 3072 4727 est
3099 4690 3287 4744 regum
3321 4679 3561 4746 illorum,

275 4775 567 4842 βασιλείου
596 4770 1075 4840 τοῦἘρτζιγάνης
1110 4765 1400 4840 βασιλέως,
1429 4767 1767 4835 ἀφικόμενον
1795 4765 1877 4834 τῷ

1982 4763 2320 4834 ριωίυωνίι.
2346 4765 2516 4820 Aiunt
2540 4763 2879 4830 Tczetinetu,
2907 4766 3087 4821 virum
3120 4770 3267 4838 regio
3290 4773 3562 4842 Sanguine

274 4869 434 4932 παιδὶ
463 4867 785 4936 σύμμαχον,
825 4863 901 4928 ὡς
949 4862 1185 4916 ἐπύθετο
1243 4861 1370 4922 τοὺς
1428 4859 1723 4928 πολεμίους
1785 4859 1866 4911 ἐπί

1979 4867 2162 4911 ortum
2200 4857 2488 4926 Erziganis
2542 4859 2712 4925 regis,
2756 4859 2966 4913 auxilio
3018 4860 3236 4916 venisse
3277 4879 3465 4932 puero,
3505 4881 3567 4920 ιιι

272 4962 376 5030 τὴν
404 4959 570 5013 πόλιν
593 4956 846 5027 ἀφῖχθαι,
878 4954 1152 5014 ἐλάσαντα
1200 4955 1261 5018 ὲς
1300 4955 1504 5023 μέσους
1548 4951 1676 5016 τοὺς
1723 4951 1880 5004 πολε-

277 5052 466 5122 μίους,
501 5049 595 5104 τόν
619 5065 680 5104 τε
708 5048 983 5120 Μιχαλίην
1021 5047 1113 5101 τὸν
1169 5046 1275 5116 τῆς
1327 5043 1598 5116 Εὐρώπης
1640 5059 1877 5113 στρατη-δ

275 5145 376 5213 γδν
423 5146 524 5198 καὶ
577 5145 862 5214 πρυτανὲα
912 5140 1164 5207 ἀνελεῖν,
1226 5139 1488 5207 πολέμιον
1543 5137 1693 5206 αὐτῷ
1747 5137 1876 5191 ὅντα

279 5239 376 5289 καὶ
406 5236 638 5306 συχνοὺς
665 5234 858 5297 ἄλλους
889 5233 1172 5310 ἀνελόντα,
1205 5217 1302 5287 καὶ
1330 5230 1496 5285 αὐτὸν
1511 5229 1876 5298 τελευτῶντα,

277 5325 606 5382 ἀποθανεῖν.

354 5419 501 5472 Τότε
545 5420 645 5490 μὲν
690 5418 757 5490 δὴ
805 5416 1072 5488 Ἕλληνες
1119 5413 1265 5468 οὕτω
1314 5412 1730 5484 ἔπεπρᾶγεσαν,
1755 5412 1874 5468 ἑλό-

287 5529 448 5581 μενοι
484 5511 696 5582 αίρεσιν
738 5511 992 5565 ἐναντίαν
1037 5505 1116 5578 τῷ
1155 5506 1492 5577 ’Δμουράτῃ.
1532 5506 1576 5558 Τ
1579 5504 1644 5574 ὴν
1685 5505 1874 5574 μέντοι

283 5607 518 5674 Θέρμην
546 5604 642 5674 τῆς
667 5601 1011 5665 Μακεδονίας
1041 5599 1304 5654 ἀπέδοντο
1346 5599 1600 5664 Ἑνετοῖς,
1631 5598 1872 5652 ἀδύνατα

1982 4952 2267 5006 audiverat
2292 4951 2480 5008 hostes
2513 4953 2565 5006 in
2605 4953 2800 5007 urbem
2853 4963 3176 5020 penetrasse
3210 4972 3222 5007 :
3264 4965 3320 5010 et
3372 4960 3563 5026 conje-

1985 5045 2127 5104 cisse
2149 5060 2206 5098 sc
2242 5045 2294 5097 in
2328 5044 2538 5100 medios
2579 5044 2766 5096 hostes
2791 5060 2807 5102 ;
2836 5044 2926 5097 ubi
2972 5052 3027 5100 et
3076 5043 3418 5100 Micbalincm
3454 5047 3564 5098 Eu-

1985 5151 2130 5206 ropae
2157 5146 2210 5189 et
2250 5136 2442 5189 ducem
2475 5133 2790 5203 etjudicem
2834 5134 3047 5188 hostem
3097 5152 3257 5190 suum
3300 5136 3561 5190 COIIiI'Cil.
3667 5203 3673 5207 _

1986 5225 2232 5282 Tandem
2266 5241 2392 5281 cum
2436 5226 2702 5296 plurimos
2730 5226 2870 5282 alios
2900 5228 3018 5282 neci
3047 5227 3308 5290 dedisset,
3335 5236 3388 5280 ct
3448 5228 3563 5293 ipse

1985 5321 2263 5374 occubuit.
3359 5311 3376 5324 ’

2055 5412 2370 5468 Graecorum
2399 5431 2492 5471 res
2527 5424 2644 5470 tum
2681 5417 2762 5472 sic
2800 5418 3145 5481 habuerunt,
3184 5411 3330 5470 ‘cum
3381 5417 3561 5471 seruti

1982 5519 2166 5561 essent
2184 5517 2396 5575 partem
2435 5507 2726 5563 Mechmeti
2763 5509 3076 5566 adversam.
3114 5509 3154 5563 Τ
3164 5513 3409 5565 hermam
3446 5513 3561 5582 (35)

1984 5598 2314 5654 Macedoniae
2349 5599 2571 5656 Venetis
2629 5603 2947 5670 vendidere,
2999 5605 3339 5674 impossibile
3371 5605 3568 5664 cxisti~

1583 5741 1834 5802 Notulte
1883 5738 2288 5820 marginales.

364 5867 483 5939 \34)
511 5866 732 5923 Hieron.

619 5964 911 6032 Parum“,
935 5960 1051 6021 (in.
1109 5955 1308 6016 CLlX.

2058 5862 2168 5934 (53)
2199 5861 2240 5914 Τ
2252 5861 2677 5922 bessalonieam.
