4032 6412
232 351 334 413 249

1312 353 1412 414 DE
1445 354 1701 416 REBUS
1732 357 1829 418 TU
1846 357 2089 420 RCICIS
2129 362 2271 425 LIB.
2318 366 2382 425 ν.

3373 376 3477 438 256

231 466 508 537 βασιλέως.
537 461 656 527 ,Καὶ
684 461 809 526 τούς
836 482 898 533 γε
925 463 1196 536 ἄρχοντας
1245 466 1343 536 τῆς
1393 469 1576 539 χώρας
1625 470 1794 541 Τούρ-

1904 475 2183 532 Amttratis
2244 479 2545 546 regionem,
2595 497 2760 552 quam
2819 496 3051 554 egerunt
3087 489 3154 542 'et
3208 491 3474 559 tulerunt,

231 576 358 620 κους
391 556 684 618 ἀνελόντες,
716 555 1022 626 ἐπέδραμον
1042 558 1140 628 τὴν
1171 558 1674 629 βασιλέωςι¹χὼραν,
1705 566 1798 617 καὶ

232 649 367 722 ἦγον
400 651 492 702 καὶ
507 649 712 718 ἔφερον.
740 647 940 716 Χώραν
979 667 1038 701 τε
1083 651 1327 721 ἐρυμνὴν
1358 654 1678 722 κατέχοντες
1703 655 1800 707 αὖ·

238 745 341 805 τοὶ,
363 742 450 794 καὶ
495 739 704 810 ὀρεινὴν
736 725 837 808 ἦν
893 739 1190 809 σύμπασαν
1245 743 1337 794 καὶ
1376 746 1663 812 τραχεῖαν.
1709 747 1800 809 Ὠς

248 836 339 904 μὲν
371 830 457 886 οὖν
487 833 653 886 ταῦτα
696 831 998 902 ἠγγέλλετο
1036 831 1266 898 βασιλεῖ,
1303 831 1563 901 ἔπεμπεν
1603 834 1794 903 Ἁλίην

244 926 332 976 τὸν
372 923 661 992 Βρενέζεω,
705 923 1016 990 στρατηγὸν
1059 919 1374 985 ἀποδείξας,
1400 921 1492 994 καὶ
1519 921 1799 992 παραδοὺς

241 1013 382 1084 αὑτῷ
417 1013 754 1084 στράτευμα,
782 1014 909 1066 ὅσον
937 1029 994 1065 τε
1030 1014 1185 1082 παρᾶ
1222 1013 1396 1079 Ἀξιὸν
1431 1014 1678 1084 ποταμὸν
1704 1015 1799 1066 καὶ

240 1105 332 1172 τῆς
373 1103 865 1175 Ἀργυροπολίχνης
885 1143 901 1167 ,
942 1105 1035 1156 καὶ
1065 1104 1464 1174 ἱπποδρόμους.
1496 1105 1610 1158 ὅσοι
1637 1105 1797 1174 τήνδε

235 1196 327 1264 τὴν
375 1195 557 1264 χώραν
607 1193 936 1259 ἐνοικοῦσιν,
991 1194 1250 1247 ἐκέλευεν
1309 1195 1579 1258 ἐπιόντα,
1609 1197 1711 1267 τήν
1739 1213 1798 1248 τε

235 1287 410 1356 χώραν
441 1285 590 1352 αύτῷ
631 1286 730 1357 τὴν
795 1285 1077 1341 Ἀλϐανῶν
1133 1288 1650 1359 καταστρέψασθαι,
1700 1288 1798 1341 καὶ

232 1378 782 1447 ἀνδραποδισάμενον,
821 1380 980 1450 ήκειν
1028 1379 1177 1450 αύτῷ
1213 1381 1416 1448 ἄγοντα
1453 1382 1543 1434 τὸν
1576 1383 1803 1452 Κομνη-

232 1468 320 1522 νοῦ
349 1470 533 1523 παῖδα.
566 1469 734 1534 Οὗτος
767 1472 866 1540 μὲν
887 1466 982 1536 οὖν
1009 1471 1194 1525 λαϐὼν
1230 1473 1324 1525 τὸν
1353 1475 1593 1543 στρατὸν
1619 1475 1797 1528 ᾶπανο

230 1579 310 1626 τα,
344 1561 600 1616 ἐσέϐαλεν
653 1564 710 1625 ἐς
747 1562 845 1634 τὴν
896 1562 1103 1633 χώραν,
1138 1567 1234 1620 καὶ
1273 1567 1439 1632 πεζὸν
1491 1567 1606 1635 ἅμα
1635 1569 1799 1637 εύράο

157 1679 163 1686 ·
233 1670 384 1723 μενος
429 1653 528 1706 ούκ
581 1653 791 1721 ὀλίγον;
834 1654 924 1716 Ὠς
971 1656 1026 1708 δὲ
1066 1656 1346 1721 ἐσέϐαλον,
1383 1657 1570 1730 ἐδῄουν
1600 1677 1658 1712 τε
1698 1660 1800 1730 τὴν

229 1743 424 1816 χώραν,
460 1747 564 1798 καὶ
592 1747 952 1816 ἐνεπίμπρων
1001 1748 1182 1810 οίκίας
1212 1766 1272 1802 τε
1314 1751 1408 1803 καὶ
1448 1751 1675 1821 ἀγροὺς.
1701 1753 1791 1804 ob-

227 1823 368 1903 δενδς
401 1837 739 1907 φειδόμενοι.
783 1838 842 1891 '0
893 1841 1082 1911 μέντοι
1121 1842 1439 1913 Ἀριανίτης
1469 1844 1800 1912 συναγαγὼν

229 1929 344 1990 τοὺς
364 1930 462 1999 τῆς
504 1928 698 2000 χώρας
733 1930 939 1994 ίππέας
981 1951 1042 1987 τε
1085 1935 1180 1987 καὶ
1219 1933 1442 1999 πεζοὺς,
1474 1936 1572 1990 καὶ
1601 1937 1797 2006 ἀφικό-

230 2039 402 2090 μενος,
441 2023 868 2091 καταλαμϐάνει
902 2025 973 2078 τά
1001 2025 1172 2096 ἄκρα,
1221 2020 1255 2100 ᾖ
1304 2026 1537 2095 ἔμελλεν
1569 2027 1802 2092 ἀναζεύ-

229 2114 315 2179 ξας
355 2115 538 2186 Ἀλίης
591 2117 620 2169 6
671 2115 768 2170 τοῦ
824 2117 1108 2187 Βρενέζεω
1151 2119 1493 2183 ἐξελαύνειν.
1551 2119 1661 2174 Καὶ
1722 2119 1801 2183 ὡς

228 2207 520 2276 ἐπειρῶντο
568 2209 710 2277 μετά
747 2207 925 2262 ταῦτα
973 2209 1024 2262 ei
1058 2209 1152 2263 τού
1193 2210 1388 2264 ’Δλίεω
1412 2210 1671 2279 διελθεῖν,
1697 2213 1799 2266 οὐκ

229 2301 502 2370 ἠδύναντο,
530 2303 911 2373 ἐνισταμένων
935 2303 1045 2357 τῶν
1077 2303 1250 2375 ταύτῃ
1285 2305 1425 2374 μετά
1461 2305 1798 2376 ’Δριανίτου,

228 2394 312 2444 καὶ
340 2393 438 2447 οὐκ
466 2395 889 2462 ἐπιτρεπόντων
921 2394 1200 2459 διεξιέναι.
1248 2395 1515 2449 Ἐνταῦοα
1543 2397 1594 2450 οί
1627 2396 1799 2468 Τοῦρ-

229 2502 327 2550 κοι,
356 2485 502 2540 ἄλλοι
533 2485 664 2556 μὲν,
696 2485 773 2550 ὡς
803 2486 1221 2558 ἀπελείφθησαν
1245 2490 1306 2541 ἐν
1329 2490 1395 2558 τῇ
1435 2488 1610 2559 χώρᾳ,
1647 2489 1801 2544 ἄλλοι

228 2578 278 2631 δὲ
309 2580 444 2632 κειτά
475 2581 586 2650 τὴν
621 2579 807 2650 χώραν
839 2581 1166 2651 ἐτράποντο,
1206 2582 1330 2636 ὅποι
1384 2583 1602 2652 ἑκάστῳ
1634 2583 1802 2653 πρού-

230 2671 386 2742 lib?“
430 2669 826 2736 διαπιδξεσθαι.
872 2672 1094 2727 Τούτων
1128 2675 1178 2728 οί
1221 2675 1466 2728 πλεῖστοι
1494 2675 1798 2746 διεφθάρη-

233 2781 321 2818 σαν
361 2747 460 2818 ὑπὸ
499 2764 618 2818 τῶν
662 2764 975 2818 Ἀλϐανῶνο
1015 2767 1065 2820 οί
1097 2767 1156 2820 δὲ
1190 2765 1339 2822 ἄλλοι
1375 2768 1622 2823 tam”
1654 2787 1799 2841 παρ-

237 2857 414 2920 ιόντες.
456 2858 518 2911 ΟΞ
556 2857 617 2911 δὲ
651 2858 749 2911 σὺν
777 2856 854 2928 τῷ
896 2857 1051 2929 Ἀλίῃ
1079 2859 1556 2930 ἀποτραπόμενοι,
1592 2860 1799 2929 ταύτην

233 2951 321 3017 τὴν
352 2952 582 3020 πορείαν
611 2950 962 3019 πεδινοτέραν
1003 2951 1340 3021 ἐποιήσαντο
1387 2953 1485 3005 καὶ
1517 2953 1795 3023 ἐπιμήκη.

235 3042 334 3096 Καὶ
374 3043 692 3108 ἐξελθόντες
748 3045 806 3104 ἐς
859 3034 1284 3114 τήνσἭπειρον,
1323 3043 1424 3114 τὴν
1468 3043 1610 3098 κατά
1655 3046 1801 3116 Κέρ-

1905 565 1966 620 Et
2001 567 2220 634 quidem
2254 586 2341 625 res
2369 573 2592 642 pulchre
2624 577 3123 642 succetlehat,cum
3159 584 3262 653 ipsi
3295 588 3475 654 regio-

1905 675 2026 713 nem
2066 675 2316 727 asperam
2360 673 2413 716 et
2447 675 2789 731 montanam,
2842 669 2895 722 in
2937 686 3100 738 quam
3152 689 3210 727 sc
3250 677 3474 744 recipie-

1903 750 2057 812 bant.
2098 752 2422 808 incolerent.
2466 756 2538 811 Ut
2578 772 2772 811 rumor
2800 761 2866 813 ad
2920 776 3102 831 regem
3138 767 3244 819 ista
3284 778 3474 836 pertu-

1905 843 1989 906 lit,
2018 843 2190 898 Alieni
2226 844 2425 900 ducem
2458 849 2828 916 constituens,
2866 853 2955 907 cui
2993 857 3301 922 exercitus,
3335 876 3476 929 quos

1905 934 2096 987 ltabttit
2120 937 2276 1000 juxta
2312 937 2506 992 Axium
2542 939 2742 996 ﬂumen
2775 954 2830 997 et
2862 946 3267 1016 Argyropolim,
3303 953 3476 1006 tradi-

1900 1028 2000 1089 dit,
2038 1029 2226 1084 addito
2275 1033 2523 1100 equitatu
2574 1036 2856 1100 universo.
2904 1040 2998 1108 qui
3054 1043 3105 1094 in
3135 1057 3197 1096 ea
3251 1046 3476 1113 regione

1903 1123 2240 1188 morabatur,
2258 1126 2538 1196 iussitque
2563 1139 2621 1181 ttt
2645 1132 2980 1186 Albanorum
3019 1137 3301 1204 regionem
3334 1142 3474 1195 sub-

1904 1216 2071 1284 igeret
2105 1235 2119 1272 :
2151 1227 2204 1272 et
2259 1221 2659 1288 mancipiorum
2713 1225 2895 1293 pr.eda
2945 1237 3204 1294 onustus,
3255 1241 3474 1301 captum

1901 1323 1930 1360 ιι
1956 1307 2189 1364 'dttcens
2237 1311 2401 1364 etiam
2458 1312 2758 1370 Arianitem
2792 1317 3054 1374 Comncni
3088 1320 3284 1386 filium,
3324 1321 3474 1376 redi-

1901 1415 2007 1462 ret.
2041 1403 2138 1458 llic
2169 1418 2397 1476 accepto
2433 1409 2683 1464 exercitu
2707 1411 3296 1484 universo,zitnpctttm
3326 1415 3476 1470 dedit

1902 1499 1955 1553 in
1981 1500 2239 1553 hostilem
2273 1499 2575 1565 regionem.
2608 1516 2736 1556 cum
2773 1503 2976 1558 ibidem
3031 1506 3335 1562 invenisset
3381 1523 3476 1562 co-

1900 1592 2019 1660 pias
2060 1591 2340 1658 pedestres
2387 1592 2530 1646 haud
2585 1594 2987 1663 aspernandas.
3032 1596 3326 1666 Regionem
3379 1614 3478 1668 po-

1901 1679 2261 1750 pulabantur,
2307 1682 2462 1736 vicos
2512 1683 2792 1753 villasque
2839 1683 3230 1752 incendebant,
3267 1686 3475 1742 nemini

1905 1773 2228 1836 parcebant.
2292 1773 2590 1839 Arianites,
2650 1779 3004 1847 congregatis
3067 1794 3184 1835 suae
3236 1780 3478 1848 regionis

1904 1865 2185 1931 equitibus
2215 1872 2271 1920 et
2307 1867 2608 1935 peditibus,
2645 1869 2952 1925 adveniens
2983 1871 3295 1940 occupabat
3324 1887 3480 1927 mou-

1904 1957 2040 2012 tittm
2085 1959 2376 2015 cacumina
2407 1972 2464 2015 et
2509 1963 2844 2030 angustias:
2887 1979 2995 2033 qua
3045 1965 3289 2019 reditum
3357 1982 3480 2020 ma-

1901 2060 2121 2113 turans,
2149 2052 2492 2109 transiturus
2523 2061 2644 2108 erat
2685 2069 2812 2108 eum
2844 2054 3042 2124 copiis.
3103 2057 3241 2112 Aliis
3275 2052 3481 2110 milites

1901 2156 2027 2196 cum
2059 2151 2398 2196 conarentur
2437 2145 2702 2208 transire,
2729 2161 2839 2199 non
2872 2154 3194 2214 potuerunt,
3224 2163 3347 2201 cum
3366 2149 3480 2202 for-

1900 2232 2032 2287 titer
2090 2235 2160 2288 ab
2193 2232 2444 2289 Arianite
2499 2236 2740 2290 transitu
2803 2237 3255 2306 prohiberentur.
3310 2237 3475 2292 Tttrci

1903 2325 2123 2392 reliqui,
2160 2341 2284 2381 cum
2317 2327 2386 2383 ab
2418 2327 2536 2382 Alie
2573 2335 2769 2384 essent.
2793 2329 2848 2384 in
2884 2345 2946 2383 ea
3002 2331 3232 2400 regione
3275 2332 3474 2390 relicti,

1904 2419 2028 2488 fuga
2063 2417 2168 2473 sihi
2196 2419 2489 2473 consulere
2526 2421 2794 2489 parabant
2828 2439 2843 2476 :
2895 2436 2961 2474 eo
2995 2421 3343 2485 festinantes,
3379 2421 3474 2475 tibi

1905 2511 2210 2566 incolumes
2248 2512 2374 2566 vitae
2409 2513 2706 2567 discrimen
2759 2513 3052 2568 imminens
3087 2515 3296 2568 evitare
3347 2529 3480 2584 pose

1904 2613 2055 2658 sent.
2081 2601 2288 2656 Horum
2319 2604 2570 2673 plerique
2599 2604 2668 2660 ab
2710 2603 2943 2660 Albanis
2978 2606 3316 2674 interempti,
3348 2621 3479 2675 par-

1905 2694 1998 2748 titn
2045 2696 2190 2762 capti
2225 2704 2373 2750 sunt.
2410 2695 2652 2765 Reliqui,
2687 2697 2780 2765 qui
2815 2712 2874 2752 se
2930 2696 3074 2766 fugae
3101 2699 3206 2752 Alii
3239 2699 3478 2754 comites

1901 2785 2225 2854 iunxerant,
2279 2786 2676 2856 profectionem
2723 2799 3088 2856 campestrem
3145 2801 3198 2844 at
3267 2790 3482 2859 longio-

1905 2890 2044 2936 rem,
2070 2872 2303 2945 ingressi
2338 2886 2488 2930 sunt.
2523 2875 2587 2931 itit
2614 2878 2960 2942 egredientes
3004 2880 3059 2934 in
3103 2881 3478 2952 continentem

1904 2967 2211 3036 Qtlﬂ’jllxla
2242 2966 2538 3038 Corcyram
2593 2969 2900 3035 habitatur,
2956 2987 3023 3026 ex
3069 2973 3262 3028 multis
3317 2974 3478 3042 pauci

1906 3060 2030 3125 fuga
2071 3060 2173 3114 sibi
2218 3061 2594 3125 consulentes,
2630 3063 2826 3118 domos
2865 3064 2947 3118 ire
3001 3076 3256 3135 pergunt.
3305 3065 3379 3120 Ea
3421 3067 3477 3120 in

235 3152 391 3204 κυραν
443 3135 770 3207 ᾠκημένην,
826 3135 890 3188 ὲκ
940 3134 1157 3188 πολλῶν
1191 3133 1573 3203 ἀπενόστησαν
1605 3135 1800 3204 διαφυ-

1904 3135 2249 3218 expeditiotte
2314 3167 2567 3222 magnam
2632 3154 2861 3224 gloriam
2926 3155 3134 3212 invenit
3197 3156 3480 3212 Arianites

234 3235 408 3294 γόντες
459 3231 535 3301 μὴ
573 3229 937 3284 ἀπόλλυσθαι.
983 3227 1254 3283 Ἐνταῦθα
1274 3230 1340 3297 δὴ
1366 3230 1610 3283 ἀνείλετο
1639 3230 1802 3295 δόξαν

237 3326 494 3395 περιφανῆ
539 3326 868 3393 Ἀριανίτης
907 3327 936 3378 6
983 3323 1279 3392 Κομνηνοῦ
1304 3364 1322 3385 ,
1360 3325 1800 3395 ἀποδειξάμενος

242 3412 362 3481 ἔργα
385 3415 538 3480 λόγου
581 3414 731 3478 ἄξια,
771 3415 864 3468 καὶ
893 3416 953 3468 τὸ
985 3416 1242 3470 ἐντεῦθεν
1272 3417 1603 3486 εὐδοκιμῶν.
1641 3417 1800 3472 Οὕτω

252 3505 412 3575 μὲνδὴ
445 3507 608 3576 Ἀλίη
639 3505 716 3574 τῷ
749 3506 1051 3573 Βρενέζεω,
1074 3507 1150 3568 ὡς
1196 3506 1577 3561 εἰσεϐάλλοντο
1617 3509 1672 3570 ἐς
1701 3508 1802 3580 τὴν

247 3601 366 3668 πρὲις
402 3599 585 3654 Ἰόνιον
623 3602 844 3669 χώραν,
899 3601 927 3653 6
978 3600 1207 3670 στρατὸς
1259 3599 1624 3671 χαλεπώτατα
1676 3602 1805 3654 ἐπε-

245 3688 426 3760 πλάγη.
485 3693 550 3744 Oi
621 3694 808 3759 μέντοι
844 3690 1025 3745 λοιποὶ
1079 3679 1198 3745 τῶν
1239 3693 1378 3762 πρὸς
1430 3692 1532 3762 τὴν
1563 3693 1803 3762 ’Ἄργους

239 3782 477 3856 πολίχνην
497 3785 576 3847 ⁸⁸,
609 3784 908 3838 οἰκούντων
924 3783 1218 3849 Ἃλϐανῶν,
1235 3785 1309 3848 ὡς
1331 3781 1470 3838 εἶδον
1487 3785 1803 3856 Ἀριανίτην

236 3877 625 3946 νεωτερίσαντα
657 3877 784 3947 περὶ
816 3876 914 3947 τὴν
940 3876 1209 3946 βασιλέως
1238 3876 1436 3947 ἀρχὴν,
1467 3875 1632 3948 ἔργον,
1660 3877 1804 3947 λαμ-

239 3967 363 4036 πρὸν
393 3971 543 4038 σφίσι
582 3970 1099 4038 κατεργασάμενον,
1142 3969 1494 4023 ἐϐουλεύοντο
1521 3971 1617 4024 καὶ
1643 3971 1803 4024 αὐτοὶ

237 4061 526 4116 ἀπόστασιν
571 4062 682 4116 ἀπὸ
731 4061 998 4131 βασιλέως
1056 4063 1410 4132 ’Δμουράτηο
1459 4064 1556 4120 καὶ
1597 4064 1805 4117 ἐπεκα-

236 4154 412 4209 ὶοῦντο
441 4156 542 4226 μὲν
588 4155 766 4226 δήπου
811 4154 906 4209 τὸν
931 4155 1179 4224 ἡγεμόνα
1225 4154 1426 4209 αὐτῶν.
1456 4154 1662 4208 Τούτου
1693 4155 1802 4224 γὰρ

237 4247 294 4318 δή
318 4250 404 4302 τὸν
437 4251 656 4321 πατέρα
691 4248 958 4316 ἐξελάσας
982 4250 1047 4301 ἐκ
1072 4247 1172 4317 τῆς
1203 4247 1388 4318 χώρας
1417 4250 1742 4320 Παιαζήτης
1774 4249 1804 4302 6

239 4339 619 4410 '.‘.;.toupdtsto,
663 4344 759 4396 καὶ
794 4341 1023 4410 Μύρξαν
1069 4341 1180 4393 τῶν
1231 4341 1486 4394 Κανίνων
1527 4341 1801 4410 ἡγεμόνα,

1903 3243 2166 3298 Contnetti
2196 3245 2362 3309 ﬁlius,
2393 3248 2771 3317 Operibusqne
2801 3250 3256 3306 memorabilibus
3305 3251 3478 3320 gestis

1903 3333 2198 3390 admodum
2254 3335 2571 3394 celebratus
2625 3348 2727 3396 est.
2767 3341 2824 3395 in
2860 3342 3005 3396 hunc
3059 3343 3278 3398 modum
3343 3342 3481 3398 Aliis

1903 3429 2206 3490 exercitus,
2247 3443 2372 3482 cum
2412 3429 2463 3483 in
2494 3431 2772 3499 regionem
2825 3447 2948 3498 quae
3000 3434 3218 3487 leniunt
3271 3444 3482 3502 spectat

1905 3517 2180 3581 irruisset,
2218 3518 2455 3574 aﬂlicttts
2487 3528 2595 3576 est.
2627 3521 2826 3576 Caneri
2849 3523 3065 3587 Albani,
3093 3523 3186 3592 qui
3234 3524 3479 3578 incolunt

1905 3610 2094 3664 urbem
2129 3625 2250 3678 quze
2297 3611 2472 3680 Argos
2501 3613 2750 3680 respicit,
2798 3621 2858 3668 ut
2897 3624 3276 3682 cognoverunt
3321 3617 3479 3670 Aria-

1905 3701 2076 3755 nitcm
2112 3717 2201 3756 res
2256 3718 2425 3756 novas
2463 3703 2778 3759 instituisse
2815 3705 3081 3760 adversus
3133 3708 3476 3772 Anturatem,

1904 3809 2026 3862 qum
2060 3794 2272 3850 felicem
2314 3797 2527 3852 sortita
2574 3799 2984 3862 sinteveutnm,
3021 3800 3188 3853 etiam
3223 3800 3322 3866 ipsi
3380 3801 3479 3854 de-

1906 3884 2160 3942 fectionis
2215 3888 2285 3941 ab
2346 3904 2471 3959 rege
2539 3889 2772 3947 consilia
2829 3891 3110 3958 agitarunl
3171 3909 3184 3945 :
3242 3900 3296 3944 et
3348 3891 3481 3946 deli-

1904 3979 2135 4044 cientes,
2171 3978 2355 4047 Depan
2400 3990 2686 4034 evocatum
2720 3980 2826 4036 sibi
2851 3981 3046 4035 ducem
3089 3990 3142 4035 et
3174 3981 3477 4052 principem

1904 4071 2208 4143 elegerunt.
2249 4069 2425 4140 Hujus
2449 4072 2594 4127 enim
2631 4081 2841 4141 patrem
2875 4089 2999 4129 cum
3038 4074 3288 4144 ejeeisset
3317 4089 3348 4128 e
3377 4089 3476 4128 sua

1906 4167 2131 4232 regione
2161 4163 2431 4232 Pajazites
2483 4164 2763 4219 Amttratis
2818 4163 2984 4227 filius,
3022 4166 3233 4220 exactis
3263 4181 3484 4234 quoque

1907 4254 2092 4326 Myrra
2139 4267 2193 4310 et
2221 4257 2559 4312 Caninorum
2591 4257 2862 4328 principe,
2898 4273 3110 4313 necnon
3167 4258 3294 4312 aliis
3329 4258 3485 4313 duci-

1906 4348 2009 4402 bus
2066 4347 2339 4417 plurimis,
2422 4347 2528 4402 ista
2606 4348 2830 4418 regione
2883 4347 3044 4420 13‘
3109 4350 3316 4418 potitus
3371 4334 3481 4401 est.

239 4435 322 4484 καὶ
353 4437 580 4505 συχνοὺς
616 4433 814 4496 ἄλλους
853 4432 1122 4502 ἄρχοντας
1155 4433 1258 4501 τῆς
1289 4432 1414 4502 τῇδε
1455 4430 1661 4502 χώρας,
1702 4432 1800 4502 τήν

1910 4439 2090 4510 Ιὶρῃιιη
2126 4440 2294 4510 igitur
2324 4440 2477 4495 illum
2529 4439 2756 4494 incertis
2789 4451 3076 4506 vagantem
3105 4440 3353 4494 sedibus.
3384 4453 3481 4504 per

237 4542 291 4576 τε
331 4529 509 4597 χώραν
553 4527 829 4597 κατέσχε,
879 4525 974 4579 καὶ
1017 4525 1199 4594 ἐαυτῷ
1237 4525 1799 4597 καταπρούστήσατο.

1905 4533 2136 4594 Italiam,
2187 4540 2242 4585 et
2283 4531 2607 4600 plerumque
2654 4541 2958 4584 morantem
2996 4531 3050 4585 in
3085 4529 3323 4600 Corcyra
3383 4529 3486 4583 Ve-

239 4614 330 4666 Τδν
361 4617 425 4688 δὴ
475 4612 576 4672 οὖν
625 4616 808 4670 Δέπαν
851 4614 1040 4669 τοῦτον
1081 4615 1374 4686 περιιόντα
1403 4657 1418 4682 ,
1450 4618 1546 4670 καὶ
1583 4633 1800 4688 περινο-

1904 4635 2155 4679 ueterum
2207 4623 2405 4685 insula.
2459 4625 2680 4691 Albani,
2730 4623 2824 4690 qtti
2881 4622 3037 4690 juxta
3092 4620 3479 4692 Argyropolitu

240 4710 480 4774 στοῦντα,
519 4709 653 4764 ἀλλο
692 4727 757 4764 τε
802 4709 970 4780 ἀλλην
1022 4711 1124 4778 τῆς
1154 4709 1413 4775 Ἰταλίας,
1445 4711 1542 4764 καὶ
1574 4713 1632 4765 ἐν
1661 4713 1806 4782 Κερ-

235 4801 372 4872 κύρᾳ
397 4807 464 4873 τῇ
497 4802 732 4856 Ἐνετῶν
764 4803 914 4872 νήσῳ
958 4801 1027 4856 τὰ
1064 4801 1239 4856 πολλὰ
1273 4801 1648 4872 διατρίϐοντα,
1678 4805 1804 4858 ἐπε-

233 4894 486 4950 καλοῦντο
515 4896 566 4949 ol.
607 4896 738 4965 περὶ
786 4895 888 4967 τὴν
930 4895 1444 4966 Ἀργυροπολίχνην
1499 4896 1802 4963 οἰκοῦντες,

235 4989 324 5038 κ..ὶ
352 4988 504 5055 σφίσι
537 4988 763 5057 βασιλέα
794 5005 854 5040 τε
891 4987 1217 5057 ἐστήσαντο.
1255 4988 1362 5040 Καὶ
1386 4989 1620 5058 στρατὸν
1644 5006 1804 5056 ποιη-

236 5080 476 5148 ςάμενοι,
512 5082 825 5152 ἐπήλαυνον
860 5080 956 5133 ἐπὶ
1006 5079 1106 5150 τὴν
1135 5079 1662 5151 Ἀργυροπολίχνην,
1701 5084 1803 5150 τὴν

237 5172 497 5237 βασιλέως
543 5174 667 5228 τότε
725 5175 792 5244 δή
828 5174 1008 5239 πόλιν,
1043 5173 1354 5243 ἀνήκουσαν
1397 5173 1454 5226 δὲ
1501 5172 1802 5242 προύθεντο

237 5265 428 5334 τουτῳῒ
472 5265 555 5336 τῷ
602 5267 792 5338 Δέπᾳ,
841 5267 940 5319 καὶ
967 5266 1321 5337 ἐπολιόρκουν
1349 5264 1448 5335 τὴν
1502 5266 1656 5318 πόλιν
1693 5283 1802 5335 μή·

238 5355 418 5417 χαναῖς
453 5371 515 5406 τε
548 5354 626 5424 τῷ
669 5354 843 5425 τείχει
879 5355 1306 5426 προσφέροντες.
1335 5349 1518 5407 Ἦσαν
1547 5354 1604 5408 δέ
1631 5355 1800 5409 αὐτοῦ

239 5442 291 5492 ἐν
317 5446 381 5513 τῇ
408 5445 565 5499 πόλει,
590 5446 846 5516 νεήλυδές
891 5463 953 5499 τε
992 5446 1088 5499 τοῦ
1124 5445 1390 5516 βασιλέως
1426 5448 1676 5519 φρουρᾷ,
1706 5448 1801 5502 καί

242 5547 372 5596 τινες
409 5534 562 5588 ἄλλοι
610 5537 673 5593 οὑ
723 5536 911 5593 πολλοὶ
956 5535 1066 5590 τῶν
1105 5535 1388 5607 Τούρκων,
1442 5537 1802 5606 διαφυγόντες

1903 4716 2287 4779 versabantur,
2354 4725 2725 4780 accersentes,
2779 4728 2964 4782 regem
3020 4711 3126 4769 sibi
3191 4719 3478 4773 crearunt,

1902 4809 2309 4878 contractisque
2343 4808 2539 4876 copiis,
2587 4804 2995 4878 Argyropolitn,
3037 4820 3163 4873 quae
3191 4814 3303 4859 tum
3341 4811 3484 4856 tem-

1903 4900 2051 4968 poris
2103 4901 2247 4969 regis
2287 4908 2426 4964 erat,
2493 4900 2634 4954 bello
2697 4898 2996 4970 petierunt.
3041 4897 3243 4952 Urbem
3304 4911 3483 4966 oppu-

1908 4991 2149 5058 gnabant
2202 4992 2374 5049 variis
2434 4991 2674 5045 admotis
2708 4991 3006 5046 machinis.
3064 4991 3121 5045 In
3178 4990 3313 5044 urbe
3369 4999 3486 5043 erat

1912 5082 2228 5150 praesidium
2267 5083 2411 5151 regis
2461 5083 2876 5153 peregrinorum
2908 5102 2920 5137 :
2973 5084 3202 5138 aderant
3229 5091 3284 5136 et
3317 5081 3481 5134 anci

1909 5174 2152 5244 plurimi.
2207 5176 2299 5245 qui
2346 5163 2710 5246 confugerant
2757 5192 2846 5239 eo,
2909 5177 3214 5244 urbemque
3272 5173 3486 5226 fortiter

1909 5275 1962 5320 et
1993 5276 2220 5320 strenue
2269 5267 2339 5321 ab
2395 5267 2653 5322 hostibus
2691 5265 3072 5322 defensabant.
3131 5264 3326 5318 Albani
3359 5276 3483 5317 eum

1907 5358 2013 5414 ista
2041 5359 2374 5430 inciperent,
2415 5361 2721 5430 urbemque
2763 5376 2978 5417 summa
3035 5359 3086 5412 vi
3139 5357 3482 5418 obsiderent,

1908 5449 2202 5506 admodum
2233 5451 2629 5521 oppugnationi
2679 5453 2899 5520 intenti,
2951 5449 3160 5520 regioni
3191 5447 3361 5516 regis,
3389 5445 3482 5515 qui

1909 5547 2024 5595 tum
2057 5543 2246 5598 aberat
2271 5543 2322 5597 in
2371 5541 2500 5598 Asia
2542 5542 2743 5600 bellum
2790 5557 2986 5615 gerens
3016 5556 3140 5596 cum
3175 5540 3485 5594 Caramano

1498 5679 1744 5742 Nolulze
1795 5683 2200 5754 marginales.

311 5795 441 5851 “In
476 5815 574 5852 uno
602 5801 956 5866 emendatum,
994 5798 1048 5854 Ἀ
1066 5799 1517 5871 ργυροπολίχντρ).
