4032 6414
243 465 350 532 235

1348 459 1449 520 DE
1499 461 1754 523 naeus
1791 461 2159 524 'I‘URCICIS
2191 423 2346 528 LIB.
2388 464 2483 526 vr.

3412 466 3519 534 ‘286

251 589 313 650 ea
359 579 438 638 ὧν
473 580 880 654 ῑχαλάσθησαν,
908 582 1001 634 καὶ
1050 580 1150 652 τὴν
1209 581 1455 651 σημαίαν
1513 582 1692 653 αἴρειν
1739 580 1834 635 τοῦ

1958 602 2061 658 [uae
2094 586 2148 642 in
2191 586 2372 642 medio
2421 587 2612 656 positae
2656 593 2836 649 erant,
2873 584 3210 650 destructas,
3248 594 3307 641 ut
3353 588 3518 655 pomi

256 677 528 747 βασιλέως
591 675 888 744 Ἑλλήνιον.
934 673 1125 728 Ταῦτα
1167 675 1266 745 μὲν
1306 676 1365 737 ὲς
1418 674 1675 728 τοσοῦτον
1723 677 1836 739 τοῖς

1958 691 2166 737 mssent
2190 679 2424 750 imagine
2451 679 2565 734 sive
2582 678 2740 748 signo
2771 677 2915 748 regis
2939 677 3280 732 Grecorum.
3309 678 3516 732 Bellum

259 767 488 839 Ἕλλησι
526 767 966 838 προσενήνεκται
1005 768 1048 798 "
1074 768 1133 830 ις
1160 767 1290 831 τοὺς
1324 766 1611 831 ’1ανυῒους.

331 953 583 1026 Ἰωάννης
622 953 811 1024 μέντοι
853 956 883 1007 ό
945 953 1054 1007 τῶν
1105 953 1379 1024 Ἐλλήνων
1429 954 1706 1021 βασιλεὺς,
1754 957 1839 1008 ἐν·
1917 953 1920 958 ’

257 1047 433 1100 ταῦθα
489 1046 1034 1116 διαπρεσϐευόμενος
1099 1046 1236 1118 πρὸς
1281 1047 1372 1099 τὸν
1416 1047 1710 1115 Ῥωμαίων
1739 1047 1842 1118 ἁρ-

261 1139 460 1212 χιερέα
516 1139 808 1212 Εὒγένειον
863 1136 1104 1209 τοῦνομα
1161 1138 1378 1208 ἔχοντα,
1415 1138 1558 1192 ὥστε
1589 1140 1642 1202 ὲς
1675 1138 1842 1192 ταυτδ

252 1204 526 1291 συνιέναι,
581 1204 695 1281 καί
729 1226 828 1298 τὴν
899 1228 990 1280 ἐπὶ
1029 1204 1152 1296 *τῆς
1191 1204 1522 1300 ⁷θρησκείας
1577 1229 1843 1299 διαφορὰν

249 1317 586 1385 συνεξελεῖν,
632 1320 899 1388 ἐπειρᾶτο
939 1320 1038 1388 τῆς
1096 1319 1208 1374 τῶν
1266 1321 1539 1389 ἑσπερίων
1593 1322 1840 1392 γνώμης,

247 1415 298 1466 εί
351 1414 486 1484 περὶ
537 1411 735 1467 πολλοῦ
783 1413 1047 1484 Ῥωμαῖοι
1092 1415 1350 1476 ποιοῖντο.
1401 1415 1677 1485 ξυμϐῆναι
1731 1418 1846 1480 τοῖς

246 1505 538 1570 Ἕλλησιν.
609 1505 702 1569 Ὠς
757 1505 814 1558 δὲ
867 1507 965 1558 καὶ
1016 1508 1108 1558 ἐπὶ
1158 1507 1286 1569 τοὺς
1354 1506 1676 1577 Γερμανοὺς
1720 1508 1847 1576 ἀφί-

247 1617 386 1654 κετο
437 1599 588 1670 αὐτῷ
615 1601 648 1668 ἡ
685 1598 974 1668 πρεσὸεία,
1012 1599 1308 1668 ἐτύγχανον
1361 1600 1418 1653 δὶ
1464 1602 1584 1654 τότε
1631 1603 1682 1656 oi
1711 1601 1849 1674 Γερ-

251 1697 421 1765 μανοὶ
469 1697 599 1764 περὶ
659 1693 934 1763 Βασιλήαν
1004 1696 1181 1757 πόλιν,
1233 1694 1605 1764 διενεχθέντες
1649 1695 1847 1769 γνώμῃ

246 1787 399 1855 πρὸς
432 1785 526 1838 τὸν
558 1784 844 1853 Εὑγένειον
883 1784 1174 1854 ἀρχιερέα,
1207 1785 1301 1839 καὶ
1338 1785 1844 1855 ἀποδοκιμάζοντες

1944 774 2090 828 inter
2123 772 2422 844 Byzantios
2469 779 2522 828 et
2568 770 2878 826 Januenses
2935 770 3256 840 huiusmodi
3311 770 3520 826 exitum

1942 864 2158 918 habuit.

2013 957 2161 1012 Bello
2187 957 2293 1012 isto
2328 957 2505 1022 ﬁnito,
2536 945 2802 1026 Joannes,
2830 955 3142 1011 Graecorum
3168 968 3288 1017 rex.
3314 953 3528 1021 legatos

1947 1051 2026 1106 ire
2056 1051 2210 1120 jubet
2239 1050 2309 1104 ad
2339 1049 2650 1105 Romanum
2709 1049 3023 1118 pontiﬁcem
3072 1047 3379 1116 Eugenium
3427 1061 3527 1100 no-

1948 1144 2116 1207 mine,
2151 1152 2402 1214 petentes
2439 1152 2498 1197 ut
2521 1142 2818 1197 concilium
2844 1141 3239 1202 celebraretur.
3293 1152 3406 1208 quo
3439 1138 3528 1190 in-

1946 1247 2034 1293 ter
2065 1245 2327 1305 utrosque
2364 1235 2645 1303 religionis
2669 1233 3074 1290 contentionem
3099 1232 3359 1286 decenter
3379 1244 3529 1284 corn-

1948 1338 2238 1401 ponerent.
2276 1329 2550 1385 Tentabat
2615 1344 2680 1383 eo
2713 1326 2877 1382 modo
2916 1324 3352 1379 Occidentalium
3405 1323 3531 1377 aui-

1947 1440 2092 1485 mos,
2117 1441 2245 1478 num
2283 1420 2506 1491 plurimi
2568 1420 2812 1475 Iacerent
2845 1417 3200 1473 concordiam
3249 1415 3530 1470 constabi-

1949 1516 2035 1571 liri
2070 1533 2191 1569 cum
2219 1514 2426 1571 Graecis
2459 1514 2511 1568 in
2553 1513 2841 1582 religionis
2877 1509 3284 1566 controversia.
3339 1506 3531 1578 Legati

1951 1611 2003 1665 iu
2040 1607 2390 1664 Germaniam
2461 1622 2683 1662 venere.
2739 1604 2813 1658 Ea
2874 1612 3205 1673 tempestate
3267 1597 3528 1655 Germani

1952 1703 2175 1757 Basileze
2209 1711 2368 1756 erant
2425 1699 2766 1770 congregati,
2831 1697 3168 1754 dissidentes
3235 1694 3532 1751 sententiis

1952 1802 2144 1850 contra
2205 1793 2508 1863 Eugenium
2541 1790 2856 1862 pontiﬁcem
2889 1807 2905 1846 :
2947 1804 3110 1858 quem
3145 1786 3533 1854 reprobantes.

246 1879 446 1945 αὐτὸν,
479 1876 823 1931 καθίστασαν
882 1878 1041 1932 αὐτοὶ
1102 1878 1368 1948 ἀρχιερια
1425 1880 1673 1933 Φελίκιον
1719 1880 1846 1933 τοῦ-

1958 1886 2546 1958 crearuntpontilicem
2590 1884 2814 1939 nomine
2857 1882 3120 1946 Felicem,
3153 1881 3334 1934 virum
3391 1879 3536 1931 inter

247 1991 428 2043 νομα,
462 1972 634 2044 ἄνδρα
668 1972 778 2025 τῶν
810 1973 942 2041 παρ’
995 1971 1182 2036 αὐτοῖς
1233 1973 1499 2042 δοκίμων,
1534 1974 1750 2039 ξύνοδόν
1783 1992 1842 2027 τε

243 2068 623 2139 ποιησάμενοι
653 2067 835 2135 κοινῇ,
873 2065 1386 2134 κὰποδεδειγμένοι.
1429 2065 1592 2119 Οὗτοι
1629 2067 1726 2136 μὲν
1753 2067 1844 2120 οὖν

249 2161 432 2227 ἄμφω
451 2157 843 2229 πληρώσαντες
859 2159 1133 2228 τριήρεις,
1154 2159 1576 2227 μετεπέμποντο
1593 2158 1845 2227 ἑκάτεροι

255 2250 353 2303 ἐπ’
378 2249 577 2312 αὐτοὺς
609 2248 866 2317 Ἰωάννην
891 2249 982 2301 τὸν
1016 2247 1317 2309 Βυζαντίου
1349 2249 1604 2317 βασιλέα,
1647 2249 1751 2318 τήν
1785 2264 1846 2300 τε

257 2341 482 2407 ξύνοδον
533 2340 626 2393 ἐπὶ
668 2341 824 2410 σφίσι
870 2339 1207 2407 ποιήσασθαι
1241 2339 1498 2408 ἑκάτεροι
1542 2339 1846 2408 ἀξιοῦντες,

257 2436 355 2488 καὶ
385 2431 692 2498 συνεξελεῖν
723 2431 875 2500 σφίσι
905 2431 976 2484 τὰ
1015 2432 1252 2503 διάφορα
1286 2430 1492 2503 ξυνῳδὰ
1529 2432 1848 2486 ὑποδείκνυ-

259 2523 489 2596 μινους.
537 2523 628 2587 Ὧς
658 2524 715 2576 δὲ
766 2522 1028 2594 ἀφίκοντο
1080 2524 1194 2577 ἀπὸ
1242 2523 1353 2577 τῶν
1392 2526 1696 2595 ἀρχιερέων
1741 2525 1850 2595 ἀμ-

253 2621 384 2689 φοῖν
413 2618 678 2688 τριήρεις,
708 2615 808 2687 τὴν
841 2616 1024 2685 μέντοι
1054 2614 1272 2683 ξύνοεον
1303 2615 1398 2669 τὸν
1424 2616 1528 2686 τῆς
1573 2615 1848 2686 Βασιλήας

250 2709 434 2764 πλοῦν
472 2707 840 2778 ἀπεπέμψατο
881 2708 1085 2779 ἠπίως,
1119 2707 1366 2776 φάμενος
1411 2709 1503 2762 ἐπὶ
1548 2709 1678 2771 τοὺς
1717 2707 1850 2762 Ῥωο

251 2803 459 2875 μαίους
514 2801 678 2855 αὑτὸν
731 2801 1041 2855 ἐνδεδέσθαι
1101 2802 1396 2873 πρότερον,
1454 2803 1550 2854 καὶ
1604 2803 1735 2862 τούς
1788 2817 1848 2853 τε

249 2893 586 2958 Οὑενετοὺς,
623 2893 718 2972 καὶ
748 2892 850 2962 τὴν
895 2891 1066 2962 ἄλλην
1106 2893 1360 2957 Ἰταλίαν,
1402 2891 1636 2946 ἐνταῦθα
1683 2893 1849 2946 αὑτὸν

253 2987 403 3038 ἰέναι
437 2987 762 3048 κελεύοντας
786 2999 799 3012 ·
835 2983 1177 3053 παραλαϐὼν
1207 2985 1264 3037 δὶ
1301 2985 1430 3048 τούς
1454 3003 1514 3041 τε
1547 2984 1848 3049 Βυζαντίου

251 3079 569 3149 ἀρχιερεῖς,
623 3078 718 3130 καὶ
766 3077 1043 3146 Ἐλλήνων
1101 3077 1230 3141 τοὺς
1276 3079 1623 3147 ἐλλογίμους,
1675 3077 1852 3148 ᾢχετο

251 3170 558 3225 ἀποπλέων
621 3171 715 3223 ἐπὶ
775 3169 1032 3224 Ἰταλίαν.
1088 3171 1200 3224 Καὶ
1266 3172 1321 3234 ἐς
1375 3172 1503 3235 τοὺς
1550 3171 1851 3234 Οὐενετοὺς

1950 1979 2100 2046 ipsos
2126 1978 2180 2032 in
2237 1977 2432 2047 primis
2467 1983 2730 2045 spectata:
2757 1972 3069 2043 probitatis.
3104 1969 3263 2024 Hunc
3316 1967 3535 2024 concilii

1948 2085 2224 2126 consensu
2285 2068 2602 2136 pontiﬁcem
2678 2066 3060 2120 declararunt.
3137 2062 3314 2118 Ambo
3369 2061 3536 2130 igitur

1948 2162 2237 2232 pontiﬁces
2281 2161 2541 2216 triremes
2569 2160 2881 2221 instruunt,
2905 2167 2955 2212 et
2981 2154 3253 2211 Joannem
3283 2152 3532 2224 Byzantii

1952 2267 2133 2322 regem
2173 2249 2554 2305 accersebant.
2598 2247 2846 2316 Uterque
2908 2247 3052 2302 enim
3087 2244 3190 2299 sub
3235 2259 3294 2298 se
3345 2243 3540 2297 conci-

1951 2343 2085 2398 lium
2151 2342 2370 2411 agitari,
2440 2350 2495 2396 et
2552 2339 2839 2409 religionis
2894 2335 3358 2396 controversiam,
3416 2347 3538 2420 quae

1897 2443 1912 2455 '
1950 2454 2073 2494 cum
2105 2436 2310 2494 Graecis
2343 2437 2758 2498 intercesserat,
2804 2433 2946 2487 tiniri
2996 2432 3231 2486 volebat.
3263 2429 3400 2485 Cum
3466 2426 3538 2482 ab

1953 2543 2191 2602 utroque
2213 2531 2498 2586 venissent
2540 2529 2816 2589 triremes,
2855 2543 2945 2582 rex
3011 2527 3231 2596 quidem
3285 2525 3538 2595 benignis

1953 2623 2140 2679 verbis
2171 2632 2226 2678 et
2259 2621 2474 2692 placide
2501 2620 2723 2675 concilii
2752 2618 3086 2674 Basileensis
3112 2617 3436 2685 legationem
3456 2615 3542 2670 di-

1955 2715 2233 2778 mittebat,
2265 2714 2478 2774 dicens,
2538 2728 2596 2767 se
2627 2729 2751 2766 cum
2794 2709 3056 2766 Romanis
3107 2719 3160 2763 et
3192 2708 3424 2764 Vcnctis
3484 2715 3540 2762 et

1955 2821 2081 2862 cum
2119 2805 2333 2874 reliqua
2363 2803 2514 2859 Italia
2548 2803 2660 2871 jam
2693 2810 2820 2856 ante
2874 2803 3234 2862 collocutum.
3289 2799 3382 2870 qui
3419 2815 3540 2855 om-

1957 2915 2056 2954 nes
2089 2915 2145 2953 se
2179 2898 2409 2953 Romam
2444 2897 2720 2968 proﬁcisci
2788 2896 3042 2965 jubeant.
3095 2895 3401 2950 Assumens
3436 2892 3544 2946 ita-

1956 3011 2062 3064 que
2096 2990 2343 3064 Byzantii
2379 2990 2722 3053 sacerdotes,
2749 2997 2803 3043 et
2853 2986 3173 3042 Graecorum
3239 2985 3540 3055 sapientis-

1957 3089 2130 3141 simos
2151 3093 2204 3139 et
2234 3081 2612 3147 doctissimos,
2656 3080 2952 3151 navigabat
2991 3078 3047 3134 iu
3101 3077 3337 3132 Italiam.
3402 3077 3540 3131 Cum

1958 3180 2200 3235 venisset
2242 3179 2308 3233 ad
2335 3177 2599 3239 Venetos,
2661 3175 2789 3230 inde
2838 3173 3064 3230 solvens
3097 3173 3380 3228 ferebatur
3409 3171 3546 3225 Fer-

254 3263 620 3333 ἀφικόμενος,
653 3261 946 3334 ἐκομίζετο
978 3264 1076 3317 ἰπὶ
1117 3265 1434 3336 Φερῤαρὶας
1543 3263 1850 3334 διατρίϐειν

1960 3274 2196 3335 rariam,
2233 3271 2325 3326 ubi
2364 3271 2571 3325 morari
2601 3268 2921 3337 pontiﬁcem
2955 3265 3264 3336 Eugenium
3321 3277 3548 3332 accepe-

256 3356 354 3408 τὸν
403 3354 664 3424 ἀρχιερέα
697 3354 989 3422 Εὑγένειον
1035 3354 1406 3408 ἐπυνθάνετοο
1458 3353 1748 3423 ικομίζετο
1799 3353 1857 3408 δὲ

265 3447 354 3500 διὰ
405 3448 499 3499 τοῦ
551 3446 866 3517 Ἠριδανοῦ.
901 3446 1083 3517 Διέχει
1124 3447 1170 3498 δ’
1206 3444 1348 3516 αὕτη
1398 3446 1552 3508 πόλις
1604 3445 1713 3499 ἀπὸ
1748 3443 1858 3498 τῶν

270 3540 548 3596 οὐενετῶν
576 3541 834 3605 σταδίους
862 3542 992 3612 περὶ
1040 3542 1166 3604 τοὺς
1211 3540 1593 3611 τριακοσίους.
1625 3541 1857 3610 ’Ἄρχον-

267 3653 367 3699 τας
419 3635 476 3688 δὲ
526 3635 642 3706 ἔχει
683 3634 906 3703 ἄνδρας,
937 3633 1120 3699 οἰκίας
1150 3633 1258 3688 τῶν
1301 3632 1607 3705 Ἐστησίων
1655 3633 1856 3687 καλου-

267 3730 491 3800 μένους.
523 3728 678 3782 Ἔστι
725 3727 773 3780 δ⁹
830 3729 864 3798 ἡ
931 3728 1087 3790 πόλις
1141 3727 1282 3798 αὕτη
1335 3725 1611 3798 εὐδαίμων
1653 3744 1711 3780 τε
1761 3727 1859 3781 καὶ

259 3820 722 3890 πολυάνθρωπος,
754 3820 850 3873 καὶ
888 3821 1018 3890 περὶ
1069 3818 1244 3890 αὐτὴν
1275 3819 1390 3888 ῥέει
1447 3819 1700 3887 ποταμὸς
1730 3816 1858 3872 τοῦ-

258 3931 408 3983 νομα
449 3912 641 3976 Πάδος.
673 3913 922 3965 Οίκεϊται
951 3911 1008 3964 δὲ
1043 3911 1077 3982 ἠ
1110 3910 1264 3972 πόλις
1317 3911 1374 3974 ἐς
1421 3909 1523 3980 τὴν
1562 3909 1860 3980 Ῥωμαίων

259 4009 470 4078 μοῐραν
506 4005 960 4075 ἀποτεταγμένη.
996 4003 1287 4072 Ἐγένοντο
1313 4003 1360 4056 δ’
1387 4001 1560 4064 οὗτοι,
1596 4000 1692 4065 οὓς
1727 4002 1859 4072 tot).

261 4117 452 4172 μαναν
481 4101 749 4170 ἄρχοντας
784 4099 884 4168 τῆς
915 4099 1125 4160 πόλεως
1161 4089 1287 4151 ὧδε.
1318 4096 1489 4167 ’Δνὴρ
1520 4095 1581 4149 δὲ
1611 4087 1792 4158 οὗτος,
1831 4094 1862 4147 ό

257 4197 386 4250 τότε
460 4195 560 4263 τῆς
614 4193 826 4251 πόλεως
879 4191 1140 4264 ἄρχωνη
1172 4191 1426 4260 επιεικής
1477 4205 1537 4243 τε
1600 4191 1696 4242 καὶ
1756 4189 1862 4241 οὐκ

259 4289 553 4350 ἀσύνετος.
601 4285 872 4354 Ξυμφορὰ
924 4282 983 4337 δὲ
1036 4267 1400 4352 συνεϐεϐήκει
1461 4279 1610 4352 αὐτῷ
1655 4281 1861 4339 τοιάδε.

259 4384 409 4455 Γυνὴ
459 4377 528 4453 ἦν
569 4379 741 4450 αὐτῷ,
771 4378 1024 4449 Θυγάτηρ
1055 4375 1150 4431 τοῦ
1196 4373 1624 4447 Μονφερραρίας
1654 4372 1702 4407 ⁸⁸
1731 4376 1864 4447 ἡγε-

263 4478 462 4546 μόνος,
502 4472 566 4525 τό
609 4487 670 4523 τε
721 4467 864 4530 εἶδος
894 4469 1117 4540 ἀρίστη,
1158 4469 1376 4521 καὶτὸν
1408 4467 1612 4538 τρόπον
1654 4463 1715 4520 τδ
1761 4466 1864 4537 ἔμ-

260 4566 514 4638 προσθεν
542 4564 646 4618 οὐκ
693 4563 917 4633 ἁγενής.
960 4561 1111 4630 Αὕτη
1141 4560 1360 4632 ἠράσθη
1389 4559 1547 4613 νόθου
1579 4560 1724 4622 υἱέος
1765 4559 1864 4612 τοῦ

259 4661 471 4729 ἀνδρὸς
513 4655 708 4722 αὐτῆς.
741 4657 840 4717 Ὃς
873 4653 996 4707 ἐπεί
1040 4671 1101 4707 τε
1140 4652 1328 4720 ἐφοίτα
1362 4653 1495 4724 παρ’
1527 4651 1700 4722 αὐτὴν
1745 4651 1867 4720 δψι-

261 4771 392 4824 μσς.
430 4751 470 4822 ἦ
503 4750 805 4819 νομίζεται,
839 4746 1250 4816 ἁπλοῖκὼτερον
1300 4747 1505 4815 μᾶλλον
1556 4748 1672 4805 τοῖς
1721 4745 1866 4798 κατά

256 4846 365 4915 τὴν
417 4841 654 4896 Ἰταλίαν
687 4837 924 4903 οἰκοῦσι,
952 4836 1351 4908 προύκαλεῖτο,
1394 4839 1452 4889 ὲν
1488 4838 1683 4906 παιδιᾷ
1719 4852 1870 4903 γενοο

265 4939 417 5010 μένη
459 4936 558 4988 σὺν
585 4935 665 5002 τῷ
713 4932 904 5004 νεανίᾳ
938 4931 1034 4984 ἐπὶ
1062 4933 1152 4984 τὸν
1187 4931 1393 5001 ἔρωτα.
1425 4931 1538 4983 Καὶ
1569 4930 1646 4994 ὼς
1673 4930 1875 5002 ⁴ᾔσθετο

263 5032 334 5103 δὴ
366 5029 668 5100 ἐρωμένην
697 5025 887 5091 αὐτοῦ,
921 5022 1074 5096 ἐσῄει
1107 5041 1166 5077 τε
1204 5023 1370 5078 αὐτὸν
1416 5024 1445 5076 ὀ
1475 5021 1577 5090 τῆς
1609 5024 1876 5091 γυναικὸς

261 5125 444 5197 ἔρως.
507 5121 617 5174 Καὶ
685 5118 782 5171 ἐπὶ
835 5116 1028 5188 χρόνον
1103 5115 1437 5186 ὲπεμαίνετο
1491 5118 1558 5186 τῇ
1626 5119 1872 5186 γυναικὶ,

272 5216 531 5289 μητρυιᾷ
570 5213 708 5284 οὔσῃ
732 5209 952 5266 ἑαυτοῦ.
985 5209 1110 5264 Τῶν
1139 5209 1196 5264 δὲ
1229 5209 1636 5281 θεραπαινίδων
1668 5229 1775 5280 τις,
1799 5213 1878 5278 ὡς

1961 3373 2066 3420 rat.
2093 3362 2218 3418 Ilaec
2243 3363 2375 3418 urbs
2408 3363 2574 3417 distat
2608 3359 2861 3415 Venetiis
2891 3359 3088 3415 stadiis
3106 3358 3221 3413 fere
3259 3355 3541 3412 trecentis.

1961 3456 2140 3510 Duces
2205 3461 2261 3509 et
2316 3453 2594 3526 principes
2658 3452 2823 3507 habet
2880 3451 2972 3520 qui
3029 3460 3162 3505 sunt
3217 3449 3283 3504 de
3341 3447 3548 3502 {auxilia

1960 3546 2299 3612 Estensium;
2328 3545 2526 3612 opibus
2555 3545 2958 3614 hominumque
3020 3541 3381 3596 multitudine
3449 3555 3545 3595 ex-

1961 3639 2133 3695 cellit.
2161 3637 2310 3693 Pado
2347 3637 2515 3692 ﬂuvio
2569 3637 2820 3692 alluitur.
2857 3635 3112 3703 Subiecta
3166 3644 3249 3688 est
3299 3631 3548 3684 Romano

1963 3732 2233 3805 pontiﬁci.
2273 3731 2453 3786 Duces
2513 3746 2610 3786 seu
2651 3730 2953 3800 principes,
2999 3743 3137 3797 quos
3188 3725 3348 3779 modo
3400 3724 3549 3778 dixi-

1963 3841 2113 3888 mus.
2151 3823 2379 3896 accipit.
2434 3823 2524 3879 Vir
2559 3823 2654 3878 ille
2709 3821 2823 3892 ('ll)
2863 3821 2953 3892 qui
3010 3829 3120 3873 tum
3173 3815 3440 3886 temporis
3493 3816 3548 3870 in

1964 3917 2098 3972 urbe
2123 3931 2308 3971 rerum
2336 3929 2550 3970 summa
2573 3911 2910 3984 potiebatur,
2946 3907 3228 3979 mquitatis
3263 3903 3549 3961 studiosus

1965 4026 2067 4067 nec
2101 4017 2301 4066 cmtera
2327 4007 2650 4078 imprudens
2681 4014 2821 4062 erat.
2875 3999 3204 4071 Huiusmodi
3253 4007 3437 4054 autem
3499 3997 3550 4051 ei

1966 4103 2170 4160 accidit
2199 4101 2514 4158 calamitas.
2571 4098 2811 4155 Uxorem
2871 4097 3119 4153 habebat
3172 4093 3335 4148 tiliam
3391 4089 3552 4145 ducis

1966 4195 2344 4255 Monterraria‘.
2385 4193 2524 4264 (7‘2),
2557 4189 2970 4263 pulchritudine
3007 4186 3305 4256 forumque
3329 4185 3556 4254 elegan-

1968 4292 2044 4346 tia
2079 4296 2456 4362 praestantem.
2481 4285 2662 4341 Mores
2693 4283 2966 4348 mulieris,
3008 4291 3307 4351 antequam
3343 4276 3396 4332 id
3422 4292 3557 4330 con-

1968 4383 2207 4454 tigisset,
2240 4377 2510 4435 modestia
2545 4376 2750 4447 insigni
2800 4373 3194 4429 coruscabant.
3253 4367 3378 4422 Haec
3407 4369 3558 4422 insa-

1970 4475 2158 4532 niebat
2194 4486 2386 4528 amore
2427 4469 2695 4541 privigni,
2747 4467 2841 4538 qui
2905 4467 3051 4519 titius
3097 4461 3254 4517 ducis
3304 4469 3423 4514 erat
3457 4474 3559 4513 no-

1975 4569 2102 4625 thus
2139 4566 2276 4639 (73).
2304 4563 2408 4631 Qui
2441 4579 2566 4619 cum
2615 4561 2796 4617 serius
2821 4558 2888 4612 ad
2922 4572 3041 4610 eam
3098 4553 3334 4615 veniret,
3391 4565 3556 4620 quam

1973 4662 2143 4718 moris
2162 4669 2247 4716 est
2278 4673 2470 4714 eorum
2499 4657 2590 4720 qui
2617 4657 2671 4710 in
2710 4652 2862 4707 Italia
2899 4648 3102 4704 lautius
3132 4647 3343 4705 vivunt,
3402 4642 3558 4712 juve~

1951 4764 2099 4807 'nem
2127 4751 2268 4805 inter
2294 4747 2602 4803 ludendum
2640 4745 2708 4799 ad
2743 4756 2986 4797 antorem
3021 4743 3304 4808 provocat.
3342 4733 3440 4786 llic
3468 4733 3555 4786 in—

1971 4843 2229 4913 telligens
2283 4855 2344 4895 se
2389 4855 2418 4894 α
2476 4838 2708 4892 muliere
2772 4831 2969 4894 amari,
3041 4839 3092 4884 et
3153 4830 3268 4896 ipse
3313 4825 3560 4880 mulieris

1955 4947 2165 4990 amore
2195 4933 2428 5000 exarsit,
2461 4941 2516 4988 et
2556 4932 2840 5000 aliquanto
2895 4917 3140 4995 tempore
3197 4922 3371 4992 stupri
3429 4934 3560 4972 con-

1976 5027 2326 5083 suetudinem
2390 5040 2517 5079 cum
2582 5034 2817 5076 noverca
2888 5010 2992 5070 sui
3065 5014 3273 5069 habuit.
3346 5009 3560 5065 Ancilla

1977 5131 2159 5177 autem
2189 5121 2438 5192 quaedam
2476 5127 2530 5172 ut
2567 5115 2822 5186 cognovit
2852 5127 3096 5166 amorem
3135 5109 3376 5168 illorum,
3406 5119 3561 5156 ama-

1959 5215 2087 5268 ‘tori
2111 5229 2214 5269 suo
2243 5228 2353 5270 rem
2381 5224 2599 5268 onmem
2624 5215 2866 5262 enarrat.
2902 5205 2951 5259 Is
3011 5197 3142 5257 vero
3193 5199 3319 5254 duci
3373 5195 3559 5247 admo-

267 5284 490 5382 ᾔσθετο
529 5308 735 5362 τούτων
767 5304 944 5367 οὕτως
977 5303 1229 5374 ἀλλήλων
1277 5304 1558 5376 ἐρώντων,
1603 5308 1698 5359 καὶ
1743 5323 1856 5375 συγ.

1979 5307 2109 5361 dum
2143 5305 2350 5361 charus
2389 5311 2525 5366 erat,
2559 5308 2615 5355 et
2661 5299 2729 5353 ab
2781 5313 2846 5353 co
2915 5294 3072 5366 153
3107 5288 3406 5346 honoriﬁce
3460 5284 3562 5337 ad-

272 5378 620 5472 γενομένων,
652 5395 1025 5467 καταγορεύει
1062 5396 1141 5465 τῷ
1179 5397 1388 5467 ἑαυτῆς
1446 5398 1676 5468 ἐραστῇ,
1815 5399 1856 5452 δέ

1984 5401 2208 5456 modum
2252 5397 2619 5453 tractabatur.
2679 5393 2730 5449 Is
2760 5392 2930 5463 igitur
2983 5389 3074 5443 ubi
3140 5401 3253 5440 rem
3304 5378 3564 5453 cognovit

1571 5513 1821 5575 Νοιυιω
1851 5517 2258 5597 marginales.

1980 5645 2206 5704 Nicolao
2232 5644 2428 5716 pontii.
2463 5643 2610 5702 Uxor
2638 5655 2703 5700 ea
2720 5637 2824 5694 fuit
2849 5632 3065 5698 Ziliola,
3105 5625 3298 5684 Franci
3367 5625 3564 5679 Carra-

357 5639 480 5773 (ἸΙξ
503 5639 748 5693 Bnrs'rus.

357 5711 460 5773 (7‘2
505 5707 748 5764 Montisic

1982 5719 2182 5776 riensis
2211 5718 2344 5773 ﬁlia.

357 5707 480 5776 (7‘2)
505 5707 916 5764 Montisierrati.

361 5781 486 5853 (75)
525 5780 740 5836 Accidit
780 5778 1118 5835 l'acinnshoc
1140 5795 1287 5836 circa
1317 5795 1520 5836 annum
1561 5781 1718 5850 “00,
1764 5785 1873 5841 sub

353 5967 400 5998 ”
440 5983 632 6038 προεν.
716 5967 758 5997 ’⁸
786 5961 1204 6034 Μονφεῤῥὰῖον.
1246 5959 1309 6015 In
1334 5959 1412 6016 al.
1452 5971 1508 6015 ut
1539 5978 1586 6014 ε.
