4032 6420
265 335 383 396 233
1382 337 1482 398 DE
1529 338 1789 399 REBUS
1814 339 1857 399 T

1968 338 2182 400 LCICIS
2227 342 2377 405 LIB.
2411 346 2509 414 Π.
3078 319 3081 322 ’
3451 361 3560 423 est

268 447 498 512 ξύνοδον
531 445 678 500 κατὰ
713 447 814 516 τὴν
860 446 1117 516 Ἰταλίαν,
1152 437 1368 522 Μάρκῳ
1407 469 1466 505 τε
1511 454 1592 524 τῷ
1627 452 1860 521 Ἑφέσου

1963 453 2208 508 εοτιιὶιιιι
2247 455 2484 512 iultalia
2530 459 2730 516 factam
2797 480 2907 520 non
2971 467 3355 527 admittebant.
3417 475 3552 532 Nam

264 540 436 609 ἀρχιε
450 540 555 604 ρεῖ,
581 539 708 592 οὐδὲ
743 539 846 608 τὴν
871 541 1049 611 ἀρχὴν
1072 541 1351 612 τιθεμένῳ
1371 543 1453 612 τῷ
1484 544 1594 596 τῶν
1622 545 1856 598 Λατίνωι

1991 543 2193 598 llarcus
2241 545 2444 616 Ephesi
2487 551 2801 624 cpiscopus.
2855 565 2910 610 et
2969 555 3294 620 Scholarius
3342 565 3583 623 Cra-cm.

265 631 518 699 δόγματι
549 631 607 684 τὸ
639 633 928 701 παράπαν,
968 636 1066 686 καὶ
1099 634 1402 704 Σχολαρίῳ,
1447 635 1528 706 τῷ
1557 636 1681 692 τότε
1738 637 1857 708 παρ

1974 649 2094 688 rum
2124 636 2508 705 doctissimus,
2549 660 2617 700 ne
2647 647 2867 715 quidem
2921 652 2988 706 ab
3032 653 3190 708 initio
3237 655 3557 714 Latinorum

269 721 522 792 Ἕλλησι
572 725 639 776 τὰ
686 727 745 786 ἐς
821 727 1018 793 σοφίαν
1079 727 1484 795 εὐδοκιμοῦντι.
1543 727 1620 783 Οὐ
1682 729 1861 797 μέντοι

1974 726 2215 795 dogmati
2249 747 2584 790 consensum
2648 749 2910 808 pra-stare
2943 745 3258 805 voluerunt.
3325 753 3431 808 Ubi
3488 756 3556 808 ad

277 813 484 881 ἡνὺετο
532 814 714 875 αὐτοῖς
764 814 922 868 οὐδὲν
961 816 1016 878 ἐς
1047 815 1222 882 λόγων
1269 815 1503 887 ἅμιλλαν
1529 818 1866 888 ἀφικνουμέ-

1972 822 2311 892 colloquium
2365 835 2419 881 et
2449 828 2514 882 ad
2555 829 2988 901 disputationem
3041 849 3261 896 ventum
3288 854 3392 904 est.
3449 846 3555 899 llo-

280 923 419 966 νοις.
448 905 564 958 ἀλλ’
592 904 921 976 ἀπεχώρουν
965 907 1243 975 ἄπρακτοι
1277 907 1369 960 ἐπὶ
1413 907 1668 971 Ἰταλίας.
1717 911 1778 962 Ὀ
1809 912 1865 964 δὲ

1972 917 2114 970 mani
2173 919 2306 972 nihil
2354 921 2567 978 efficere
2615 936 2942 994 potuerunt,
2996 947 3190 986 verum
3237 951 3296 990 re
3354 937 3553 992 infecta

280 997 570 1064 Εὑγένειος
603 999 665 1051 οὐ
711 997 894 1068 πολλῷ
956 999 1189 1070 ὕστερον
1242 1001 1477 1070 ἀφίκετο
1521 1003 1579 1066 ἐς
1621 1003 1863 1074 Ῥώμην,

1969 1006 2192 1063 domum
2221 1015 2426 1068 reversi
2473 1027 2631 1071 sunt.
2667 1017 2950 1090 Eugenius
3008 1025 3151 1080 haud
3211 1029 3384 1082 multo
3429 1045 3555 1099 post

275 1089 752 1162 συμϐαλλομένων
808 1093 962 1163 αὐτῷ
1024 1093 1134 1147 τῶν
1191 1095 1499 1160 Οὐενετῶν,
1538 1095 1865 1181 φερομένων

1973 1097 2200 1153 Romam
2229 1104 2410 1166 rediit.
2441 1107 2661 1176 adjutus
2690 1124 2719 1163 a
2749 1089 2993 1178 Venetis,
3023 1118 3117 1185 qui
3142 1133 3202 1172 ea
3229 1089 3554 1188 tempestate

269 1182 400 1236 τότε
431 1183 509 1252 τῷ
536 1184 763 1254 πολέμῳ
794 1184 1021 1254 ἄμεινον
1051 1187 1192 1257 πρὸς
1223 1187 1317 1240 τὸν
1358 1179 1629 1258 Διγυρίας
1662 1188 1861 1258 τύραν-

1969 1190 2266 1247 admodum
2313 1195 2546 1253 feliciter
2583 1201 2784 1258 bellum
2838 1207 3099 1276 gerebant
3129 1225 3252 1264 cum
3285 1210 3548 1282 Ligurum

267 1293 389 1330 νον.
426 1277 490 1330 Ol
524 1276 634 1348 γὰρ
663 1279 922 1332 Οὐενετοὶ
955 1281 1294 1349 ἐπαγόμενοι
1317 1282 1625 1352 στρατηγὸν
1657 1282 1859 1350 σφίσιν,

1970 1289 2226 1351 tyranno.
2256 1284 2393 1341 Nam
2442 1287 2630 1346 Veneti
2657 1293 2782 1349 belli
2813 1295 3008 1353 ducem
3063 1311 3323 1356 crearunt
3356 1276 3545 1357 ⁷νὶιηιιιι

267 1369 451 1440 ἄνδρα
475 1369 716 1442 Λίγυρα,
754 1372 1152 1442 Καρμανιόλαν
1186 1373 1232 1405 ⁸⁸
1269 1373 1534 1444 τοῦνομα,
1591 1374 1859 1445 κηδεστὴν

1968 1375 2144 1441 patria
2171 1375 2452 1446 Ligurem,
2483 1385 2577 1453 qui
2608 1395 2768 1442 antea
2800 1389 2977 1444 fuerat
3003 1393 3213 1447 amicus
3269 1404 3322 1448 et
3371 1396 3550 1450 aﬂlnis

269 1463 576 1531 γενόμενον
615 1461 712 1516 τοῦ
745 1462 1008 1534 Λιγύρων
1042 1465 1334 1534 τυράννου,
1381 1467 1507 1520 τότε
1541 1467 1861 1537 στράτευμα

1968 1464 2231 1538 Ligurum
2271 1479 2512 1545 tyranni.
2560 1479 2771 1537 Nomen
2838 1484 2996 1541 ducis
3043 1487 3376 1544 Carminiola
3422 1491 3549 1554 fuit,

266 1553 598 1624 ἐπέτρεψαν
647 1555 816 1627 αὐτῷ.
858 1557 970 1610 Καὶ
1003 1556 1065 1622 δς
1117 1557 1455 1630 παραλαϐὼν
1487 1559 1548 1614 τό
1596 1576 1657 1613 τε
1694 1561 1858 1630 στρά-

1965 1559 2130 1630 cique
2156 1567 2460 1622 exercitum
2509 1577 2926 1632 commiserunt.
2986 1577 3090 1645 Qui
3145 1590 3203 1634 ut
3241 1584 3542 1638 exercitum

262 1665 455 1718 τευμα
478 1648 575 1700 καὶ
602 1647 700 1712 τὰς
726 1647 861 1713 ναῦς
889 1650 1024 1715 ὅσας
1052 1650 1210 1720 ἠξίου
1238 1651 1530 1722 πληρῶσαι
1555 1651 1705 1723 αὐτῷ
1729 1654 1854 1716 τοὺς

1966 1657 2198 1724 accepit,
2231 1668 2286 1714 et
2340 1676 2508 1718 naves
2542 1673 2620 1721 tot
2678 1679 2814 1738 quot
2863 1673 3135 1729 militibus
3180 1675 3408 1746 implere
3439 1677 3544 1732 γι·-

266 1740 598 1804 Οὒενετοὺς,
631 1741 998 1811 ἐστρατεύετο
1037 1742 1183 1815 πεζῇ
1207 1760 1296 1808 τε,
1327 1745 1424 1799 κα)⁸
1448 1745 1538 1798 διὰ
1564 1745 1657 1799 τοῦ
1704 1745 1856 1818 Ἥρι-

1964 1755 2126 1804 netos
2147 1749 2418 1820 jusserat,
2455 1758 2655 1814 itinere
2701 1764 2940 1832 pedestri
2971 1775 3027 1820 et
3087 1782 3182 1836 per
3243 1740 3545 1824 Eridanum

263 1832 458 1896 δανοῦ,
510 1832 652 1905 ἔχων
710 1834 844 1899 ναῦς
882 1835 1307 1906 ἐξωπλισμένας
1336 1838 1398 1902 ἐς
1442 1839 1542 1902 τὰς
1597 1839 1855 1905 ἐπάλξεις

1965 1841 2450 1935 proficiscebatur.
2509 1851 2719 1911 habens
2785 1873 2956 1914 naves
2997 1832 3188 1931 ligneis
3239 1879 3550 1935 propugna-

265 1923 494 1989 ξυλίνας
528 1925 676 1995 ἀμφὶ
708 1927 805 1989 τὰς
859 1927 1266 1998 ἐϐδομήκοντα,
1325 1929 1419 1982 ἐπὶ
1458 1930 1554 1986 τὸν
1591 1931 1856 1986 Μεδιολάο

1963 1931 2104 1984 culis
2127 1941 2182 1987 et
2227 1938 2476 1993 turribus
2506 1943 2737 2009 pulchre
2792 1947 3118 2016 instructas,
3169 1968 3293 2022 qua
3319 1970 3550 2008 numero

263 2033 366 2068 νου
399 2016 648 2086 ἡγεμόνα
673 2017 766 2071 τὸν
800 2018 1091 2076 Φίλιππον.
1138 2020 1316 2092 ’Υπῆν
1347 2021 1404 2075 δὲ
1441 2023 1638 2094 ἐκείνῳ
1683 2041 1854 2095 στρα-

1961 2029 2119 2076 erant
2168 2031 2545 2097 septuaginta.
2606 2033 2702 2090 His
2765 2039 2943 2108 copiis
2992 2016 3242 2096 munitus
3288 2045 3546 2112 pergebat

261 2105 442 2174 πηγὸς
472 2106 746 2170 Νικόλεως
779 2111 806 2177 ό
836 2109 1054 2180 Βραχὺς
1096 2111 1356 2182 ἐπίκλην,
1385 2115 1527 2186 ἀνὴρ
1578 2117 1648 2169 τὰ
1694 2117 1853 2170 πολέ-

1961 2123 2152 2170 contra
2214 2116 2508 2178 Mediolani
2571 2105 2864 2197 tyrannum
2931 2135 3154 2188 nomine
3207 2105 3543 2204 Philippum.

154 2190 166 2204 ’
271 2215 378 2268 μια
404 2199 630 2266 ἀγαθὸς,
666 2202 759 2254 καὶ
791 2202 847 2264 ἐς
874 2203 946 2256 τὰ
980 2202 1177 2274 πρῶτα
1214 2206 1434 2276 ἀνήκων
1467 2206 1559 2260 τοῦ
1587 2207 1746 2278 πολέρ

1958 2203 2304 2267 Carminlola:
2370 2215 2582 2286 legatus
2643 2231 2764 2275 erat
2841 2221 3102 2280 Nicolaus
3175 2233 3545 2297 cognomento

271 2290 388 2343 Καὶ
430 2290 615 2358 πρῶτα
647 2291 748 2362 μὲν
790 2292 1050 2364 ἐφέροντο
1080 2295 1130 2348 οί
1161 2296 1416 2351 Οὑενετοὶ
1451 2299 1509 2362 ἐς
1549 2301 1638 2353 τδν
1687 2301 1850 2356 πόλε-

1957 2297 2392 2376 Brachius(77),
2423 2309 2505 2361 vir
2546 2311 2803 2369 militaris
2860 2317 2938 2369 rei
2993 2290 3392 2386 peritissimus,
3441 2321 3536 2388 qui

277 2400 387 2453 μον
437 2384 525 2439 ἐπὶ
556 2387 726 2441 πολὺν
755 2389 950 2458 χρόνον
975 2391 1120 2454 τινὰ,
1147 2389 1202 2455 ἐς
1228 2409 1286 2445 τε
1319 2393 1419 2465 τὴν
1446 2394 1645 2466 λίμνην
1677 2395 1721 2427 ³⁸
1750 2397 1850 2465 τῆς

1957 2395 2023 2446 ad
2050 2409 2323 2451 summam
2380 2399 2698 2458 bellicarum
2738 2421 2922 2461 rerum
2977 2409 3201 2477 gloriam
3261 2422 3539 2466 evaserat.

273 2477 523 2550 φυλακῆς
545 2481 1000 2552 διαπολεμοῦντες
1031 2485 1306 2556 ἀλλήλοις.
1349 2487 1458 2540 Καὶ
1489 2490 1584 2542 ἐπὶ
1622 2490 1848 2561 Βρίξιαν

1962 2484 2151 2541 Veneti
2187 2490 2240 2543 in
2278 2505 2344 2546 eo
2392 2491 2538 2550 bello
2580 2495 2820 2553 victores
2876 2507 3121 2570 tempore
3159 2505 3319 2574 longo
3364 2506 3534 2558 fuere.

265 2569 429 2624 πόλιν
455 2572 698 2638 ἐλθόντος
729 2572 977 2629 Νικόλεω
1013 2577 1109 2630 τοῦ
1155 2579 1435 2650 Βραχέως,
1484 2583 1580 2635 καὶ
1627 2585 1849 2656 πολιορ-

1954 2577 2350 2637 ΡιοτοΙίιιίιιιιιιιιτ
2377 2585 2491 2647 diu,
2513 2602 2638 2640 cum
2665 2591 2919 2658 prmsidio
2948 2569 3014 2648 ad
3035 2595 3188 2650 lacus
3223 2569 3534 2652 custodiam

261 2660 492 2727 κοῦντος
521 2665 622 2734 τὴν
661 2664 816 2720 πόλιν
845 2666 920 2731 ὡς
942 2668 1348 2741 ἐξαιρήσοντος,
1381 2673 1721 2746 ἀντέστησαν
1752 2678 1846 2731 ἐπὶ

1953 2672 2155 2740 posito.
2186 2672 2447 2732 Nicolaus
2476 2677 2749 2737 Bracbius
2812 2682 3050 2740 Brixiam
3107 2702 3229 2741 cum
3290 2689 3537 2743 exercitu

262 2756 466 2827 συχνόν
501 2774 625 2811 τινα
654 2759 869 2829 χρόνον,
904 2763 995 2816 καὶ
1033 2764 1091 2826 ἐς
1144 2762 1301 2818 τοῦτο
1353 2767 1600 2839 ἀνάγκης
1650 2771 1846 2840 ἐληλυ-

1953 2765 2124 2830 venit,
2157 2782 2391 2839 eamque
2436 2786 2634 2842 capere
2689 2775 2988 2833 nitebatur.
3022 2776 3223 2834 Verum
3276 2780 3536 2848 oppidani

261 2845 445 2912 θέναι,
474 2847 614 2902 ὥστε
647 2851 745 2904 καὶ
803 2851 965 2919 μυίας
1012 2853 1106 2908 καὶ
1152 2855 1325 2922 γαλᾶς
1368 2857 1707 2929 ἐδηδοκέναι,
1752 2865 1846 2916 καὶ

1952 2854 2297 2912 obsidionem
2332 2861 2495 2931 longo
2547 2863 2859 2920 tolerarunt
2891 2876 3136 2938 tempore
3195 2887 3367 2942 eoque
3433 2890 3535 2928 nc-

255 2939 414 2993 δξινά
475 2940 796 3010 ὑπενεγκεῖν
833 2943 912 3014 μὴ
962 2945 1274 3010 ἐνδιδόντας⁴
1312 2949 1372 3002 τὸ
1429 2953 1690 3022 παράπαν
1717 2955 1844 3020 τοὺς

1953 2938 2228 3005 cessitatis
2265 2961 2487 3008 ventum
2531 2965 2635 3019 est.
2673 2967 2732 3010 ut
2776 2975 2964 3014 mures
2999 2960 3241 3032 felesque
3283 2964 3535 3028 ederent.

257 3032 475 3098 Λίγυας
501 3047 516 3062 ·
558 3033 599 3085 Γ
600 3034 846 3104 ουέλφων
894 3035 950 3089 δὲ
1002 3041 1201 3108 μοῖραν
1235 3036 1401 3095 οὖσαν
1434 3044 1493 3096 ἐν
1547 3049 1611 3116 τῇ
1665 3046 1837 3108 πόλει.

1953 3052 2006 3095 et
2037 3041 2336 3099 durissima
2370 3062 2602 3116 qumque
2635 3050 2975 3106 sustinerent
3023 3056 3231 3123 potius.
3268 3073 3434 3126 quam
3473 3071 3532 3111 ut

254 3125 579 3196 ἀντιστῆναι
632 3128 725 3181 ἐπὶ
781 3129 1055 3183 τοσοῦτον.
1114 3132 1227 3203 Τὴν
1291 3136 1402 3205 γάρ
1457 3153 1538 3190 τοι
1609 3137 1844 3194 Ἰταλίαν

1951 3132 2095 3189 hosti
2134 3136 2393 3192 cederent
2435 3156 2450 3194 :
2490 3139 2654 3196 factio
2686 3141 3082 3214 Guelphorum,
3121 3164 3243 3217 quae
3301 3151 3356 3204 in
3393 3151 3533 3206 urbe

255 3217 564 3288 σύμπασαν
607 3222 665 3283 ἐς
693 3220 788 3274 δύο
822 3224 1018 3293 μοίρας
1063 3224 1448 3297 διακεκρίσθαι
1497 3231 1842 3301 ἐπυθόμεθα,

1949 3236 2089 3287 erat,
2119 3228 2257 3282 adeo
2293 3228 2510 3285 fortiter
2567 3237 2912 3304 repugnavit.
2962 3239 3232 3297 Universa
3281 3242 3428 3298 Italia
3475 3245 3531 3299 in

251 3310 362 3382 τήν
410 3327 471 3365 τε
516 3313 805 3382 Γουέλφων
854 3317 951 3369 καὶ
1002 3317 1348 3375 Γιὸελλίνων.
1382 3321 1530 3394 Ὅτῳ
1590 3326 1692 3393 μὲν
1751 3325 1843 3380 οὖν

1949 3317 2086 3371 duas
2109 3318 2382 3376 factiones
2422 3323 2599 3379 divisa
2632 3336 2739 3389 est,
2785 3329 2840 3383 in
2879 3329 3256 3401 Guclphorum
3318 3339 3530 3392 scilicet

256 3403 453 3474 τρόπῳ
479 3406 570 3458 καὶ
605 3405 764 3476 γένος
795 3409 892 3461 xci.
923 3409 1108 3473 πόλεις
1136 3411 1245 3465 τῶν
1285 3415 1427 3468 κατὰ
1463 3415 1563 3485 τὴν
1603 3416 1844 3471 Ἰταλίαν

1947 3416 2001 3461 ct
2063 3409 2491 3468 Gibellinorum.
2544 3415 2833 3481 Quomodo
2889 3431 3074 3476 autem
3120 3426 3285 3480 urbes
3359 3429 3531 3484 t0tius

261 3496 555 3567 ἅπανταχῆ
591 3501 648 3563 ἐς
697 3500 792 3554 δύο
836 3501 1013 3572 τούτῳ
1071 3505 1272 3575 μοίρας
1322 3508 1528 3579 διέστη,
1567 3508 1710 3564 ὥστε
1743 3512 1842 3567 ἀλ-

1950 3501 2112 3557 ltaliae
2138 3503 2192 3558 in
2217 3505 2317 3560 has
2348 3506 2619 3564 factiones
2656 3510 2916 3577 abierint,
2953 3523 3008 3567 et
3041 3516 3186 3570 inter
3215 3533 3275 3572 se
3310 3535 3531 3587 semper

259 3585 465 3656 λήλους
513 3588 556 3620 ³¹
599 3589 868 3660 πολεμίας
921 3587 1086 3661 εἶναι,
1117 3595 1478 3667 διενεχθετσαι
1527 3604 1594 3669 τῇ
1645 3601 1840 3673 γνώμῃ

1947 3594 2280 3652 dissidentes
2335 3597 2534 3655 animis
2595 3612 2862 3671 pugnent,
2918 3613 2972 3658 et
3031 3611 3178 3662 unde
3227 3585 3529 3666 dissideudi

255 3679 575 3746 διαπαντὸς,
608 3685 699 3736 καὶ
731 3683 856 3737 ὅθεν
905 3684 1006 3756 τὴν
1061 3686 1238 3758 ἀρχὴν
1270 3688 1394 3760 ἔσχε
1427 3690 1528 3760 τῆς
1571 3693 1841 3766 διαφορᾶς

1984 3685 2165 3740 ·ιῖιίιιηι
2227 3699 2478 3742 exortum
2507 3690 2604 3757 sit,
2659 3707 2725 3746 ex
2777 3696 3000 3749 nemine
3050 3712 3288 3766 unquam
3342 3703 3530 3756 audivi
3574 3747 3576 3749 .

249 3769 382 3825 οὔτε
413 3772 557 3836 τινὸς
600 3772 905 3846 ἐπυθόμην,
945 3774 1086 3830 ὥστε
1144 3776 1346 3845 ἀληθές
1388 3797 1442 3834 τι
1479 3781 1608 3852 περὶ
1655 3784 1838 3840 αὐτῶν

1943 3777 2286 3848 quidquam,
2341 3789 2404 3833 ut
2459 3780 2572 3834 veri
2637 3781 2844 3852 aliquid
2914 3783 2983 3838 de
3039 3785 3105 3840 iis
3162 3786 3532 3843 determinaro

247 3864 622 3936 ἐπισημῆναι,
675 3865 976 3932 οῦτάὑτὸς
1035 3871 1472 3943 συμϐαλλόμενος
1535 3876 1710 3947 ἔχοιμ’
1772 3881 1839 3933 ἂν

1945 3871 2192 3939 possim:
2257 3886 2361 3926 nec
2414 3872 2530 3941 ipse
2589 3873 2970 3942 conjecturam
3022 3874 3254 3941 faciens.
3319 3880 3527 3944 possim

244 3958 435 4026 λέγειν
472 3975 524 4011 τι
553 3959 794 4027 ἀσφαλὲς
825 3962 955 4032 περὶ
982 3962 1185 4018 αὐτῶν.
1229 3964 1290 4018 'll
1321 3967 1422 4035 μέν
1457 3975 1540 4021 τοι
1579 3970 1836 4040 Λιγύρων

1942 3963 2072 4030 quid
2095 3965 2231 4017 certi
2257 3963 2324 4017 de
2365 3963 2432 4018 iis
2475 3964 2712 4020 tradere.
2753 3965 3020 4035 Ligurum
3080 3977 3133 4023 et
3167 3967 3523 4024 Januensium

245 4048 431 4121 χώρα,
464 4051 560 4103 καὶ
595 4052 629 4121 ἡ
661 4052 769 4105 τῶν
811 4054 1080 4120 Ἰανυῖων,
1113 4073 1168 4117 ες
1208 4051 1309 4127 τήν
1349 4058 1673 4114 Γιὸελλίνων
1703 4063 1837 4116 ἀπο-

1943 4057 2095 4124 regio
2128 4054 2526 4110 Gibellinorum
2561 4056 2857 4112 factionem
2908 4069 3178 4115 sectatur.
3218 4059 3407 4116 Veneti
3468 4075 3525 4117 et

247 4144 515 4212 κέκριται
573 4146 810 4215 μοῖραν·
862 4147 911 4214 oi
963 4148 1020 4200 δὲ
1073 4149 1184 4204 τῶν
1234 4151 1539 4220 Οὑενετῶν,
1575 4159 1671 4210 καὶ
1727 4159 1835 4212 τῶν

1941 4151 2199 4214 Rmuaui,
2265 4166 2476 4206 necnon
2537 4151 2803 4217 Marchia,
2871 4153 3136 4223 Guelphis
3213 4157 3519 4214 adhaerent.

258 4235 582 4305 Ῥωμαίων,
613 4237 709 4290 καὶ
755 4239 790 4308 ἠ
837 4239 1064 4311 Μάρκη,
1090 4243 1148 4305 ἐς
1176 4242 1276 4314 τὴν
1307 4245 1594 4316 Γουέλφων
1647 4251 1833 4322 διέστη

1940 4243 2214 4314 Tyrrheni
2240 4253 2291 4299 et
2317 4245 2540 4315 Reginae
2567 4246 2718 4315 regio
2744 4261 2866 4314 quae
2898 4246 2965 4300 ad
2997 4243 3280 4320 Iapygiam
3312 4250 3364 4304 in
3398 4250 3522 4304 lon-

244 4329 538 4400 διαφοράν.
578 4330 851 4401 Τυρρηνοὶ
905 4332 1090 4402 μέντοι
1137 4337 1233 4389 καὶ
1288 4338 1320 4406 ἡ
1377 4337 1530 4408 χώρα
1580 4341 1676 4411 τῆς
1725 4343 1835 4395 Βα-

1938 4334 2240 4403 gitudinem
2274 4341 2444 4404 patet.
2472 4334 2728 4402 utrisque
2759 4335 2927 4389 favet.
2956 4335 3190 4400 Quidam
3221 4341 3364 4393 enim
3421 4342 3520 4394 hn-

246 4423 439 4484 σιλέας
491 4423 554 4489 ³’,
590 4424 686 4476 ἐπὶ
735 4421 1021 4493 Ἰαπυγίαν
1075 4426 1294 4497 μακρὰν
1342 4429 1706 4500 διατείνουσα,
1743 4437 1831 4489 ἐπ’

1939 4440 2059 4476 rum
2089 4425 2144 4478 in
2195 4424 2591 4492 Guelphorum,
2623 4425 2845 4494 quidam
2904 4426 2958 4480 in
2989 4427 3393 4483 Gibelliuorum
3433 4432 3519 4485 fa-

243 4485 548 4584 dprpdtepa
593 4485 1032 4571 ταλαντεύονται.
1065 4485 1130 4570 ὀί
1193 4485 1296 4588 μὲν
1351 4520 1462 4591 γὰρ
1519 4485 1833 4590 solitum-ev;

1939 4517 2178 4570 ctionem
2222 4515 2378 4586 157
2410 4516 2635 4590 discreti
2663 4526 2812 4572 sunt.
2844 4517 3027 4571 Etiam
3066 4521 3118 4574 in
3147 4536 3252 4573 una
3294 4522 3519 4576 eadem-

243 4609 353 4679 τὴν
380 4606 691 4676 Γουέλφων,
718 4609 767 4660 οί
795 4607 853 4662 δέ
885 4609 944 4672 ἐς
992 4609 1095 4678 τὴν
1125 4611 1453 4666 Γιΰελλίνων
1501 4616 1835 4686 ἀποκέκριν‹

1938 4624 2046 4678 que
2089 4610 2224 4664 urbe
2259 4619 2521 4677 utrasque
2569 4609 2708 4665 istas
2745 4607 3012 4665 factiones
3083 4610 3225 4664 inter
3249 4627 3308 4664 se
3356 4612 3520 4666 dissi-

240 4715 341 4751 ται
411 4700 625 4768 μοῖραν.
669 4700 778 4753 Καὶ
842 4701 899 4754 ἐν
965 4701 1066 4773 μιᾷ
1116 4718 1177 4755 τε
1224 4704 1319 4756 καὶ
1367 4707 1432 4776 τῇ
1487 4707 1626 4777 αὐτῇ
1684 4709 1832 4775 πόλει

1936 4700 2132 4754 dentes
2155 4708 2206 4754 et
2240 4709 2549 4770 pugnantes
2575 4716 2799 4756 cernere
2851 4711 2954 4755 est.
2996 4698 3134 4754 Hinc
3197 4703 3518 4771 plerumque

236 4792 402 4846 ἔστιν
434 4792 565 4844 ἰδεῖν
609 4795 778 4859 ἀμφι.)
809 4792 886 4844 τὼ
940 4792 1105 4864 μοίρα
1135 4795 1453 4871 διεστηκυία
1500 4813 1558 4849 τε
1591 4800 1687 4851 καὶ
1721 4816 1828 4872 pg.

1938 4791 2242 4846 seditiones
2275 4792 2486 4846 Italiam
2553 4792 2867 4848 colentibus
2906 4792 3158 4847 accidere
3217 4802 3366 4861 puto.
3403 4795 3514 4848 Ac-

231 4883 457 4957 χομένα
509 4883 786 4954 ἀλλήλαις.
822 4884 901 4936 Δι’
951 4884 988 4938 ἃ
1039 4886 1103 4956 δὴ
1153 4887 1247 4940 καὶ
1289 4869 1365 4952 ὠς
1409 4889 1476 4943 τά
1527 4890 1676 4944 πλέω
1729 4869 1823 4956 τας

1931 4884 2065 4938 cidit
2088 4884 2299 4940 interea
2350 4894 2408 4938 ut
2464 4886 2630 4940 etiam
2687 4883 2935 4939 Patavini
2990 4882 3324 4939 adducerent
3383 4901 3515 4940 suos

230 4980 472 5040 στάσεις
507 4977 800 5047 λογίζομαι
849 4978 1177 5048 συμϐαίνειν
1222 4983 1337 5044 τοῖς
1363 4986 1506 5038 κατά
1552 4984 1651 5055 τὴν
1695 4984 1822 5038 Ἰτα-

1931 4973 2121 5038 duces,
2154 4977 2297 5030 inter
2323 4991 2464 5047 quos
2487 4983 2679 5032 eratet
2697 4974 2995 5038 Marsilius,
3024 4986 3184 5028 natus
3211 4993 3276 5030 ex
3303 4978 3513 5031 fmuilia

223 5072 370 5128 λίαν
426 5071 692 5138 γίνεσθαι.
747 5071 956 5140 Συνέϐη
1015 5072 1071 5125 δὲ
1120 5074 1181 5126 ἐν
1238 5073 1419 5146 τούτῳ
1482 5077 1577 5130 καὶ
1615 5078 1739 5142 τοὺς
1774 5081 1815 5132 ἐι

1929 5067 2305 5134 ϐαιατὶοτιιιιι,
2335 5069 2426 5136 qui
2466 5068 2688 5137 parabat
2729 5067 3082 5122 Carmiuiol'e
3150 5069 3383 5138 prodere
3417 5084 3512 5121 ur-

229 5164 511 5235 Ιιαταϐίῳ
553 5164 932 5234 ἐπαγομένους
970 5165 1096 5228 τοὺς
1134 5165 1624 5238 σφῶνήγεμόνας,
1666 5171 1821 5242 Μαρ-

1933 5157 2078 5213 bem.
2119 5161 2212 5213 Est
2242 5170 2423 5214 autem
2479 5176 2541 5214 ea
2598 5160 2728 5213 urbs
2797 5173 2994 5229 magna
3018 5169 3072 5213 et
3121 5161 3404 5229 opulenta,
3458 5161 3510 5213 in

206 5245 420 5318 ξσίλιον
451 5254 688 5326 τοῦνομα
728 5253 879 5307 οἴκου
920 5256 1030 5309 τῶν
1080 5257 1438 5327 Καρραρίων,
1477 5261 1798 5316 συντίθεσθαι

1932 5251 2142 5305 ambitu
2179 5254 2466 5307 continens
2503 5251 2682 5308 stadia
2731 5252 3100 5324 septuaginta,
3160 5252 3357 5306 ﬂuvius
3415 5267 3513 5305 no-

437 5307 768 5419 παραδοῦναι
800 5347 899 5420 τὴν
930 5307 1128 5402 πόλιν-,ὴ
1326 5307 1383 5405 6;
1417 5307 1558 5426 αὕτη
1587 5356 1618 5427 ή
1673 5357 1789 5411 πόλι

1935 5343 2081 5398 mim:
2110 5341 2307 5398 Brenta
2332 5359 2451 5398 eam
2479 5352 2630 5399 secat
2655 5360 2668 5396 :
2698 5358 2807 5412 quo
2829 5359 2954 5398 cum
2988 5343 3228 5412 undique
3252 5343 3508 5412 alluatur,

1525 5503 1776 5567 Noluit»
1807 5509 2212 5588 marginales.

308 5602 427 5674 (77)
457 5599 765 5655 Picininus.

307 5744 354 5772 ²⁹
387 5743 445 5794 lu
482 5743 1085 5831 ιιιιο.,1ίαρ;ιμαιιτόλο·ι.
1169 5749 1213 5782 ³⁰
1243 5748 1306 5804 ιιι
1335 5769 1450 5818 ora,
1484 5755 1637 5822 λάγω
1663 5757 1718 5810 δὲ
1745 5758 1899 5831 rapo:

1923 5797 1937 5811 .
2017 5757 2055 5789 "
2095 5757 2348 5828 ἀλλήλας.
2388 5754 2475 5810 Sic
2511 5756 2672 5808 etiam
2716 5753 2778 5807 Il.
2861 5754 2906 5785 "
2936 5752 3235 5822 βασιλείας,
3284 5752 3343 5806 In
3384 5769 3509 5814 uno.

237 5820 336 5884 τῆς
370 5819 566 5883 ραργβ.
615 5812 678 5865 In
713 5818 784 5867 ul.
830 5827 884 5868 ut
918 5817 970 5869 in
1007 5828 1147 5871 cont.
1213 5845 1224 5854 -
