4032 6408
165 357 285 422 329

1171 357 1269 416 DE
1296 357 1548 419 REBUS
1581 358 1936 419 TURCICIS
1960 356 2106 418 LIB.
2145 358 2278 419 VII.

3326 356 3436 422 330

166 467 523 529 émB:.Lxs:v,
555 466 689 519 ἔνθα
721 465 1010 536 γενόμενοι
1037 469 1083 507 ⁶⁹
1113 468 1516 539 διεσπάρησαν,
1546 472 1640 523 καὶ
1671 473 1740 524 τοι

1863 470 2158 526 exercitum
2183 479 2333 540 terga
2353 469 2486 526 dare
2518 477 2844 541 coegerunt.
2870 468 3001 539 Regi
3022 469 3431 540 relinquebatur

164 558 435 627 δεύτερον
461 560 561 626 τῆς
611 557 799 621 Ἀσίας
833 558 1063 627 στρατὸν
1112 560 1255 615 οὕτω
1283 563 1349 632 δὴ
1392 564 1755 633 τρεψάμενος,

136 716 137 721 η
169 650 434 703 ὲδὶωκεν.
451 647 807 701 ’Υπελειπετο
832 650 887 701 δὲ
905 651 1055 720 αὑτῷ
1079 651 1139 704 τὸ
1179 653 1275 721 τῆς
1302 653 1575 725 Εὐρώπης
1595 654 1758 724 στρά-

176 757 394 809 τευμα,
424 739 644 808 ἑστηκός
680 756 739 792 τε
785 742 878 793 καὶ
921 741 1131 810 οὐδαμῆ
1188 744 1468 812 χωρῆσαν,
1496 744 1611 797 ἀλλ’
1642 749 1762 798 ἐπι-

192 835 361 901 μένον
384 831 506 894 τοὺς
534 830 850 902 πολεμίους.
885 833 1033 902 Δῆλα
1060 833 1169 902 γὰρ
1201 834 1277 899 ὠς
1312 835 1577 905 βασιλέως
1607 838 1762 906 έστη-

190 925 351 987 κότος
377 925 444 977 τὰ
479 925 868 994 στρατεύματα
897 927 1072 982 ταῦτα
1103 927 1199 997 τῆς
1240 928 1507 999 Εὐρώπης
1536 912 1754 999 ἕστηκε.

182 1016 298 1070 Καὶ
332 1018 391 1087 ἥν
417 1034 475 1069 τε
516 1016 593 1086 μὴ
624 1017 894 1087 δεξάμενα
946 1020 1074 1083 τοὺς
1127 1019 1422 1090 πολεμίους
1471 1021 1528 1083 ἐς
1577 1023 1757 1093 φυγὴν

177 1111 411 1176 γένοιτο,
445 1108 606 1173 αὖθις
640 1111 926 1165 ἐπάνεισιν
979 1111 1074 1164 ἐπὶ
1123 1111 1186 1165 τὸ
1227 1112 1493 1182 βασιλέως
1533 1117 1759 1185 στρατό-

174 1197 590 1257 πεδον.ἘίώΘει
616 1205 725 1276 γὰρ
756 1206 913 1274 γένος
942 1208 1082 1275 μετὰ
1113 1223 1176 1274 γε
1199 1206 1408 1269 Σκύθας
1439 1210 1566 1270 τοὺς
1594 1213 1733 1279 νομά

170 1292 291 1355 δας,
351 1293 571 1345 πάντων
616 1294 681 1365 δὴ
730 1295 988 1364 μάλιστα,
1018 1289 1093 1348 ὧν
1142 1297 1304 1366 ἡμεῖς
1342 1298 1519 1365 ἴσμεν,
1555 1299 1756 1368 φεῦγον

167 1379 331 1446 αὖθις
366 1382 733 1448 ξυνίστασθαι,
771 1403 831 1438 τε
881 1386 1053 1455 αὐτῷ,
1092 1387 1183 1440 καὶ
1240 1390 1521 1443 ἐπανιέναι
1558 1392 1756 1460 ῥᾳδίως

166 1476 262 1528 καὶ
295 1471 456 1539 αὖθις
486 1478 543 1539 ἐς
579 1478 679 1547 τὴν
714 1479 919 1548 μάχην,
953 1481 1050 1533 καὶ
1094 1483 1435 1551 τρεπόμενον
1484 1486 1754 1551 εὐπετῶς,

162 1571 288 1622 ὅποι
323 1569 392 1622 ἂν
426 1571 579 1642 αὐτῷ
631 1573 963 1643 λυσιτελοξη.
1024 1574 1088 1628 Οἱ
1142 1577 1327 1645 μέντοι
1373 1579 1547 1641 Δᾶκες
1586 1581 1644 1634 ὲν
1678 1579 1754 1648 τῷ

168 1662 389 1735 θορύῦῳ
440 1664 620 1732 τούτῳ
660 1666 760 1734 τῆς
812 1665 1016 1736 μάχης,
1051 1665 1128 1730 ὡς
1165 1670 1353 1737 ἑώρων
1390 1672 1517 1734 τοὺς
1560 1673 1754 1726 Ἀλϐα-

167 1755 291 1817 νοὺς
316 1754 333 1784 ¹
367 1755 426 1817 ἐς
454 1755 637 1826 φυγὴν
668 1756 1063 1825 τρεπομένους,
1084 1757 1266 1812 οὐκέτι
1294 1760 1360 1831 δὴ
1390 1762 1601 1816 ἐνταῦθ’
1626 1762 1753 1816 επέ-

173 1860 322 1915 σχον,
356 1844 477 1897 ἀλλ’
506 1848 566 1907 ἐς
589 1847 716 1909 τοὺς
748 1845 1019 1915 βασιλέως
1045 1848 1359 1922 Θησαυροὺς
1388 1855 1747 1926 τραπόμενοι,

167 1936 469 2004 διήρπαζον
496 1937 568 1991 τά
599 1954 658 1990 τε
700 1940 987 2008 χρήματα,
1033 1943 1129 1997 καὶ
1176 1943 1269 1998 τὸν
1318 1944 1587 2015 βασιλέως
1632 1966 1749 2002 κοι-

161 2028 331 2091 τῶνα,
359 2031 458 2082 καὶ
504 2030 607 2092 τὰς
641 2030 927 2100 καμήλους
975 2034 1260 2104 ἐφόνευον,
1286 2038 1537 2108 ἀλλήλοις
1564 2041 1749 2094 διακε-

158 2120 470 2190 λευόμενοι.
511 2120 602 2184 Ὠς
645 2121 704 2175 δὲ
733 2121 898 2193 ἔργου
947 2125 1182 2197 εῐχοντο,
1215 2130 1309 2183 καὶ
1363 2131 1566 2196 ἱκανῶς
1597 2129 1747 2203 εῐχον

164 2212 262 2280 τῆς
289 2211 622 2282 διαρπαγῆς,
650 2215 753 2268 οὐκ
782 2214 864 2271 ἔτι
900 2217 1074 2283 ἰόντες
1122 2222 1181 2285 ὲς
1237 2222 1418 2291 μάχην
1469 2218 1746 2292 παρετάσ-

174 2320 328 2354 οοντο
376 2305 433 2355 έν
488 2305 684 2371 οὐδενὶ,
717 2306 834 2360 ἀλλ’
884 2309 978 2363 ἐπὶ
1009 2311 1071 2364 τὸ
1108 2313 1321 2367 ἑαυτῶν
1376 2317 1744 2384 στρατόπεδον

174 2392 427 2462 ἧλαυνον.
450 2392 702 2466 Ἰωάννης
736 2396 839 2466 μὲν
874 2395 991 2465 οὖν,
1020 2400 1093 2464 ὡς
1118 2402 1389 2472 ἐτρέψατο
1421 2406 1523 2475 τῆς
1554 2405 1744 2471 Ἀσίας

176 2485 513 2554 στράτευμα,
555 2485 787 2554 ἀφίκετο
824 2489 914 2541 ἐπὶ
964 2491 1267 2544 Λαδίσλαον
1320 2495 1562 2563 βασιλέα,
1597 2512 1742 2567 παρ-

168 2574 328 2626 αινῶν
376 2577 526 2647 αὐτῷ
574 2578 828 2632 ἵστασθαι
887 2581 984 2634 καὶ
1042 2582 1291 2649 ἱδρύσοαι
1345 2586 1487 2639 κατὰ
1533 2585 1741 2657 χώραν,

172 2665 307 2736 μηδὲ
335 2670 591 2736 προϊέναι
620 2687 717 2722 ποι
750 2672 1132 2742 συμϐαλοῦντα
1164 2677 1280 2739 τοῖς
1314 2677 1594 2745 πολεμίοις
1620 2695 1634 2708 ο
1669 2679 1744 2742 ὡς

167 2757 231 2810 ἂν
258 2760 541 2812 ἐπανιόντι
597 2762 739 2814 κατὰ
774 2762 868 2815 τοῦ
908 2764 1173 2833 βασιλέως
1208 2768 1446 2834 χαλεπὸν
1478 2768 1741 2839 ἁποϐαἰη,

168 2853 463 2922 καταφυγὴ
514 2854 577 2905 ὲκ
627 2856 725 2920 τῆς
768 2856 951 2925 μάχης
1005 2858 1235 2923 γένοιτο.
1288 2858 1392 2912 Καὶ
1440 2862 1744 2932 παρηγγύα

172 2943 353 3011 μηδενὶ
380 2943 494 2995 τῶν
524 2944 669 3015 ἀμφ’
693 2947 858 2999 αὑτὸν
897 2948 1217 3017 ἐπιτρέπειν
1247 2950 1383 3022 ἄλλῃ
1414 2969 1507 3004 ποι
1537 2954 1556 2983 ⁸
1586 2954 1743 3008 ἀπιέ-

170 3049 272 3096 ναι,
294 3034 406 3087 ἀλλ’
430 3036 600 3088 αὐτοῦ
657 3038 923 3106 μένοντας
976 3040 1291 3110 ἐπιμένειν,
1316 3044 1374 3107 ἐς
1406 3043 1434 3096 ὃ
1469 3044 1536 3097 ἂν
1571 3063 1742 3116 μαχε-

1865 562 2159 631 EurOpaeus
2177 566 2472 629 exercitus,
2495 564 2597 645 qui
2623 563 2803 618 adhuc
2832 565 3011 618 stabat
3036 578 3136 618 nec
3156 579 3431 634 quoquam

1862 656 2094 727 fugerat,
2118 666 2448 727 exspectans
2468 657 2707 713 hostem.
2732 656 3082 711 Manifestum
3118 657 3261 710 enim
3311 672 3433 711 esse

1861 762 2009 809 reor,
2067 750 2391 817 quantisper
2447 749 2715 804 manserit
2764 764 2880 812 rex,
2935 749 3207 816 tantisper
3266 751 3426 802 etiam

1861 839 2090 908 Europae
2144 820 2449 895 exercitum
2507 841 2839 896 consistere.
2899 841 2999 907 Qui
3033 841 3138 895 etsi
3169 841 3429 894 hostibus

1859 946 1967 987 non
2004 933 2295 997 restiterit,
2324 949 2515 988 verum
2543 935 2594 987 in
2634 934 2817 1004 fugam
2848 935 3066 999 abierit,
3096 944 3336 987 attamen
3376 934 3428 985 in

1858 1024 2006 1094 regia
2036 1034 2218 1080 castra
2249 1027 2562 1080 revertitur.
2583 1023 2721 1078 Nam
2774 1026 2920 1080 istud
2950 1026 3230 1079 hominum
3256 1042 3428 1096 genus

1858 1118 2114 1170 novimus
2170 1125 2297 1184 post
2346 1118 2579 1188 Scythas
2626 1128 2877 1188 pastores
2935 1120 3173 1172 maxime
3214 1119 3424 1187 fugere,

1857 1225 2028 1278 seque
2074 1210 2127 1263 in
2173 1209 2297 1279 fuga
2354 1210 2615 1267 facillime
2664 1213 2949 1282 colligere,
2987 1223 3041 1267 et
3072 1212 3428 1281 praeliumre-

1856 1302 2189 1372 dintegrare.
2242 1303 2300 1357 In
2350 1303 2532 1370 fugam
2569 1320 2697 1361 vero
2730 1306 2870 1361 versi
2926 1305 3081 1359 facile
3114 1315 3424 1359 servantur.

1858 1391 1984 1447 Daci
2023 1396 2167 1448 inter
2219 1411 2415 1465 pugnae
2442 1394 2742 1449 tumultum
2775 1410 2899 1449 cum
2933 1407 3225 1450 cernerent
3260 1395 3423 1447 Alba-

1858 1500 1958 1539 nos
1985 1486 2247 1555 iufugam
2278 1486 2502 1552 eﬂusos,
2531 1503 2633 1542 nec
2673 1489 2774 1542 sibi
2802 1494 3212 1556 temperarunt,
3236 1503 3425 1541 verum

1856 1579 1911 1631 in
1945 1579 2123 1649 regios
2146 1580 2433 1636 thesauros
2454 1581 2736 1645 conversi,
2769 1595 2863 1635 eos
2886 1587 2939 1634 et
2968 1580 3264 1650 regniopes
3293 1579 3427 1633 diri-

1858 1682 2126 1739 puerunt,
2190 1686 2407 1727 necnon
2484 1674 2694 1741 regium
2746 1672 3090 1739 cubiculum,
3120 1672 3426 1728 interfectis

1855 1762 2103 1824 camelis,
2136 1775 2260 1815 rum
2302 1777 2424 1818 sese
2455 1772 2646 1818 mutuo
2678 1763 2744 1817 ad
2779 1764 2940 1817 istam
2982 1778 3097 1819 rem
3128 1779 3304 1833 usque
3336 1778 3426 1817 eo-

1856 1856 2234 1910 hortarentur.
2270 1855 2534 1925 Oeeupati
2569 1857 2673 1912 isto
2696 1871 2863 1927 opere
2891 1872 3016 1912 cum
3057 1856 3258 1923 forent,
3288 1872 3429 1924 prae-

1852 1940 2132 2017 dandique
2168 1946 2283 2015 jam
2324 1948 2670 2019 obrepsisset
2713 1950 2966 2013 satietas,
3005 1951 3150 2005 haud
3198 1951 3252 2004 in
3288 1966 3428 2019 prir-

1856 2037 1988 2093 lium
2014 2039 2286 2104 redibant,
2322 2055 2429 2097 nec
2452 2042 2546 2096 ulli
2574 2057 2773 2111 parere
2814 2043 3096 2106 volebant,
3124 2044 3219 2099 sed
3252 2045 3308 2098 in
3335 2060 3427 2098 ca-

1850 2143 1964 2189 stra
2025 2150 2124 2190 sua
2185 2135 2623 2192 revertebantur.
2658 2136 2923 2205 Joannes
2974 2153 3098 2193 cum
3179 2138 3426 2208 fugasset

1848 2222 2114 2278 Asianum
2153 2224 2487 2291 exercitum,
2537 2226 2833 2281 accedebat
2875 2228 2946 2283 ad
2983 2243 3163 2299 regem
3207 2229 3422 2285 Vladis-

1848 2315 2017 2375 Iaum.
2049 2331 2284 2387 eumque
2312 2318 2606 2389 diligenter
2637 2320 2919 2384 monebat,
2958 2330 3016 2375 ut
3059 2337 3126 2378 eo
3158 2323 3261 2377 loci
3292 2339 3418 2378 cum

1847 2409 1968 2465 suis
2000 2410 2269 2467 militibus
2292 2410 2644 2477 subsisteret,
2687 2427 2788 2468 nec
2812 2428 2907 2468 eos
2943 2429 3224 2485 quoquam
3262 2417 3417 2472 abire

1849 2510 2148 2570 pateretur,
2178 2509 2237 2556 ut
2255 2503 2360 2558 sibi
2390 2502 2639 2560 redeunti
2680 2505 2735 2558 in
2768 2521 3004 2576 pugnant
3036 2519 3226 2563 contra
3258 2512 3421 2564 Amu-

1849 2605 2043 2663 ratem,
2102 2596 2147 2651 si
2195 2596 2325 2667 quid
2381 2598 2756 2667 periculosius
2793 2600 3117 2669 ingruisset,
3147 2601 3418 2671 refugium

1849 2688 2214 2752 tutissimum,
2263 2704 2375 2757 quo
2419 2705 2480 2744 se
2531 2692 2823 2760 reciperet,
2914 2703 3084 2748 esset.
3150 2693 3420 2763 Praecepit

1846 2794 2065 2849 quoque
2095 2780 2371 2836 Vladislao
2395 2783 2844 2839 utubtestaretur
2865 2787 3067 2842 milites
3103 2788 3198 2857 qui
3228 2804 3415 2844 secum

1847 2883 2027 2938 erant,
2069 2889 2138 2928 ne
2168 2889 2228 2928 se
2265 2874 2386 2930 loco
2418 2886 2739 2942 moverent,
2781 2893 2971 2933 verum
3004 2880 3059 2934 in
3102 2880 3296 2935 iisdem
3331 2897 3421 2938 ve-

1846 2968 2026 3035 stigiis
2062 2968 2334 3022 haerentes
2384 2978 2794 3039 exspectarent,
2843 2970 3021 3028 donec
3054 2971 3197 3037 fuso,
3234 2974 3419 3043 fugato

1847 3057 2100 3127 vicloque
2155 3056 2388 3128 Europae
2431 3061 2699 3126 exercitu,
2758 3062 2940 3117 vietor
3002 3074 3414 3121 reverteretur:

166 3126 422 3195 σάμενος,
461 3129 559 3180 καὶ
588 3128 607 3159 ⁸
644 3129 704 3182 τὸ
734 3130 835 3200 τῆς
887 3131 1158 3203 Εὐρώπης
1198 3134 1510 3204 στράτευμα
1538 3138 1740 3208 τρεψά-

1842 3160 1897 3203 et
1928 3151 2105 3227 donec
2125 3151 2558 3222 pra:lium,quod
2576 3168 2722 3209 nunc
2741 3155 3260 3225 solumcumjanuis
3290 3160 3418 3213 reli-
3496 3151 3498 3153 δ

167 3234 343 3286 μενος,
371 3221 813 3291 ὑποστρέψηται,
843 3223 943 3275 καὶ
973 3223 1094 3276 τότε
1127 3225 1219 3276 ἐπὶ
1250 3228 1347 3289 τὰς
1384 3227 1555 3297 θύρας
1594 3229 1733 3299 ἅμα,

162 3313 593 3383 ὑπολειπομένου
664 3316 759 3368 τοῦ
814 3316 1025 3385 ἀγῶνος
1078 3319 1296 3383 τούτου,
1355 3320 1526 3374 ἁλῶσι
1590 3324 1737 3392 μετὰ

168 3404 358 3469 ταῦτα,
403 3407 500 3460 καὶ
556 3406 968 3476 ἐξεργάσωνται
1026 3410 1122 3462 καὶ
1175 3411 1368 3463 τοῦτον
1429 3412 1737 3468 τελευταῖον

174 3496 372 3563 ἀγῶνα.
415 3499 478 3551 Ὀ
527 3483 837 3569 μὲνπαῦτα
892 3501 1089 3568 εἰπὼν,
1130 3502 1296 3574 ἀπῄει
1331 3504 1738 3575 συνταξάμενος

172 3585 260 3640 Eni.
318 3589 374 3642 τὸ
412 3592 509 3659 τῆς
542 3590 818 3662 Εὐρώπης
869 3594 1204 3665 στράτευμα,
1238 3595 1265 3647 ὅ
1296 3596 1391 3647 ἐπὶ
1428 3598 1486 3649 τὸ
1537 3598 1734 3651 εὐώνυ-

171 3695 267 3745 μον
297 3682 385 3732 τοῦ
438 3681 710 3751 βασιλέως
762 3686 1143 3752 παρετάσσετο
1195 3685 1386 3756 μέρος.
1426 3688 1534 3739 Καὶ
1595 3706 1734 3759 συμ-

164 3769 337 3827 ϐαλὼν
390 3775 633 3845 ἐμάχετο
694 3776 788 3829 ἐπὶ
846 3777 1034 3846 χρόνον
1095 3779 1238 3832 τινά.
1304 3778 1548 3847 Ἐγένετο
1594 3781 1648 3834 δὲ
1700 3782 1732 3852 ἡ

161 3864 299 3935 μάχη
356 3866 555 3930 οὔτως.
600 3867 688 3931 Ὠς
724 3869 1086 3938 συμϐάλλοιεν
1114 3869 1163 3921 οἱ
1197 3868 1420 3933 Παίονες
1449 3873 1505 3939 ἐς
1548 3876 1732 3943 χεῖρας

155 3955 413 4025 ἐλθόντες,
450 3961 788 4032 τρεψάμενοι
827 3966 954 4026 τοὺς
1001 3966 1279 4036 Τούρκους
1309 3969 1557 4033 ἐδίωκον,
1624 3971 1730 4034 ἕως

154 4041 208 4098 οὗ
232 4050 481 4115 ἐγένοντο
511 4054 680 4121 ἀγχοῦ
710 4054 802 4107 τοῦ
839 4059 1207 4123 στρατοπέδου
1252 4060 1439 4113 αὑτοῦ.
1490 4062 1645 4115 Μετὰ
1672 4063 1732 4117 δὲ

154 4138 300 4202 εὐθὺς
334 4144 745 4212 συστρέψαντες
777 4148 825 4197 οἱ
850 4146 1111 4215 Τοῦρκοι,
1143 4148 1366 4202 ἐδίωκον
1400 4151 1525 4215 τοὺς
1565 4156 1730 4208 Παίο-

152 4248 239 4292 νας
270 4234 465 4303 χρόνον
496 4234 704 4303 ἰκανὸν,
743 4238 901 4308 ἄχρις
928 4237 989 4291 οὗ
1039 4242 1282 4307 γένοιντο
1333 4244 1428 4297 καὶ
1475 4239 1621 4298 οὗτοι
1669 4251 1726 4299 έν

152 4319 219 4389 τῷ
244 4326 598 4396 στρατοπέδῳ
631 4328 836 4383 αὐτῶν.
870 4333 978 4383 Καὶ
1007 4333 1169 4386 ὁπότε
1192 4335 1291 4403 μὲν
1324 4336 1645 4407 βιασάμενοι
1676 4341 1723 4392 οἱ

151 4411 363 4481 Παίονες
393 4419 533 4482 τοὺς
584 4419 881 4490 Τούρκους,
918 4425 1222 4479 ἐπικέοιντο
1273 4428 1581 4493 διώκοντες,
1637 4435 1724 4485 ὲν-

149 4502 308 4557 ταῦθα
329 4510 525 4577 συχνοὶ
546 4508 655 4561 τῶν
695 4510 957 4582 Τούρκων
1016 4515 1246 4571 ἔπιπτον
1303 4523 1721 4592 καταπατούμε-
1754 4496 1801 4554 D

153 4609 225 4646 νοι
250 4597 346 4651 ὑπὸ
371 4601 492 4653 τῶν
524 4602 794 4658 Παιόνων.
824 4606 930 4659 Καὶ
962 4609 1059 4676 μὲν
1082 4609 1146 4681 δὴ
1176 4612 1269 4666 καὶ
1304 4615 1534 4681 Παίονες
1566 4621 1621 4672 ὲν
1652 4621 1719 4689 τῇ

150 4684 492 4763 ἀποχωρήσει
527 4693 710 4747 πολλοὶ
727 4699 1059 4766 παρεγένετο
1080 4704 1121 4767 ⁸,
1142 4705 1301 4758 ὁπότε
1320 4707 1385 4778 δὴ
1416 4709 1555 4762 αἰδοῖ
1582 4684 1722 4764 ἀποζ

150 4779 463 4846 χωροῦντες.
511 4782 600 4838 Ἑν
631 4786 806 4858 τούτῳ
845 4791 1345 4866 πίπτειΚςιραζιης
1403 4800 1499 4868 τῆς
1536 4801 1727 4871 Εὐρώ-

152 4880 249 4936 πης
281 4876 617 4944 στρατηγὸς,
684 4879 829 4949 ξίφει
869 4884 1145 4957 Παιονικῷ
1180 4886 1403 4956 βληθεὶς
1464 4893 1607 4945 κατὰ
1661 4894 1722 4946 τὸ

149 4957 353 5055 mare;
388 4966 633 5039 δορατίῳ
666 4973 964 5042 τραύματι.
1005 4975 1088 5030 Τὰ
1133 4982 1241 5050 γὰρ
1271 4984 1536 5037 Παιονικὰ
1568 4986 1722 5055 ξίφη,

141 5051 321 5148 σχεδόν
350 5071 435 5108 τοι
469 5056 561 5128 δὴ,
595 5060 694 5112 καὶ
724 5062 792 5115 τὰ
831 5065 931 5134 τῆς
967 5067 1273 5137 Γερμανὲας
1299 5074 1540 5145 ἁπάσης,
1600 5051 1724 5148 ἐλέ-

136 5138 344 5238 λαμῗθα
386 5152 648 5219 τυγχάνει
734 5155 827 5209 ἐπὶ
862 5160 1130 5228 μήκιστον
1150 5165 1244 5216 καὶ
1274 5165 1419 5229 ὀξέα·
1449 5138 1723 5238 οἰδ-μέντοι

140 5232 359 5327 τοιαῦτα
396 5281 413 5307 ,
457 5236 547 5294 οἷα
584 5248 949 5319 καταίροντας
981 5255 1232 5323 κόπτειν,
1293 5250 1409 5313 δτι
1438 5263 1534 5315 καὶ
1561 5262 1712 5327 ἄξιον

144 5318 317 5423 Ξόγοέ),
370 5328 450 5395 ὡς
483 5335 548 5387 τὰ
584 5318 902 5410 βαρϐαρικᾶ
947 5343 979 5411 ἦ
1024 5345 1116 5399 καὶ
1186 5318 1444 5405 ’ίταλικα⁸
1500 5351 1579 5407 Τὰ
1610 5318 1715 5423 μὲν

153 5406 453 5490 βπρὸαρικὰ
473 5427 724 5483 τοιαῦταο
751 5433 1012 5504 Τούρκων
1040 5438 1094 5490 δέ
1131 5442 1249 5494 ἐστι
1290 5442 1485 5509 ταῦτα,
1551 5444 1715 5516 βάρος

1841 3256 2010 3309 quum
2032 3244 2124 3307 ait,
2159 3243 2435 3300 conficiat.
2448 3244 2575 3302 Hac
2597 3261 2719 3302 cum
2747 3248 2998 3314 dixisset,
3016 3251 3306 3308 confestim
3326 3266 3419 3307 ac-

1839 3335 2189 3403 cingebatur,
2238 3346 2296 3391 ut
2350 3339 2600 3407 pmlium
2635 3343 3003 3399 committeret
3025 3360 3150 3399 cum
3186 3345 3417 3417 Europae

1839 3429 2107 3494 exercitu,
2134 3430 2226 3497 qui
2245 3430 2311 3484 ad
2333 3431 2613 3487 sinistram
2641 3434 2782 3504 regis
2800 3435 3107 3493 instructus
3127 3440 3330 3505 stabat,
3364 3453 3415 3496 et

1841 3535 2035 3575 manus
2101 3536 2425 3587 conserens,
2498 3522 2818 3592 aliquandiu
2876 3529 3176 3598 pugnabat.
3213 3532 3417 3603 Pugna:

1842 3611 1999 3680 177
2019 3623 2196 3666 autem
2236 3614 2351 3668 haec
2379 3614 2549 3670 facies
2595 3628 2734 3673 erat.
2765 3619 2902 3675 Cum
2921 3631 3141 3677 ventum
3173 3634 3323 3681 esset
3345 3628 3411 3681 ad

1836 3718 2065 3768 manus,
2105 3701 2398 3760 Pannones
2420 3704 2631 3762 Turcos
2660 3707 2943 3777 fugabant,
2989 3726 3192 3782 eosque
3234 3731 3414 3785 usque

1836 3795 2105 3873 adcastra
2142 3797 2636 3866 persequebantur.
2671 3799 2840 3855 Turci
2874 3806 3154 3873 conversi,
3212 3808 3412 3862 deinde

1833 3885 2124 3944 Panuones
2157 3889 2629 3958 insequebantur:
2660 3908 2761 3948 nec
2800 3909 2834 3948 a
2867 3898 3257 3964 persecutione
3290 3916 3412 3955 ces-

1833 3986 2029 4035 sarunt
2054 3982 2230 4049 prius,
2267 3996 2432 4051 quam
2468 3991 2524 4037 et
2553 3985 2777 4041 eosdem
2808 3989 2875 4042 ad
2899 3999 3080 4044 castra
3106 3993 3411 4060 compulis~

1831 4081 1974 4127 sent.
1996 4073 2051 4127 Si
2073 4073 2293 4142 quando
2311 4072 2604 4133 Pannones
2622 4078 2853 4135 victoria
2898 4082 3245 4149 fruebantur,
3271 4086 3409 4140 Tur-
3498 4156 3501 4161 ι

1829 4167 2705 4238 cospersequebanturaeerrime,
2750 4172 3085 4245 plurimique
3109 4177 3406 4243 cadebant,
3502 4166 3505 4173 ’

1827 4259 2062 4313 obtritia
2114 4258 2495 4316 Pannonibus.
2541 4262 2717 4317 Etiam
2766 4265 3056 4324 Pannones
3090 4270 3409 4341 aliquando,

1827 4350 2078 4417 quamvis
2098 4351 2316 4417 plurimi
2334 4351 2535 4417 forent,
2553 4368 2677 4409 cum
2703 4357 2902 4414 rubore
2921 4369 3068 4416 retro
3087 4366 3314 4432 gradum
3337 4368 3407 4419 fe.

1828 4441 2037 4495 rebant.
2064 4442 2275 4497 Cecidit
2296 4444 2492 4499 ibidem
2510 4448 2764 4502 tiarazies
2783 4449 3012 4519 Europa:
3045 4454 3173 4517 dux,
3196 4454 3409 4510 Panno—

1826 4532 1951 4587 nico
1967 4532 2149 4601 gladio
2170 4536 2495 4607 transfixus.
2546 4537 2741 4593 Solent
2755 4541 2901 4593 enim
2922 4541 3227 4597 Pannonici
3240 4546 3405 4614 gladii

1825 4624 2051 4685 vulnera
2070 4625 2223 4693 dare,
2246 4645 2367 4696 quae
2385 4629 2797 4686 nihildiﬂ’erunt
2835 4634 2905 4688 ab
2946 4634 3069 4689 istis
3085 4651 3204 4704 quae
3225 4636 3407 4693 facere.

1825 4728 2229 4772 consueverunt
2278 4721 2467 4775 hastm.
2506 4719 2683 4778 Gladii
2715 4739 2951 4794 namque
2988 4725 3309 4785 Pannonum
3351 4742 3407 4786 et

1824 4806 2225 4864 Germanorum
2256 4811 2398 4881 longi
2432 4822 2562 4867 sunt
2591 4823 2646 4870 et
2676 4817 2848 4881 acuti,
2879 4832 2980 4872 nec
3042 4818 3243 4876 librato
3294 4825 3401 4879 ictu

1824 4899 2049 4963 feriunt,
2077 4905 2537 4970 quemadmodum
2564 4907 2833 4963 barbarici
2855 4920 2910 4963 et
2933 4910 3129 4968 Italici.
3150 4914 3400 4971 Barbari-

1826 4992 1873 5046 ci
1899 4992 2065 5063 gladii
2095 4993 2170 5062 (et
2185 4994 2452 5063 ejusmodi
2481 5006 2708 5053 utuntur
2727 4998 2911 5069 Turci)
2942 5005 3237 5071 ponderosi
3272 5021 3404 5062 sunt

1824 5083 2142 5147 admodum,
2164 5100 2380 5156 unaque
2411 5096 2621 5143 tantum
2655 5100 2810 5160 parte
2834 5092 3120 5149 scindunt.
3142 5094 3255 5151 Nec
3285 5102 3401 5153 scio

1825 5173 2036 5242 gladios
2068 5190 2300 5244 quorum
2337 5179 2483 5233 acies
2532 5181 2697 5236 altius
2750 5184 2800 5235 in
2852 5199 3084 5254 corpora
3128 5199 3396 5256 penetret.

1825 5262 1923 5320 His
1954 5277 2344 5336 comparantur
2360 5270 2523 5339 gladii
2559 5271 2753 5341 Italici,
2777 5276 2870 5344 qui
2890 5280 3165 5346 quondam
3189 5279 3399 5336 Graecis

1825 5360 1882 5414 in
1913 5374 2011 5413 usu
2038 5359 2211 5415 fuere.
2246 5360 2556 5418 Germanici
2581 5374 2637 5419 et
2666 5366 2967 5423 Pannonici
3013 5370 3180 5439 gladii
3245 5371 3397 5438 longi

1824 5456 1880 5503 et
1903 5449 2399 5521 rotundi,_nccnon
2443 5454 2718 5511 interdum
2743 5457 2998 5528 quadrati
3019 5466 3149 5513 sunt
3179 5475 3196 5513 ε
3223 5462 3396 5515 aciem

1432 5586 1678 5648 Notulaa
1710 5586 2113 5665 marginales.

226 5684 265 5716 θ’
293 5688 351 5744 R.
384 5707 496 5757 γιν.

177 5751 495 5825 ἀπεγίνοντο.

464 5859 730 5918 Parnm.
782 5862 895 5920 Gn.
945 5858 1146 5918 CLIX.

579 5694 596 5723 ³
624 5697 687 5750 In
716 5714 808 5753 ora
846 5700 1157 5768 Ἀσιανοὺς,
1193 5706 1245 5759 in
1287 5708 1359 5761 al.
1389 5707 1673 5774 ’Λλανούς.

1759 5713 1777 5740 ⁹
1812 5711 1877 5763 In
1904 5727 1950 5764 υ.
1976 5730 2074 5782 πη.
2157 5712 2175 5741 ³
2209 5708 2275 5763 In
2309 5729 2433 5780 uno,
2471 5717 2562 5769 καὶ
2599 5718 2647 5769 τ’.
2679 5716 2736 5771 E.
2780 5717 2895 5785 am
2935 5702 3016 5772 σε.
3096 5718 3206 5774 "In
3271 5737 3395 5787 uno,

2976 5879 3041 5941 11
