4032 6414
207 369 336 435 333

1291 372 1390 432 DE
1434 371 1691 433 BEBUS
1719 369 2084 430 TURCICIS
2120 368 2272 430 LIB.
2324 366 2458 432 VII.

3384 367 3489 428 334

209 501 327 555 ex:
357 500 413 538 τε
443 483 628 538 αὐτόν.
674 485 785 538 Καὶ
815 462 953 554 ’μετ’
986 485 1048 539 ού
1090 485 1225 539 πολὺ
1256 487 1355 558 τὴν
1415 487 1659 556 κεφαλὴν
1712 483 1807 539 τοῦ

1916 484 1969 539 in
1993 485 2240 556 praelium
2267 486 2521 550 redeunt,
2550 485 2802 540 volentes
2831 483 3036 538 mortui
3062 484 3491 554 COI'pIISlﬂlit'f’e;

212 574 504 643 βασιλέως
531 573 772 628 Παιόνων
798 577 854 638 ὲς
886 575 1110 646 βασιλέα
1142 577 1588 647 Μουσουλμάνων
1615 578 1636 608 ⁸
1667 577 1812 647 ἀπή-

216 682 432 734 γαγον.
458 667 520 720 Ol
556 666 651 736 μὲν
682 667 830 736 ἀμφὶ
858 667 1205 738 τὸνβασιλέα
1248 669 1496 736 Παίονες,
1559 668 1636 733 ὡς
1667 671 1812 738 ἀπη-

222 757 700 828 λαυνον,ὶζήτουν
728 759 824 812 τὸν
867 759 1115 830 βασιλέα.
1167 761 1324 816 Μετά
1361 761 1420 814 δὲ
1476 762 1674 823 ταῦτα,
1733 761 1811 824 ὡς

228 851 465 920 ᾔσθοντο
493 850 726 905 ἐνταῦθα
755 853 1018 912 πεσόντος
1061 854 1157 907 καὶ
1187 854 1577 921 ἀποθανόντος,
1619 853 1811 907 ἐνέϐα-

228 943 330 996 λον
351 943 446 1012 μὲν
472 944 694 1008 αὐτίκα,
719 946 898 1014 πειρῶ
915 962 1071 1005 μενοι
1117 947 1408 1001 ἀνελέσθαι
1443 947 1535 1001 τὸν
1592 948 1807 1018 νεκρόν·

219 1035 294 1087 οὗ
333 1035 513 1104 μέντοι
537 1038 945 1106 περιεγένοντο’
977 1040 1234 1110 ὲπύρωσε
1263 1041 1372 1109 γὰρ
1404 1040 1634 1110 τοῦργον
1681 1042 1810 1102 τοὺς

219 1129 510 1198 νεήλυδας,
532 1133 628 1182 καὶ
657 1132 928 1202 ἐμάχοντο
981 1134 1258 1201 μεγάλως.
1306 1134 1463 1187 Μετά
1495 1134 1552 1188 δὲ
1581 1135 1657 1198 ὡς
1709 1136 1811 1190 οὐκ

213 1221 491 1290 ἠδύναντο
508 1222 800 1276 ἀνελέσθαι
829 1223 917 1276 τὸν
961 1226 1177 1296 νεκρὸν,
1241 1225 1561 1296 ἀπήλαυνον
1605 1229 1701 1281 ἐπὶ
1749 1229 1811 1282 τὸ

215 1312 620 1382 στρατόπεδον.
648 1315 759 1368 Καὶ
782 1315 979 1368 αὐτίκα
1013 1317 1045 1386 ἡ
1083 1317 1242 1387 φήμη
1267 1318 1578 1387 ἀφικομένη
1603 1319 1695 1371 ἐπὶ
1718 1318 1811 1372 τὸν

208 1404 534 1476 Χωνιάτην,
551 1406 644 1459 καὶ
665 1407 721 1462 ές
740 1409 862 1471 τοῦς
889 1408 1085 1473 ἄλλους
1106 1410 1230 1474 τοὺς
1254 1412 1310 1462 ἐν
1332 1412 1448 1474 ταῖς
1469 1411 1810 1478 συντάξεσιν,

209 1496 429 1549 ἔπαυσέ
449 1513 510 1550 τε
543 1497 748 1567 μάχης,
781 1500 878 1552 καὶ
915 1499 1338 1568 ἀποχωροῦντος
1395 1503 1491 1554 καὶ
1527 1503 1698 1565 ίόντος
1751 1503 1810 1555 έν

205 1589 394 1642 οὐδενὶ
426 1589 640 1659 κόσμῳ,
669 1590 1003 1645 ἐπυνθάνετο
1033 1593 1264 1647 ἕκαστα.
1298 1595 1415 1648 οὐκ
1447 1595 1530 1648 ἔτι
1575 1596 1809 1666 ἧλαυνεν

210 1681 313 1735 ἐπὶ
340 1683 401 1734 τὸ
434 1682 821 1749 στρατόπεδον,
860 1681 976 1735 ἀλλ’
1007 1684 1138 1738 εὐθὺ
1163 1684 1260 1738 τοῦ
1299 1686 1519 1755 Ἴστρου
1549 1689 1811 1757 ἐπορεύε-

213 1789 282 1824 το
307 1772 473 1835 αὑτός
502 1788 564 1825 τε
597 1775 691 1826 καὶ
749 1775 798 1825 oi
833 1774 1032 1840 Δᾶκες,
1092 1775 1186 1828 καὶ
1211 1777 1287 1838 ὡς
1348 1773 1494 1846 εἶχον
1550 1778 1806 1848 σπουδῆς,

216 1832 544 1932 securave.
575 1864 755 1918 οὐδενὶ
780 1832 1134 1935 mpsim
1185 1868 1233 1920 ot
1258 1832 1522 1937 inde.
1575 1832 1810 1938 βασιλῖσὶ
1842 1832 1884 1886 Β

215 1958 493 2011 Παιόνων.
529 1957 620 2011 Ἐν
641 1957 817 2030 ταύτῃ
839 1962 907 2029 τῇ
941 1961 1290 2030 ἀποχωρήσει
1325 1961 1676 2032 ἐτελεύτησεν
1707 1963 1813 2016 ὑπὸ

211 2049 492 2122 Τούρκων
547 2051 839 2115 Ἰουλιανὸς
880 2052 1255 2122 καρδινάλιος,
1308 2053 1448 2122 ἀνὴρ
1499 2054 1570 2107 τὰ
1631 2055 1812 2109 πάντα

213 2147 520 2216 γενόμενος
545 2145 794 2214 ἀριστος.
825 2145 936 2198 Καὶ
965 2144 1117 2198 ἄλλοι
1148 2162 1206 2197 τε
1238 2145 1439 2200 ἔπεσον
1473 2149 1533 2199 έν
1567 2150 1634 2218 τῇ
1671 2149 1811 2203 ἀπο-

219 2237 470 2306 χωρήσει
498 2237 688 2307 ἀνδρες
713 2237 912 2305 ἀγαθοὶ
947 2237 1048 2292 οὐκ
1077 2239 1255 2306 ὀλίγοι
1275 2239 1493 2295 Δακῶν.
1557 2240 1812 2312 Ἰωάννης

221 2329 320 2399 δὴ,
352 2327 550 2398 ὡςὲπὶ
565 2330 655 2382 τὸν
693 2331 910 2400 Ἵστρον
940 2332 1192 2399 ἀφίκετο,
1239 2334 1336 2384 καὶ
1365 2335 1435 2386 τά
1456 2349 1514 2385 τε
1547 2333 1812 2404 στρατεύο

233 2437 387 2490 ματα
413 2419 671 2475 διαϐάντα
729 2421 1029 2491 διεσπάρη,
1094 2421 1355 2488 ἐνταῦθα,
1399 2423 1482 2487 ὡς
1516 2425 1812 2496 ἐπορεύετο

221 2513 437 2582 ὀλίγοις
469 2514 580 2576 τοῖς
607 2512 749 2584 ἀμφ’
773 2514 963 2581 αὑτὸν,
989 2515 1131 2569 ἑάλω
1177 2517 1281 2569 ὑπὸ
1314 2517 1660 2586 Δρακούλεω,
1715 2518 1810 2571 τοῦ

215 2608 418 2662 Δακῶν
441 2607 711 2677 ἡγεμόνος
756 2609 1022 2677 πολεμίου
1053 2626 1111 2661 τε
1145 2608 1322 2673 ὄντος.
1380 2611 1494 2663 Καὶ
1545 2612 1812 2687 πρότερον

209 2700 274 2755 δὲ
317 2700 583 2771 Ἰωάννης
615 2701 938 2769 ἠναντιοῦτο
973 2701 1123 2772 αὐτῷ
1159 2703 1218 2754 ὲν
1271 2706 1383 2764 τοῖς
1412 2704 1630 2766 Παίοσι,
1658 2705 1811 2772 παρά

213 2795 438 2867 βασιλεί
455 2793 764 2864 Ααδισλάῳ,
783 2795 870 2846 ὅτε
897 2794 997 2863 τὴν
1018 2794 1204 2848 ἔλασιν
1231 2795 1517 2850 ἐποιοῦντο
1551 2797 1659 2849 ἀπὸ
1708 2797 1810 2864 τῆς

215 2886 447 2954 Δακίας,
517 2887 610 2940 τὸν
667 2885 884 2957 Ἴστρον
949 2886 1348 2951 διαϐαίνοντες,
1411 2887 1512 2952 τάς
1586 2905 1646 2940 τε
1703 2889 1812 2942 κώ-

218 2999 328 3052 μας
377 2978 546 3034 αὑτοῦ
607 2975 970 3048 ληῖζόμενος,
1023 2981 1121 3032 καὶ
1181 2979 1405 3033 διέϐαλε
1463 2980 1600 3050 πρὸς
1657 2979 1811 3050 βασι·

212 3075 311 3128 λέα
378 3073 649 3138 Παιόνων,
707 3070 782 3134 ὡς
840 3071 1066 3142 φρονοίη
1140 3089 1200 3125 τε
1247 3074 1316 3126 τὰ
1372 3073 1481 3128 τῶν
1545 3073 1808 3145 Τούρκων

1915 592 2014 632 nec
2048 589 2231 634 tamen
2259 576 2472 634 Turcos
2507 578 2730 634 vincere
2750 579 3068 648 quiverunt.
3091 575 3188 632 llic
3224 591 3414 630 rumor
3437 589 3496 630 ιιι

1913 672 2131 726 devenit
2166 670 2234 725 ad
2257 670 2505 741 reliquos
2539 670 2630 740 qui
2658 671 2802 726 hunc
2829 671 3275 728 comitabantur.
3310 685 3496 724 exces-

1913 772 2106 818 serunt
2137 763 2348 832 ρτκιίο.
2369 762 2508 816 Cum
2545 775 2725 818 autem
2783 771 2932 816 retro
2994 761 3283 827 cederent,
3307 771 3364 816 et
3399 775 3498 830 pa-

1910 853 2091 909 lantes
2115 855 2266 908 nullo
2297 862 2496 908 ornatu
2529 855 2633 907 iter
2668 853 2928 918 facerent,
2966 854 3152 906 omnia
3186 863 3377 906 exacte
3406 869 3496 905 ex-

1913 947 2289 1016 piscabantur.
2309 946 2768 1002 Rebusomnibns
2786 948 3045 1016 cognitis,
3075 963 3185 1001 non
3220 947 3284 999 ad
3312 957 3494 1000 castra

1909 1041 2304 1110 properabant,
2330 1056 2517 1093 verum
2547 1053 2698 1094 recta
2731 1039 2794 1092 ad
2828 1039 3026 1094 Istrum
3082 1040 3496 1094 contendebant

1911 1131 2210 1187 Choniates
2233 1142 2289 1186 et
2322 1131 2475 1185 Daci.
2512 1133 2690 1187 Etiam
2717 1131 3010 1186 Pannones
3063 1132 3156 1201 qui
3191 1147 3374 1201 regem
3408 1147 3522 1188 se.-

1907 1223 2024 1278 cuti
2050 1223 2294 1287 fuerant,
2340 1223 2528 1293 fugam
2557 1223 2863 1292 arripuere.
2895 1224 3157 1276 cedentes
3220 1223 3373 1275 nullo
3404 1238 3495 1275 or-

1911 1316 2058 1368 dine.
2089 1311 2148 1367 In
2179 1316 2280 1368 hoc
2302 1313 2550 1368 discessu
2588 1311 2914 1367 interfectus
2939 1322 3022 1366 est
3051 1313 3116 1366 ab
3166 1309 3362 1365 Turcis
3398 1311 3496 1366 Ju-

1912 1404 2094 1460 lianus
2127 1403 2444 1468 cardinalis,
2473 1404 2555 1457 vir
2590 1401 2857 1472 Optimus.
2912 1403 3244 1458 Ceciderunt
3289 1402 3492 1456 ibidem

1911 1505 1964 1549 et
1993 1497 2083 1550 alii
2119 1496 2244 1552 boni
2296 1498 2401 1551 viri
2464 1496 2798 1566 complures.
2869 1485 2999 1550 Daci
3056 1497 3222 1551 etiam
3290 1494 3498 1564 aliquot

1911 1589 2209 1644 desiderati
2240 1600 2392 1645 sunt.
2413 1588 2651 1647 Joannes
2684 1590 2966 1645 Huniatles
3013 1606 3140 1645 cum
3170 1590 3236 1644 ad
3293 1589 3496 1644 Istrum

1913 1682 2177 1743 venisset,
2233 1683 2622 1752 exercitusque
2674 1682 3035 1744 traduxisset,
3074 1681 3310 1750 dispersi
3368 1689 3497 1734 sunt

1914 1773 2141 1829 milites.
2170 1772 2308 1828 Cum
2339 1775 2459 1843 ipse
2482 1776 2720 1844 stipatus
2744 1776 2936 1844 paucis
2966 1775 3268 1838 incederet,
3304 1783 3498 1843 captus

1911 1873 1994 1920 est
2023 1865 2092 1919 ab
2120 1880 2221 1919 suo
2245 1865 2400 1921 hoste
2425 1866 2661 1922 Dracule
2692 1868 2959 1921 Dacorum
3025 1867 3296 1935 principe.
3360 1865 3495 1918 Nam

1913 1956 2212 2011 Ciloniates
2243 1966 2404 2012 antea
2460 1959 2587 2012 huic
2647 1957 2797 2012 inter
2838 1959 3127 2012 Pannnncs
3174 1957 3502 2012 adversatus

1913 2058 2056 2112 erat,
2079 2049 2136 2102 in
2159 2057 2464 2118 conspectu
2493 2051 2644 2119 regis
2701 2048 2969 2106 Vladislai
2999 2069 3012 2109 :
3045 2061 3100 2105 et
3129 2053 3234 2106 iter
3289 2051 3501 2106 faciens

1913 2156 1978 2196 ex
2016 2139 2200 2206 Dacia,
2227 2151 2281 2196 et
2337 2141 2534 2196 Istrum
2585 2143 2868 2199 transiens
2913 2157 3042 2200 cum
3075 2147 3278 2215 copiis,
3334 2147 3500 2201 urbes

1911 2233 2033 2301 ejus
2053 2233 2364 2302 diripiebat.
2397 2235 2671 2291 Praeterea
2698 2235 2899 2292 detulit
2947 2254 3072 2292 eum
3105 2241 3249 2309 apud
3310 2257 3496 2309 regem

1917 2323 2281 2392 Vhdisluum,
2331 2329 2491 2397 quasi
2528 2328 2740 2384 faveret
2781 2327 2977 2385 Turcis
3004 2341 3057 2386 et
3093 2347 3182 2387 res
3213 2333 3498 2386 Amuratis

1915 2417 2110 2472 sedqu
2137 2418 2446 2486 adiuvaret,
2472 2419 2711 2474 subinde
2737 2419 3064 2474 Pannunum
3123 2422 3358 2476 consilia
3430 2422 3499 2476 iis

1913 2508 2301 2578 signiﬁcando.
2347 2508 2549 2568 Verum
2584 2513 2849 2568 Dracules
2887 2514 2942 2568 in
2981 2528 3106 2568 eum
3140 2513 3303 2584 179
3331 2515 3498 2568 irruit

1911 2603 1994 2657 ira
2023 2605 2296 2673 percitus,
2325 2606 2485 2676 quasi
2517 2622 2644 2662 eum
2672 2607 3096 2666 interfecturus.
3136 2609 3242 2666 Sed
3267 2613 3500 2681 pecunia

1915 2706 2130 2752 tantum
2163 2697 2350 2754 eiecit
2381 2707 2444 2754 ut
2467 2699 2768 2758 incolumis
2813 2704 3192 2760 dimitteretur
3231 2717 3287 2761 et
3322 2707 3502 2762 invio-

1915 2789 2080 2844 latus.
2108 2787 2246 2844 Cum
2275 2797 2458 2845 autem
2489 2789 2599 2847 iret
2629 2807 2728 2862 per
2761 2793 3005 2862 Daciam,
3065 2807 3264 2866 captus
3318 2806 3406 2854 est
3436 2801 3506 2854 ab

1918 2883 2170 2948 Dracule,
2191 2899 2222 2938 a
2249 2898 2358 2954 quo
2389 2883 2442 2938 in
2473 2899 2758 2943 carcerem
2785 2888 3079 2957 coniectus
3105 2898 3210 2956 est,
3269 2906 3394 2946 eum
3426 2893 3508 2946 ul-

1911 2975 2050 3030 cisci
2077 2977 2132 3030 in
2171 2976 2417 3032 animum
2442 2991 2568 3032 cum
2603 2979 2936 3036 induxisset.
2966 2980 3262 3038 Pannoncs
3317 2983 3370 3036 in
3408 3000 3504 3052 pn-

1914 3069 2074 3124 triam
2103 3071 2338 3133 reversi.
2372 3086 2499 3126 cum
2534 3073 2885 3143 accepissent
2941 3073 3215 3132 Joannem
3263 3092 3387 3133 esse
3412 3094 3506 3133 ca-

211 3167 312 3221 καὶ
351 3164 737 3234 Ἀμουράτεω,
791 3165 888 3217 καὶ
940 3163 1307 3235 ὑποσημαίνοι
1360 3165 1596 3230 ἐκείνοις
1664 3165 1805 3222 ἄττα

1913 3172 2089 3232 ptum,
2125 3163 2180 3218 id
2220 3180 2388 3234 grave
2415 3174 2472 3220 et
2498 3167 2910 3222 intolerandum
2942 3167 3292 3236 judicabant.
3349 3168 3506 3226 Hand

209 3257 544 3328 τυγχάνοιεν
595 3257 931 3327 πράττοντες
994 3255 1281 3312 ἑκάστοτε.
1347 3259 1460 3312 Καὶ
1507 3258 1804 3314 συνέϐαλλε

217 3351 341 3420 μὲν,
386 3350 463 3414 ὠς
507 3349 812 3416 ἀπολέσων,
860 3349 1001 3419 μετὰ
1047 3351 1104 3404 δὲ
1154 3351 1490 3421 διεπράξατο
1535 3353 1805 3422 χρήμασι,

219 3439 319 3492 καὶ
349 3439 592 3511 ἀπελύθη
624 3440 716 3493 διά
740 3440 934 3496 ταῦτα.
967 3443 1349 3512 Πορευόμενον
1376 3443 1432 3496 δὲ
1461 3444 1554 3498 διὰ
1579 3445 1677 3515 τῆς
1710 3448 1813 3499 Δα-

225 3533 353 3594 κίας
373 3571 389 3594 ,
421 3525 527 3585 εῧιέ
557 3550 613 3586 τε
644 3534 808 3587 αὐτὸν
829 3573 845 3600 ,
879 3535 1134 3589 τίσασθαι
1168 3536 1517 3606 ἐννοούμενος
1539 3577 1553 3600 ,
1588 3540 1684 3592 καὶ
1712 3557 1812 3592 κα-

225 3623 444 3694 θείρξας
466 3661 482 3688 ,
514 3620 662 3696 εἶχεν
698 3627 757 3678 έν
792 3627 1030 3697 φυλακῇ.
1067 3628 1132 3680 υί
1169 3628 1274 3697 μὲν
1304 3627 1397 3682 οὖν
1436 3631 1700 3696 Παίονες,
1735 3633 1812 3697 ὡς

217 3716 356 3774 οἴκοι
381 3716 654 3789 ἐγένοντο,
679 3718 1078 3789 πυνθανόμενοι
1103 3721 1489 3794 συλληφθέντα
1511 3725 1601 3777 τὸν
1630 3724 1814 3780 Ἰωάν-

213 3832 345 3886 νην,
384 3814 559 3867 δεινόν
589 3831 646 3866 τε
679 3813 966 3868 ἐποιοῦντο
998 3819 1094 3870 καὶ
1124 3815 1402 3885 ἀφόρητον
1433 3816 1539 3870 ὑπὸ
1568 3818 1810 3887 Δρακού-

212 3907 320 3961 λεω
381 3906 758 3977 συλληφθῆναι
803 3907 978 3978 ἄνδρα
1025 3908 1252 3972 Παίονα,
1297 3909 1392 3962 καὶ
1437 3910 1495 3960 έν
1538 3909 1812 3980 ἀξιώματι

209 4001 367 4055 ὅντα.
399 4000 692 4070 Ἔπεμπον
713 4000 775 4053 δὲ
804 3999 1119 4062 κελεύοντες
1147 4000 1366 4069 ἀφιέναι
1390 4001 1484 4054 τὸν
1512 4003 1770 4074 Ἰωάννην
1792 4021 1807 4038 ο

212 4093 260 4144 εί
288 4092 348 4145 δὲ
380 4091 483 4162 μὴ,
515 4089 970 4161 περιωεσθαιὼς
1003 4090 1262 4161 πολέμιον
1288 4091 1516 4145 ἐπιόντα
1543 4092 1632 4146 ἐπ’
1651 4095 1815 4151 αὑτὸν

213 4185 594 4255 πανστρατιᾷ.
622 4183 806 4255 Ταύτῃ
836 4183 910 4246 ὡς
936 4183 1311 4252 ἐπηγγέλλετο
1336 4184 1486 4255 αὐτῷ
1513 4186 1618 4239 ὑπὸ
1645 4188 1814 4241 Παιό-

212 4293 339 4343 νων,
373 4277 564 4338 δείσας
599 4277 729 4346 περλ.
754 4278 865 4339 τοῖς
895 4275 1063 4330 αὐτοῦ
1094 4277 1411 4347 πράγμασι,
1442 4279 1519 4349 μὴ
1549 4279 1816 4353 νεώτερόν

214 4384 264 4422 τι
293 4367 665 4439 βουληθέντες
690 4369 820 4438 περὶ
842 4369 933 4421 τὸν
957 4367 1132 4441 ἄνδρα
1157 4369 1417 4436 ὲξέλωσιν
1443 4372 1608 4426 αὑτὸν
1633 4375 1816 4428 ἔπιόν·

206 4477 293 4525 τες
321 4462 382 4516 οι
421 4459 668 4524 Παίονες,
700 4461 943 4515 ἀπέλυσέ
967 4478 1028 4514 τε
1057 4461 1242 4528 αὑτὸν,
1273 4464 1368 4516 καὶ
1397 4464 1803 4536 φιλοφρονησά-

211 4569 372 4620 μενος
394 4591 413 4618 ,
445 4551 803 4620 προέπεμψεν
835 4554 891 4613 ές
919 4551 1048 4616 τοὺς
1084 4553 1315 4615 Παίονας
1345 4551 1433 4607 διὰ
1461 4555 1556 4608 τοῦ
1588 4558 1805 4626 Πρασο-

209 4644 300 4696 δοῦ
323 4647 390 4706 ἐς
415 4643 477 4696 τὸ
502 4643 557 4696 ’Δ
567 4642 795 4711 ρδέλιον.
814 4642 1016 4696 Τοῦτον
1036 4643 1137 4713 μὲν
1153 4640 1246 4698 οὖν
1263 4646 1324 4698 οὐ
1350 4645 1530 4716 πολλῷ
1551 4644 1801 4717 ὕστερον,

209 4735 505 4802 Χωνιάτης
547 4733 804 4802 κατάγων
838 4735 1008 4788 Δᾶνον
1041 4735 1296 4804 ἡγεμόνα
1321 4734 1422 4804 τῆς
1457 4736 1664 4800 Δακίας
1705 4738 1802 4790 ὲκ-

210 4825 569 4890 πεπτωκότα,
599 4825 865 4896 ἐπεξῆλθε
917 4825 1240 4897 διαφθείρας
1271 4827 1434 4881 αὐτόν
1465 4844 1525 4880 τε
1554 4826 1672 4898 ἅμα
1701 4831 1800 4884 καὶ

205 4919 290 4970 τὸν
334 4915 516 4970 παῖδα
562 4915 752 4969 αὑτοῦ.
794 4917 882 4977 Ὠς
925 4916 1035 4987 γὰρ
1080 4918 1399 4988 στράτευμα
1449 4920 1802 4991 συναγείρας,

201 5012 531 5080 κατήγαγεν
562 5012 617 5072 ἐς
649 5009 849 5064 Δακίαν
879 5011 970 5064 τὸν
999 5012 1168 5066 Δάνον
1193 5014 1238 5080 ⁷,
1269 5014 1360 5065 τὸν
1390 5013 1801 5085 Μασαραμπᾶ⁸

199 5105 369 5158 παῖδα
417 5101 704 5158 Ἐκτεπίου
738 5104 832 5156 καὶ
870 5103 1178 5174 Ἀμύρξεω.
1213 5105 1386 5170 οὗτος
1423 5110 1552 5170 παῖς
1589 5109 1688 5163 σὺν
1720 5109 1800 5180 τῷ

199 5197 357 5249 παιδὶ
402 5194 572 5248 αὑτοῦ
619 5196 713 5248 καὶ
753 5196 1130 5264 παρετάσσετο
1163 5196 1240 5260 ὡς
1277 5200 1334 5262 ἐς
1371 5199 1577 5270 μάχην.
1617 5203 1807 5270 Παραο

171 5286 566 5355 ταττομένων
606 5286 652 5340 δ’
680 5288 906 5358 ἀμφοῖν,
951 5289 1049 5342 καὶ
1093 5290 1401 5361 μελλόντων
1441 5293 1541 5363 ἤδη
1586 5294 1804 5364 συμὸαο

204 5376 315 5432 λεῑν
339 5382 389 5443 ³,
427 5378 476 5432 ei
511 5381 683 5443 Δᾶκες
722 5379 1147 5444 ἀπολελοιπότες
1179 5384 1238 5434 ἐν
1270 5386 1337 5454 τῇ
1375 5383 1680 5453 παρατάξει
1711 5385 1802 5438 τὸν

207 5471 445 5542 Μύρξεω
488 5473 692 5538 naida,
729 5473 1070 5544 ηὐτομόλουν
1107 5475 1257 5544 παρὰ.
1299 5478 1494 5530 Δάνον.
1531 5477 1710 5548 Ὁρῶν
1743 5479 1801 5531 δὲ

1915 3255 2059 3309 enim
2084 3254 2372 3312 ferendum
2403 3261 2758 3325 censebatur,
2804 3268 2863 3315 ut
2895 3261 2978 3315 vir
3025 3261 3348 3318 Pannonius
3372 3274 3426 3317 et
3450 3265 3505 3317 in

1912 3347 2185 3420 dignitate
2217 3351 2544 3418 collocatus,
2577 3353 2646 3408 ab
2666 3353 2897 3410 Dracule
2917 3367 3230 3425 caperetur.
3257 3357 3510 3428 Quapro-

1913 3453 2035 3515 pter
2075 3445 2342 3500 miserunt
2367 3447 2600 3517 legatos,
2636 3450 2729 3516 qui
2762 3448 3048 3516 juberent,
3083 3461 3142 3504 ut
3207 3450 3509 3506 dimitteret

1911 3536 2206 3594 Joannem.
2242 3538 2340 3594 Sin
2365 3542 2574 3608 minus,
2608 3543 2753 3596 sciat
2784 3558 2883 3597 nos
2911 3559 3040 3598 eum
3067 3561 3170 3614 pro
3222 3547 3380 3601 hoste
3407 3549 3510 3600 lia-

1915 3631 2152 3698 bituros,
2185 3642 2240 3687 et
2267 3647 2394 3686 cum
2427 3634 2709 3688 universis
2733 3637 2917 3706 cOpiis
2949 3639 3162 3692 nostris
3187 3651 3386 3694 contra
3426 3620 3510 3709 ip-

1914 3739 2037 3779 sum
2061 3722 2434 3793 profecturos.
2470 3724 2597 3780 Haec
2629 3741 2756 3780 cum
2794 3730 3188 3784 nuntiarentur
3221 3745 3248 3782 α
3285 3730 3506 3786 Panno-

1914 3818 2106 3881 nibus,
2138 3817 2244 3872 sibi
2283 3818 2514 3888 suisque
2575 3829 2828 3876 metuens
2889 3822 3175 3888 Dracules,
3240 3840 3309 3878 ne
3373 3827 3504 3892 quid

1916 3910 2186 3967 furiosius
2269 3913 2674 3977 consultarent,
2729 3923 2787 3969 et
2843 3916 3122 3970 hostiliter
3178 3919 3510 3974 accedentes

1917 4005 2098 4058 virum
2123 4005 2174 4058 vi
2211 4006 2516 4075 eriperent,
2548 4007 2874 4062 Cltoniatem
2929 4009 3210 4063 dimittere
3234 4012 3507 4066 decrevit.

1916 4095 2267 4167 Rcuigneque
2302 4113 2428 4153 eum
2459 4108 2729 4162 tractans.
2786 4103 2932 4156 haud
2987 4104 3227 4158 cessavit
3267 4121 3390 4159 eum
3419 4121 3512 4161 co-

1918 4190 2104 4244 mitari
2141 4206 2237 4260 per
2262 4189 2598 4258 Prasobum,
2636 4194 2921 4250 Ardelium
2961 4211 3136 4267 usque
3159 4197 3227 4250 ad
3287 4197 3510 4254 Panno-

1919 4299 2038 4339 nes.
2079 4285 2363 4338 Draculem
2412 4293 2597 4341 autem
2623 4287 2767 4342 haud
2796 4291 2972 4346 multo
3000 4299 3126 4361 post
3189 4291 3509 4362 Cltoniates,

1918 4392 2043 4431 cum
2061 4377 2466 4448 expeditionem
2486 4394 2584 4449 pro
2603 4379 2754 4436 Dano
2775 4381 2952 4439 Daciae
2977 4387 3226 4457 principe
3243 4391 3508 4458 suscepit,

1920 4485 2030 4525 una
2053 4487 2177 4526 cum
2205 4471 2317 4526 filio
2339 4474 2590 4541 peremit.
2610 4475 2745 4529 Nam
2766 4480 3086 4548 conscripto
3108 4483 3377 4546 exercitu,
3406 4482 3511 4536 Da-

1909 4579 2038 4618 num
2066 4564 2420 4634 Masarempis
2450 4567 2693 4621 filiumin
2716 4568 2938 4644 Daciam
2973 4572 3232 4624 reducere
3252 4573 3506 4641 parabat.

1908 4656 1978 4710 At
1998 4655 2258 4713 Dracules
2279 4674 2388 4713 una
2407 4674 2532 4712 cum
2559 4662 2672 4714 lilio
2706 4677 3010 4730 repugnare
3026 4663 3282 4720 hostibus
3299 4676 3512 4722 Statue-

1909 4743 2025 4810 bat,
2045 4753 2100 4799 et
2127 4751 2584 4816 praparabaatur
2612 4751 2776 4803 ambo
2803 4753 2868 4801 ad
2899 4751 3168 4820 preelium.
3193 4752 3256 4806 Et
3277 4754 3390 4823 jam
3418 4755 3512 4810 ille

1906 4837 2277 4893 descenderat
2316 4840 2371 4893 in
2397 4842 2593 4896 aciem.
2635 4842 2888 4911 Cumque
2917 4847 3067 4899 acies
3125 4848 3389 4918 utrinque
3419 4850 3506 4903 in-

1912 4939 2145 4986 structa:
2165 4933 2555 4988 constitissent
2587 4943 2644 4989 et
2691 4946 2988 5005 poscerent
3035 4939 3309 5008 praelium,
3374 4941 3505 4998 Daci

1915 5021 2112 5076 relicto
2140 5019 2342 5091 Myrxa
2377 5024 2514 5087 filio,
2541 5025 2610 5077 ad
2646 5023 2855 5079 Danum
2906 5041 2973 5081 ex
3024 5031 3144 5085 acie
3192 5031 3511 5102 transfuge-

1912 5124 2062 5167 runt.
2092 5113 2196 5180 Qui
2236 5117 2328 5170 ubi
2359 5117 2519 5179 vidit,
2549 5133 2609 5172 sc
2637 5118 2852 5184 relicto,
2926 5121 3100 5178 Dacos
3169 5126 3408 5179 transire
3440 5126 3506 5180 ad

1914 5205 2154 5272 Danum,
2194 5208 2377 5279 fugam
2421 5211 2596 5264 inibat
2631 5229 2645 5264 :
2680 5227 2842 5280 quem
2878 5212 3001 5286 fuga
3031 5217 3138 5271 sibi
3205 5219 3507 5283 consulen-

1916 5305 2026 5352 tem
2064 5297 2252 5356 Danus
2283 5317 2447 5372 quam
2480 5301 2786 5359 fortissime
2829 5317 3154 5375 persecutus
3209 5319 3316 5374 est,
3351 5323 3506 5363 com-

1915 5392 2379 5463 prehendensque
2414 5393 2700 5450 Draculcm
2734 5413 2839 5452 una
2865 5415 2990 5453 cum
3025 5401 3157 5461 filio.
3208 5409 3510 5472 utrumque

1918 5484 2239 5540 trucidavit.
2281 5486 2336 5540 In
2361 5489 2508 5543 hunc
2560 5490 2783 5545 modum
2833 5493 2995 5546 rebus
3058 5494 3250 5564 gestis,
3293 5495 3505 5553 redibat

1501 5623 1751 5685 Notnlae
1784 5629 2192 5706 marginales.

286 5743 390 5820 _'ln
420 5764 524 5801 uno
567 5748 828 5844 ’ςούρκων
854 5767 867 5782 ·
903 5753 956 5844 in
996 5751 1068 5805 al.
1102 5764 1156 5805 ut
1193 5755 1246 5832 in
1282 5769 1359 5834 ιτ.⁹
1410 5751 1431 5783 ⁷
1471 5752 1676 5844 Δάνονἒ
1744 5754 1764 5785 ⁸
1792 5773 1810 5808 1

1922 5759 2220 5844 Σαραμπᾶ.
2257 5761 2424 5844 {secus
2451 5776 2826 5844 suspeclus,_el
2867 5770 3058 5827 Latina
3093 5791 3296 5844 quoque
3329 5776 3497 5830 venio

222 5807 539 5883 aliquantum
577 5807 861 5890 discrepat.
893 5820 959 5877 In
986 5839 1113 5890 uno,
1155 5823 1250 5878 τοῦ
1292 5823 1463 5879 Δάνου
1493 5823 1585 5877 τοῦ
1624 5826 1798 5894 Μασ.,

1919 5807 2158 5886 αι’ζτιὶῖἔξ

2262 5837 2282 5866 ⁹
2309 5833 2374 5888 In
2408 5833 2922 5908 Μία-συμϐάλλειν.
