4032 6448
516 383 629 448 339

1678 373 1993 444 LAONICI
2030 379 2698 442 CHALCOCONDYLﬁ

3729 377 3821 442 340

516 495 822 560 exercitus,
850 495 945 566 qui
985 507 1220 550 numero
1239 502 1407 552 erant
1434 509 1531 550 sex
1559 493 1728 563 mille,
1751 495 2091 567 assumpsit;
2123 552 2125 560 ι

2210 497 2391 552 ἐθεᾶτο
2433 496 2510 562 ὡς
2566 496 2680 567 εχει
2724 512 2784 550 τε
2828 494 3081 564 φυλακῆς
3128 492 3189 546 τὸ
3239 494 3448 563 τεῖχος
3503 491 3601 547 καὶ
3646 510 3814 564 παραυ

513 595 572 643 et
632 586 898 642 Isthmum
940 584 1212 646 circuivit.
1269 595 1330 640 ut
1386 585 1600 642 videret
1656 601 1900 648 murum.
1956 602 2098 641 nun-

516 679 655 749 quid
701 677 940 746 praesidii
969 678 1025 731 in
1061 691 1128 732 eo
1162 677 1333 731 situm
1380 687 1534 734 esset
1583 678 1651 733 ad
1695 678 2096 734 resistendum.

517 776 585 830 Et
633 776 850 844 quidem
879 774 1123 845 graviter
1147 776 1520 830 succensebat
1583 773 1930 836 Turachaui,
1965 772 2096 842 quia

517 883 643 924 cum
685 868 806 938 ipse
852 867 1169 923 censuisset
1237 877 1432 922 aestate
1485 867 1691 922 bellum
1747 864 2096 920 inferendum

514 975 660 1025 esse,
707 962 755 1014 is
812 960 991 1015 hieme
1042 976 1158 1016 rem
1192 961 1563 1028 incipiendam
1600 960 1870 1016 suasisset
1901 959 2098 1027 :quasi

517 1050 969 1118 Pelnponnesiaci
1021 1066 1136 1106 non
1186 1061 1376 1107 essent
1424 1050 1532 1105 vim
1598 1051 1856 1107 hostilem
1903 1064 2102 1119 exspe-

515 1142 748 1208 etatnri,
791 1157 986 1198 verum
1048 1143 1322 1198 continuo
1371 1141 1556 1213 fugam
1614 1141 1954 1212 ingressuri,
2007 1139 2100 1195 ubi

513 1235 748 1302 primum
825 1236 1175 1306 accepissent
1243 1237 1565 1292 Amuratom
1630 1235 1789 1305 182
1823 1233 2102 1290 hostiliter

510 1328 797 1386 accedere.
856 1328 1060 1384 Diebus
1107 1329 1276 1384 etiam
1343 1329 1555 1397 aliquot
1615 1342 1680 1382 ea
1722 1327 1900 1397 gratia
1966 1339 2104 1380 cun-

513 1429 698 1476 ctatus
743 1430 832 1476 est
871 1421 1190 1488 Amurates,
1222 1422 1384 1492 quasi
1443 1422 1702 1493 princeps
1731 1419 2099 1490 Peloponnesi

514 1514 668 1569 illico
709 1514 1052 1570 deditionem
1095 1524 1246 1570 esset
1272 1515 1546 1571 facturus.
1574 1514 1779 1569 Verum
1813 1529 1939 1568 cum
1987 1514 2103 1570 huic

515 1619 648 1674 spes
718 1603 1036 1672 fefellisset,
1094 1605 1444 1661 descendens
1504 1615 1694 1661 castra
1747 1605 1816 1659 ad
1873 1619 2102 1660 murum

518 1695 829 1749 transtulit.
907 1694 1002 1750 Die
1045 1696 1250 1751 deinde
1301 1705 1530 1764 postero
1575 1696 1840 1766 princeps
1895 1696 2106 1752 exerci-

519 1793 633 1840 tum
667 1786 987 1842 bombardis
1016 1787 1198 1858 longis
1226 1788 1441 1858 petivit.
1468 1787 1732 1858 Sequenti
1759 1787 1850 1842 die
1873 1802 1972 1842 eos
2007 1785 2102 1856 qui

2202 588 2407 659 σκευῆς
2440 591 2498 650 ἐς
2529 589 2622 641 τὶν
2655 589 2918 656 πόλεμον.
2953 589 3066 641 Καὶ
3095 587 3314 658 ἤχθετο
3354 585 3468 656 μὲν
3501 585 3584 654 τῷ
3615 587 3817 655 Τουρα-

2202 685 2340 756 χάνῃ
2362 726 2377 750 ,
2407 685 2490 737 ὅτι
2522 682 2713 750 θέρους
2749 680 3148 752 στρατεύεσθαι
3181 679 3343 749 πρὸς
3377 678 3492 749 τὴν
3529 678 3572 709 ’³
3597 680 3655 732 ἐν
3683 681 3819 747 αὐτῷ

2201 776 2398 844 λέγων,
2425 777 2500 838 ὡς
2525 775 2624 844 οὐχ
2649 773 3014 844 ὑπομενοῦσιν
3037 774 3272 827 ἐπιόντα,
3305 771 3518 834 αὐτὴν,
3545 771 3664 823 ἀλλ’
3686 774 3821 840 nim.

2206 886 2394 923 σονται
2421 868 2740 936 φεύγοντες,
2769 867 2993 920 ἐπειδὰν
3017 867 3080 920 τὸ
3105 865 3350 937 πρῶτον
3383 863 3685 918 πύθωνται
3712 865 3825 933 άφι-
3914 873 3915 903 l

2204 960 2400 1015 κὲσθαι
2427 960 2473 992 ’δ
2520 960 2686 1013 αὐτὸν
2734 961 2829 1012 ἐπὶ
2872 959 2966 1012 τὸν
3008 958 3265 1028 Ἰσθμὸν,
3327 957 3436 1009 καὶ
3493 957 3732 1024 ἐπέμενέ
3773 975 3820 1010 τε

2204 1053 2419 1123 ὴμᾶρας
2451 1053 2677 1122 συχνὰς,
2707 1050 2785 1114 ὥς
2817 1049 3146 1112 ἐνδώσοντος
3174 1048 3271 1101 διὰ
3305 1047 3506 1100 ταῦτα
3543 1046 3643 1100 τοῦ
3676 1048 3822 1099 Πελο-

2205 1141 2510 1211 ποννησίων
2552 1143 2845 1211 ἡγεμόνος.
2899 1139 3010 1194 Καὶ
3061 1138 3184 1191 ἐπεί
3232 1155 3305 1191 τε
3363 1136 3822 1208 παρεληλύθασιν

2203 1236 2452 1305 ἡμέραι,
2487 1234 2829 1296 ἐπικαταῦὰς
2866 1234 2925 1296 ἐς
2957 1232 3023 1286 τὸ
3055 1233 3245 1302 τεῖχος
3282 1227 3814 1300 ἐστρατοπεδεύετο.

2205 1325 2286 1399 Τῇ
2317 1327 2416 1397 μὲν
2438 1325 2704 1396 ὑστεραίᾳ
2727 1323 3042 1394 τηλεδόλοις
3067 1323 3315 1394 μακροῖς
3342 1322 3566 1375 ἔτυπτε
3590 1320 3654 1373 τὺ
3679 1337 3815 1388 στρα-

2204 1419 2433 1472 τόπεδον
2470 1418 2565 1471 τοῦ
2608 1418 2879 1487 ἡγεμόνος
2903 1433 2919 1449 ο
2957 1417 3024 1486 τῇ
3067 1414 3114 1468 δ’
3135 1413 3395 1485 ἐπιούσῃ
3441 1410 3817 1478 ἀπεπειρῶντο

2206 1511 2317 1566 τῶν
2346 1512 2406 1563 ἐν
2434 1509 2510 1580 τῷ
2539 1511 2709 1580 τείχει
2731 1548 2747 1574 ,
2779 1509 2875 1562 καὶ
2906 1506 3256 1578 προσέφερον
3289 1505 3406 1570 τὰς
3445 1504 3727 1576 μηχανάς.
3753 1503 3814 1570 τῇ

2205 1604 2264 1660 δέ
2312 1603 2552 1674 τετάρτῃ
2600 1603 2864 1672 ἐσπέρας,
2912 1602 3094 1663 πυρὰν
3125 1599 3172 1634 ⁸⁸
3221 1598 3536 1669 ἁψάμενοι
3589 1596 3733 1651 κατὰ
3771 1594 3815 1647 τὸ

2209 1696 2611 1766 στρατόπεδον,
2649 1694 2724 1756 ὡς
2761 1695 2991 1748 πλείστα
3022 1693 3260 1756 ἕκαστος
3300 1694 3456 1762 πρδς
3492 1691 3603 1760 τὴν
3639 1686 3809 1742 ἐαυτοῦ

2210 1791 2414 1859 σκευήν
2438 1788 2527 1843 η’.
2571 1787 2814 1841 Είώθασι
2857 1786 2970 1856 γὰρ
3007 1785 3151 1840 οὕτω
3195 1783 3261 1837 τὸ
3307 1784 3490 1853 γένος
3528 1781 3692 1835 τοῦτο
3724 1778 3810 1832 τῶν

519 1893 740 1931 murum
805 1879 1189 1946 defensabant,
1248 1887 1533 1935 tentarunt
1589 1879 1879 1934 machinas
1942 1893 2102 1934 muro

2210 1879 2492 1948 Τούρκων,
2539 1879 2767 1933 ἐπειδὰν
2809 1879 2865 1942 ἐς
2922 1877 3106 1946 μάχην
3154 1875 3456 1946 μάλλωσιν
3511 1875 3655 1929 ίέναι
3698 1870 3805 1938 πρό-

519 1970 902 2026 a.lmoventes.
927 1969 1138 2037 Quarto
1165 1971 1254 2026 die
1291 1981 1540 2041 tempore
1562 1971 1883 2041 vespertino
1897 1971 2102 2042 singuli

515 2061 674 2130 juxta
718 2063 1070 2118 tabernacula
1101 2079 1198 2119 sua
1231 2066 1385 2134 ignes
1413 2065 1659 2120 fecerunt
1683 2080 1848 2136 quam
1872 2074 2105 2136 potuere

522 2155 968 2211 maximos.Nam
993 2155 1300 2213 Turcorum
1331 2168 1418 2214 est
1443 2160 1812 2226 consuetudo,
1854 2169 1912 2212 ut
1947 2160 2102 2229 ignes

523 2246 794 2315 plurimos
861 2259 1080 2318 parent,
1128 2250 1297 2305 biduo
1327 2261 1453 2307 ante
1498 2252 1620 2322 ejus
1669 2251 1779 2308 diei
1828 2252 1884 2306 in
1936 2265 2103 2322 quem

521 2355 702 2410 pugna
756 2343 957 2396 collata
1025 2352 1131 2399 est.
1167 2342 1440 2414 Hymnum
1475 2344 1776 2413 quemdam
1810 2352 2019 2399 canunt
2047 2343 2102 2397 in

520 2430 790 2486 honorem
828 2430 923 2486 Dei
961 2440 1018 2486 et
1055 2435 1265 2501 herois,
1315 2433 1704 2503 signiﬁcantes
1726 2432 1876 2504 quod
1937 2433 2106 2488 tertio

519 2521 727 2577 abhinc
781 2521 871 2578 die
923 2525 1171 2593 pmiium
1205 2525 1556 2579 committere
1585 2525 1775 2579 velint.
1812 2524 1971 2580 Tunc
2000 2524 2107 2594 igi-

523 2621 612 2668 tur
664 2613 820 2683 ignes
873 2615 1183 2670 excitantes
1228 2631 1395 2686 quam
1427 2606 1660 2686 puluere
1687 2616 1985 2685 plurimos,
2011 2630 2108 2672 ac-

517 2705 888 2775 cingebantur
945 2707 1013 2761 ad
1045 2708 1518 2777 Oppugnationcm
1551 2708 1718 2762 muri.
1752 2707 1962 2774 Quarto
2002 2722 2107 2764 au-

520 2804 631 2850 tem
665 2798 754 2851 die
805 2796 1207 2854 Sarachorides
1235 2801 1338 2872 ('5),
1395 2801 1490 2870 qui
1523 2802 1674 2856 inter
1703 2811 1944 2857 caeteros
1975 2803 2105 2858 inu-

519 2889 636 2944 tilis
695 2898 825 2945 sunt
877 2892 1065 2958 turba,
1130 2891 1360 2948 funibus
1414 2893 1705 2949 machinas
1741 2892 1810 2947 ad
1881 2908 2101 2948 murum

520 2988 824 3036 traxerunt.
863 2980 996 3036 Nam
1058 2983 1590 3054 praeter‘exercitum
1639 2983 1736 3054 qui
1778 2997 1959 3052 regem
2019 2995 2130 3038 se-'

516 3083 788 3142 quuntur,
819 3075 1020 3131 adsunt
1057 3086 1112 3132 et
1141 3074 1234 3130 alii
1275 3076 1616 3144 complures,
1645 3075 1740 3143 qui
1764 3074 2104 3132 frumentum

517 3179 551 3220 a-
582 3165 828 3222 finitimis
854 3168 912 3222 in
950 3177 1136 3224 castra
1163 3169 1506 3224 subvehunt.
1532 3167 1676 3222 Sunt
1708 3166 1765 3221 in
1789 3165 1996 3222 castris
2047 3175 2104 3222 et

515 3259 612 3314 alii
654 3275 721 3314 ex
751 3260 884 3316 Asia
925 3261 1148 3317 oriundi
1203 3262 1441 3332 pedites,
1478 3263 1573 3332 qui
1622 3261 1865 3332 Agiades
1925 3261 2102 3316 nomi-

521 3359 752 3420 nantur,
813 3367 1053 3423 quorum
1078 3367 1247 3423 opera
1289 3369 1392 3410 rex
1421 3354 1598 3410 utitur
1629 3354 1696 3410 ad
1729 3353 1925 3408 itinera
1977 3365 2110 3424 pur-

520 3445 726 3516 ganda,
767 3455 821 3501 et
861 3445 928 3504 ad
961 3454 1144 3502 castra
1174 3446 1626 3512 communienda,
1657 3459 1872 3500 necnon
1897 3445 1967 3500 ad
1999 3446 2106 3500 alia

520 3539 726 3609 quibus
766 3538 822 3593 in
851 3538 1055 3596 castris
1095 3553 1236 3609 opus
1263 3547 1368 3595 est.
1412 3539 1672 3594 Arbitror
1702 3547 1889 3594 autem
1919 3547 2106 3595 castra

516 3630 684 3698 hujus
737 3631 889 3702 regis
939 3631 1320 3703 pulcherrime
1367 3632 1644 3698 omnium,
1703 3646 1829 3702 quae
1865 3647 1974 3696 nos.
2024 3631 2108 3686 vi—

515 3726 702 3782 dimus
754 3733 812 3784 et
848 3724 1185 3794 audivimus,
1221 3725 1446 3792 instrui,
1493 3735 1764 3797 quantum
1811 3726 2008 3782 attinet
2032 3723 2105 3782 ad

517 3819 735 3888 copiam
785 3817 1074 3885 frumenti,
1118 3833 1338 3875 necnon
1365 3817 1454 3874 'ad
1487 3819 1652 3874 situm
1712 3817 2106 3874 tabernaculo-

515 3924 666 3966 rum.
708 3909 847 3966 Nam
883 3912 1136 3983 primum
1184 3914 1435 3968 omnium
1483 3921 1830 3968 mercatores
1878 3910 2115 3980 plurimi

518 4005 861 4060 comitantur
896 4018 1084 4076 regem
1133 4003 1328 4069 istum,
1377 4004 1472 4073 qui
1515 4002 1880 4068 frumentum,
1934 4016 2113 4071 equos

519 4099 912 4168 mancipiaque
939 4105 1156 4160 emunt,
1185 4110 1404 4152 necnon
1432 4095 1646 4165 reliqua
1678 4095 1881 4163 quibus
1901 4093 2112 4163 indiget

521 4191 832 4245 exercitus.
871 4185 1015 4242 Hinc
1067 4199 1254 4242 rerum
1312 4185 1563 4242 omnium
1621 4184 1893 4238 exercitui
1955 4183 2111 4238 dives

521 4280 679 4344 copia
749 4283 861 4332 est.
930 4274 1206 4330 Praeterea
1262 4283 1549 4345 magnetes
1612 4273 2110 4342 qni't'omitantur

522 4388 730 4442 regem,
765 4368 972 4440 singuli
1014 4367 1254 4439 plurima
1296 4367 1354 4423 in
1391 4369 1800 4437 expeditionem
1826 4367 2110 4422 adducunt

518 4466 796 4535 iumenta.
866 4461 1102 4529 Quidam
1173 4460 1461 4517 adducunt
1491 4462 1762 4527 camelos,
1804 4461 1898 4530 qui
1931 4473 2107 4524 arma,

2209 1989 2372 2043 τριτα
2399 1973 2502 2043 ἢδη
2529 1973 2630 2039 τῆς
2659 1972 2896 2043 ἡμέρας,
2987 1975 3041 2037 ἐς
3067 1973 3171 2043 τὴν
3204 1970 3407 2041 μάχην
3440 1965 3802 2024 καθίστανται.

2210 2066 2362 2135 πυρά
2401 2082 2462 2120 τε
2503 2067 2756 2120 καίουσιν
2792 2065 2902 2120 ἀνά
2939 2065 3002 2118 τὺ
3043 2061 3433 2134 στρατόπεδον
3474 2062 3564 2115 ὅτι
3604 2057 3800 2110 πλεῖστα

2207 2161 2462 2226 ἕκαστος,
2504 2160 2600 2212 καὶ
2643 2158 2813 2228 ὖμνον
2850 2157 2976 2210 τινὰ
3018 2153 3398 2224 ἀναφαίνουσι
3440 2152 3530 2223 τῷ
3572 2147 3693 2218 θεῷ
3725 2145 3800 2198 καὶ

2207 2251 2286 2322 τῷ
2317 2252 2498 2320 ἥρωϊ,
2533 2248 2694 2318 δῆλον
2725 2247 3078 2316 ποιούμενοι,
3111 2244 3188 2309 ὡς
3221 2244 3294 2299 ἂν
3337 2244 3540 2314 μάχην
3570 2242 3638 2310 τῇ
3673 2241 3797 2290 ὑστε-

2209 2342 2345 2413 ραίᾳ
2370 2344 2472 2412 τῆς
2501 2340 2768 2408 ἐπιούσης
2797 2338 3192 2394 καθιστῶνται.
3225 2337 3354 2390 Καὶ
3387 2337 3524 2389 τότε
3555 2333 3621 2403 δὴ
3653 2327 3799 2398 πυρὰν

2211 2434 2616 2504 ποιησάμενοι,
2659 2429 3144 2502 παρεσκευάζοντο
3185 2431 3244 2492 ἐς
3291 2425 3692 2498 τειχομαχίαν.
3731 2419 3790 2486 Τῇ

2209 2525 2266 2578 δέ
2296 2524 2525 2596 πέμπτῃ
2557 2523 2740 2594 ἡμέρᾳ
2772 2525 3015 2591 ἑσπέρας
3058 2521 3156 2584 τάς
3197 2537 3259 2573 τε
3311 2516 3591 2589 μηχανὰς
3623 2507 3794 2582 προσέ-

2213 2633 2378 2686 φερον
2399 2655 2415 2682 ,
2446 2617 2540 2670 καὶ
2571 2615 2679 2670 ὑπὸ
2708 2615 2912 2670 πλόκου
2937 2615 3005 2681 ³⁸,
3038 2615 3090 2668 οἱ
3121 2611 3516 2682 Σαωχὸριδες
3549 2605 3788 2672 καλούμε-

2210 2726 2312 2772 νοι,
2353 2709 2385 2762 ὁ
2423 2710 2644 2780 ἀχρεῖος
2683 2707 2870 2771 λοιπὸς
2908 2708 3098 2778 ὅμιλος
3133 2705 3235 2761 τοῦ
3275 2705 3445 2760 λαοῦ.
3489 2701 3674 2770 Παρέξ
3708 2695 3791 2764 γὰρ

2210 2802 2306 2859 τοῦ
2348 2801 2588 2873 στρατοῦ
2627 2800 2686 2864 ὃς
2731 2802 3002 2872 ἑπόμενος
3041 2800 3120 2870 τῷ
3166 2799 3397 2870 βασιλεῖ
3431 2797 3615 2865 τούτῳ
3651 2806 3780 2860 στρι·

2210 2896 2454 2960 τεύεται,
2479 2896 2782 2965 ἐπάγονται
2807 2896 3022 2966 ὅμιλον,
3048 2895 3116 2948 τά
3141 2911 3202 2948 τε
3231 2896 3391 2948 σιτία
3425 2893 3686 2963 φέρονται
3705 2881 3790 2938 ἀπὶ

2208 2988 2321 3043 τῶν
2349 2989 2649 3060 περιοίκων
2686 2989 2784 3044 καὶ
2810 2990 2908 3060 τῆς
2940 2987 3112 3059 ἄλλης
3155 2985 3252 3041 τοῦ
3285 2986 3570 3057 βασιλέως
3611 2976 3786 3050 χώριςο

2211 3081 2433 3151 Ἕτεροι
2463 3080 2614 3136 ἄλλοι
2642 3080 2688 3134 δ’
2707 3077 2778 3135 αὖ
2804 3082 2856 3134 oi
2891 3081 3132 3135 Ἀσιανοὶ
3164 3079 3428 3147 ’Δγιάδες
3461 3071 3785 3137 καλούμενοιν

2211 3173 2377 3238 πεζός
2400 3191 2460 3228 τε
2491 3174 2680 3244 ὅμιλος
2710 3173 2804 3228 ἐπί
2828 3189 2887 3227 rs
2914 3173 3016 3236 τὰς
3044 3173 3237 3243 χροίας
3262 3172 3368 3227 τοῦ
3404 3168 3644 3241 στρατοῦ
3669 3161 3784 3236 χρώ·

2213 3284 2375 3339 μενος
2404 3266 2676 3332 διατελεῖ,
2707 3267 2806 3322 καὶ
2838 3268 2898 3331 ἐς
2924 3266 3026 3338 τὴν
3055 3267 3166 3321 τῶν
3197 3267 3341 3320 ὁδῶν
3371 3266 3652 3338 κάθαρσιν
3676 3260 3780 3328 ἄγε·

2209 3381 2299 3416 ται
2329 3360 2586 3429 τούτους,
2615 3362 2711 3415 καὶ
2745 3363 2802 3426 ἐς
2831 3360 2899 3415 τά
2932 3362 3303 3430 στρατόπεδα.
3340 3365 3514 3416 Δοκεῖ
3541 3361 3597 3413 δέ
3627 3357 3682 3410 τὸ
3703 3349 3778 3406 τοῦ

2211 3456 2482 3528 βασιλέως
2529 3455 2689 3511 τοῦτο
2738 3455 3106 3528 στρατόπεδον
3147 3456 3430 3510 κάλλιστα
3481 3455 3697 3508 πάντων
3730 3446 3779 3513 δὴ

2212 3549 2629 3621 στρατοπέδων,
2666 3543 2744 3603 ὧν
2775 3550 2940 3620 ἡμεῖς
2972 3547 3330 3618 ἐθεασάμεθα
3368 3549 3472 3606 καὶ
3508 3548 3643 3616 ἀκοῇ
3676 3545 3777 3596 ἐπν-

2211 3640 2451 3712 θὸμιθα,
2482 3639 2553 3696 τά
2580 3657 2640 3695 τε
2671 3641 2805 3710 περὶ
2848 3640 2948 3704 τὰς
2981 3639 3186 3711 σκηνὰς
3225 3641 3327 3695 καὶ
3373 3644 3434 3706 ἐς
3464 3642 3563 3712 τὴν
3591 3639 3692 3694 τῶν
3717 3651 3778 3686 σι-

2210 3735 2344 3790 τίων
2373 3733 2642 3803 ἀφθονίαν
2669 3733 2942 3804 κράτιστα
2973 3735 3425 3804 μηχανήσασθαι.
3458 3736 3677 3805 Πρῶτον
3702 3725 3776 3796 μὲν

2211 3825 2320 3896 γὰρ
2350 3825 2416 3896 δὴ
2445 3827 2744 3894 ἀγορασίαι
2773 3825 3002 3879 ἕπονται
3031 3825 3110 3895 τῷ
3143 3826 3364 3897 βασιλεῖ
3398 3826 3637 3898 μεγάλαι
3663 3821 3712 3883 ἐς
3732 3831 3778 3870 rt
3855 3832 3862 3840 δ

2211 3917 2283 3972 τὰ
2309 3917 2478 3982 σιτία,
2505 3918 2600 3971 καὶ
2623 3919 2751 3980 τοὺς
2781 3917 3010 3984 ἵππους,
3037 3919 3134 3973 καὶ
3160 3921 3218 3983 ἐς
3245 3922 3319 3975 τὰ
3345 3918 3677 3992 ἀνδράποδα,
3703 3915 3771 3964 καὶ

2213 4009 2272 4071 ἐς
2299 4007 2402 4078 τὴν
2427 4007 2524 4062 τοῦ
2557 4008 2794 4080 στρατοῦ
2825 4009 3018 4080 χρείαν
3037 4050 3054 4076 ,
3087 4011 3210 4064 ὅτου
3238 4010 3284 4064 δ⁹
3311 4013 3382 4067 ἄν
3415 4029 3470 4065 τι
3501 4007 3770 4063 ἐπιδέοιτο,

2215 4099 2458 4155 ἐνταῦθα.
2479 4100 2728 4169 ἀφθόνως
2752 4119 2812 4156 τε
2843 4101 3025 4173 πολλῷ
3050 4103 3105 4166 ἐς
3131 4102 3292 4158 τοῦτο
3320 4101 3766 4174 παραγινομένων.

2213 4192 2368 4246 Μετὰ
2397 4192 2455 4247 δὲ
2484 4193 2657 4249 ταῦτα
2684 4195 2746 4247 οί-
2768 4195 2875 4248 τῶν
2906 4197 3164 4265 μεγάλων
3191 4196 3310 4250 ὅσοι
3341 4197 3574 4252 ἕπονται
3602 4191 3673 4261 τῷ
3697 4187 3769 4257 βαε

2216 4284 2375 4350 σιλεῖ,
2421 4285 2698 4354 ὑποζύγιά
2733 4303 2794 4340 τε
2837 4287 3138 4357 πάμπολλα
3185 4289 3228 4322 ⁸⁷
3268 4290 3510 4352 ἕκαστος
3551 4281 3767 4355 περιάγει

2214 4375 2272 4438 ἐς
2316 4375 2414 4449 τὴν
2458 4375 2746 4442 ἐξέλασιν·
2795 4377 2844 4430 ot
2893 4377 2995 4444 μέν
3035 4393 3095 4431 τε
3143 4379 3436 4449 καμήλους
3484 4377 3664 4432 σιτίων
3695 4366 3767 4422 καὶ

2213 4467 2416 4533 ὅπλων,
2463 4468 2560 4522 καὶ⁵
2606 4468 2803 4539 κριθῆς
2842 4469 2942 4538 τῆς
2988 4470 3306 4540 ὑποζυγίων
3352 4473 3567 4543 τροφῆς
3608 4459 3768 4519 ἱκανάς

523 4556 865 4613 frumentum
913 4566 969 4610 et
1017 4553 1310 4620 hordeum,
1339 4564 1396 4607 ut
1441 4554 1702 4623 pabulum
1742 4554 1813 4607 sit
1842 4551 2116 4623 jnmentis

2214 4560 2453 4631 ἔχοντες,
2495 4563 2545 4614 oi
2586 4562 2643 4614 δὲ
2685 4561 2967 4631 ἡμιόνους,
3009 4563 3060 4616 oi
3097 4564 3153 4617 δὲ
3196 4566 3612 4636 συναμφότερα,
3648 4555 3691 4608 οἱ
3723 4548 3766 4601 δὲ

525 4649 826 4714 suﬂiciens,
868 4656 1114 4718 portant.
1171 4645 1408 4713 Quidam
1453 4661 1650 4716 equos,
1699 4646 1925 4716 quidam
1991 4660 2112 4699 mu-

529 4741 639 4803 los,
704 4740 926 4807 qui-dam
976 4747 1086 4791 tam
1120 4753 1297 4807 equos
1350 4752 1516 4808 quam
1557 4738 1737 4791 mulos
1794 4737 1848 4790 in
1881 4735 2109 4806 expedi-

530 4834 734 4885 tionem
772 4843 960 4901 agunt.
993 4831 1205 4892 [lorum
1249 4839 1432 4884 autem
1470 4841 1658 4885 tantus
1698 4839 1784 4885 est
1819 4843 2110 4894 numerus,

531 4930 589 4975 ut
618 4921 788 4990 duplo
802 4923 1183 4990 iumentorum
1208 4936 1474 4980 numerus
1498 4921 1782 4975 hominum
1820 4934 2112 4976 numerum

532 5013 1204 5082 cx5ttperet.Comitantur
1229 5029 1414 5086 regem
1441 5014 1535 5072 alii
1559 5014 1786 5083 plurimi
1807 5013 1878 5070 ab
1903 5028 2002 5066 sua
2029 5027 2116 5069 re-

533 5108 719 5174 gione,
735 5121 969 5174 quorum
986 5122 1119 5160 usus
1138 5107 1192 5161 in
1210 5107 1695 5164 frumentationem
1717 5105 1993 5164 maximus
2007 5117 2114 5163 est.

534 5198 591 5253 Si
637 5200 944 5256 necessitas
979 5199 1164 5267 aliqua
1201 5201 1471 5271 ingruerit
1506 5200 1801 5264 exercitui,
1854 5200 2114 5256 alimenta

531 5295 586 5344 iu
617 5293 915 5360 nptimates
953 5291 1260 5354 distribuit,
1285 5304 1339 5347 et
1377 5293 1457 5346 sic
1479 5291 1879 5362 proficiscitur.
1908 5289 2114 5346 Tento-

532 5386 740 5441 riorunt
761 5389 890 5458 quis
946 5394 1138 5441 cernat
1179 5387 1232 5440 in
1253 5386 1452 5449 castris
1485 5385 1989 5455 regisplcrumque
2018 5383 2113 5438 de-

2214 4653 2310 4707 καλ⁸
2355 4653 2578 4716 ἵππους,
2621 4652 2762 4708 ὥστε
2807 4655 3069 4708 διπλάσια
3121 4655 3375 4724 γίνεσθαι
3417 4657 3486 4710 τὰ
3533 4645 3766 4712 ὐτιόζιὲγίδι

2216 4745 2312 4800 τοῦ
2349 4747 2608 4816 στρατοῦ.
2641 4746 2824 4815 Παρέξ
2853 4747 2911 4801 δὲ
2940 4747 3152 4802 τούτων
3183 4749 3445 4818 περιάγει
3478 4744 3654 4816 ὅμιλον
3679 4730 3766 4789 ἀπὺ

2215 4838 2315 4905 τῆς
2354 4839 2540 4910 χώρας
2584 4832 2752 4893 αὐτοῦ
2795 4840 2984 4894 σιτίων
3023 4858 3084 4894 τε
3125 4843 3308 4910 ἕνεκα,
3353 4843 3450 4896 καὶ
3488 4833 3692 4894 ἐπειδὰν
3719 4829 3765 4883 ἐς

2219 4929 2472 5000 ἀνάγκην
2495 4934 2740 5002 καταστῇ
2766 4932 2828 4985 τὸ
2853 4933 3239 5002 στρατόπεδον,
3263 4933 3652 4994 ἐπιδιελόμενος
3672 4917 3762 4975 τοῖς

2223 5023 2474 5094 ἀρίστοις
2503 5023 2603 5093 τὴν
2635 5027 2843 5094 τροφὴν
2861 5067 2876 5091 ,
2905 5024 3051 5080 οὕτω
3085 5030 3366 5098 συγχωρεῖ
3389 5027 3456 5091 ιε,
3485 5020 3569 5090 ἐφ’
3591 5018 3617 5070 δ
3641 5031 3684 5066 τι
3707 5007 3762 5060 ἂν

2222 5113 2456 5181 γένοιτο.
2489 5113 2704 5183 Σκηνὰς
2735 5115 2790 5167 δὲ
2823 5114 2904 5168 ἔτι
2935 5117 2993 5168 ἐν
3023 5116 3100 5187 τῷ
3135 5115 3487 5187 στρατοπέδῳ
3513 5107 3600 5164 τοῦ
3629 5103 3758 5174 pact-

2218 5205 2358 5269 λὲως
2398 5206 2500 5260 ίδοι
2538 5207 2607 5260 ἄν
2639 5224 2723 5271 τις
2761 5210 2820 5271 ἐς
2859 5209 3080 5279 μυρίας,
3119 5210 3214 5264 καὶ
3253 5210 3470 5271 πλείους
3507 5202 3595 5258 καὶ
3626 5193 3757 5248 ἐλάσ-

2225 5315 2354 5362 σους
2384 5302 2614 5366 τούτων,
2647 5302 2723 5363 ὼς
2751 5303 3012 5371 τυγχάνει
3044 5304 3490 5374 στρατευόμενος.
3522 5293 3640 5348 Τότε
3671 5281 3753 5354 μὲν

2220 5391 2306 5458 δὴ,
2359 5391 2434 5453 ὡς
2480 5392 2788 5462 ἐτάχθησαν
2833 5395 3202 5465 Σαραχόριδες
3248 5397 3307 5460 ἐς
3352 5394 3478 5456 τοὺς
3501 5382 3749 5448 Ἕλληνας»

1830 5525 2075 5586 Νοιυιδε
2120 5529 2520 5606 marginales.

608 5627 682 5696 ('5)
716 5627 1092 5682 Sarachcridw
1126 5629 1267 5684 lixze.

641 5770 682 5800 ¹³
713 5769 771 5822 In
797 5786 891 5824 ora
920 5773 1122 5826 λείπει.
1204 5771 1247 5802 ⁸⁸
1281 5769 1342 5823 1η
1369 5787 1492 5834 uno,
1520 5771 1893 5837 ἀφικνεῖσθαι.

536 5854 588 5895 ut
623 5843 672 5895 in
704 5860 751 5898 ε.
833 5843 875 5872 ¹⁶
903 5841 1123 5898 Lacuna
1155 5844 1210 5897 in
1240 5841 1306 5898 R.

1979 5773 2019 5804 ¹⁸
2060 5773 2259 5841 πυρᾶς.
2290 5771 2351 5824 Β.
2382 5782 2436 5823 ιιι
2473 5772 2527 5825 in
2563 5789 2604 5826 ε.

1426 5844 1466 5874 ¹⁷
1497 5839 1564 5901 In
1587 5859 1714 5912 una,
1745 5845 1887 5898 πάνυ
1926 5843 2102 5897 πολλὰ
2128 5839 2149 5874 ί
2179 5845 2229 5896 in
2259 5845 2334 5897 al.
2370 5854 2422 5896 ut
2458 5861 2504 5898 ε.
2586 5843 2628 5874 ¹⁸
2660 5843 2721 5902 In
2760 5859 2863 5899 uno
2885 5839 3084 5916 χωρεῖ.

2695 5774 2756 5802 ’δ’
2791 5750 3018 5842 σκηῖλήν.
3057 5772 3148 5827 Sic
3181 5776 3341 5830 etiam
3373 5774 3424 5828 in
3456 5778 3579 5824 uno;
3607 5759 3649 5809 θη
3677 5745 3733 5802 αἶ’
