4032 6418
142 325 260 387 341

1214 322 1314 381 DE
1356 323 1608 382 REBUS
1639 319 1997 382 TURCICIS
2031 318 2176 376 LIB.
2223 315 2356 375 VII.

3323 314 3437 376 342

142 441 474 512 ἐπειρῶντό
505 459 563 494 τε
596 439 816 503 αὐτῶν,
852 440 948 493 καὶ
977 440 1249 509 ἐμάχοντο
1276 441 1350 501 ὡς
1380 441 1476 508 τῆς
1505 440 1546 470 ⁸⁵
1580 439 1755 506 ἐρεθί-

1883 451 1976 489 :cm
2013 433 2210 496 millia,
2251 440 2375 500 plus
2421 429 2670 482 minusve
2710 437 2967 497 respectu
3016 427 3428 495 expeditionis.

146 537 362 600 ζοντες
391 533 486 586 ἐπὶ
515 533 695 602 μᾶχην
719 571 733 595 ,
768 533 862 584 καὶ
893 533 1396 601 έπαγρυπνοῦντες.
1435 531 1524 592 Ὠς
1551 531 1606 584 δὲ
1639 529 1750 598 ἠὼς

149 646 226 680 τε
261 626 380 696 ἠδη
402 625 662 691 ὑπέφαινε
687 665 702 688 ,
736 623 992 692 κύμϐαλά
1021 640 1080 675 τε
1112 625 1206 676 καὶ
1233 623 1430 676 αύλικά
1455 663 1468 686 ,
1499 622 1594 674 καὶ
1630 621 1757 674 σάλ-

165 733 388 783 πιγγες
419 713 512 767 τοῦ
544 713 843 783 βασιλέως,
879 717 1214 781 καταφανεῖς
1249 715 1306 768 δέ
1341 715 1447 766 eis:
1480 714 1556 784 τῷ
1593 715 1753 784 μεγέ-

170 808 275 860 θει
312 807 418 858 τῶν
451 804 618 875 ἠχῶν,
654 804 942 874 ἀναδηλῶν
972 804 1047 868 ὡς
1093 805 1242 874 μάχη
1277 822 1338 859 τε
1379 805 1479 874 ἤδη
1523 805 1753 872 γίνεται.

181 900 304 954 Καὶ
333 899 544 952 ἕκαστοι
576 897 1170 968 παρασκευασάμενοι,
1202 896 1440 967 ἐπῄεσαν
1472 898 1527 958 ἐς
1560 896 1619 948 τὸ
1647 897 1759 948 τετε

173 1008 312 1062 χος,
343 988 538 1043 αὐτίκα
564 985 1024 1057 τειχομαχοῦντες
1054 986 1196 1039 κατά
1220 986 1281 1040 τδ
1314 986 1534 1056 ἰσχυρόν
1558 1003 1571 1017 ·
1605 987 1758 1056 βασι-

177 1079 313 1142 λεύς
349 1095 404 1130 τε
436 1079 632 1143 αὐτὸς,
667 1079 762 1131 καὶ⁵
794 1079 844 1131 οί
878 1077 1129 1147 νεήλυδες
1152 1117 1166 1141 ,
1201 1077 1345 1131 κατά
1372 1077 1432 1130 τὸ
1469 1079 1631 1147 μέσον
1664 1077 1758 1131 τοῦ

185 1168 416 1238 Ἰσθμοῦ
434 1211 450 1236 ,
479 1164 626 1242 ᾗπερ
656 1170 954 1238 ισκήνουν,
981 1169 1308 1223 καθίσταντο
1337 1171 1394 1233 ἐς
1425 1171 1606 1240 μάχην
1625 1213 1640 1234 ,
1667 1171 1762 1224 καὶ

174 1263 460 1331 κλίμακάς
484 1279 544 1314 τε
571 1262 934 1334 προσέφερον,
963 1262 1057 1315 καὶ
1079 1261 1456 1332 διορύσσοντες
1481 1263 1542 1316 τὺ
1563 1265 1760 1332 τεῖχος,

173 1353 519 1422 ἠγωνίζοντο
553 1353 628 1416 ὡς
662 1353 1067 1424 ἰξαιρήσοντες.
1104 1355 1215 1408 Καὶ
1241 1353 1370 1416 τούς
1398 1370 1458 1408 τε
1485 1354 1766 1424 τηλεϐολίο

175 1462 352 1508 σκους
369 1445 545 1516 ταύτῃ
565 1445 891 1514 ταξάμενος.
919 1447 1019 1500 οὐκ
1043 1445 1130 1499 εῐα
1153 1447 1280 1510 τοὺς
1298 1447 1764 1517 Πελοποννησίους

175 1537 551 1602 προκύπτειν.
583 1537 767 1590 Δεινὺν
797 1540 906 1606 γάρ
933 1553 1016 1590 τοι
1046 1539 1074 1590 ό
1102 1537 1519 1607 τηλεϐολίσκος,
1551 1539 1646 1593 καὶ
1675 1540 1764 1592 ούο

173 1626 268 1677 δὲν
298 1626 414 1680 τῶν
444 1625 627 1678 δπλων
653 1627 887 1696 ἀντέχει,
920 1626 1061 1679 ὥστε
1095 1629 1168 1697 μὴ
1196 1627 1486 1698 διαχωρεῖν
1512 1629 1600 1681 διὰ
1633 1633 1764 1683 πάν-

177 1735 290 1771 των
321 1717 784 1786 καθικνούμενος.
816 1721 978 1771 Δοκεῖ
995 1718 1051 1772 δὲ
1089 1721 1358 1774 κάπειδάν
1387 1738 1440 1773 τι
1461 1720 1612 1791 αύτῷ
1644 1722 1765 1774 ἀντ-

180 1810 282 1879 έχῃ
303 1809 374 1875 ⁸⁸,
405 1809 530 1861 τότε
559 1809 625 1878 δὴ
659 1809 896 1878 μάλιστα
937 1809 1267 1863 καθικέσθαι
1298 1812 1390 1864 ἐπὶ
1430 1813 1616 1876 πλέον,
1646 1813 1768 1864 ἐπεὶ

185 1903 243 1965 ἐς
274 1920 334 1955 τε
368 1902 643 1971 βάμϐακα
663 1905 706 1934 ¹¹
745 1903 838 1956 καὶ
872 1907 1102 1973 κρόκην,
1140 1904 1232 1956 καὶ
1267 1904 1326 1956 τὸ
1360 1904 1534 1973 ἔριον,
1570 1905 1671 1956 οὐκ
1706 1903 1772 1956 ἀν

181 1993 329 2048 οὕτω
356 1995 604 2048 καθίεντ⁹
623 1996 671 2028 ⁸³
693 1994 758 2049 ἂν
784 1995 1037 2050 ὶπιπολύ.
1071 1996 1224 2048 Ἐπεὶ
1247 1995 1292 2049 δ’
1311 1996 1368 2047 ὲν
1390 1996 1546 2063 ἀδείᾳ
1567 2013 1626 2048 τε
1655 1995 1772 2062 ἐγέ-

185 2102 340 2138 νοντο
366 2087 419 2138 οί
455 2085 740 2156 νεήλυδες,
773 2087 870 2139 καὶ
897 2085 994 2150 τάς
1023 2102 1083 2138 τε
1115 2087 1391 2157 κλίμακας
1423 2087 1480 2149 ἐς
1506 2086 1568 2138 τὸ
1596 2088 1774 2155 τείχος

190 2177 556 2246 ἒνεγκάμενοι
602 2177 912 2244 ἀνέϐαινον,
957 2178 1055 2230 καὶ
1103 2179 1456 2247 ὑπερέϐησαν
1495 2175 1690 2247 ταύτῃ,
1737 2169 1772 2246 ᾖ

199 2266 392 2320 ὲθεᾶτο
419 2267 586 2332 ἑστὼς
610 2270 638 2322 ό
667 2269 947 2338 βασιλεὺς,
973 2269 1144 2339 ἀνέϐη
1173 2270 1264 2321 ἐπὶ
1288 2269 1349 2322 τὸ
1375 2270 1554 2338 τεῖχος
1581 2268 1775 2337 νέηλυς

203 2361 474 2431 Χιτήρης,
501 2360 798 2426 meum;
826 2363 885 2416 τὸ
913 2363 1092 2430 γένος,
1124 2362 1218 2415 καὶ
1248 2357 1362 2415 εἷλέ
1391 2377 1452 2414 τε
1484 2361 1544 2414 τὸ
1573 2363 1773 2430 τεῖχος,

206 2453 298 2503 καὶ
330 2453 459 2514 τοὺς
487 2453 654 2524 ταύτῃ
690 2452 1044 2524 δῃωσάμενος
1079 2455 1136 2518 ις
1173 2455 1354 2525 φυγὴν
1387 2452 1677 2523 ἐτρέψατο.
1713 2454 1775 2506 Οί

201 2543 286 2608 δὲ,
315 2543 390 2606 ὡς
420 2544 784 2607 ἀπολιπόντες
810 2547 908 2615 τὴν
935 2545 1119 2610 τάξιν,
1151 2545 1478 2600 κατέϐαινον
1507 2545 1773 2609 ἐνταῦθα,

200 2637 293 2689 καὶ
330 2634 563 2704 πλησίον
603 2639 662 2700 ές
705 2636 823 2699 δέος
860 2653 920 2689 τε
967 2637 1072 2690 ὑπὸ
1113 2636 1249 2690 Θεοῦ
1297 2638 1646 2702 καθίσταντο,
1685 2639 1780 2689 καὶ

200 2728 485 2797 ἀπειρίας,
503 2728 598 2783 καὶ
613 2727 758 2782 οὕτω
778 2729 1016 2782 ἐποίουν.
1038 2728 1339 2797 Φεύγοντες
1357 2731 1466 2800 γὰρ
1485 2727 1688 2798 ᾤχοντο
1702 2729 1748 2762 ³⁸
1761 2743 1780 2762 ο

201 2823 292 2874 καὶ
319 2823 367 2874 εί
401 2822 556 2892 παρά
586 2820 811 2884 τούτους
839 2820 996 2886 αὖθις
1023 2822 1361 2890 τετεγμένοι,
1390 2824 1490 2874 ούκ
1519 2822 1718 2884 εἰδότες
1751 2821 1781 2874 ὅ

205 2928 254 2962 τι
282 2911 569 2981 ξυμϐαίνει
592 2911 828 2980 χαλεπὸν
853 2908 1059 2980 ᾤχοντο
1081 2910 1151 2942 ’³⁸
1178 2910 1491 2979 φεύγοντες,
1519 2910 1612 2962 καὶ
1637 2908 1782 2962 οὕτω

211 3003 401 3064 πάντες
450 3002 812 3064 ἀπολιπόντες
852 3002 914 3054 τὸ
953 3003 1155 3072 τεῖχος,
1199 3002 1432 3071 ἔφευγον
1473 3002 1650 3056 οὐδενὶ
1692 3001 1782 3054 κό-

1860 529 1938 582 Eo
1975 526 2192 595 quidem
2229 534 2476 591 tempore
2507 520 2905 575 Saraeboridcs
2932 520 3176 589 oppositi
3223 519 3430 575 Graecis

1857 633 1952 672 eos
1983 615 2278 688 pugnando
2322 613 2632 668 tentabant.
2669 653 2684 668 .
2717 653 2730 666 .
2769 610 2850 682 (4)
2908 619 3192 682 totamque
3217 623 3433 667 noctem

1857 711 2132 764 ducebant
2165 708 2496 768 insomnem,
2540 712 2598 758 ut
2641 704 2708 759 ad
2759 705 3011 773 praelium
3044 703 3268 760 Graecos
3301 705 3442 758 inei-

1861 810 2060 856 tarent.
2096 799 2162 854 Ut
2189 813 2392 854 aurora
2430 797 2636 861 illuxit,
2680 797 2837 866 signa
2871 811 3076 852 canere
3105 796 3260 865 jubet
3294 811 3387 848 rex
3417 800 3437 853 ξ

1859 893 2129 963 cymbala,
2194 890 2353 962 183
2410 904 2618 945 cornua
2667 889 2947 958 tubzeque,
3007 904 3247 960 pugnam
3327 888 3439 957 jam

1862 985 1998 1049 fore,
2046 985 2286 1039 maximo
2328 999 2467 1040 sono
2515 982 2924 1054 significabant.
2973 983 3140 1038 Turci
3185 980 3438 1037 instructi

1861 1078 2211 1148 occipiebant
2265 1093 2483 1132 murum
2534 1091 2856 1147 Oppugnare
2889 1090 3051 1146 quam
3112 1075 3437 1128 fortissime.

1865 1172 1972 1226 Rex
2009 1179 2064 1226 et
2097 1172 2374 1242 peregrini
2412 1169 2611 1225 armati
2650 1169 2704 1222 in
2737 1169 2857 1222 acie
2905 1169 3168 1222 instructa
3219 1166 3444 1222 stabant

1865 1263 1916 1314 in
1973 1262 2154 1317 medio
2204 1261 2420 1328 Isthmi,
2478 1261 2573 1316 ubi
2631 1268 2814 1315 castra
2857 1269 3174 1328 posuerant.
3247 1257 3440 1313 Scalas

1864 1353 2251 1422 expediebant,
2338 1368 2560 1409 murum
2633 1352 3032 1416 suffodiebant,
3107 1351 3445 1418 fortiterque

1866 1444 2277 1513 prxlinbantur,
2338 1456 2396 1500 ut
2439 1461 2655 1499 murum
2706 1455 3061 1515 occuparent.
3096 1441 3213 1496 l-luc
3275 1444 3436 1496 etiam

1867 1537 2286 1592 bombardarios
2315 1539 2628 1592 consistere
2679 1539 2944 1606 iusserat.
2981 1535 3075 1604 qui
3127 1533 3442 1588 bombardis

1869 1641 2222 1699 prospectum
2257 1627 2743 1698 Peloponnesiacis
2775 1629 3112 1683 adimebant.
3142 1625 3444 1680 Bombarda

1870 1735 2105 1789 namque
2124 1735 2208 1775 res
2221 1727 2306 1775 est
2320 1720 2615 1775 admodum
2636 1723 3003 1785 vinlenta,nec
3019 1735 3171 1774 arma
3186 1718 3446 1792 resistere

1875 1812 2188 1866 bombarda:
2241 1811 2468 1881 impetui
2509 1823 2762 1882 possunt,
2818 1827 3006 1867 verum
3057 1810 3243 1866 omnia
3279 1823 3447 1878 peuc-

1873 1911 1984 1957 trat
2014 1918 2030 1956 :
2065 1910 2182 1956 tum
2218 1904 2384 1957 etiam
2443 1906 2616 1976 magis
2649 1914 2918 1972 permeat,
2972 1905 3195 1972 quando
3245 1914 3448 1968 corpus

1876 1993 2100 2062 aliquod
2134 1995 2402 2050 resistens
2444 1997 2611 2051 fuerit
2668 2006 2850 2058 nacta,
2911 1993 3184 2064 siquidem
3226 2005 3448 2044 crocum

1877 2083 2175 2153 lanamque
2211 2099 2318 2138 non
2363 2087 2630 2155 pervadit.
2671 2085 2808 2141 Cum
2841 2084 3115 2155 peregrini
3177 2082 3290 2153 jam
3346 2080 3449 2133 tuti

1878 2174 1944 2229 ab
1995 2174 2239 2243 periculo
2278 2182 2517 2242 starent,
2553 2178 2854 2245 scalasque
2888 2191 3049 2230 muro
3080 2174 3449 2236 addidissent,

1878 2281 2093 2320 murmn
2129 2267 2470 2322 scandebant
2500 2283 2569 2323 eo
2622 2268 2724 2322 loci
2785 2269 2876 2322 ubi
2929 2276 3209 2336 spectator
3273 2279 3451 2332 oppu-

1877 2357 2158 2429 gnationis
2193 2360 2384 2415 aderat
2442 2376 2561 2416 rex.
2597 2360 2816 2416 Primus
2879 2361 3063 2431 itaque
3115 2360 3170 2412 in
3231 2373 3448 2412 murum

1877 2452 2075 2516 evasit,
2139 2467 2379 2522 eumque
2418 2453 2568 2521 cepit
2626 2453 3040 2523 peregrinorum
3081 2453 3150 2508 de
3219 2464 3450 2504 numero

1878 2543 2132 2600 Cluiteres
2163 2543 2266 2615 (5),
2321 2542 2615 2600 Triballus
2680 2560 2928 2614 genere:
2974 2559 3182 2615 eosque
3237 2542 3328 2613 qui
3371 2557 3457 2596 re-

1879 2637 2178 2702 sistebant,
2239 2637 2290 2690 in
2352 2635 2536 2705 fugam
2610 2637 2869 2703 coniecit.
2909 2637 2971 2690 lli
3031 2645 3214 2690 autem
3261 2637 3454 2690 ordine

1880 2730 2078 2784 relicto
2107 2729 2357 2793 abibant,
2423 2745 2550 2785 cum
2603 2740 2786 2784 metus
2820 2730 3094 2784 maximus
3135 2730 3203 2782 ab
3236 2728 3346 2784 Deo
3404 2738 3461 2782 ct

1883 2820 2159 2889 imperitia
2193 2821 2327 2891 ipsis
2351 2821 2718 2876 ineuteretur.
2753 2819 2886 2874 Nam
2918 2819 3211 2875 formidine
3238 2821 3456 2889 agitati,

1883 2909 1938 2962 in
2006 2909 2186 2977 fugam
2241 2908 2686 2964 effundebantur.
2749 2908 3020 2963 Praeterea
3076 2908 3153 2962 illi
3209 2908 3303 2977 qui
3369 2907 3458 2960 his

1883 3000 2129 3070 proxime
2181 3009 2469 3064 steterant,
2523 3000 2689 3054 nescii
2751 3000 2882 3070 quid
2944 2999 3073 3054 mali
3139 2999 3256 3055 suis
3309 2999 3457 3052 acci-

209 3110 349 3164 σμῳ.
380 3087 550 3148 Οὗτοι
581 3092 628 3146 δ’
650 3094 701 3146 οί
731 3093 967 3164 Τοῦρκοι
998 3093 1421 3156 ἐπεισπεσόντες
1449 3093 1624 3166 ταύτῃ
1652 3109 1712 3144 τε
1746 3085 1780 3165 ᾗ

1885 3092 2080 3155 disset,
2107 3090 2379 3163 fugientes
2411 3092 2662 3146 abibant.
2699 3091 2942 3148 Tandem
2974 3107 3172 3147 omnes
3195 3092 3459 3146 deseren-

209 3185 346 3238 ῑὰλω
379 3184 494 3238 ὑπὸ
527 3183 622 3238 τοῦ
656 3185 947 3254 νεήλυδος,
983 3186 1078 3240 καὶ
1109 3189 1175 3256 τῇ
1211 3186 1348 3260 ἄλλῃ
1455 3183 1786 3238 κατέϐαλλον

208 3275 618 3346 διορύσσοντες,
668 3278 768 3330 καὶ
813 3276 900 3331 διά
945 3277 1056 3331 τῶν
1106 3277 1294 3332 πυλῶν
1341 3277 1646 3348 εἰσεχέοντο
1691 3276 1787 3330 καὶ

215 3367 270 3419 ετ
278 3384 454 3439 ρεχον.

294 3545 400 3598 Καὶ
454 3546 500 3598 οι
534 3548 654 3615 μὲν,
699 3546 794 3600 Ini.
835 3546 898 3599 τὺ
947 3547 1312 3618 στρατόπεδον
1357 3549 1466 3602 τῶν
1521 3548 1794 3618 Ἐλλήνων

227 3638 569 3708 τραπόμενοι,
611 3640 919 3709 διήρπαζον
965 3644 1035 3696 τὰ
1084 3642 1196 3696 τῶν
1245 3641 1516 3712 Ἐλλήνων
1559 3642 1788 3706 ἔπιπλα,

221 3731 449 3802 ἐσθῆτάς
498 3750 556 3787 τε
600 3734 696 3786 καὶ⁵
737 3733 837 3802 τὴν
879 3732 1049 3802 ἀλλην
1089 3735 1471 3803 εὐδαιμονίαν·
1495 3735 1549 3788 οι
1586 3735 1664 3801 δὲ,
1700 3736 1793 3789 ἐπὶ

225 3827 343 3888 τοὺς
370 3825 575 3893 ἀνδρας
632 3827 998 3894 τραπὸμενοι,
1026 3827 1153 3888 τοὺς
1191 3826 1292 3896 μὶν
1313 3827 1492 3880 αὐτῶν
1517 3826 1792 3896 ἔφθειρον,

224 3918 341 3982 τοὺς
374 3919 436 3971 δὲ
483 3917 578 3970 καὶ
611 3917 914 3988 ἐζώγρουν,
954 3919 1009 3980 ές
1043 3918 1393 3988 ἀνδραπόδων
1427 3910 1622 3990 μοῖραν
1652 3919 1798 3973 τιθέο

230 4025 393 4077 μενοι.
432 4009 550 4062 Καὶ
576 4010 738 4078 φόνος
768 4027 826 4063 τε
853 4005 922 4079 ἦν
964 4011 1131 4072 πολὺς
1159 4010 1270 4061 τῶν
1296 4011 1627 4078 φευγόντων.
1657 4013 1799 4082 Περὶ

219 4103 274 4156 δὲ
296 4107 415 4168 τοὺς
447 4105 560 4156 τῶν
602 4102 875 4172 Ἐλλήνων
906 4102 1184 4172 ἡγεμόνας
1214 4104 1395 4155 τοιάδε
1432 4103 1672 4170 ἐγένετο.
1707 4105 1797 4167 Ὠς

220 4199 322 4266 γὰρ
363 4197 565 4267 ἑώρων
612 4193 915 4263 φεύγοντας
961 4192 1090 4255 τοὺς
1138 4192 1410 4262 Ἕλληνας
1453 4193 1557 4246 ἀνὰ
1599 4197 1801 4264 κράτος

223 4289 310 4340 καὶ
334 4286 520 4342 οὐδενὶ
552 4285 764 4354 κόσμῳ,
797 4284 1098 4354 ἐπειρῶντο
1134 4281 1233 4351 μὲν
1259 4282 1307 4316 ¹⁴
1328 4283 1612 4351 πρώτιστα
1641 4282 1804 4338 κατέ-

222 4395 368 4446 χεινο
419 4378 508 4440 ὡς
560 4377 605 4431 δ’
653 4377 755 4430 οὐκ
802 4376 1090 4446 ἠδύναντο,
1143 4379 1238 4431 καὶ
1292 4374 1446 4428 αὐτοὶ
1501 4373 1800 4443 φεύγοντες

225 4469 422 4540 ᾤχοντο
467 4470 559 4522 ἐπὶ
600 4468 701 4537 μὲν
737 4467 1003 4536 Κόρινθον
1040 4468 1142 4521 οὐκ
1193 4467 1297 4521 ἔτι⁶
1329 4467 1527 4538 ᾔδεσαν
1570 4465 1680 4536 γάρ
1722 4466 1800 4527 ὼς

229 4563 721 4635 πολιορκησόμενοι
750 4561 1050 4614 ἁλώσοιντο
1086 4560 1348 4625 ενταῦθα,
1373 4561 1474 4628 τῆς
1510 4577 1568 4614 τε
1595 4563 1805 4630 τροφῆς

231 4656 415 4725 ίκανῆς
440 4657 552 4708 οὐκ
577 4653 745 4724 οὔσης
784 4656 843 4706 ὲν
887 4654 1026 4724 αὐτῇ
1078 4654 1171 4707 καὶ
1199 4653 1369 4722 ἄλλης
1398 4654 1758 4722 παρασκευῆς
1788 4669 1802 4686 ο

1888 3191 1971 3239 tes
2001 3199 2241 3248 murum.
2275 3185 2394 3240 sine
2422 3185 2616 3240 ordine
2655 3183 2930 3252 fugerunt.
2958 3183 3123 3238 Turci
3158 3183 3455 3248 irruentes,

1887 3289 1998 3343 qua
2040 3290 2233 3330 murus
2255 3262 2336 3330 ab.
2374 3275 2597 3331 Chitere
2625 3287 2916 3345 superatus
2975 3284 3117 3340 erat,
3143 3285 3197 3330 et
3233 3277 3326 3329 alii
3357 3291 3463 3342 qua

1890 3379 2108 3420 murum
2145 3364 2503 3422 sudodicntes
2533 3375 2872 3432 straverant,
2905 3381 3119 3422 necnon
3164 3381 3260 3436 per
3279 3376 3462 3436 portas

1892 3461 2272 3530 irrumpebant

1963 3553 2194 3620 Quidam
2236 3553 2304 3608 ad
2344 3563 2522 3608 castra
2567 3553 2879 3609 Graecorum
2939 3551 3279 3615 ferebantur,
3318 3552 3468 3607 Grae-

1892 3661 2198 3717 corumque
2265 3646 2656 3716 supellectilem
2713 3655 2770 3699 et
2835 3645 3102 3713 reliquam
3151 3643 3466 3698 felicitatem

1894 3740 2254 3811 diripiebant.
2273 3737 2504 3804 Quidam
2528 3737 2672 3792 versi
2693 3740 2744 3790 in
2768 3738 2980 3798 hostes,
3003 3736 3272 3804 quosdam
3303 3750 3468 3790 neca-

1897 3841 2050 3896 runt,
2075 3831 2344 3900 quosdam
2377 3831 2530 3884 vivos
2563 3835 2848 3898 ceperunt,
2874 3834 2929 3882 et
2955 3830 3022 3880 ad
3072 3827 3468 3895 mancipiorum

1898 3925 2270 3980 conditionem
2297 3922 2579 3992 redegere.
2625 3920 2814 3976 Caedes
2849 3919 3174 3992 fugientium
3209 3919 3474 3975 edebatur

1899 4017 2156 4071 maxima.
2195 4013 2394 4069 Verum
2429 4013 2560 4082 quid
2593 4011 2910 4068 Grzecorum
2941 4011 3180 4067 ducibus
3231 4011 3475 4081 contige-

1900 4111 1994 4172 rit,
2037 4109 2348 4162 audiamus.
2378 4105 2443 4160 ιιι
2479 4105 2574 4161 ubi
2605 4106 2914 4175 conspicati
2947 4112 3079 4160 sunt
3115 4104 3334 4159 Graecos
3392 4103 3477 4156 fu-

1901 4215 2022 4270 gam
2078 4197 2344 4268 arripere.
2430 4196 2605 4266 primo
2657 4211 2755 4251 eos
2813 4197 3051 4252 retinere
3109 4194 3476 4250 conabantur.

1903 4293 2041 4347 Cum
2078 4300 2259 4346 autem
2293 4293 2346 4344 in
2387 4289 2566 4360 fugam
2591 4288 2794 4346 effusos
2826 4289 3077 4344 inhibere
3099 4303 3206 4343 non
3233 4293 3480 4356 possent,

1906 4385 2237 4455 aufugerunt
2269 4392 2322 4438 et
2354 4382 2482 4451 ipsi,
2545 4396 2653 4435 non
2687 4393 2868 4436 tamen
2927 4380 3276 4435 Corinthum.
3332 4378 3480 4434 Certi

1902 4478 2048 4532 enim
2109 4484 2286 4540 erant,
2357 4474 2402 4530 si
2469 4473 2854 4529 obsiderentur
2903 4472 3177 4537 Corinthi,
3231 4486 3288 4526 se
3325 4470 3483 4524 facile

1903 4576 2272 4637 expugnatum
2305 4565 2394 4631 iri,
2423 4580 2543 4619 cum
2589 4563 2736 4618 haud
2762 4563 3041 4618 suﬂiciens
3069 4578 3134 4617 eo
3167 4570 3483 4629 comporta-

1905 4670 1994 4713 tus
2018 4666 2166 4712 esset
2203 4663 2567 4721 commeatus,
2599 4669 2700 4710 nec
2741 4653 2882 4707 alius
2917 4653 3080 4706 etiam
3130 4650 3253 4704 belli
3313 4666 3484 4718 appa-

231 4749 316 4801 ὲπὶ
339 4750 397 4804 δὲ
437 4749 549 4819 τὴν
594 4748 890 4818 μεσόγαιον
933 4747 1346 4816 ἑπειγενόμενοι
1379 4748 1448 4810 ⁸³,
1485 4745 1730 4814 ἔφθασαν
1761 4749 1780 4781 ⁸

1906 4760 2080 4803 ratus.
2102 4748 2279 4803 Celeri
2307 4755 2490 4803 autem
2532 4747 2656 4816 fuga
2681 4745 3088 4801 contenderunt
3126 4742 3193 4796 ad
3225 4743 3483 4796 mediter~

237 4841 520 4910 γενόμενοι
549 4840 643 4892 ἐπὶ
675 4839 775 4910 τὴν
805 4839 986 4908 ἀκραν
1034 4838 1363 4908 Λακωνικὴν
1395 4839 1493 4907 τῆς
1535 4839 1806 4892 Πελοπονο

235 4931 418 5000 νήσου,
474 4931 950 5001 καραδοκήσαντες
1079 4930 1266 4999 μέλλει
1298 4933 1572 4999 χωρήσειν
1599 4931 1630 4982 ό
1660 4929 1813 4998 βασι-

232 5022 376 5086 λεύς.
405 5022 574 5077 Δύτοί
601 5040 662 5077 τε
693 5024 802 5094 γὰρ
830 5024 886 5086 ἐς
913 5023 1014 5090 τὴν
1043 5019 1322 5075 θάλαόσαν
1345 5019 1652 5074 διενοοῦντο
1672 5021 1718 5053 ⁸⁷
1756 5022 1812 5084 ὲς

237 5113 297 5165 τὸ
327 5114 522 5184 πρόσω
551 5114 794 5178 πίπτειν,
823 5114 900 5176 ὼς
925 5113 993 5184 ἢν
1030 5114 1075 5147 ³⁸
1123 5113 1484 5178 ὲπιελαύνων,
1515 5113 1572 5176 ές
1598 5113 1696 5175 τὴν
1717 5112 1814 5167 θά-

235 5204 446 5260 λασσαν
479 5207 822 5276 ἀφιξόμενοι,
853 5207 943 5258 καὶ
980 5206 1454 5276 ὑπεκστησόμενοι
1487 5205 1588 5274 τῆς
1625 5205 1812 5273 χώρας

1910 4857 2127 4896 raneam
2161 4840 2478 4910 regionem:
2506 4839 2732 4909 jamque
2777 4847 3153 4907 praeveneraut
3197 4837 3400 4894 hostes.
3431 4844 3486 4889 et

1910 4937 1965 4990 in
1989 4949 2202 4989 summa
2245 4931 2486 4986 Laconia
2521 4930 2878 5000 Peloponnesi
2906 4929 3309 4998 exspectabant
3347 4944 3483 4998 quo~

1913 5039 2035 5079 nam
2062 5023 2410 5094 profecturus
2459 5031 2605 5077 esset
2652 5037 2770 5076 rex.
2828 5022 3191 5076 Decreverant
3250 5033 3487 5089 namque

1913 5116 1969 5170 in
2003 5130 2156 5170 mare
2181 5117 2472 5186 profugere
2521 5123 2576 5168 et
2609 5114 2832 5184 regione
2861 5114 3081 5179 cedere,
3117 5115 3160 5168 si
3195 5116 3486 5166 Anttlrates

1915 5221 2038 5260 cum
2065 5205 2307 5259 exercitu
2341 5206 2681 5259 adventaret.
2722 5203 2998 5259 Noveram
3040 5220 3274 5272 namque
3327 5203 3482 5256 Pelu-

1519 5320 1763 5382 Notulao
1789 5319 2189 5399 marginales.

309 5455 386 5525 (4)
414 5454 660 5512 De.~sta'i
684 5455 815 5524 luid.

314 5619 356 5647 “
390 5617 488 5672 Hic
510 5617 712 5686 aliquid
735 5616 912 5679 deest,
945 5624 999 5667 ut
1033 5630 1096 5668 ex
1130 5629 1232 5666 uno
1263 5613 1624 5678 manuscripto
1665 5621 1837 5678 patet;
1885 5611 1938 5662 in
1973 5609 2090 5662 cod.
2129 5607 2325 5660 lacuna
2361 5615 2458 5659 est.

314 5705 369 5734 ιο,
427 5688 704 5734 Hennam-
812 5686 857 5717 "
891 5684 954 5734 In
987 5703 1109 5734 mm-
1153 5683 1442 5734 καθίκοιτ“.
1535 5683 1581 5716 ’⁸
1611 5680 1677 5734 In
1709 5697 1833 5734 uno.
1873 5681 2106 5734 οἴγοντο.
2205 5677 2270 5707 ¹³⁹
2300 5675 2366 5729 In
2411 5693 2458 5728 ut

1709 5698 1738 5731 Ιί
1747 5697 1833 5731 110.
1873 5695 2086 5731 οιγοντο
2096 5719 2106 5731 .

891 5697 954 5736 ιη
987 5703 1121 5750 uno,
1153 5697 1442 5736 xxUttht'.
1539 5697 1581 5716 ὀ
1611 5697 1677 5734 ιιι
1709 5698 1776 5732 tm

866 5756 911 5785 “
945 5754 1004 5808 In
1038 5773 1164 5821 uno,
1203 5753 1399 5821 ἔφθης).
1481 5751 1522 5783 ’⁷
1559 5749 1622 5806 In
1657 5767 1780 5817 uno,

1883 5697 2106 5748 πχοντο.
2207 5697 2250 5707 ’⁷
2300 5697 2366 5729 ιη
2411 5697 2536 5737 ιιηο,
2580 5697 2811 5745 οιχοντο.

1883 5752 2074 5803 ενόουν.
2154 5747 2200 5780 ’⁸
2227 5745 2292 5800 In
2326 5764 2451 5812 uno,
2484 5748 2613 5817 ἐπίῃ
2643 5748 2906 5804 ἐλαύνων.

255 5702 369 5746 uno,
426 5688 704 5755 βόμπακα.

812 5686 857 5717 ²¹
891 5684 954 5736 In
987 5703 1121 5750 uno,
1153 5683 1442 5736 xxolxmt'.

258 5756 296 5787 "
327 5756 383 5809 li.
415 5759 785 5827 ἐπειγόμενοι.

1993 5451 2068 5520 (5)
2096 5448 2386 5518 Georgius.
2409 5502 2416 5510 ,

2563 5607 2608 5638 ²⁰
2633 5607 2878 5677 ἀντέχει.
2930 5607 2994 5660 η.
3026 5616 3080 5660 ut
3127 5606 3182 5658 in
3221 5621 3270 5659 c.
3349 5607 3394 5638 “
3435 5607 3494 5660 1η

2205 5677 2270 5748 "_‘
2300 5675 2366 5729 In
2411 5693 2536 5737 uno,
2580 5675 2811 5745 οἴχοντο.
2913 5679 2957 5709 ³⁵
2991 5677 3057 5731 lu
3105 5693 3230 5742 uno,
3277 5678 3494 5748 πρῶτα.
