4032 6412
161 389 300 453 345

1297 386 1396 447 DE
1427 384 1686 447 REBUS
1715 382 2071 444 TURCICIS
2117 382 2267 445 LIB.
2308 386 2439 448 VII.

3370 383 3480 447 346

164 501 373 569 αὐτῷ,
393 495 611 551 ἐνταῦθ’
634 493 1037 561 ἐπαναζεύξας,
1057 492 1523 564 ἁπήλαυνε.Μετὰ
1540 492 1597 546 δὲ
1619 491 1793 546 ταῦτα

1903 508 1992 562 per
2046 490 2321 548 foramina
2378 495 2713 563 jaculantes,
2766 496 3089 567 peregrinos
3146 495 3478 564 eapulerunt

166 593 250 646 οὐ
301 592 488 660 πολλῷ
518 589 749 659 ὕστερον
794 589 1029 652 σπονδάς
1066 606 1125 642 τι
1156 589 1480 659 ἐποιήσατο,
1513 588 1607 640 καὶ
1653 586 1786 638 ύπό-

181 701 382 756 φορον
408 683 564 755 ἔσχον
587 682 683 747 τὴν
713 681 1125 749 Πελοπόννησον
1156 682 1216 735 τὸ
1247 682 1353 734 ἀπὸ
1393 680 1547 733 τοῦδε
1582 681 1631 733 οἱ
1661 681 1789 732 Ἐλ-

185 778 380 848 ληνες
410 777 568 845 μέχρι
613 774 830 837 τούτου,
858 774 920 828 τὸ
954 775 1084 845 πρὶν
1128 773 1427 843 ἐλευθέραν
1461 768 1647 826 οὖσαν.
1678 771 1791 842 Τὴν

201 870 323 939 μὲν
352 868 439 923 οὖν
466 869 624 921 πόλιν
653 870 765 921 τῶν
797 868 995 938 θηϐὦν
1026 865 1372 935 πειρώμενον
1398 864 1605 917 ἐπιέναι
1637 863 1793 932 βασι-

198 965 313 1017 λέα
346 961 435 1015 ἐπὶ
470 961 882 1031 Πελοπόννησον
911 960 1158 1024 ἐξέλιπον
1188 977 1270 1024 τε,
1301 960 1391 1012 καὶ
1422 958 1554 1020 τοὺς
1588 956 1793 1024 ἄνδρας

195 1055 631 1122 ἐξαναστάντες,
661 1052 885 1125 ᾤκησαν
922 1054 980 1105 ἐν
1004 1053 1082 1124 τῷ
1121 1051 1343 1121 Ἰσθμῷ,
1372 1052 1570 1113 οἵτινες
1599 1051 1663 1118 δὴ
1697 1049 1792 1102 καὶ

192 1149 458 1203 ἐάλωσαν
493 1146 599 1199 ὑπὸ
635 1147 918 1214 Τούρκων.
957 1144 1021 1197 Ἦ
1065 1144 1120 1196 δὲ
1172 1144 1328 1205 ἐκτὸς
1356 1141 1507 1212 χώρα
1564 1141 1656 1193 τοῦ
1689 1141 1791 1210 βα-

191 1240 405 1303 σιλέως
437 1241 641 1292 αὐτίκα
678 1237 823 1308 μετὰ
849 1238 948 1308 τὴν
976 1235 1068 1290 τοῦ
1117 1235 1332 1305 ’ἰσθμοῦ
1365 1234 1567 1288 ἅλωσιν
1593 1249 1796 1304 προσε-

188 1332 430 1401 χώρησε
463 1331 542 1399 τῷ
576 1330 810 1402 βασιλεῖ,
859 1331 920 1381 τό
954 1347 1012 1382 τε
1058 1328 1249 1382 Πίνδον
1280 1328 1375 1380 καὶ
1404 1330 1437 1395 ἡ
1471 1326 1607 1395 ἄλλη
1639 1325 1792 1396 χώρα

186 1424 296 1476 τοῦ
353 1423 649 1492 βασιλέως.
699 1420 885 1485 Ἰῖαῦτα
918 1421 1017 1491 μὲν
1065 1417 1160 1474 οὖν
1190 1422 1246 1473 ἐν
1280 1423 1345 1490 τῇ
1401 1419 1793 1487 Πελοποννήσῳ

188 1519 251 1579 ἧς
282 1517 550 1569 τοσοῦτον
579 1516 820 1582 ἐγένετο.
860 1516 968 1568 Καὶ
1018 1514 1271 1583 βασιλεὺς
1322 1512 1419 1566 τοῦ
1472 1512 1792 1581 ἐπιγινομέ-

186 1625 292 1660 νου
344 1608 546 1678 θέρους
594 1606 960 1677 ἐστρατεύετο
993 1608 1084 1660 ἐπὶ
1114 1605 1421 1675 Σκεντέρην
1454 1603 1496 1635 ³¹
1530 1603 1623 1655 τὸν
1652 1602 1792 1656 ἰϐἀ-

192 1720 312 1754 vero
350 1701 547 1762 παῖδα,
594 1699 652 1762 ὃς
689 1701 821 1761 παῖς
851 1697 948 1763 ὢν,
989 1700 1046 1763 ἐς
1092 1697 1189 1758 τὰς
1240 1698 1412 1769 θύρας
1462 1697 1793 1766 ἀφικόμενος

194 1794 301 1848 τοῦ
340 1794 633 1864 βασιλέως,
661 1795 758 1846 καὶ
791 1793 1019 1846 παιδικὰ
1045 1793 1210 1845 αὑτοῦ
1234 1792 1553 1860 γενόμενος,
1581 1789 1791 1858 ἀπέδρα

199 1889 260 1949 ἐς
285 1889 385 1955 τὴν
408 1883 674 1956 πατρῴαν
696 1884 864 1938 αὐτοῦ
891 1886 1097 1956 χώραν,
1122 1886 1215 1937 καὶ
1242 1883 1512 1953 ἀγόμενος
1529 1883 1788 1950 γυναῖκα,

197 1978 494 2050 θυγατέρα
522 1976 621 2030 τοῦ
664 1977 1014 2047 Ἀριανὴτου,
1058 1977 1123 2028 ἐκ
1164 1974 1257 2028 τοῦ
1294 1972 1573 2044 ἐμφανοῦς
1603 1972 1792 2025 ἐπολέ‹

198 2090 351 2142 μουν
381 2070 464 2138 τῷ
497 2069 729 2138 βασιλεῖ.
767 2069 875 2123 Καὶ
916 2066 1042 2121 οὔτε
1078 2067 1243 2138 φόρον
1280 2068 1561 2135 ἐπήγαγον
1589 2065 1667 2133 τῷ
1699 2064 1794 2131 βα·

201 2166 375 2226 σιλεϊ,
403 2162 530 2215 οὔτε
555 2163 713 2215 αὐτοὶ
752 2165 808 2223 ἐς
835 2160 934 2224 τὰς
962 2162 1128 2231 θύρας
1157 2159 1319 2221 ἵεντο,
1354 2158 1477 2211 οὕτε
1509 2157 1793 2210 πείθεσθαι

206 2256 437 2327 ἠθελον.
466 2256 563 2307 Διά
588 2253 761 2308 ταῦτα
793 2253 1123 2322 συναγείρας
1155 2252 1371 2305 ἅπαντα
1397 2250 1486 2303 τόν
1517 2266 1576 2301 τε
1607 2248 1794 2310 Ἀσίας

211 2351 312 2401 καί
344 2347 609 2417 Εὐρώπης
632 2347 779 2416 αὐτῷ
808 2346 1039 2415 στρατὸν
1068 2345 1301 2414 ἤλαυνεν
1327 2344 1418 2395 ἐπὶ
1450 2342 1547 2411 τὴν
1572 2341 1796 2394 Ἰϐἀνεω

212 2436 407 2510 χώραν
431 2455 445 2468 ·
480 2438 566 2490 καὶ
598 2438 723 2490 ἐπεί
751 2455 811 2489 τε
858 2436 1118 2489 ἐσέϐαλεν
1162 2437 1219 2494 ἐς
1254 2434 1350 2504 τὴν
1398 2434 1606 2505 χώραν,
1635 2433 1790 2505 ἐδῄου

208 2550 277 2584 τε
307 2533 378 2585 τὰ
411 2530 824 2601 στρατεύματα,
856 2530 1186 2599 διαπέμπων
1234 2530 1359 2582 ὅποι
1414 2529 1674 2599 παρήκοι,
1702 2530 1795 2581 καὶ

204 2618 531 2687 ἐνεπίμπρα
566 2620 662 2681 τὰς
701 2634 761 2670 τε
792 2617 987 2685 κώμας
1014 2616 1110 2670 καὶ
1146 2620 1272 2678 τοὺς
1302 2617 1528 2686 ἀγρούς.
1584 2618 1695 2671 Καὶ
1728 2618 1796 2669 τὰ

203 2709 339 2780 λήϊα
373 2710 628 2762 ἐκαίοντο
671 2710 775 2762 ὑπὸ
807 2709 898 2762 τοῦ
933 2709 1189 2778 στρατοῦ,
1217 2710 1310 2761 καὶ
1348 2711 1797 2780 περιεφθεῐροντο

204 2801 276 2855 τὰ
307 2802 493 2853 ἐκεῖσε
532 2802 731 2854 πάντα.
780 2800 1084 2868 Σκενδέρης
1121 2800 1218 2869 μὲν
1245 2796 1337 2852 οὖν
1364 2800 1456 2852 ἐπὶ
1486 2800 1584 2870 τὴν
1618 2802 1672 2862 ἐς
1706 2801 1798 2851 τὸν

207 2893 399 2949 Ἰόνιον
454 2894 721 2962 παράλιον
770 2894 954 2963 χώραν
999 2894 1111 2945 τῶν
1154 2893 1445 2948 Ὀὖενετῶν
1479 2893 1795 2958 ὑπεξέθετο,

211 2987 370 3049 αὐτός
399 3005 461 3042 τε
495 2990 589 3042 καὶ
622 2990 670 3041 οί
716 2987 996 3041 Ἀλϐανῶν
1031 2988 1095 3049 ⁸’,
1140 2989 1237 3052 τάς
1287 3006 1344 3041 τε
1389 2991 1653 3056 γυναῖκας
1707 2991 1799 3043 καὶ

212 3082 437 3142 παῖδας.
467 3079 635 3133 Αὐτοὶ
657 3081 716 3134 δὲ
745 3080 1050 3150 περιιόντες
1076 3081 1203 3134 ἄλλο
1232 3099 1291 3133 τε
1324 3081 1459 3152 ἄλλῃ
1488 3081 1585 3148 τῆς
1612 3080 1797 3151 χώρας

1891 587 2161 642 acerrime
2185 598 2572 658 repugnantes,
2624 604 2920 660 arcemque
2968 597 3022 644 et
3069 604 3288 643 murum
3358 588 3484 641 reﬂ-

1890 681 2100 736 cientes
2129 689 2184 734 et
2223 680 2432 750 optime
2468 681 2803 740 munientes.
2842 684 3159 746 Amurates,
3196 682 3287 736 ubi
3319 681 3482 736 adve-

1893 772 1973 825 nit
2015 770 2392 838 Turachancs,
2425 774 2631 829 vellens
2666 774 2959 828 maximam
2997 775 3281 827 hominum
3346 773 3479 827 alia-

1894 881 2125 934 rumque
2171 881 2353 919 rerum
2408 867 2670 937 prazdam,
2721 882 2845 920 cum
2898 866 3143 920 exercitu
3184 866 3478 929 discessit,

1893 973 1994 1010 nec
2026 958 2196 1013 multo
2250 970 2369 1027 post
2407 975 2597 1029 pacem
2648 974 2772 1014 cum
2829 959 3031 1014 Graecis
3088 959 3238 1013 fecit.
3299 958 3375 1013 Ex
3411 974 3479 1013 eo

1895 1049 2020 1105 inde
2052 1061 2300 1121 tempore
2334 1051 2767 1122 Peloponnesus,
2791 1068 2911 1120 qua!
2932 1052 3085 1119 prius
3114 1052 3286 1105 libera
3335 1059 3478 1117 erat,

1895 1143 2181 1199 tributaria
2209 1144 2350 1200 facta
2389 1154 2493 1200 cst.
2547 1146 2767 1200 Thebas
2822 1145 3092 1208 Thebani,
3151 1161 3273 1198 cum
3311 1145 3483 1199 hosti-

1895 1239 2019 1293 liter
2056 1239 2340 1295 accederet
2366 1255 2481 1302 rex,
2525 1240 2865 1295 deseruere:
2898 1248 2951 1293 et
3006 1240 3058 1293 in
3097 1239 3362 1292 Isthmum
3424 1253 3485 1295 se

1893 1334 2196 1398 contulere,
2230 1334 2389 1402 quasi
2427 1334 2499 1388 ibi
2514 1333 2956 1402 babitaturi,'qui
2983 1340 3162 1386 tamen
3191 1332 3269 1401 ab!
3289 1331 3487 1385 Turcis

1894 1421 2039 1491 capti
2081 1430 2230 1477 sunt.
2266 1419 2521 1477 Exterior
2555 1431 2740 1475 autem
2780 1423 2954 1490 regio,
2985 1419 3196 1475 Pindus
3229 1421 3489 1476 videlicet

1894 1521 1946 1566 et
1983 1512 2193 1581 reliqua
2231 1513 2400 1583 regio,
2436 1515 2841 1583 quamprimum
2876 1512 3116 1569 Isthmus
3147 1520 3345 1582 captus
3381 1520 3486 1579 est,

1896 1604 1950 1658 in
1985 1606 2130 1671 regis
2158 1614 2484 1673 p0testatem
2523 1606 2763 1661 devenit.

1966 1692 2394 1769 Appetentejam
2432 1708 2644 1765 aestate,
2708 1699 3002 1754 Amurates
3062 1699 3263 1753 bellum
3318 1698 3494 1753 movit

1896 1802 2087 1844 contra
2117 1790 2447 1845 Scenderem
2476 1791 2658 1845 Ibanis
2690 1790 2862 1844 lilium
2920 1790 3316 1862 (Alexandrum
3372 1790 3492 1845 sive

1897 1882 2341 1952 Scanderbegum
2367 1882 2747 1951 appellatum),
2770 1882 2862 1953 qui
2884 1898 3022 1951 puer
3040 1883 3188 1938 venit
3213 1883 3267 1937 in
3289 1882 3491 1950 januas

1897 1976 2065 2043 regis,
2120 1975 2351 2042 ejusque
2402 1975 2749 2031 concubinus
2822 1976 2999 2031 factus
3061 1985 3204 2032 est:
3268 1977 3490 2032 tandem

1896 2068 2160 2137 cﬂ'ugitiu
2199 2069 2428 2136 patriam
2488 2084 2642 2123 suam
2696 2068 3000 2137 regionem.
3067 2068 3236 2123 Ducta
3290 2069 3492 2125 deinde

1897 2175 2065 2213 uxore
2095 2158 2373 2213 Arianetis
2398 2158 2502 2211 ﬁlia
2554 2160 2681 2228 (7),’
2712 2174 2779 2213 ex
2837 2158 3091 2227 professo
3123 2161 3326 2214 bellum
3361 2176 3491 2215 cum

1898 2262 2023 2315 rege
2057 2247 2296 2316 gerebat.
2362 2246 2494 2300 Nam
2554 2249 2818 2301 tributum
2869 2248 3017 2302 haud
3081 2250 3319 2319 amplius
3374 2249 3493 2319 regi

1897 2339 2227 2409 pendebant,
2261 2354 2358 2392 nec
2386 2339 2438 2392 in
2462 2339 2665 2407 januas
2691 2340 2861 2405 ibant,
2897 2355 3095 2412 parere
3120 2357 3344 2410 quoque
3374 2342 3490 2414 regi

1897 2432 2295 2487 detrectabant.
2328 2431 2674 2502 Quapropter
2698 2432 2988 2488 Amurates
3014 2447 3327 2487 cenvocans
3342 2434 3490 2487 Asiae

1900 2525 2239 2594 Eltt‘opmqlle
2272 2527 2545 2581 exercitus
2596 2526 2906 2593 universos,
2966 2524 3148 2581 lbauis
3209 2530 3488 2597 regionem
3588 2521 3603 2534 ’

1901 2618 2042 2671 bello
2079 2626 2260 2685 petere
2289 2619 2592 2673 statuebat.
2630 2618 2866 2673 Veniens
2892 2619 3059 2689 igitur
3095 2619 3149 2673 in
3187 2619 3490 2687 regionem,

1902 2710 2154 2764 vastabat
2210 2711 2545 2773 universam,
2603 2711 2755 2765 vicos
2809 2726 3089 2782 agrosque
3126 2712 3491 2778 incendebat;

1903 2801 2233 2857 frumentum
2302 2818 2632 2871 omnemque
2688 2813 3057 2858 commeatum
3114 2804 3492 2860 co'nburebat.
3580 2792 3585 2797 i

1901 2893 2098 2949 Omnia
2144 2910 2265 2963 qua:
2314 2894 2369 2948 in
2402 2911 2464 2947 ea
2518 2896 2740 2964 regione
2787 2904 2965 2959 erant,
3037 2895 3497 2973 p0pulationibus

1901 2987 2338 3056 dissipabantur.
2381 2985 2685 3043 Scenderes
2717 2987 2886 3055 igitur
2912 2989 3031 3057 ipse
3057 3001 3272 3042 necnon
3331 2987 3497 3040 Alba-

1902 3083 1957 3139 ni
1986 3098 2198 3147 omnes,
2235 3084 2287 3137 in
2317 3082 2649 3136 maritimam
2677 3097 2868 3137 versus
2903 3081 3121 3136 lonium
3158 3080 3493 3137 Venetorum

208 3171 526 3243 διήρχοντο,
552 3172 606 3224 εἷ
631 3190 727 3227 του
754 3172 957 3225 δέοιντο
985 3173 1040 3225 αί
1067 3173 1250 3234 πόλεις
1276 3172 1475 3224 αὐτῶν.
1511 3171 1618 3223 Καὶ
1649 3166 1792 3226 οὗτοι

1903 3178 2203 3243 regionem,
2235 3191 2434 3230 uxores
2484 3186 2538 3229 et
2593 3175 2819 3242 liberos,
2878 3190 2989 3246 quo
3026 3175 3096 3229 ab
3156 3173 3497 3243 imprudenti

214 3265 314 3335 μὲν
345 3264 455 3316 ἀνὰ
501 3263 562 3314 τὸ
603 3261 752 3333 ὅρος,
790 3263 848 3313 τὸ
890 3260 1031 3331 ὑπὲρ
1066 3263 1165 3329 τὴν
1220 3262 1407 3330 χώραν
1438 3262 1640 3324 αὐτῶν,
1669 3261 1795 3330 ἄχρι

213 3354 310 3407 τοῦ
339 3353 535 3406 Ἰονίου
567 3353 854 3416 διατεῖνον,
882 3352 1171 3423 διέτριϐον,
1192 3353 1645 3422 καραδοκοίντες,
1673 3355 1796 3405 ὅποι

226 3445 381 3513 σφίσι
398 3446 468 3496 τὰ
492 3445 793 3514 πράγματα
817 3445 1157 3514 ἀποϐήσεται
1181 3462 1195 3474 ’
1223 3444 1572 3513 Ἀμουράτης
1598 3446 1652 3497 δὲ
1676 3448 1801 3497 ἐπε-

224 3539 461 3607 λαύνων,
489 3542 679 3610 πρῶτα
715 3542 814 3610 μέν
844 3541 944 3610 τὴν
991 3541 1227 3609 Σφετίαν
1272 3540 1426 3593 πνῖλιν
1462 3541 1796 3612 ἐπολιόρκει,

226 3632 320 3686 καὶ
354 3631 511 3698 λόγον
541 3633 641 3702 μὶν
689 3633 1055 3702 προσέφερεν,
1081 3631 1155 3694 ὡς
1190 3631 1488 3701 παραδοίέν
1519 3650 1577 3685 τε
1606 3635 1797 3704 αὐτὴν,

218 3726 306 3777 καὶ
334 3726 495 3778 αύτοὶ
526 3727 745 3780 ἀπίοιεν
777 3726 871 3779 ἐπὶ
905 3727 972 3780 τὰ
1008 3726 1203 3780 ἑαυτοῦ
1231 3726 1465 3789 ἕκαστος
1489 3744 1501 3757 ’
1536 3728 1585 3780 οἱ
1616 3727 1673 3781 δέ
1700 3728 1800 3780 οὐκ

213 3817 527 3871 ἐπείθοντο.
562 3817 719 3870 Μετὰ
750 3817 806 3869 δὲ
844 3814 1020 3870 ταῦτα
1070 3816 1376 3887 προσέϐαλε
1407 3816 1506 3869 σὺν
1543 3817 1654 3879 τοῖς
1680 3817 1803 3888 νεή-

213 3908 356 3974 λυσι,
390 3911 497 3962 καὶ
532 3901 645 3962 εἷλε
681 3909 781 3980 τὴν
815 3910 971 3962 πόλιν
1006 3910 1147 3962 κατὰ
1173 3908 1395 3979 κράτος,
1419 3911 1515 3962 καὶ
1544 3906 1802 3976 ἐξηνδρα-

214 4003 499 4066 ποδίσατο,
528 4001 658 4065 τούς
707 4018 767 4052 τε
814 4001 1018 4070 ἄνδρας
1073 4001 1401 4071 σύμπαντας
1451 4002 1798 4071 διεχρήσατο.

215 4094 366 4147 Μετὰ
395 4094 459 4147 δὲ
492 4092 669 4146 ἐπιὼν
714 4093 807 4145 ἐπὶ
858 4093 957 4164 τὴν
1008 4093 1224 4163 Γετίην,
1243 4092 1509 4162 ὁμολογίᾳ
1538 4110 1597 4145 τε
1630 4109 1803 4159 παρε-

217 4187 483 4255 στήσατο,
516 4186 611 4239 καλ⁸
654 4185 783 4248 τοὺς
829 4186 886 4236 ἐν
939 4187 1004 4254 τῇ
1038 4185 1191 4238 πόλει
1237 4185 1802 4256 ἀνδραποδισάμενος,

215 4276 385 4343 ἐπῆγε
417 4276 518 4327 τὸν
561 4275 794 4342 στρατὸν
832 4276 925 4327 ἐπὶ
957 4278 1057 4344 τὴν
1089 4274 1312 4347 Κρούην
1341 4276 1496 4328 πόλιν
1534 4277 1803 4347 προέχου-

217 4381 310 4419 σαν
335 4365 456 4419 τῶν
486 4365 545 4418 ἐν
568 4367 635 4435 τῇ
663 4364 943 4419 Ἀλϐανῶν
969 4365 1142 4436 χώρᾳ.
1170 4366 1417 4418 Οίκεῖται
1454 4365 1508 4419 δὲ
1534 4367 1593 4419 ἐν
1620 4364 1804 4437 ὀχυρῷ

216 4459 377 4513 πάνυ.
415 4456 637 4529 Ταύτην
681 4459 782 4528 μὲν
814 4457 907 4512 οὖν
936 4458 1437 4530 προκαθεζόμενος,
1467 4458 1799 4525 ἐπολιόρκει,

1902 3270 2145 3334 periculo
2187 3269 2288 3323 tuti
2334 3268 2530 3334 forent,
2556 3276 2929 3339 exposuerunt
2953 3285 2967 3323 :
2994 3267 3098 3338 ipsi
3126 3276 3306 3322 autem
3336 3267 3500 3321 undi~

1900 3376 2008 3429 que
2042 3376 2149 3436 per.
2183 3362 2467 3431 regionem
2511 3360 2958 3425 obambulantes,
2997 3358 3191 3415 sedulo
3245 3358 3503 3426 dispicie-

1903 3454 2056 3513 bant.
2109 3455 2281 3509 sicubi
2347 3454 2512 3507 urbes
2568 3452 2814 3521 ipsorum
2894 3452 3105 3506 auxilio
3166 3452 3498 3523 indigerent.

1903 3546 2094 3600 Castra
2165 3546 2472 3600 habuerunt
2539 3544 2592 3597 in
2661 3557 2845 3597 monte
2897 3543 2989 3611 qui
3048 3543 3258 3611 regioni
3308 3557 3499 3596 eorum

1904 3638 2202 3709 impendet,
2239 3645 2293 3691 et
2323 3638 2373 3691 in
2399 3637 2610 3691 Ionium
2638 3650 2813 3705 usque
2842 3633 3174 3705 porrigitur:
3209 3644 3263 3689 et
3291 3630 3363 3687 ibi
3398 3650 3497 3689 ex-

1904 3739 2295 3804 Spectaverunt
2327 3729 2451 3785 belli
2477 3735 2754 3783 eventum.
2784 3727 3079 3781 Amurates
3107 3724 3387 3795 Sphctiam
3420 3725 3501 3795 (8)

1905 3822 2096 3878 urbem
2175 3818 2510 3875 exercitibus
2586 3816 3002 3881 circumsedit,
3092 3815 3499 3883 Oppidanisque

1906 3915 2163 3970 nuntiare
2209 3912 2398 3981 jussit,
2435 3910 2480 3966 si
2513 3907 2851 3963 deditionem
2884 3906 3149 3970 facerent,
3183 3920 3242 3960 se
3296 3906 3501 3975 singu-

1908 4008 1987 4062 los
2019 4006 2084 4060 ad
2119 4021 2219 4060 sua
2244 4003 2396 4059 abire
2429 4000 2861 4072 permissurum.
2902 3998 2973 4053 At
3022 3998 3074 4053 hi
3123 3998 3502 4054 conditionem

1909 4101 2072 4154 istam
2098 4114 2208 4152 non
2268 4096 2630 4151 admiserunt.
2680 4091 3030 4162 Quapropter
3070 4107 3195 4148 cum
3258 4092 3505 4162 peregri-

1906 4205 2101 4245 norum
2125 4188 2350 4241 cohorte
2369 4199 2588 4240 murum
2609 4181 2779 4249 subit,
2802 4191 2996 4239 etcum
3018 4183 3224 4255 impetu
3242 4184 3294 4239 in
3315 4184 3504 4240 urbem

1908 4280 2236 4349 irrumpens,
2274 4293 2334 4332 ea
2369 4277 2594 4346 potitur,
2660 4276 2966 4346 praedaeque
3025 4283 3198 4331 totam
3250 4277 3502 4345 exponit.

1909 4369 2066 4425 Viros
2094 4383 2287 4422 onmes
2316 4366 2577 4422 trucidari
2631 4365 2819 4433 jussit.
2862 4364 3067 4419 Deinde
3127 4365 3313 4435 copias
3345 4365 3506 4421 duxit

1907 4470 2098 4517 contra
2126 4459 2361 4524 Getiam,
2393 4474 2558 4527 quam
2593 4456 2940 4526 pactionibus
2964 4456 3020 4509 in
3047 4456 3311 4510 ditionem
3336 4470 3494 4509 acce-

213 4527 756 4621 miti-3156610th
791 4527 992 4604 ἔτυπτε
1048 4551 1109 4602 τὸ
1159 4553 1361 4620 τεῖχος,
1401 4551 1495 4602 καὶ
1528 4548 1796 4602 κατέϐαλε

1908 4556 2005 4624 pit.
2036 4552 2225 4622 Captis
2266 4560 2448 4604 autem
2478 4550 2789 4619 oppidanis,
2831 4547 3142 4603 exercitum
3188 4547 3391 4600 Cruam
3425 4546 3503 4616 (9)

218 4644 387 4712 μέρος
448 4643 548 4695 οὐκ
604 4642 804 4709 ὀλίγον.
857 4643 1014 4696 Μετὰ
1046 4643 1102 4695 δὲ
1136 4640 1313 4699 ταῦτα
1357 4638 1663 4713 προσέϐαλε
1704 4642 1800 4694 σὺν

215 4736 317 4797 τοῖς
348 4734 642 4805 νεήλυσιν,
671 4732 748 4797 ὡς
777 4733 1086 4805 ἐξαιρήσων
1116 4736 1216 4805 τὴν
1252 4735 1427 4789 πόλιν.
1461 4736 1574 4788 Καὶ
1600 4734 1675 4797 ὡς
1702 4736 1801 4788 οὐκ

219 4825 458 4897 ἠδυνήθη
496 4826 660 4890 ἑλεῖν,
690 4826 948 4895 ἀπήγαγε
982 4828 1072 4879 τὸν
1109 4828 1362 4897 στρατόν’
1416 4826 1516 4896 ἤδη
1563 4827 1672 4896 γὰρ
1705 4828 1803 4896 δ’ᾲέ

217 4911 281 4988 ἦν
321 4917 422 4972 τοῦ
462 4919 738 4983 ἐνιαυτοῦ,
785 4922 881 4972 καὶ
920 4919 1128 4989 χειμὼν
1169 4921 1580 4987 ἐπιγενόμενος,
1620 4920 1806 4983 ἐπίεζε

215 5010 304 5062 τὸν
334 5010 595 5076 στρατόν.
634 5011 737 5063 Τὸν
784 5006 879 5062 οὖν
920 5010 1084 5062 παῖδα
1133 5010 1299 5064 αὐτοῦ
1332 5009 1455 5081 ἄρτι
1490 5012 1803 5079 ἡϐάσκοντα

215 5085 521 5170 Μεχμέτην
547 5100 813 5170 περιῆγεν
846 5103 905 5155 ἐν
942 5101 1019 5171 τῷ
1064 5101 1302 5171 στρατῷ.
1335 5101 1519 5167 ἐξότου
1552 5101 1805 5168 ἀφείλετο

218 5191 386 5244 αὑτὸν
415 5192 516 5262 τὴν
542 5192 837 5260 βασιλείαν.
883 5192 1135 5261 Ἐγένετο
1194 5193 1252 5246 δέ
1283 5192 1480 5257 οὕτως.
1525 5191 1614 5256 Ὧς
1665 5194 1806 5263 ἐμά-

221 5299 347 5350 χετο
371 5284 486 5344 τοῖς
518 5283 742 5337 Παίοσιν
773 5286 831 5338 ἐν
858 5288 922 5354 τῇ
955 5286 1160 5356 Βάρνῃ,
1190 5286 1283 5338 καὶ
1316 5286 1384 5339 τὰ
1416 5286 1805 5355 στρατεύματα

223 5376 387 5429 uim":
423 5377 568 5447 ἐώρα
603 5379 661 5429 ἐν
702 5381 850 5450 φυγῇ
886 5381 1177 5448 γενόμενα,
1209 5380 1266 5441 ἐς
1302 5380 1421 5443 δέος
1448 5395 1506 5433 τε
1539 5378 1807 5448 καθεστή-

1908 4647 2097 4701 urbem
2155 4643 2494 4697 Albanorum
2563 4641 2879 4708 primariam
2942 4639 3134 4693 movit.
3189 4635 3336 4692 Urbs
3388 4638 3505 4692 bmc

1908 4740 2011 4793 sila
2048 4743 2134 4790 est
2160 4737 2212 4789 in
2243 4736 2363 4789 loco
2389 4733 2791 4788 munitissimo.
2828 4732 2984 4785 Hanc
3025 4729 3319 4785 obsidione
3375 4732 3500 4785 cin-

1912 4831 2010 4893 xit,
2042 4843 2374 4896 murumth
2403 4825 2725 4881 bombar-lis
2752 4823 3066 4884 concussit,
3127 4824 3363 4893 ejusque
3395 4840 3506 4876 non

1913 4915 2187 4971 modicam
2234 4921 2451 4983 partem
2508 4912 2725 4965 stravit.
2765 4908 2971 4963 Deinde
3010 4924 3107 4977 per
3146 4909 3268 4963 loca
3331 4907 3510 4963 ruinis

1913 5006 2157 5078 patentia
2181 5019 2307 5059 cum
2337 5003 2647 5073 peregrinis
2684 5002 2990 5068 irrumpere
3013 5000 3317 5070 quaerebat,
3351 5015 3509 5067 quas.

1916 5102 1965 5155 vi
2006 5101 2169 5171 186
2197 5115 2317 5153 eam
2350 5110 2638 5169 capturus.
2696 5096 2889 5164 Coepta
2924 5106 3107 5150 autem
3144 5096 3331 5150 omnia
3383 5108 3509 5145 cum
3581 5138 3589 5146 .

1912 5196 2065 5248 irrita
2113 5194 2400 5257 caderent,
2442 5190 2747 5245 exercitum
2804 5189 3040 5244 abduxit
3080 5204 3322 5252 omnem,
3372 5188 3505 5255 quia

1914 5285 2128 5342 aestatis
2185 5285 2297 5354 jam
2337 5294 2645 5337 extremum
2689 5292 2830 5348 erat,
2888 5291 2949 5337 et
3009 5281 3181 5351 frigus
3216 5269 3507 5334 hibernum

1915 5378 2157 5448 graviter
2187 5373 2498 5430 exercitum
2555 5371 2857 5444 alﬂigebat.
2922 5372 3122 5428 Filium
3191 5383 3355 5426 suum
3399 5367 3527 5424 Me»

1520 5494 1767 5556 Notulaa
1803 5495 2212 5574 marginales.

297 5618 373 5686 (Ἰ)
410 5622 664 5676 Donicar.

299 5691 371 5761 {8)
418 5693 902 5764 Sphctisgradum.

301 5803 337 5833 ³³
366 5804 428 5865 In
457 5824 581 5874 uno,
617 5808 943 5881 Σκενδέρην.

1988 5620 2066 5691 (9)
2099 5619 2342 5676 Graiam.

1060 5810 1103 5843 “
1135 5808 1406 5864 Ἀλϐανοί.
1436 5807 1521 5864 Sic
1557 5810 1716 5865 etiam
1751 5809 1810 5865 in
1835 5809 2057 5876 tmo;_in
2080 5806 2153 5860 at.
2207 5805 2263 5859 οἱ
2288 5801 2563 5859 ’Λλϐανῶην
2597 5799 2823 5870 πρῶκοπ
