4032 6424
578 327 678 393 ξω

1652 323 1968 388 LAONlCl
2018 323 2686 386 CHALCOCONDYLIE

3717 331 3809 395 348

579 446 846 498 clnuetem
873 441 985 510 jam
1012 440 1394 510 pubescentem
1425 454 1520 510 per
1547 449 1726 494 castra
1757 440 2150 507 circumduxit,

2264 457 2339 496 κει
2369 440 2539 511 ’μέγα
2593 439 2758 502 πάνυ,
2790 441 3039 510 οίόμενος
3093 439 3294 494 αὐτίκα
3324 440 3518 507 πάντη
3549 440 3593 471 ³³
3622 443 3810 494 ἀπολεῖ-

579 547 854 602 regnoque
888 525 1150 600 praefecit.
1186 529 1277 583 Sic
1320 539 1500 584 autem
1556 531 1660 586 ista
1709 546 1961 586 evenere.
2015 529 2154 586 Cum

581 632 849 694 pugnaret
885 621 1154 675 adversus
1206 619 1497 674 Pauuoues
1538 620 1749 686 Variae,
1787 631 1841 675 et
1881 622 2156 676 exercitus

579 732 714 770 suos
747 717 814 769 ad
838 715 1020 785 fugam
1052 713 1320 768 inclinare
1368 721 1639 779 cerneret,
1665 713 1821 767 valde
1858 714 2038 766 titnuit
2061 728 2155 782 pu-

582 818 705 861 tans
736 821 795 861 se
818 820 939 858 mox
975 819 1096 859 cum
1123 804 1244 859 suis
1269 803 1593 873 periturum.
1621 803 1678 858 ln
1708 803 1810 857 hac
1833 804 2156 872 gravissima

581 899 906 954 necessitate
932 895 1289 960 constitutus,
1316 896 1485 960 vovit,
1533 895 1579 951 si
1625 895 1920 949 incolumis
1961 893 2158 949 evade-

581 999 663 1044 ret
686 1003 925 1058 praesens
955 988 1260 1058 periculum
1305 997 1359 1042 et
1393 987 1619 1042 victoria
1647 988 1934 1059 potiretur,
1961 1003 2019 1042 se
2039 1002 2156 1042 ces-

579 1101 766 1140 surum
805 1101 998 1151 regno,
1030 1097 1084 1141 et
1107 1086 1158 1140 id
1194 1087 1624 1146 commissurum
1647 1087 1780 1152 lilio,
1803 1094 1858 1141 et
1878 1086 2154 1142 abiturum

578 1177 633 1230 in
667 1179 876 1240 Asiam,
916 1187 974 1232 ut
1000 1179 1075 1233 ibi
1102 1179 1266 1232 vitam
1315 1178 1596 1244 traducat,
1650 1179 1919 1234 admistus
1971 1193 2158 1234 sacer-

579 1269 800 1326 dotibus
831 1268 1221 1334 etNazaraeis:
1272 1280 1326 1326 et
1365 1271 1644 1326 culturum
1689 1270 2003 1340 frequenter
2064 1270 2159 1324 he-

580 1377 755 1424 roem,
786 1363 946 1432 eique
972 1362 1406 1418 imntolaturum.
1431 1361 1565 1418 Cum
1595 1363 1763 1432 igitur
1798 1362 2155 1419 Panuonibus

579 1455 868 1507 victoriam
897 1455 1240 1518 extorsisset,
1294 1470 1424 1525 rege
1453 1471 1642 1511 eorum
1703 1465 2008 1526 perempto,
2059 1458 2156 1512 do-

582 1558 728 1594 tuum
754 1543 936 1606 rediit,
973 1543 1546 1614 liliumquejuniorem
1595 1546 1976 1604 accersivitad
2004 1548 2155 1622 regni

582 1633 1009 1700 gurberuaanla.
1043 1633 1177 1689 Nam
1204 1636 1348 1693 (ilius
1378 1637 1500 1707 ejus
1529 1639 1790 1695 Aladines
1852 1651 1982 1696 natu
2042 1656 2156 1695 ma-

582 1727 768 1782 ximus
799 1726 943 1781 haud
1011 1729 1245 1796 amplius
1279 1741 1562 1799 superstes
1611 1742 1749 1797 erat,
1805 1732 1900 1788 sed
1945 1742 2156 1789 naturas

2259 533 2407 586 σθαι.
2443 532 2533 597 Ὠς
2572 532 2675 603 ἤδη
2715 533 2947 601 ἀφίκετο
2984 532 3293 602 ξυμφορᾶς,
3316 531 3526 602 ηὔχετό
3559 550 3638 594 τε.
3662 534 3728 597 ὡς
3757 536 3809 603 ἦν

2256 624 2406 693 αὐτῷ
2445 623 2511 678 τὰ
2561 624 2866 694 πράγματα
2904 626 2981 696 μὴ
3015 625 3316 696 διαφθαρῇ,
3351 627 3478 680 τότε
3524 629 3580 678 έν
3624 627 3696 695 τῷ
3737 627 3811 679 οο-

2258 715 2409 786 ρύόῳ
2439 717 2632 786 ἐκείνῳ
2670 717 2960 770 ἀπολιπεῖν
3001 735 3059 771 τε
3089 718 3188 786 τὴν
3221 717 3424 788 ἀρχὴν,
3457 719 3550 770 καὶ
3585 718 3658 787 τῷ
3686 720 3812 770 παιδὶ

2257 805 2654 876 ἔπιτρέψαντα,
2684 805 2849 860 αὑτὸν
2883 806 3131 878 οῐχεσθαι
3163 809 3219 873 ὲς
3248 808 3348 879 τὴν
3394 808 3602 870 Ἀσίαν,
3630 807 3811 877 διατρί-

2254 895 2426 964 ψοντα
2453 896 2549 949 σὺν
2579 898 2694 960 τοῖς
2725 896 2956 966 ίερεῦσι,
2981 898 3073 951 καὶ
3101 900 3215 962 τοῖς
3255 898 3392 969 παρ’
3425 898 3615 960 αὐτοῖς
3645 898 3814 950 καλου-

2258 987 2444 1056 μένοις
2493 988 2853 1058 Ναζηραίοις,
2912 990 3355 1060 προσευχόμενον
3403 991 3486 1060 τῷ
3525 989 3699 1060 ἥρωι,
3735 994 3812 1044 καὶ

2255 1079 2531 1146 ἀνάγοντα
2554 1079 2601 1111 ³⁸
2628 1079 2778 1151 θαμά
2808 1081 2907 1151 τὴν
2937 1081 3154 1136 θυσίαν.
3194 1082 3280 1144 Ὧς
3307 1082 3366 1136 δὲ
3399 1082 3742 1150 περιεγένετό
3766 1100 3810 1133 τε

2257 1172 2523 1237 Παιόνων,
2541 1173 2633 1227 καὶ
2657 1173 2749 1226 τὸν
2781 1173 3026 1228 Παιόνων
3052 1172 3281 1244 βασιλέα
3299 1172 3526 1240 ἐξελὼν,
3556 1173 3810 1242 ἐκομίζετο

2259 1263 2538 1329 ὲπόίκου,
2569 1265 2662 1318 τόν
2695 1282 2757 1319 τε
2804 1266 2972 1320 παῖδα
3023 1265 3191 1321 αὐτοῦ
3223 1265 3315 1320 τὸν
3363 1265 3639 1336 νεώτερον
3690 1265 3810 1332 Μεχ-

2261 1356 2432 1427 μέτην
2465 1358 2850 1428 μετεπέμπετο
2879 1358 2974 1411 ἐπὶ
2999 1361 3097 1428 τὴν
3121 1359 3320 1430 ἀρχήν.
3358 1359 3422 1414 Ὀ
3453 1359 3566 1427 γὰρ
3601 1355 3807 1427 πρεσϐύ-

2256 1466 2412 1518 τερος
2452 1448 2616 1503 αὐτοῦ
2663 1450 2945 1521 ’Ᾱλαδίνης
2976 1450 3076 1505 οὐκ
3121 1452 3203 1504 ἔτι
3248 1451 3476 1522 περιῆν,
3522 1447 3808 1502 ἀλλ’ὲτετε-

2257 1541 2511 1612 λευτήκει
2541 1540 2646 1594 ὑπὸ
2671 1541 2842 1594 ἵππου
2883 1542 3364 1614 ἔκτραχηλισθεὶς,
3395 1540 3799 1610 κυνηγετοῦντος

2257 1632 2424 1686 αὐτοῦ
2475 1633 2570 1686 καὶ
2601 1633 2912 1696 ἐπιθέοντος
2955 1635 3058 1688 ἀνὰ
3109 1635 3315 1704 κράτος
3350 1635 3452 1686 ἐπὶ
3485 1638 3586 1702 τὴν
3615 1633 3804 1698 ἔλαφον.

2257 1719 2431 1791 Οὗτος
2465 1728 2564 1796 μὲν
2595 1726 2687 1780 οὖν
2715 1727 2889 1790 οὔτως
2923 1727 3266 1797 ἐτελεύτησε.
3317 1726 3622 1796 Μεχμέτην
3649 1723 3702 1776 δὲ
3733 1723 3802 1774 τὸν

583 1817 826 1871 debitum
860 1819 1190 1888 exsolverat,
1247 1821 1616 1892 praecipitatus
1645 1839 1707 1878 ex
1740 1839 1882 1894 equo
1915 1824 1968 1879 iu
1995 1839 2158 1880 vena-

2264 1816 2528 1890 νεώτερον
2561 1819 2730 1872 παῖδα
2760 1820 3064 1889 περιιόντα,
3087 1819 3163 1882 ὡς
3193 1819 3418 1887 έλέγετό
3456 1835 3572 1887 μοι,
3599 1817 3710 1869 τότε
3735 1815 3804 1866 ἐπὶ

587 1910 757 1978 tione,
793 1926 919 1966 cum
970 1924 1395 1986 persequeretur
1436 1931 1689 1972 cervum.
1726 1916 1778 1973 ls
1831 1918 2054 1988 quidem
2101 1919 2154 1974 in

587 2005 731 2060 hunc
757 2004 978 2060 modum
1005 2007 1285 2062 occubuit.
1329 2007 1687 2064 Mecbmetem
1742 2020 1922 2066 autem
1970 2011 2156 2082 junioo

584 2108 697 2146 rem
747 2095 812 2149 ad
869 2098 1019 2166 regni
1072 2099 1424 2156 moderamen
1484 2102 1716 2158 vocavit.
1776 2101 1916 2158 Cum
1973 2113 2154 2158 autem

583 2185 825 2241 venisset
855 2198 1104 2251 vocatus,
1135 2206 1366 2262 regnum
1398 2203 1452 2247 et
1479 2193 1706 2264 jauuas,
1737 2209 1952 2252 necnon
2004 2210 2157 2264 pere-

579 2277 770 2345 grinos
794 2289 947 2349 pater
964 2282 1084 2351 ejus
1122 2283 1246 2337 ﬁdei
1291 2286 1664 2348 committens,
1702 2285 1822 2357 ipse
1873 2285 2157 2356 profectus

577 2379 660 2424 est
705 2369 958 2438 Prusam,
1017 2374 1109 2430 ubi
1149 2375 1294 2432 Asiae
1329 2378 1490 2436 sedes
1539 2379 1686 2448 regia
1731 2387 1834 2434 est.
1891 2379 2159 2434 Abdicato

487 2503 504 2515 .
579 2462 748 2536 igitur
781 2480 969 2535 regno,
996 2483 1121 2524 cum
1158 2468 1426 2535 Zichidis,
1487 2470 1581 2540 qui
1630 2469 1937 2526 Turcorum
1987 2469 2161 2526 Naza-

581 2557 674 2609 rzei
708 2558 823 2611 sive
856 2559 1110 2612 monachi
1163 2567 1315 2626 sunt,
1366 2569 1421 2615 et
1473 2577 1598 2620 cum
1649 2562 1890 2629 Seitidis,
1945 2579 2159 2620 necnon

581 2662 708 2699 cum
739 2648 968 2718 reliquis
1011 2650 1190 2706 doctis
1245 2663 1610 2711 conversatus
1664 2663 1770 2711 est.
1821 2654 1931 2712 Nec
1990 2658 2162 2710 multo

583 2747 711 2808 post
753 2741 1009 2808 paenituit
1060 2743 1262 2810 virum,
1315 2745 1464 2816 quod
1518 2762 1689 2816 regno
1744 2747 1955 2811 relicto,
2015 2761 2161 2801 nunc

581 2831 849 2900 privatam
871 2847 1196 2904 sequeretur
1255 2838 1442 2893 vitam.
1497 2838 1633 2895 Cum
1684 2849 1864 2895 autem
1923 2853 2162 2910 praesen-

582 2911 692 2976 tem
731 2926 854 2979 vita:
888 2928 1260 2984 conditionem
1317 2931 1460 2987 haud
1499 2931 1646 2988 ferre
1696 2939 1906 3003 posset,
1977 2934 2164 2988 consi-

583 3016 653 3068 Ιὶςι
690 3019 939 3083 agitavit,
996 3035 1104 3090 qua
1158 3021 1367 3076 ratione
1411 3023 1548 3080 citra
1610 3024 1908 3079 tumultum
1954 3024 2160 3095 regiam

581 3107 898 3177 dignitatem
925 3113 1213 3181 rv'ciperet.
1248 3113 1450 3170 Sedulo
1494 3116 1640 3170 enim
1679 3116 2046 3185 praecavebat,
2095 3131 2162 3172 ne

585 3201 632 3256 si
701 3201 845 3257 tilius
899 3203 1127 3259 sentiret
1192 3205 1322 3276 quid
1387 3206 1504 3276 ipse
1576 3207 1881 3274 moliretur,
1958 3209 2158 3266 bellum

583 3295 918 3360 exoriretur,
952 3297 1110 3365 cujus
1141 3299 1255 3368 ipse
1281 3311 1475 3356 auctor
1501 3301 1568 3357 ab
1598 3300 1795 3357 Turcis
1841 3301 2158 3358 haberetur.

589 3386 720 3450 Qua!
744 3386 963 3454 quidem
1019 3389 1200 3444 facetae
1261 3390 1523 3457 instituit,
1579 3391 1647 3447 ad
1703 3392 1864 3448 tinem
1913 3391 2160 3455 deduxit,

585 3479 839 3534 videlicet
870 3487 928 3533 ut
958 3480 1162 3536 rediret
1199 3482 1266 3537 ad
1320 3499 1549 3555 regnum
1610 3501 1774 3554 opera
1806 3495 1859 3539 et
1892 3483 2162 3539 industria

584 3567 820 3624 Citatitis
847 3569 942 3624 lilii
987 3569 1214 3636 Priami,
1251 3589 1361 3643 quo
1392 3574 1737 3630 familiariter
1785 3575 2065 3642 utebatur,
2107 3581 2162 3627 ιιι

587 3677 711 3714 cum
754 3677 866 3732 quo
903 3667 955 3719 ei
1012 3664 1291 3722 artissima
1348 3667 1739 3724 intercesserat
1787 3666 2162 3724 necessitudo.

586 3755 831 3812 tlltatites
854 3772 986 3826 ergo
1020 3755 1112 3812 ubi
1144 3759 1472 3816 sententiam
1501 3760 1785 3816 Amuratis
1810 3762 1948 3817 satis
2004 3760 2165 3816 intel-

589 3844 742 3915 lexit,
799 3862 1029 3916 puerum
1088 3847 1448 3906 Mechmetem
1505 3859 1766 3908 venatum
1826 3851 1906 3906 ire
1960 3851 2162 3922 jubet,

585 3941 643 3985 ut
675 3949 734 3988 se
765 3948 925 4004 quam
976 3935 1340 4004 pulcherrime
1388 3954 1455 3994 ex
1505 3953 1646 4010 equo
1711 3950 2011 3997 exerceret.
2060 3939 2165 4006 Qui

585 4025 733 4078 dicto
796 4025 1025 4080 audiens
1057 4065 1072 4088 ,
1117 4036 1373 4082 venatum
1429 4028 1586 4083 abiit.
1649 4028 1865 4088 Interea
1920 4031 2168 4086 Cliatites

589 4117 843 4167 nuntium
876 4117 1044 4170 mittit
1071 4116 1138 4169 ad
1163 4125 1398 4188 patrem,
1433 4133 1594 4189 quem
1647 4120 1832 4176 subito
1867 4122 2010 4176 dicta
2078 4123 2182 4177 die‘

586 4204 724 4258 nihil
756 4205 988 4259 veritum
1023 4207 1077 4259 in
1110 4207 1265 4262 urbis
1286 4209 1492 4277 regiam
1528 4211 1736 4277 venire,
1767 4221 1821 4265 et
1845 4213 1937 4282 jus
1986 4214 2167 4270 dicere

587 4303 647 4348 ut
685 4309 863 4363 regem
896 4295 1114 4358 civibus
1153 4297 1330 4368 jubet.
1367 4299 1654 4356 Amurates
1701 4303 2166 4372 quemadmodum

581 4389 771 4455 jussus
816 4397 956 4453 erat,
990 4388 1100 4442 tilio
1156 4389 1452 4448 venatione
1501 4405 1796 4461 occupato,
1844 4396 1911 4449 ad
1958 4397 2172 4466 praesti-

590 4492 761 4535 tutam
807 4479 953 4538 diem
1006 4480 1246 4537 advenit.
1304 4482 1615 4540 Adveniens
1659 4501 1886 4558 regnum
1935 4488 2167 4544 invasit:

588 4575 800 4630 civibus
830 4574 1129 4648 januisque
1156 4584 1212 4630 ut
1239 4575 1526 4648 decet,jus
1555 4579 1712 4636 dixit.
1743 4580 1936 4648 Filius,
1965 4589 2024 4636 ut
2079 4596 2171 4637 ac-

589 4669 734 4737 cepit
757 4676 969 4737 patrem
1001 4677 1208 4726 mutata
1239 4671 1522 4727 voluntate
1556 4672 1717 4748 187
1744 4689 1973 4743 regnum
2023 4689 2173 4730 rece-

591 4761 759 4827 pisse,
795 4762 1048 4816 nesciens
1093 4761 1226 4832 quid
1275 4771 1462 4832 ageret
1517 4765 1573 4818 in
1621 4763 1875 4834 praesenti
1927 4766 2173 4836 negotio,

2259 1911 2357 1981 τὴν
2388 1913 2562 1983 ἀρχὴν
2593 1913 2998 1982 μετεπέμπετο.
3048 1914 3136 1976 Ὠς
3161 1912 3217 1966 δὲ
3251 1912 3510 1980 ἀφίκετο,
3540 1908 3802 1978 ἐπιτρέψας

2258 2004 2406 2076 αὐτῷ
2439 2003 2536 2075 τὴν
2565 2006 2761 2076 ἀρχὴν,
2790 2005 2999 2070 καὶτὰς
3037 2004 3234 2074 θύρας.
3269 2007 3367 2062 καὶ
3398 2005 3531 2068 τοὺς
3557 2002 3799 2070 νεήλυδας,

2259 2098 2420 2163 αὐτὸς
2453 2096 2626 2169 ᾤχετο
2654 2097 2849 2160 διαΰὰς
2899 2097 2995 2151 ἐπὶ
3039 2097 3140 2169 τὴν
3163 2098 3378 2162 Ἀσίαν,
3412 2099 3472 2160 ἐς
3501 2096 3748 2168 Προῢσαν,

2259 2192 2328 2245 τὰ
2360 2192 2461 2260 τῆς
2487 2190 2670 2256 Ἀσίας
2701 2191 2952 2261 βασίλεια
2980 2186 3069 2262 ἦν.
3095 2191 3208 2263 Τὴν
3241 2191 3343 2261 μὲν
3373 2187 3470 2246 οὖν
3500 2189 3670 2262 ἀρχὴν
3692 2188 3798 2239 ἀπο-

2261 2283 2508 2354 θέμενος,
2541 2283 2680 2353 μετά
2729 2283 2955 2354 Ζιχίδων
2998 2285 3066 2352 ³⁸,
3106 2283 3218 2338 τῶν
3249 2285 3385 2353 παρ’
3439 2281 3621 2336 αὐτῶν
3653 2276 3800 2342 Nah-

2262 2375 2453 2445 ραίων,
2469 2376 2564 2427 καὶ
2581 2375 2854 2440 Σειτίδων,
2874 2376 2967 2429 καὶ
2989 2375 3099 2429 τῶν
3114 2374 3210 2428 τοῦ
3231 2375 3428 2443 γένους
3447 2371 3648 2443 σοφῶν,
3666 2368 3798 2422 πολλά

2261 2467 2552 2538 διέτριϐεν.
2579 2467 2868 2538 Οὐ’πολλῷ
2898 2467 2954 2521 δὲ
2987 2465 3218 2538 ὕστερον
3269 2465 3542 2536 μετέμελέ
3573 2482 3630 2517 τε
3660 2459 3795 2527 αὐτῷ.

2263 2558 2479 2613 ἀπιόντι
2509 2559 2574 2613 ὲκ
2603 2559 2700 2624 τῆς
2729 2559 2930 2631 ἀρχῆς,
2980 2561 3074 2613 καὶ
3120 2559 3482 2613 ἰδιωτεύοντι.
3537 2557 3622 2621 Ὧς
3647 2556 3698 2609 δὲ
3725 2554 3795 2606 οὐκ

2262 2653 2542 2722 ἠνέσχετο,
2590 2653 2870 2723 ἔπρασσεν
2927 2653 3076 2717 ὅπως
3118 2651 3362 2707 ἐπανιὼν
3391 2653 3494 2723 τὴν
3528 2649 3694 2722 ἀρχὴν
3723 2663 3793 2698 κο-

2261 2743 2451 2814 τάσχοι
2479 2745 2602 2798 καθ’
2627 2745 2858 2815 ἡσυχίαν
2883 2757 2898 2774 ⁸
2925 2744 3002 2808 ὡς
3026 2745 3084 2799 δὲ
3114 2744 3192 2814 μὴ
3207 2745 3264 2808 ἐς
3285 2743 3559 2815 διαφορὰν
3583 2743 3796 2809 ἀφικνου-

2265 2838 2430 2905 μένου
2485 2836 2652 2890 αὐτοῦ
2704 2835 2799 2889 τοῦ
2851 2837 3064 2902 παιδὸς,
3113 2836 3555 2905 κινδυνευομένῳ
3586 2829 3721 2900 αὐτῷ
3746 2826 3793 2878 τὶ

2265 2927 2588 2998 πράγματα,
2611 2930 2704 2983 κει)⁸
2727 2930 2911 2984 αἰτίαν
2933 2929 3047 3000 έχοι
3069 2929 3206 3000 πρὸς
3221 2927 3317 2983 τοῦ
3339 2929 3534 2999 γένους
3564 2923 3647 2980 οἷα
3668 2921 3792 3018 misi:

2267 3018 2551 3088 Ἔπρασσε
2601 3019 2658 3073 δὲ
2705 3019 2857 3084 ὅπως
2906 3020 3193 3074 ἐπανέλθοι
3248 3021 3389 3091 μετά
3440 3017 3680 3074 Χαλίλεω
3722 3017 3789 3066 τοῦ

2267 3111 2553 3181 Πραῖμεω,
2577 3111 2767 3181 ἀνδρὸς
2804 3111 3064 3178 συνήθους
3089 3111 3241 3182 αὐτῷ
3273 3113 3332 3176 ές
3363 3115 3432 3167 τὰ
3463 3112 3705 3178 μάλιστα,
3725 3101 3794 3156 καί

2266 3203 2314 3255 οί
2348 3203 2671 3272 ἐπιτηδείως
2711 3202 2926 3273 ἔχοντος
2956 3205 3088 3258 αἰεί.
3129 3204 3303 3270 Αὐτὸς
3352 3205 3456 3273 μὲν
3510 3204 3600 3257 οὖν
3643 3200 3790 3254 ἔπεισε

2266 3294 2358 3346 τὸν
2381 3293 2550 3348 παῖδα
2582 3295 2640 3356 ές
2669 3293 2845 3364 ἄγρας
2871 3296 3165 3362 φοιτῶντα,
3189 3296 3574 3367 γυμνάζεσθαι
3608 3295 3676 3354 ὡς
3693 3290 3794 3345 κάλ·

2267 3384 2424 3436 λιστα
2457 3383 2545 3454 ἐφ’
2577 3384 2770 3439 ἵππου.
2794 3385 2907 3439 Καὶ
2936 3386 3124 3456 ἐπειδὴ
3154 3385 3367 3455 ἔπειθε,
3401 3388 3585 3458 κρύφα
3622 3385 3794 3451 ἔπεμπε

2266 3475 2345 3548 τῷ
2377 3475 2547 3547 πατρὶ
2580 3476 2769 3540 αὐτοῦ,
2798 3477 2967 3547 μηδὲν
2995 3477 3227 3542 δεδιότα,
3255 3478 3414 3548 ἄφνω
3442 3482 3500 3542 ἐς
3544 3479 3635 3548 τὴν
3663 3471 3794 3546 ῥητὴν

2269 3569 2420 3640 αὐτῷ
2471 3570 2708 3640 ἡμέραν,
2745 3569 3082 3640 ἀφικόμενον
3117 3571 3172 3630 ἐς
3207 3571 3276 3624 τὰ
3335 3570 3588 3641 βασίλεια
3616 3570 3702 3636 τῆς
3727 3561 3795 3613 πθ

2269 3661 2428 3725 λεως,
2452 3660 2814 3731 χρηματίζειν
2845 3661 2957 3723 τοῖς
2988 3661 3046 3712 έν
3090 3663 3156 3730 τῇ
3201 3659 3355 3714 πόλει
3397 3660 3474 3724 ὡς
3503 3657 3724 3731 βασιλέα.
3751 3650 3794 3700 Ὀ

2275 3752 2374 3820 μὲν
2402 3751 2494 3804 οὖν
2521 3751 2596 3814 ὡς
2628 3751 2938 3816 ὑπετίθετο,
2969 3753 3027 3815 ἐς
3056 3752 3123 3824 ἢν
3144 3753 3296 3823 αὑτῷ
3323 3754 3576 3809 συνέθετο
3606 3747 3792 3820 ἡμέραν,

2272 3841 2607 3914 παρεγένετό
2652 3859 2710 3894 τε
2762 3843 2996 3906 ἀπόντος
3045 3843 3195 3914 αὑτῷ
3242 3844 3338 3898 τοῦ
3394 3845 3586 3906 παιδὸς
3632 3843 3682 3903 ἐς
3721 3833 3793 3901 τὴν

2271 3931 2470 4002 ἄγραν,
2517 3933 2610 3985 καὶ
2660 3936 3093 4005 κυνηγετοῦντος
3117 3952 3132 3966 ⁶
3175 3936 3624 4008 παραγενόμενός
3654 3948 3704 3983 τε
3728 3942 3796 3980 κί’

2273 4023 2436 4091 τέσχε
2482 4022 2582 4092 τὴν
2629 4022 2935 4092 βασιλείαν,
2973 4028 3331 4099 χρηματίζων
3360 4031 3477 4092 τοῖς
3509 4030 3566 4081 ὲν
3597 4026 3656 4094 τῇ
3681 4018 3794 4074 πόλει

2276 4113 2387 4168 τῶν
2419 4113 2598 4184 θυρῶν
2625 4113 2702 4178 ὡς
2729 4115 3006 4186 βασιλεύς.
3049 4111 3108 4173 Ὀ
3155 4121 3342 4188 μέντοι
3395 4123 3524 4185 παῖς
3573 4108 3794 4179 abripuit;

2274 4205 2472 4276 ᾔσθετο
2527 4207 2844 4273 ἐπανιόντος
2901 4209 2996 4266 τοῦ
3051 4211 3257 4284 πατρὸς
3307 4215 3461 4284 αὐτῷ
3519 4211 3681 4280 ἄφνω,
3724 4199 3810 4252 0‘3"

2275 4296 2414 4367 ἔχων
2441 4299 2469 4352 δ
2496 4315 2550 4352 τι
2579 4300 2845 4372 Χρήσαιτο
2864 4301 3172 4372 πράγματι,
3205 4304 3440 4377 προσῄει
3465 4321 3520 4358 τε
3552 4301 3640 4355 καὶ
3669 4302 3794 4362 προσ·

2276 4392 2541 4464 εκύνησε’
2572 4393 2667 4448 καὶ
2709 4393 2771 4447 τὸ
2842 4394 2952 4448 ἀπὸ
3001 4396 3153 4448 τοῦδε
3205 4399 3458 4467 παρῆγεν
3489 4389 3628 4460 αὐτῷ
3669 4388 3716 4444 ἐς
3745 4379 3791 4445 ἦν

2279 4483 2346 4537 ἂν
2388 4484 2756 4555 στρατεύηται
2781 4483 2988 4556 χώραν.
3024 4487 3129 4540 Τὸν
3159 4488 3342 4556 μέντοι
3376 4487 3539 4541 παῖδα
3571 4481 3660 4536 οὐκ
3681 4470 3796 4526 ἐλάν-

2277 4575 2459 4642 θανεν,
2492 4576 2567 4638 ὡς
2591 4576 2740 4646 αὐτῷ
2763 4577 2938 4630 ταῦτα
2982 4576 3069 4647 εἴη
3098 4577 3578 4648 διαπεπραγμένος
3607 4562 3796 4625 Χαλίληῖ

2277 4671 2306 4724 ὁ
2336 4671 2625 4742 Πρατμεω,
2657 4672 2751 4725 καὶ
2785 4671 2986 4743 ἤχθετό
3016 4689 3072 4724 τε
3103 4672 3291 4738 ἀξίως.
3325 4674 3401 4726 Οὐ
3443 4671 3620 4740 μέντοι
3651 4675 3703 4726 γε
3732 4656 3800 4704 ἀν·

2278 4764 2469 4834 εδήλου
2507 4764 2659 4834 αὐτῴ
2686 4764 2784 4835 τὴν
2809 4764 3004 4834 ὀργήν.
3048 4765 3200 4835 ᾜδει
3238 4765 3347 4835 γὰρ
3384 4765 3526 4834 μέγα
3553 4752 3798 4818 δυνάμενον

592 4861 777 4905 tamen
798 4852 1052 4918 accessit,
1079 4866 1402 4926 patremque
1459 4871 1639 4925 regem
1691 4858 1941 4914 adoravit
1968 4875 1982 4912 :
2015 4873 2161 4914 eum-

2281 4859 2432 4928 ’παράι
2478 4857 2556 4928 τῷ
2604 4859 2798 4928 πατρί.
2829 4859 2964 4911 Τότε
3002 4857 3104 4928 μὲν
3137 4857 3231 4911 οὖν
3278 4861 3335 4921 ές
3367 4858 3467 4928 τὴν
3499 4841 3800 4919 ’Λμουράτεω

590 4961 698 5014 que
721 4953 944 5002 secutus
965 4955 1070 5013 est,
1097 4962 1427 5019 quocunque
1475 4950 1769 5004 militatum
1791 4951 2040 5005 abiisset.
2065 4949 2161 5006 Net

2281 4950 2538 5004 ἐπάνοδον
2570 4951 2663 5004 ἐπὶ
2696 4951 2791 5020 τὴν
2821 4949 3098 5021 βασιλείαν
3127 4948 3302 5013 οὕτως
3337 4951 3566 5018 ἐγένετο.

592 5040 754 5094 latuit
805 5039 1186 5113 Mechmetem,
1234 5061 1397 5117 opera
1457 5044 1691 5099 Chatitis
1744 5051 1954 5113 patrem
2009 5060 2172 5113 quam
2215 5045 2450 5099 maxime
2500 5044 2745 5116 adjutum
2801 5045 2906 5099 ista
2970 5045 3168 5116 egisse.
3241 5043 3307 5100 Et
3348 5037 3590 5116 quamvis
3638 5027 3797 5084 ειιειιίυ

594 5140 790 5196 merito
847 5141 1202 5206 irasceretur,
1282 5144 1418 5204 iram
1475 5152 1655 5198 tamen
1704 5141 1995 5196 ostendere
2045 5142 2237 5207 noluit,
2286 5145 2492 5200 veritus
2551 5143 2650 5200 viri
2710 5141 3056 5213 potentiam,
3115 5161 3223 5215 qua
3269 5147 3558 5216 plurimum
3609 5121 3796 5216 9011311“

597 5236 736 5306 apud
759 5245 968 5306 patrem
991 5237 1335 5298 Amuratem.
1364 5238 1425 5294 In
1451 5239 1598 5302 hunc
1630 5236 1852 5292 modum
1903 5249 1971 5289 eo
2033 5243 2302 5306 tempore,
2361 5243 2586 5308 propter
2647 5239 2819 5308 patris
2881 5239 2938 5294 iu
2979 5253 3211 5309 regnum
3257 5239 3511 5303 reditum,
3548 5229 3677 5286 tilias
3702 5212 3796 5272 καί·

596 5341 717 5388 ctus
738 5339 878 5385 erat.

669 5425 964 5495 Posrquam
1017 5429 1200 5478 autem
1254 5423 1557 5477 exercitum
1607 5421 1841 5479 abduxit
1888 5421 1956 5476 ab
1989 5421 2174 5477 Macc-

601 5516 786 5584 douia,
819 5532 942 5587 quae
977 5531 1175 5573 versus
1207 5514 1418 5570 Ionium
1458 5524 1630 5586 patet,
1679 5529 1803 5586 quae
1836 5513 2176 5569 Albanorum

2366 5419 2524 5475 Ἐπεὶ
2555 5417 2613 5471 δὲ
2643 5418 2902 5488 ἀπήγαγε
2937 5417 3028 5472 τὸν
3057 5417 3294 5489 στρατὸν
3331 5415 3436 5472 ἀπὸ
3467 5410 3560 5478 τῆς
3592 5396 3704 5468 “pb;

2300 5515 2487 5568 νιόνιον
2513 5479 2870 5580 Μακεδονίας,
2903 5513 2999 5582 τῆς
3021 5479 3143 5565 τῶν,
3169 5510 3441 5565 Ἀλϐανῶν
3469 5501 3654 5576 χώρας,
3673 5479 3790 5539 τοῦτο

1888 5656 2138 5718 Νυιυίω
2170 5653 2575 5730 marginales.

687 5784 730 5816 ³³
769 5779 832 5836 lu
870 5798 994 5847 uno,
1029 5783 1194 5839 πάνυ.
1272 5783 1312 5816 ³³
1359 5783 1726 5853 ἀναγαγόντα.
1759 5783 1844 5839 Sic
1870 5786 2031 5839 etiam
2059 5781 2122 5836 R.
2203 5780 2246 5812 ³⁵
2279 5777 2338 5831 ll.
2371 5779 2463 5831 Z‘J.
