4032 6440
211 395 338 458 349

1288 400 1387 460 DE
1429 401 1688 463 REBUS
1717 403 2079 464 TURCICIS
2120 407 2268 468 LIB.
2319 410 2451 470 VH.

3374 408 3487 474 350

192 511 322 580 μιν
349 510 410 564 τὸ
431 509 553 573 ἔτος
585 509 860 580 διέτριϐεν
901 512 960 564 ἐν
1015 515 1132 576 τοῖς
1186 515 1461 584 Εὐρώπης
1503 517 1797 585 βασιλείοις

1909 524 2058 591 regio
2088 531 2194 588 est,
2225 539 2320 592 per
2359 540 2486 579 eum
2525 538 2730 579 annum
2781 525 2835 578 in
2885 522 3120 593 Europae
3152 524 3300 595 regia
3329 525 3487 592 quie-

190 605 460 675 ἡσυχίαν
484 604 655 670 ἄγων·
692 603 766 671 τῷ
790 601 837 655 δ’
865 603 1077 658 ἐπιόντι
1102 605 1338 677 ἐνιαυτῷ
1376 605 1530 669 αὖθις
1554 607 1678 660 ἐπεὶ
1711 623 1805 658 πε-

204 696 551 766 ριαγγέλλει
583 694 661 764 τῷ
717 696 1099 765 στρατεύματι
1152 697 1408 764 ἕπεσθαι,
1445 697 1806 770 ἐστρατεύετο

209 785 391 851 αὖθις
419 790 509 842 ἐπὶ
534 788 845 859 Σκενδέρην
868 789 962 843 τὸν
987 790 1239 854 Ὶϐἀνεω,
1268 794 1360 845 καὶ
1383 793 1478 844 ἐπὶ
1506 794 1605 860 τὴν
1629 791 1804 862 ταύτῃ

218 880 373 932 κατὰ
409 881 496 932 τὸν
535 879 719 934 Ἰόνιον
759 881 1039 936 Ἀλϐανῶν
1071 881 1275 952 χώραν,
1310 883 1403 936 καὶ
1433 881 1591 952 ἐπῄει
1624 883 1807 953 πολλῷ

221 971 410 1041 θυμῷ,
441 972 516 1034 ὼς
540 969 743 1036 ἐξελών
774 987 834 1025 τε
867 973 970 1038 τὴν
1010 972 1253 1043 Κρούην,
1303 974 1396 1025 καὶ
1430 973 1596 1026 αὐτὸν
1637 974 1804 1027 Σκεν-

210 1063 410 1132 δέρην,
459 1062 888 1134 ἐξαιτησὸμενος
941 1065 1070 1130 τοὺς
1119 1065 1442 1131 Οὐενετοὺς,
1476 1067 1572 1121 καὶ
1628 1067 1696 1138 ἢν
1727 1067 1804 1136 μὴ

207 1156 473 1210 ἀποδοῖεν
503 1158 692 1224 αὑτὸν,
738 1157 814 1222 ὡς
848 1159 1234 1229 πολιορκήσων
1272 1159 1373 1227 τὴν
1415 1161 1594 1219 πόλιν.
1646 1163 1703 1222 ἐς
1738 1161 1806 1230 ἢν

207 1251 388 1313 αὐτὸς
412 1253 755 1319 καταφυγὼν
811 1250 984 1320 ἐσῄει.
1045 1249 1201 1304 Ἐπεὶ
1249 1252 1307 1305 δὲ
1338 1254 1641 1318 εισέϐαλεν,
1677 1255 1806 1306 ἐπο-

206 1345 412 1415 ρεύετο
443 1344 530 1398 (Ob
560 1344 654 1397 ἐπὶ
689 1343 790 1416 τὴν
814 1345 1060 1414 Κρούην,
1090 1347 1186 1399 καὶ
1210 1348 1310 1416 τήν
1362 1361 1422 1398 τε
1457 1343 1674 1415 χώραν,
1702 1346 1803 1415 ὅση

204 1437 549 1491 ὑπελείπετο
583 1437 686 1507 τὴν
727 1437 906 1508 ἀρχὴν
956 1435 1108 1506 αὑτῷ
1161 1438 1378 1506 ἀσινὴς,
1431 1438 1712 1510 ἐπέδραμέ
1743 1455 1801 1491 τε

203 1529 388 1582 αὑτοῦ
422 1529 492 1582 τὰ
521 1528 934 1599 στρατεύματα,
964 1533 1059 1584 καὶ
1103 1530 1340 1584 ἐπέκαον
1387 1530 1500 1601 πῦρ
1542 1532 1799 1597 ἐνιέντες,

198 1623 321 1691 ὅτῳ
353 1622 421 1676 ἂν
444 1623 635 1685 αὐτοῖς
673 1622 1058 1693 περιτύχοιεν*
1117 1624 1396 1693 ἐπέδραμε
1436 1623 1492 1676 δέ
1522 1625 1619 1677 καὶ
1669 1623 1799 1693 ἄχρι

201 1715 310 1768 τοῦ
336 1716 591 1784 ποταμοῦ
613 1716 709 1768 τοῦ
736 1716 780 1749 ⁸⁸
803 1717 863 1770 τὰ
887 1716 1296 1786 στρατεύματα.
1320 1717 1434 1786 Τὴν
1457 1717 1512 1771 δέ
1540 1718 1798 1770 ἐπέκεινα

204 1806 310 1862 τοῦ
340 1807 592 1876 ποταμοῦ
624 1808 807 1878 χώραν
842 1809 938 1878 οὐχ
966 1804 1055 1864 οἷά
1087 1827 1146 1861 τε
1176 1806 1245 1879 ἧν
1285 1808 1596 1881 ληίζεσθαι,
1619 1809 1706 1862 διὰ
1737 1808 1799 1861 τδ

205 1904 422 1959 ἄϐατον
478 1899 623 1958 εῖναι
684 1905 863 1972 πάντη
919 1907 1030 1966 τοῖς
1083 1902 1348 1972 βασιλέως
1401 1903 1796 1971 ίπποδρόμοις.

202 1997 325 2050 Καὶ
356 1991 506 2051 οὗτοι
542 1997 642 2066 μὲν
677 1997 778 2060 τάς
808 2013 866 2049 τε
898 2000 1166 2066 γυναῖκας
1199 1997 1296 2049 καὶ
1331 1996 1526 2058 παῖδας
1560 1995 1799 2048 ὑπεκθέ-

202 2101 372 2153 μενοι
402 2087 460 2149 ἐς
492 2087 562 2139 τὰ
592 2086 765 2156 ἐχυρὰ
795 2086 904 2138 τῶν
933 2087 1233 2149 Ούενετῶν,
1273 2086 1625 2154 συνελέγοντο
1658 2088 1716 2148 ἐς
1739 2084 1800 2138 τὸ

203 2177 368 2245 ὅρος,
395 2179 457 2230 τὺ
487 2177 625 2247 ὑπὲρ
665 2177 767 2248 τὴν
799 2178 1021 2248 Κρούην
1060 2179 1217 2232 πόλιν
1263 2179 1467 2234 αὐτῶν.
1529 2177 1796 2232 Ἐνταῦθα

209 2270 272 2322 δὲ
309 2270 674 2339 ὑπεξαγαγὼν
709 2276 804 2336 τὰς
835 2275 1105 2342 γυναῖκας
1135 2274 1231 2327 καὶ
1275 2274 1345 2326 τὰ
1379 2273 1592 2337 παιδία,
1628 2273 1795 2325 κατέ-

215 2362 354 2416 θετο
386 2364 440 2425 ἐς
467 2364 562 2426 τὰς
591 2365 696 2417 τῶν
727 2365 1011 2418 Οὑενετῶν
1056 2365 1262 2428 πόλεις.
1315 2366 1456 2427 Τοὺς
1507 2366 1563 2419 δὲ
1597 2365 1796 2434 ἄνδρας

212 2455 520 2510 κατέλιπεν
550 2459 605 2511 ἐν
633 2461 698 2529 τῇ
731 2459 886 2513 πόλει
913 2462 1350 2529 ἀμυνουμένους,
1399 2458 1495 2513 καὶ¹
1526 2459 1593 2512 τὰ
1638 2460 1793 2530 τείχη

214 2546 579 2616 φυλάξοντας
610 2551 703 2603 καὶ
730 2550 958 2615 τούτους
995 2551 1392 2622 ἐπιλεξάμενος
1423 2553 1551 2615 τοὺς
1582 2551 1792 2606 ἐθέλον-

203 2657 312 2705 τας
356 2639 562 2704 αὐτοὺς
609 2641 913 2716 ὑποστῆναι
967 2644 1062 2697 τὸν
1113 2645 1302 2716 ἀγῶνα
1327 2645 1394 2699 ³⁷.
1443 2643 1794 2715 ’Δμουράτης

203 2734 314 2804 μὲν
341 2729 441 2787 οὖν
471 2733 568 2796 τὰς
613 2751 671 2788 τε
703 2735 1030 2805 τηλεϐόλους
1079 2724 1531 2806 παρεσκεύαζετο
1565 2733 1796 2799 καθεζό-

205 2845 400 2898 μενος,
437 2829 513 2892 ὼς
537 2829 597 2882 τὸ
626 2831 804 2900 τεῖχος
835 2828 1214 2898 καθαιρήσων,
1248 2830 1345 2883 καὶ
1379 2829 1717 2900 παραμένων
1746 2828 1793 2861 ³⁸

201 2922 324 2990 ἅμα
365 2923 466 2976 σὺν
497 2923 611 2984 τοῖς
640 2920 900 2990 νεήλυσιν
927 2921 983 2983 ἐς
1011 2922 1112 2990 τὴν
1139 2921 1316 2976 πόλιν.
1363 2921 1521 2976 Ἐπεὶ
1550 2920 1606 2974 δὲ
1640 2919 1793 2990 αύτῷ

201 3016 269 3070 τὰ
302 3015 489 3068 πάντα
521 3013 966 3083 παρεσκεύαστο,
1020 3012 1218 3066 ἔτυπτε
1266 3014 1328 3066 τὸ
1352 3015 1534 3083 τεῖχος
1565 3012 1791 3083 τηλεϐό-

199 3108 340 3173 λοις,
380 3106 476 3160 καὶ⁵
514 3104 780 3160 κατέϐαλε
837 3105 1004 3176 μέρος
1041 3105 1200 3159 πολύ.
1239 3104 1545 3176 Σκενδέρης
1590 3103 1647 3158 δέ
1680 3103 1790 3158 ἀπὺ

1912 622 2018 667 tem
2063 629 2231 683 agens
2286 615 2506 669 mansit.
2555 615 2784 669 Ineunte
2833 613 3034 669 deinde
3085 629 3232 670 anno
3284 615 3484 668 iterum

1908 705 2319 772 expeditionem
2373 709 2608 777 sumpsit
2663 715 2858 761 centra
2912 706 3246 762 Scenderem
3305 706 3491 762 lbanis

1910 795 2106 861 filium,
2140 803 2195 851 et
2232 806 2425 851 contra
2457 813 2579 853 eam
2627 813 2749 868 quae
2789 799 2957 854 isthic
2998 801 3102 852 sita
3140 806 3224 853 est
3251 799 3491 852 Albano-

1908 905 2029 943 rum
2062 891 2367 960 regionem,
2403 906 2529 945 cum
2574 891 2836 960 jussisset
2873 893 3165 946 universos
3215 893 3492 945 exercitus

1908 982 2212 1039 instructos
2255 992 2309 1038 et
2345 990 2569 1053 paratos
2619 993 2822 1052 presto
2869 999 3016 1038 esse.
3071 981 3275 1036 Plenus
3324 981 3490 1052 igitur

1909 1076 2117 1129 irarum
2147 1075 2604 1146 proﬁciscebatur
2636 1090 2829 1129 versus
2863 1073 3108 1138 Cruam',
3165 1073 3324 1141 quasi
3367 1086 3487 1125 eam

1911 1169 1960 1221 vi
1988 1179 2434 1238 expugnaturus.
2474 1169 2744 1244 Praeterea
2786 1167 2839 1221 in
2890 1167 3076 1220 animo
3126 1165 3358 1219 habebat
3390 1179 3488 1216 ex-

1907 1262 2191 1332 postulare
2229 1277 2352 1317 cum
2399 1260 2645 1327 Venetis,
2701 1267 2762 1314 ut
2815 1259 3146 1316 Scenderem
3183 1258 3486 1311 traderent.

1904 1354 2064 1421 Quod
2106 1356 2152 1412 si
2191 1354 2372 1410 facere
2401 1355 2756 1422 omitterent,
2793 1369 2854 1411 se
2897 1355 3253 1409 obsessorum
3295 1351 3488 1405 urbem

1904 1463 2290 1517 quamcunque
2336 1446 2641 1504 Scenderes
2691 1447 2909 1519 fugiens
2957 1448 3240 1501 intrasset.
3278 1445 3350 1501 Ut
3403 1459 3490 1498 re-

1903 1540 2120 1611 gionem
2147 1539 2400 1596 hostilem
2427 1549 2513 1596 est
2541 1541 2853 1609 ingressus,
2886 1547 3037 1594 recta
3067 1547 3261 1594 contra
3288 1537 3486 1592 Cruam

1903 1633 2258 1702 properabat,
2285 1641 2338 1688 et
2373 1633 2428 1688 in
2456 1648 2576 1689 eam
2602 1633 2842 1703 regionis
2865 1640 3100 1702 partem,
3130 1645 3296 1701 quam
3328 1641 3485 1683 antea

1902 1725 2166 1781 intactam
2197 1735 2253 1780 et
2305 1725 2624 1781 inviolatam
2663 1723 2732 1780 ab
2764 1723 3216 1795 p0pulationibus
3252 1723 3488 1790 relique-

1901 1823 2007 1880 rat,
2064 1829 2197 1870 suos
2245 1814 2449 1870 milites
2500 1815 2880 1870 incursionem
2938 1813 3119 1869 facere
3156 1812 3340 1882 jubet.
3382 1811 3482 1878 Qui

1903 1904 2053 1959 dicto
2093 1904 2406 1970 audientes,
2453 1905 2732 1963 incendiis
2767 1904 2976 1970 omnia,
3010 1905 3190 1978 ignem
3229 1905 3484 1974 injicien-

1902 2005 2006 2064 tes,
2035 1999 2328 2054 miscuere.
2362 1997 2429 2052 Et
2463 1998 2609 2054 hanc
2640 1998 2919 2067 regionem
2954 1999 3158 2053 misere
3186 2005 3486 2052 vastarunt

1901 2105 2079 2159 usque
2137 2091 2204 2144 ad
2264 2089 2468 2147 ﬂumen
2523 2090 2660 2162 (10).
2712 2089 2916 2145 Verum
2982 2091 3264 2162 regionem
3338 2087 3482 2143 ultra

1898 2183 2099 2240 ﬂumen
2134 2186 2295 2240 sitam
2331 2186 2582 2256 populari
2608 2187 2928 2257 nequivere,
2959 2187 3088 2257 quia
3117 2184 3285 2256 regiis
3321 2185 3482 2253 cqui-

1901 2279 2048 2333 tibus
2088 2277 2233 2332 haud
2273 2289 2392 2332 erat
2438 2279 2647 2348 pervia.
2686 2279 2888 2334 Albani
2947 2288 3130 2334 autem
3186 2293 3389 2333 uxores
3426 2285 3482 2331 et

1899 2372 2105 2427 liberos
2135 2372 2193 2426 in
2221 2372 2435 2426 munita
2472 2370 2804 2428 Venetorum
2834 2371 2955 2428 loca
2990 2371 3326 2442 ablegantcs,
3360 2370 3480 2422 col-

1897 2462 2214 2532 ligebantur
2261 2463 2314 2516 in
2369 2472 2656 2529 montem,
2691 2462 2783 2533 qui
2823 2461 2984 2517 Crum
3036 2461 3156 2516 urbi
3203 2459 3478 2514 imminet.

1898 2554 2040 2610 Hinc
2103 2554 2415 2610 Scenderes
2459 2555 2698 2610 edocens
2759 2569 2958 2610 uxores
2993 2561 3047 2608 et
3097 2553 3335 2615 liberos,
3381 2550 3480 2605 dc-

1895 2646 2140 2720 ponebat
2184 2661 2280 2702 eos
2311 2645 2365 2701 in
2401 2645 2567 2702 urbes
2595 2644 2954 2701 Venetorum.
2998 2642 3112 2698 Viri
3150 2659 3278 2697 vero
3310 2641 3480 2696 relin-

1894 2740 2207 2811 quebantur
2231 2741 2282 2794 in
2304 2741 2465 2804 urbe,
2517 2749 2578 2795 ut
2597 2741 2919 2796 resisterent
2973 2740 3141 2804 hosti,
3165 2739 3480 2808 mmniaque

1894 2830 2253 2887 defensarent
2284 2849 2299 2885 :
2330 2841 2386 2887 et
2422 2831 2476 2885 hi
2513 2831 2870 2902 potissimum
2898 2831 3026 2885 huic
3053 2830 3277 2899 negotio
3310 2827 3482 2882 desti-

1894 2927 2194 2992 nabantur,
2220 2924 2314 2995 qui
2344 2925 2610 2990 volentes,
2635 2937 2746 2979 non
2777 2923 2981 2988 coacti,
3017 2923 3262 2992 praelium
3290 2921 3479 2977 subire

1894 3019 2208 3088 cupiebant.
2241 3018 2539 3073 Amurates
2582 3015 2922 3073 bombardas
2956 3014 3308 3087 expediebat,
3337 3013 3479 3067 assi-

1893 3107 2028 3162 dens
2049 3117 2109 3162 ut
2126 3123 2344 3163 murum
2372 3107 2659 3174 disjiceret
2687 3125 2701 3162 :
2732 3114 2786 3162 et
2805 3105 3004 3162 deinde
3027 3121 3150 3161 cum
3173 3103 3500 3183 peregrinis

199 3201 296 3254 τοῦ
321 3201 492 3269 ὅρους
527 3199 679 3270 πυρά
711 3216 768 3252 τε
802 3198 1056 3262 ἔκαυσεν,
1095 3196 1544 3267 ἐπιδεικνύμενος
1590 3200 1704 3262 τοῖς
1729 3200 1788 3253 ἐν

1899 3198 2236 3269 irrumpens,
2271 3199 2461 3254 urbem
2495 3199 2580 3254 sui
2619 3199 2765 3269 juris
2818 3197 3049 3254 faceret.
3078 3196 3347 3251 Omnibus
3379 3210 3481 3250 au-

201 3296 269 3364 τῇ
305 3291 490 3354 πόλει,
521 3291 616 3343 καὶ
645 3289 866 3343 ἐπειδὰν
897 3287 1056 3359 χρεία
1155 3289 1531 3358 παρεσόμενος
1562 3289 1661 3343 καὶ
1688 3289 1789 3343 αύ-

205 3387 297 3448 τδς
321 3383 726 3454 ἐπιϐοηθήσων,
755 3381 849 3436 καί
879 3398 1044 3434 τινων
1068 3381 1180 3435 τῶν
1227 3379 1323 3434 τοῦ
1359 3380 1626 3451 βασιλέως
1661 3382 1795 3436 ἁνα-

217 3481 430 3532 ϐάντων
457 3479 544 3532 ἐπὶ
571 3477 631 3530 τὸ
657 3477 804 3545 ὖρος,
834 3475 1140 3546 προσέϐαλέ
1167 3492 1224 3528 τε
1249 3476 1345 3530 καὶ
1366 3474 1626 3544 ἐμάχετο,
1653 3473 1792 3544 ἔργα

214 3569 676 3637 ἀποδεικνύμενος
727 3568 855 3632 ἄξια
894 3565 1081 3635 λόγου.
1154 3567 1316 3620 Ἐπεὶ
1344 3565 1400 3620 δέ
1460 3565 1543 3634 τῷ
1581 3563 1794 3634 βασιλεῖ

214 3663 313 3734 ἤδη
345 3663 542 3724 ίκανιίς
573 3659 952 3730 καταϐέϐλητο
989 3659 1050 3711 τὸ
1071 3660 1274 3729 τεῖχος,
1310 3660 1367 3722 ἐς
1409 3657 1593 3728 μάχην
1620 3655 1792 3726 καθῆο

209 3776 303 3812 στο
331 3757 705 3827 πανστρατιᾷ,
761 3738 880 3809 καί
909 3753 1218 3822 ἐπειρῶντο
1269 3752 1319 3805 oi
1357 3751 1616 3820 νεήλυδες
1652 3749 1793 3803 ἑλεῖν

203 3852 380 3922 ταύτῃ
485 3851 662 3902 ἔκειτο
692 3847 753 3900 τὸ
774 3848 954 3916 τεῖχος
990 3846 1083 3899 ἐπὶ
1112 3843 1237 3914 γῆς.
1272 3842 1348 3899 Ού
1379 3843 1568 3912 μέντοι
1599 3843 1795 3914 ὑπερε-

203 3944 440 3997 ϐάλοντο
468 3942 598 4003 τοὺς
633 3943 690 3994 ἐν
751 3942 816 4011 τῇ
863 3940 1042 4004 πόλει,
1102 3942 1243 4009 παρ’
1292 3937 1485 3991 ἐλπίδα
1517 3938 1791 4006 ἀγωνισα-

206 4039 436 4106 μένους.
480 4032 827 4097 Ἐνταῦθ’ὼς
876 4031 1093 4086 ἐπενόει
1119 4031 1266 4101 λιμῷ·
1306 4029 1788 4100 ἐκπολιορκήσειν,

201 4131 287 4182 καὶ
328 4127 497 4190 αὖθις
522 4127 582 4179 τὸ
603 4125 860 4196 δεύτερον
889 4121 1217 4192 προσϐαλὼν
1239 4121 1384 4176 κατά
1412 4123 1473 4176 τὸ
1497 4121 1788 4190 καρτερὸν,

149 4288 160 4294 ι
207 4223 535 4297 ἀφικνεῖται
568 4219 803 4288 ἀγγελίη
837 4217 992 4288 παρὰ
1021 4216 1300 4286 Γεωργίου
1335 4215 1431 4269 τοῦ
1465 4213 1791 4285 Τριϐαλλῶν

201 4316 504 4387 ἡγεμόνος,
533 4315 609 4378 ὼς
651 4313 911 4384 Ἰωάννης
959 4310 1327 4380 συναθροίσας
1358 4311 1484 4372 τοὺς
1527 4302 1786 4370 Παίονας,

203 4411 290 4462 τόν
320 4426 391 4463 τε
431 4409 647 4475 Ἴστρον
675 4405 972 4469 διαϐαίνει,
995 4404 1092 4456 κα)⁴
1123 4401 1583 4473 συμπαραλαϐὼν
1620 4419 1788 4470 στρα-

201 4503 420 4556 τεύοιτο
449 4500 539 4552 ἐπ’
567 4500 752 4554 αὐτόν.
786 4497 975 4551 Ταῦτα
1002 4496 1079 4558 ὡς
1110 4495 1363 4561 ἐπύθετο,
1398 4497 1496 4565 τὴν
1523 4495 1789 4564 ταχίστην

207 4594 716 4663 συσκευασάμενος,
747 4591 913 4660 ἀπῄει
942 4590 1200 4650 ἐνταῦθα.
1234 4582 1518 4662 ᾖέπιόντα
1550 4587 1792 4642 ἐπυνθά-

206 4704 340 4754 νετο,
379 4687 475 4738 καὶ
498 4687 721 4756 κήρυκα
773 4683 991 4752 ἔπεμπε
1042 4682 1178 4752 πρὸς
1207 4681 1308 4751 τὴν
1364 4681 1660 4750 Εὐρώπην,
1693 4696 1792 4732 πε-

210 4776 608 4846 ριαγγέλλοντα
658 4776 916 4846 παρεῖναι
973 4772 1126 4841 αύτῷ
1177 4772 1252 4836 ὼς
1312 4771 1637 4840 ξύμπαντας
1681 4769 1794 4823 τῶν

209 4867 495 4939 Τούρκων.
527 4859 688 4920 Οὗτοι
723 4866 820 4936 μὲν
844 4859 936 4919 οὖν
962 4863 1335 4934 παρεγένοντο
1365 4860 1537 4930 αὐτῷ,
1569 4859 1645 4924 ὼς
1673 4859 1796 4912 Eru-

203 4971 289 5024 χεν
322 4958 572 5017 ἕκαστος
603 4953 852 5006 ἐκποδὼν
880 4955 1195 5022 γενόμενος,
1245 4955 1318 5016 ὼς
1352 4953 1414 5006 ἐν
1443 4950 1564 5021 ὥρᾳ
1608 4966 1792 5020 παρα-

198 5049 422 5115 γένοιτο
449 5048 683 5108 ἓκαστος
712 5046 978 5109 καθιστὰς
1008 5046 1053 5078 ³⁸
1076 5046 1228 5115 αὐτῷ
1262 5047 1320 5108 ἐς
1353 5046 1557 5114 μάχην.
1598 5042 1789 5096 Ἐλαύ-

199 5159 306 5194 νων
337 5141 405 5194 δὲ
457 5141 622 5192 παντὶ
649 5138 727 5206 τῷ
783 5136 1002 5208 στριτῷ
1050 5137 1188 5208 πρός
1249 5154 1395 5200 τινος
1443 5139 1540 5205 τῆς
1573 5135 1790 5200 Μυσίας

202 5233 366 5286 αὑτοῦ
401 5231 584 5304 χώρας
631 5231 777 5284 κατᾶ
823 5230 922 5300 τὴν
974 5231 1294 5300 Τριϐαλλῶν
1347 5229 1526 5282 αὐτῶν
1577 5231 1784 5298 χώραν.

209 5323 370 5397 Ἐστι
399 5324 458 5376 δὲ
499 5322 643 5391 αὕτη
675 5323 708 5391 ἡ
761 5321 916 5390 χώρα
960 5321 1091 5390 παρ’
1125 5321 1194 5391 ἦν
1249 5321 1468 5390 ἀμείϐει
1520 5320 1788 5391 Μοράϐας

209 5418 478 5484 ποταμὸς,
509 5416 606 5467 καὶ
640 5413 843 5467 ἐκδιδοῖ
873 5415 930 5476 ἐς
955 5417 1046 5466 τὸν
1097 5414 1331 5482 Ἴστρον.
1381 5413 1634 5482 Παρήκει
1663 5414 1720 5464 δὲ
1752 5414 1785 5483 ή

214 5507 361 5579 χώρα
395 5507 490 5561 τοῦ
525 5506 790 5575 βασιλέως
837 5505 1090 5559 ἐντεῦθεν
1133 5505 1226 5558 ἐπὶ
1274 5505 1519 5567 σταδίους
1555 5505 1787 5558 ὀκτακο-

1898 3302 2033 3358 tem,
2067 3293 2530 3362 quemadmadum
2582 3293 2924 3365 oppugnatio
2958 3291 3298 3361 requirebat,
3331 3303 3483 3343 com-

1898 3386 2128 3456 paratis.
2152 3401 2370 3458 murum
2395 3386 2715 3441 bombardis
2734 3384 2984 3450 feriebat,
3016 3384 3246 3454 ejusque
3268 3389 3481 3452 partem

1898 3479 2171 3535 destruxit
2221 3479 2543 3532 maximam.
2601 3477 2916 3533 Scenderes
2977 3477 3133 3547 ignes
3191 3474 3246 3528 in
3298 3482 3483 3527 monte

1900 3571 2050 3633 fecit,
2081 3584 2289 3639 eosque
2316 3570 2456 3633 suis,
2484 3569 2577 3638 qui
2612 3569 2756 3623 intra
2783 3567 2973 3622 urbem
3007 3575 3186 3630 erant,
3217 3564 3478 3627 ostendit,

1901 3674 1957 3717 ut
1993 3661 2223 3726 scirent,
2251 3659 2702 3730 quandocuuque
2733 3658 3036 3714 necessitas
3068 3657 3392 3726 postularet,
3422 3669 3482 3708 se

1898 3751 2214 3806 adfuturum
2245 3748 2595 3803 auxiliarem.
2624 3748 2759 3801 Cum
2794 3745 2928 3816 regii
2962 3744 3183 3812 quidam
3223 3741 3479 3795 ascende-

1900 3853 2022 3901 rent
2047 3852 2314 3904 montem,
2349 3840 2657 3896 Scenderes
2686 3853 2782 3892 eos
2805 3851 3096 3907 aggressus
3128 3843 3234 3896 cst,
3267 3831 3487 3902 praeliaa

1899 3937 2190 4006 baturque.
2247 3949 2413 4004 opera
2450 3929 2825 3986 memorabilia
2868 3928 3061 3982 edens.
3114 3926 3250 3980 Cum
3292 3933 3474 3977 autem

1899 4030 2011 4096 regi
2038 4028 2326 4084 videretur
2354 4039 2573 4080 murum
2602 4023 2737 4079 satis
2761 4036 2884 4077 esse
2908 4027 3170 4081 stratum,
3204 4017 3493 4072 universis.

1897 4123 2074 4192 copiis
2111 4117 2588 4191 oppugnationem
2624 4113 2850 4186 occipit.
2893 4113 3057 4185 188
3092 4109 3371 4180 Peregrini
3411 4123 3478 4162 eo

1897 4215 2006 4270 loci
2039 4215 2228 4269 urbem
2270 4226 2470 4281 capere
2509 4209 2803 4280 parabant,
2841 4206 2933 4262 ubi
2972 4221 3164 4261 murus
3212 4202 3486 4272 disiectus

1896 4315 2036 4362 erat.
2075 4303 2188 4361 Nec
2219 4314 2406 4360 tamen
2460 4317 2730 4371 superare
2787 4308 3088 4371 potuerunt
3143 4297 3494 4369 oppidanos,

1896 4401 1988 4470 qui
2040 4409 2238 4470 praeter
2285 4412 2437 4468 spem
2498 4395 2812 4451 fortissime
2848 4393 3190 4464 pugnabant,
3227 4405 3350 4444 cum
3385 4389 3482 4444 de-

1899 4491 2143 4562 speratio
2175 4489 2390 4544 animos
2423 4487 2678 4544 fecisset.
2722 4485 2928 4541 Deinde
2957 4500 3080 4539 cum
3114 4485 3258 4536 fame
3288 4481 3480 4534 urbem

1897 4587 2224 4654 perdomare
2254 4581 2566 4645 statuisset,
2599 4581 2781 4634 denuo
2807 4577 2995 4644 copias
3022 4575 3313 4628 universas
3343 4587 3481 4627 con-

1897 4686 1979 4730 tra
2017 4673 2210 4729 urbem
2244 4671 2298 4727 in
2333 4674 2510 4727 aciem
2555 4671 2764 4727 eduxit.
2807 4666 3022 4723 Interea
3056 4664 3284 4720 nuntius
3329 4662 3487 4719 venit.

1895 4769 1962 4822 ab
1992 4767 2228 4838 Georgio
2250 4764 2626 4820 Triballorum
2673 4763 2838 4826 duce,
2869 4759 2962 4830 qui
2995 4756 3286 4812 nuntiabat
3313 4755 3480 4811 Joan-

1895 4877 2018 4916 nem
2052 4859 2402 4924 Choniatem,
2431 4855 2782 4928 congregatis
2808 4851 3166 4906 Pannonibus
3199 4850 3474 4919 plurimis,

1899 4955 2157 5023 trajicere
2190 4953 2416 5016 Istrum,
2453 4959 2509 5004 et
2563 4956 2760 5003 contra
2813 4945 2994 5015 ipsum
3049 4944 3236 4999 hostili
3285 4944 3485 4997 animo.

1900 5059 2150 5116 pergere.
2183 5043 2284 5099 His
2317 5041 2546 5106 auditis,
2591 5038 2886 5094 Amurates
2927 5040 3193 5092 continuo
3222 5035 3479 5089 omnibus

1898 5140 2312 5210 impedimentis
2365 5147 2421 5193 et
2475 5135 2713 5192 sarcinis
2771 5134 3057 5199 collectis,
3120 5133 3258 5188 urbe
3312 5145 3482 5201 quam

1895 5233 2190 5289 obsidebat
2211 5232 2494 5301 digressus
2519 5237 2623 5292 est,
2652 5226 2984 5295 obviamque
3005 5225 3149 5280 hosti
3181 5220 3484 5296 processit,

1896 5341 2002 5395 qua
2027 5341 2152 5380 eum
2180 5332 2471 5379 venturum
2501 5329 2854 5391 cognoverat.
2882 5318 3029 5372 Misit
3057 5332 3281 5388 quoque
3307 5316 3478 5368 Amu-

1897 5427 2041 5474 rates
2066 5430 2372 5489 praeconem
2407 5415 2460 5469 in
2490 5413 2790 5483 Europam,
2824 5411 2918 5482 qui
2955 5410 3198 5467 ediceret
3230 5416 3288 5462 ut
3311 5405 3484 5460 Turci

1895 5527 2086 5567 omnes
2141 5511 2208 5565 ad
2263 5523 2445 5580 regem
2503 5508 2884 5562 convenirent.
2927 5505 3032 5572 Qui
3085 5502 3179 5559 ubi
3238 5500 3480 5571 primum

1484 5618 1740 5679 Notulae
1773 5625 2177 5702 marginales.

281 5719 386 5790 (l0)
417 5722 577 5777 Deest
599 5721 826 5792 aliquid.

293 5838 334 5880 ἐ
362 5838 510 5902 Dm!
549 5837 630 5892 Inc
659 5839 882 5910 aliquid,
938 5841 1092 5897 etiam
1130 5841 1181 5896 in
1213 5837 1275 5892 R.
1358 5839 1398 5871 ³⁷
1445 5837 1507 5893 In
1543 5855 1664 5904 uno,
1703 5841 1759 5903 ἐς
1801 5857 1850 5894 τ.
1889 5857 1943 5894 α.

2059 5840 2100 5871 ³⁸
2145 5837 2202 5890 Il.
2234 5836 2583 5906 προσμένων.
2664 5833 2705 5865 ³³
2736 5830 2799 5886 In
2841 5846 2965 5896 uno,
2997 5826 3265 5886 milium.
