3984 6428
165 380 303 440 353

1254 379 1352 438 DE
1385 377 1642 437 llEBUS
1673 378 2034 439 TURCiClS
2074 380 2223 439 LIB.
2268 381 2396 442 VII.

3352 372 3457 436 354

174 496 297 565 μὲν
322 492 382 544 τὸ
427 491 606 558 δεξιὸν
632 491 827 545 αὐτοῦ’
863 491 1029 563 κέρας
1056 494 1117 545 τὺ
1153 495 1249 563 τῆς
1296 494 1483 555 Ἀσίας
1518 496 1778 547 ἐτάσσετο

1898 495 2069 549 amnia
2103 506 2292 550 essent
2319 504 2602 549 eventura.
2650 495 2831 549 Missis
2872 492 3064 559 legatis
3098 492 3163 545 ad
3214 490 3456 543 Steude-

175 585 544 654 στράτευμα,
578 584 893 656 στρατηγὸν
944 584 1087 654 ἔχων
1144 583 1393 655 Σκοῦραν
1425 602 1437 614 ·
1496 586 1554 647 ἐς
1613 585 1671 638 δὲ
1719 585 1781 637 τὺ

180 675 496 746 εὖὼνυμυν
548 678 577 729 ὁ
624 675 726 744 τῆς
788 675 1062 746 Εὐρώπης
1117 677 1422 746 στρατηγὸς
1476 677 1778 747 Καραζίης,

192 767 357 836 ἔχων
383 766 442 818 τὸ
473 767 569 836 τῆς
592 765 868 835 Εὐρώπης
917 768 1256 837 στράτευμα.
1283 768 1422 830 Τοὺς
1483 770 1667 837 μέντοι
1697 772 1784 821 ἱπο

201 858 516 927 ποδρόμους
556 858 788 920 ἕκαστος
818 855 929 909 τῶν
963 857 1229 927 ὑπάρχων
1284 857 1446 927 ἔχων,
1509 859 1784 929 παρετάσ-

204 967 356 1003 σετο.
390 950 478 1002 Ἐν
521 950 675 1020 μέσῳ
719 950 777 1002 δὲ
817 949 1030 1013 τούτοις
1074 950 1259 1019 ἵδρυτο
1308 950 1467 1011 αὐτὸς
1505 950 1782 1018 βασιλεὺς,

198 1046 342 1096 ἔνθα
368 1042 413 1074 ⁵⁸
450 1043 604 1111 αὐτῷ
638 1043 928 1110 νομίζεται
982 1042 1532 1107 στρατοπεδεύεσθαι,
1569 1028 1787 1114 χάρακα

196 1136 678 1205 προϐαλλόμενον.
713 1136 867 1188 Μετὰ
906 1134 964 1185 δὲ
994 1131 1168 1188 ταῦτα
1196 1135 1294 1197 τὰς
1339 1136 1625 1204 καμήλους
1653 1152 1783 1204 στη-

195 1231 446 1295 σάμενον
473 1225 641 1279 αὐτοῦ
666 1226 864 1297 ταύτῃ,
901 1226 1044 1297 μετὰ
1087 1227 1144 1281 δὲ
1180 1227 1354 1281 ταῦτα
1398 1230 1527 1291 τοὺς
1555 1229 1785 1300 θυρεοὺς

194 1319 527 1388 πηξάμενον
559 1319 655 1371 ἐπὶ
682 1318 895 1381 τούτοις
938 1320 1066 1383 τοὺς
1115 1319 1381 1389 νεήλυδας
1434 1320 1664 1385 ἐτάξατο
1688 1323 1787 1375 σὺν

190 1413 317 1472 τοῖς
338 1410 655 1480 τηλεϐόλοις
689 1428 749 1463 τε
778 1411 918 1480 ἅμα,
949 1412 1045 1464 καὶ
1077 1412 1509 1481 τηλεῦολεσκοις,
1539 1414 1632 1466 κα)⁸
1674 1416 1787 1475 τοῖς

190 1504 409 1566 ἄλλοις.
444 1503 605 1557 Ἐπεὶ
632 1503 690 1556 δὲ
722 1504 977 1569 ἐτάξατο,
1025 1503 1289 1575 ἀντεπῄει
1341 1505 1441 1575 καὶ
1471 1506 1727 1575 Ἰωάννης
1759 1509 1788 1559 ὁ

190 1596 521 1665 Χωνιάτης,
558 1594 967 1663 συνταξάμενος
998 1587 1126 1648 ὦδεο
1171 1573 1233 1648 τό
1265 1594 1365 1663 μὲν
1415 1573 1591 1661 έεξιὸν
1622 1573 1787 1651 αὐτοῦ

194 1685 354 1757 εἶχον
391 1689 443 1740 οἱ
486 1688 738 1741 Παιόνων
768 1688 1034 1758 ἄρχοντες
1081 1689 1179 1741 καὶ
1206 1688 1526 1757 ἀδελφιδοῦς
1579 1688 1744 1743 αὐτοῦ
1770 1704 1784 1718 ’

199 1781 482 1850 Σεκούλης
527 1780 586 1832 δὲ
631 1776 700 1850 ἦν
758 1779 997 1851 τούνομα
1024 1780 1197 1851 αὐτῷ,
1253 1783 1349 1835 καὶ
1400 1782 1654 1851 Εὶλόκης,
1693 1783 1788 1835 καὶ

1886 602 2003 642 rem
2029 597 2083 640 et
2108 587 2440 651 Arianitem,
2490 597 2787 656 utrumque
2817 586 2871 639 in
2902 584 3173 654 Europam
3198 582 3457 653 progredi

1883 688 1942 733 et
1975 680 2083 735 sibi
2134 680 2400 749 conjungi
2446 680 2692 748 iubebat.
2739 678 2836 733 llis
2872 679 2953 733 sic
2980 687 3316 746 przeceptum
3345 682 3459 730 est.

1884 774 2178 828 Amurates
2207 782 2266 826 ut
2294 772 2348 826 in
2374 788 2626 840 campum
2648 772 2927 827 Cosobum
2954 770 3124 830 venit.
3150 770 3223 823 ibi
3245 777 3461 824 castra-

1888 878 2122 921 metatos
2156 881 2281 921 esse
2312 866 2570 935 cognovit
2617 864 2929 918 Pannunes.
2963 861 3199 917 Proinde
3242 870 3295 913 et
3341 861 3462 928 ipse

1886 967 2070 1013 castra
2122 958 2321 1012 munit.
2376 961 2668 1011 Amurates
2714 963 2894 1009 autem
2948 957 2999 1007 in
3044 954 3213 1006 armis
3259 952 3461 1005 dicitur

1890 1051 2155 1105 habuisse
2209 1050 2523 1119 quindecim
2600 1050 2751 1104 mille
2817 1048 3094 1118 myriades
3149 1045 3459 1099 hominum.

1888 1143 2118 1199 Postero
2168 1143 2257 1197 die
2308 1141 2603 1197 confestim
2657 1141 3048 1210 accingebatur
3088 1140 3152 1191 ad
3188 1138 3457 1207 prmlium.

1886 1234 2050 1290 Juxta
2094 1249 2219 1289 eum
2274 1235 2660 1290 instruebatur
2692 1236 2861 1288 acies.
2894 1233 2950 1287 In
2997 1232 3249 1285 dextrum
3288 1244 3462 1283 cornu

1890 1327 2184 1397 aptabatur
2213 1327 2493 1381 exercitus
2525 1328 2788 1386 Asianus.
2829 1325 2915 1379 cui
2944 1332 3177 1392 przeerat
3216 1321 3325 1375 dux
3363 1333 3463 1373 no-

1889 1418 2035 1471 mine
2092 1416 2284 1472 Scura.
2349 1417 2644 1472 Sinistrum
2695 1431 2865 1470 cornu
2920 1414 3139 1467 tenebat
3187 1411 3465 1465 exercitus

1891 1511 1959 1563 ab
2005 1508 2221 1579 Europa
2261 1509 2635 1577 conscriptus,
2680 1522 2845 1575 quem
2896 1506 3120 1575 regi-hat
3146 1505 3253 1556 dux
3297 1503 3465 1556 Cara-

1892 1601 2027 1655 zies.
2075 1598 2242 1654 Juxta
2275 1611 2544 1670 utrosque
2573 1601 2920 1670 ponebantur
2945 1598 3159 1664 equites
3183 1610 3306 1647 cum
3348 1604 3466 1649 suis

1892 1693 2149 1749 ducibus.
2195 1691 2430 1747 Mediam
2478 1692 2657 1747 aciem
2706 1690 3017 1759 occupabat
3062 1704 3178 1742 rex.
3235 1686 3466 1752 Quando

1895 1788 2079 1835 autem
2108 1779 2407 1836 Amurates
2434 1788 2883 1845 eastrametatur,
2907 1780 3088 1847 primo
3117 1786 3298 1831 castra
3324 1777 3468 1828 vallo

199 1872 598 1941 Μεγαλούσης.
628 1871 720 1924 Ἐν
754 1871 904 1940 μέσῳ
933 1871 981 1924 δ’
1004 1870 1171 1935 αὐτὸς
1196 1872 1456 1926 ἐτάσσετο
1476 1870 1784 1941 Χωνιάτης,

1898 1870 2095 1934 firmat,
2132 1870 2329 1927 deinde
2372 1873 2617 1927 camelos
2666 1872 2835 1935 locat,
2883 1870 3009 1925 dein
3065 1877 3222 1923 scuta
3259 1868 3468 1936 deligit,

199 1964 349 2033 ἔχων
378 1964 508 2027 τούς
548 1981 608 2016 τε
638 1964 918 2028 Βιτέζιδας
944 1963 1336 2036 καλουμένους,
1375 1967 1474 2019 καὶ
1522 1966 1616 2018 τὸν
1658 1966 1789 2036 ’Δρ-

198 2051 388 2104 δελέου
432 2051 687 2123 στρατόν.
721 2051 797 2106 Τὸ
821 2052 880 2105 δὲ
930 2050 1212 2119 εὐώνυμον
1246 2055 1414 2117 Δᾶνος
1465 2049 1614 2124 εἶχεν
1639 2054 1789 2125 αὐτῷ

200 2143 526 2211 ἐπιτήδειος
553 2141 652 2209 ὢν,
679 2143 737 2197 ὃν
775 2144 1110 2211 καταγαγὼν
1139 2146 1195 2208 ἐς
1226 2145 1324 2211 τὴν
1348 2146 1555 2200 Δακίαν
1581 2146 1788 2217 χώραν,

204 2233 299 2285 διὰ
321 2234 385 2285 τὸ
407 2234 542 2303 πρὸς
596 2234 688 2286 τὸν
736 2235 1017 2306 Δρακούλη
1071 2237 1239 2289 αὐτοῦ
1272 2235 1452 2305 ἔχθος,
1489 2238 1696 2291 ἐκεῖνόν
1726 2253 1788 2289 τε

212 2322 320 2389 τῆς
346 2323 519 2395 ἀρχῆς
542 2325 795 2397 ιξήλασε,
820 2328 914 2380 καὶ
960 2329 1061 2397 τὴν
1107 2328 1293 2399 χώραν
1329 2326 1420 2397 ὐφ’
1454 2328 1609 2398 αὐτῷ
1635 2345 1792 2398 ποιη-

220 2417 480 2485 σάμενος,
540 2419 625 2473 τόν
678 2437 743 2488 γε
777 2421 947 2474 Δᾶνον
996 2423 1301 2490 ἐπέστησεν
1358 2421 1551 2491 ἄρχειν
1600 2421 1790 2490 αὐτῆς.

217 2505 402 2562 Ἦσαν
424 2511 472 2563 δ’
498 2511 647 2582 αὐτῷ
678 2513 853 2574 Δᾶκες
874 2513 1022 2581 ἀμφὶ
1045 2515 1172 2575 τοὺς
1195 2513 1657 2583 ὀκτακισχιλίους,
1692 2529 1795 2565 πα-

213 2602 579 2672 ραγενόμενοι
609 2604 667 2667 ες
693 2601 845 2656 τόνδε
878 2603 970 2655 τὸν
1001 2603 1262 2673 πόλεμον.

1893 1964 2153 2033 deinceps
2227 1964 2551 2034 peregrinos
2610 1979 2734 2018 cum
2796 1961 3197 2016 bombardariis
3255 1974 3467 2014 necnOu

1892 2056 2126 2123 reliquis
2153 2056 2411 2111 collocat.
2436 2054 2550 2110 Rex
2575 2056 2667 2110 ubi
2691 2055 2865 2109 aciem
2889 2061 3275 2115 exornaverat,
3302 2052 3469 2105 etiam

1892 2143 2192 2199 Choniates
2216 2159 2347 2201 suos
2382 2146 2437 2200 in
2472 2146 2649 2200 aciem
2681 2145 2889 2208 educit,
2921 2159 3155 2213 eamque
3180 2144 3283 2197 hoc
3312 2151 3472 2212 pacto

1895 2235 2148 2291 instruit.
2184 2236 2446 2291 Dextrum
2488 2250 2663 2290 cornu
2698 2246 2925 2290 tenuere
2962 2233 3287 2288 Paunouum
3331 2248 3472 2301 pra:-

1895 2325 2046 2392 l'ecti,
2100 2341 2314 2382 necnon
2365 2326 2643 2397 patrueles
2696 2325 3008 2390 Chouiatis,
3067 2325 3297 2379 Secules
3331 2324 3470 2393 (14),

1894 2424 1950 2471 et
1996 2415 2233 2484 Eiloces,
2283 2416 2723 2489 Megalusesque.
2766 2416 2999 2472 Mediam
3033 2417 3207 2470 aciem
3239 2417 3471 2468 curabat

1894 2506 2197 2566 Choniates
2227 2526 2353 2565 cum
2402 2510 2663 2566 Bitezidis
2694 2510 2988 2576 militibus,
3037 2518 3093 2563 et
3124 2508 3329 2562 Artlelii
3358 2506 3473 2575 (15)

1902 2605 2172 2658 exercitu.
2224 2604 2465 2659 Sinistro
2511 2619 2683 2660 cornu
2725 2603 2943 2674 praefuit
2981 2602 3166 2656 Danus
3192 2600 3475 2657 Choniatis

207 2701 448 2763 amicus,
472 2714 634 2769 quem
668 2701 723 2755 in
757 2700 935 2755 Daciae
961 2698 1332 2770 principatum
1394 2698 1661 2769 produxit
1719 2695 1849 2751 odio
1882 2694 2137 2755 Draculis
2174 2718 2188 2755 :
2223 2716 2385 2771 quem
2430 2698 2612 2755 Dacia:
2661 2700 2979 2770 principatu
3033 2697 3373 2760 deturbavit,
3422 2702 3473 2750 et

206 2793 263 2847 in
292 2792 418 2863 ejus
461 2794 643 2848 locum
671 2792 961 2849 substituit
994 2791 1231 2861 Danum,
1261 2793 1350 2847 cui
1384 2790 1561 2848 Dacos
1591 2805 1785 2862 parere
1815 2789 2005 2860 jussit.
2042 2791 2198 2849 llunc
2247 2794 2300 2848 in
2334 2793 2388 2848 id
2420 2793 2620 2848 bellum
2655 2801 2848 2848 scema
2883 2798 3042 2847 erant
3113 2799 3240 2845 oetn
3307 2787 3475 2842 millia

208 2887 510 2943 Dacorum.

315 2982 479 3035 Ἐπεὶ
537 2980 595 3034 δὲ
653 2981 821 3052 ἄμφω
878 2978 1318 3049 συνταξάμενοι,
1378 2978 1660 3050 προῄεσαν
1714 2980 1796 3042 ὥς

213 3073 496 3143 συμϐολὴν
537 3071 930 3141 ποιησάμενοι,
959 3069 1197 3124 ἐνταῦθα
1247 3069 1501 3139 Βιτέζης,
1547 3071 1659 3124 τῶν
1696 3070 1794 3123 τοῦ

1976 2978 2113 3032 Cum
2156 2986 2338 3033 autem
2370 2976 2633 3047 utrinque
2663 2976 2811 3032 acies
2848 2977 3131 3031 instructae
3166 2975 3476 3038 stetissent,

1901 3069 2125 3139 jamque
2153 3067 2400 3138 praelium
2433 3082 2660 3136 poscere
2693 3066 2973 3131 videntur,
2997 3068 3067 3121 ibi
3102 3065 3312 3120 Bitezes
3339 3064 3477 3135 (16),

210 3166 502 3221 Χωνιάτου
534 3164 889 3233 στρατιωτῶν
919 3158 1023 3227 εἷς,
1048 3165 1107 3216 ἐν
1139 3163 1292 3233 μέσῳ
1323 3164 1531 3232 ἀμφοῖν
1550 3162 1595 3198 ⁸⁸
1618 3179 1792 3234 προσ-

1904 3177 2046 3217 unus
2092 3176 2122 3216 e
2175 3174 2407 3214 numero
2468 3158 2761 3214 Choniatis
2804 3158 3078 3221 militum,
3121 3157 3176 3211 in
3238 3156 3477 3211 medium

210 3256 460 3310 ελαύνων
483 3254 563 3323 τῷ
604 3255 783 3324 ἵππῳ,
814 3254 1180 3325 προύκαλεῖτο
1205 3253 1372 3307 αὐτοϋ
1405 3256 1501 3308 τὸν
1543 3257 1652 3308 ἀπὸ
1681 3255 1792 3307 τῶν

211 3348 479 3417 Τούρκων
512 3346 970 3416 μονομαχήσαντά.
1010 3362 1153 3410 τινα,
1192 3345 1359 3413 πρινὴ
1409 3345 1479 3398 τὰ
1529 3344 1796 3415 στρατεύ-

224 3456 374 3507 ματα
408 3440 649 3493 συνιέναι
679 3441 737 3502 ἐς
780 3438 965 3493 ταυτό.
1008 3437 1093 3501 Ὠς
1123 3438 1179 3491 δὲ
1206 3438 1454 3505 ἔγνωσαν
1481 3437 1531 3490 οἱ
1562 3436 1797 3507 Τοῦρκοῑ

224 3530 389 3584 αὐτὸν
423 3530 868 3601 μονομαχήσοντά
916 3547 1025 3584 τινι
1079 3529 1535 3600 προεληλυθέναι,
1567 3530 1796 3600 ἑστήκε-

227 3637 329 3673 σαν
372 3622 468 3674 καὶ
517 3622 715 3675 αὐτοί(
746 3622 859 3675 Καὶ
918 3620 1155 3675 ἐνταῦθα
1208 3620 1490 3684 ἐξελαύνει
1528 3622 1639 3674 ἀπὸ
1698 3619 1795 3674 τοῦ

223 3709 575 3782 στρατοῦτοῦ
616 3712 808 3780 ἑτέρου
840 3709 1090 3778 Ἐλιέζης
1142 3712 1172 3763 ό
1226 3712 1600 3780 Βαρησάταγα
1642 3712 1795 3777 παῖς,

215 3801 323 3854 τῶν
359 3803 421 3854 ἐν
455 3804 521 3872 τῇ
555 3803 708 3871 Ἀσίᾳ,
737 3802 1004 3871 ὑπάρχων
1051 3801 1171 3864 ἑνὸς
1223 3802 1420 3873 ἀνδρὸς
1461 3802 1673 3871 ἀγαθοῦ
1708 3820 1798 3871 γε·

214 3893 443 3963 νόμενος
490 3898 561 3947 τὰ
591 3894 867 3963 πολέμια,
900 3896 997 3949 καὶ
1048 3896 1320 3966 πρότερον
1373 3898 1484 3950 τῶν
1520 3898 1796 3967 νεηλύδων

214 3986 483 4056 ἄρχοντος
524 3987 583 4039 ἐν
613 3987 735 4043 ταῖς
779 3986 1043 4056 βασιλέως
1083 3988 1301 4059 θύραις.
1360 3982 1529 4053 Οὗτος
1579 3991 1643 4061 δὴ
1673 3992 1796 4044 ἐπεὶ

216 4079 271 4141 ἒς
302 4080 365 4131 τὸ
398 4077 571 4149 μέσον
597 4078 815 4150 προῄει,
854 4080 1022 4148 ὁμόσε
1051 4080 1130 4149 τῷ
1166 4081 1361 4134 Παίονι
1398 4083 1528 4149 ῐετο,
1562 4085 1657 4135 καὶ
1685 4085 1798 4147 τοῖς

216 4168 440 4239 δόρασιν
481 4170 681 4224 αὐτίκα
715 4171 965 4234 ἐπιόντες
1002 4171 1259 4240 ἀλλήλοις
1285 4212 1301 4237 ,
1352 4174 1424 4227 τά
1476 4190 1535 4227 τε
1593 4174 1799 4245 δόρατα

216 4261 515 4326 κατέαξαν.
573 4262 684 4315 Καὶ
721 4264 749 4315 ό
801 4264 901 4331 μὲν
968 4264 1203 4333 Βιτέζης
1249 4262 1448 4318 ἔπεσεν
1497 4267 1661 4319 αὐτοῦ
1700 4269 1799 4321 σὺν

218 4356 293 4427 τῷ
322 4357 486 4426 ἵππῳ
540 4358 598 4419 ἐς
641 4356 741 4427 τὴν
786 4358 926 4426 γῆν·
961 4358 1214 4428 Ἐλιέζης
1243 4357 1301 4410 δὲ
1349 4360 1678 4424 ὲκκοπὲντος
1706 4360 1799 4414 τοῦ

220 4447 523 4518 ὶπιστήθου
551 4486 565 4511 ,
600 4449 698 4502 καὶ
746 4446 926 4516 ζώνης
977 4450 1074 4503 σὺν
1120 4450 1198 4520 τῷ
1250 4451 1525 4521 ἐφιππίῳ,
1557 4432 1651 4506 ἐπὶ
1685 4456 1800 4519 τοῖς

1899 3269 2255 3326 procursans,
2282 3261 2335 3307 et
2353 3267 2494 3322 equo
2526 3253 2795 3316 insidens,
2828 3251 3161 3322 provocabat
3188 3249 3254 3303 ad
3286 3251 3479 3320 singu-

1898 3345 2014 3400 lare
2036 3354 2317 3400 certamen
2341 3343 2502 3414 190
2523 3360 2690 3399 unum
2716 3358 2746 3398 e
2766 3342 2985 3408 Turcis,
3019 3354 3313 3413 antequam
3334 3343 3481 3397 acies

1899 3445 2317 3493 concurrerent.
2370 3437 2535 3493 Turci
2576 3437 2669 3492 ubi
2722 3440 3084 3507 explorat-unt
3105 3439 3284 3490 virum
3315 3438 3479 3490 istum

1897 3534 2261 3604 processisse,
2296 3541 2355 3587 ut
2381 3543 2665 3586 certamen
2698 3531 2984 3600 singulare
3017 3531 3481 3592 committeretur,
3580 3554 3585 3561 ι

1898 3625 2203 3679 constitere
2255 3632 2309 3677 et
2363 3623 2490 3692 ipsi.
2550 3622 2692 3677 Hinc
2741 3622 3004 3676 continuo
3057 3621 3125 3672 ab
3173 3619 3478 3673 Turcorum

1896 3718 2145 3773 exercitu
2176 3715 2640 3786 proﬁciscebatur
2674 3713 2889 3768 Eliezes
2928 3712 3074 3767 ﬁlius
3102 3711 3312 3765 Barine
3342 3712 3477 3781 (l7),

1897 3812 1968 3867 de
1995 3825 2223 3864 numero
2253 3807 2639 3879 praefectorum
2690 3806 2836 3861 Asia;
2883 3804 2984 3859 viri
3028 3804 3288 3867 illustris,
3320 3813 3378 3857 et
3421 3803 3475 3856 in

1898 3918 1960 3958 re
1998 3901 2227 3956 militari
2277 3899 2626 3964 excellentis,
2692 3900 2787 3967 qui
2840 3897 3116 3967 quondam
3151 3896 3258 3949 dux
3306 3895 3474 3949 exsti-

1898 4007 2041 4054 terat
2094 3999 2513 4069 peregrinorum
2569 3997 2624 4051 in
2673 3993 2858 4065 januis
2913 3993 3077 4061 regis.
3120 3979 3242 4057 llic,
3292 3990 3383 4045 ubi
3420 3992 3473 4043 in

1900 4091 2139 4146 medium
2188 4090 2486 4161 processit,
2533 4088 2752 4144 obviam
2810 4085 3072 4157 pergebat
3104 4085 3375 4141 Pannoni.
3414 4084 3480 4139 Et

1900 4199 2025 4241 cum
2072 4183 2250 4239 hastis
2297 4181 2518 4238 infestis
2566 4176 3011 4245 concurrerent,
3067 4181 3236 4235 hastae
3296 4179 3484 4234 fractte

1902 4284 2052 4331 sunt.
2093 4274 2160 4330 Et
2191 4273 2409 4331 Bitezes
2440 4290 2550 4331 una
2586 4290 2711 4329 cum
2745 4289 2888 4343 equo
2918 4275 2971 4329 in
3007 4283 3207 4349 terram
3247 4274 3481 4329 corruit.

1903 4366 2115 4423 Eliezes
2143 4370 2427 4424 conscisse
2463 4367 2751 4437 pectorali,
2807 4376 2863 4420 et
2898 4381 3036 4421 zona
3067 4382 3191 4421 cum
3227 4366 3485 4436 ephippio

1904 4460 2107 4528 soluta,
2148 4468 2444 4530 postremae
2478 4460 2604 4529 equi
2670 4457 2811 4528 parti
2865 4457 3113 4512 insidens
3154 4458 3482 4511 vehebatur.

221 4541 475 4613 ἐσχάτοις
533 4544 629 4597 τοῦ
692 4544 863 4597 ἵππου
917 4548 1166 4614 ἐγεγόνει
1216 4547 1485 4603 ἱππεύων.
1559 4549 1619 4603 Ὀ
1689 4550 1792 4621 γὰρ

1908 4550 2086 4622 Hujus
2138 4552 2286 4606 enim
2342 4565 2518 4621 equus
2555 4551 2719 4621 longe
2767 4548 2967 4603 melior
3002 4555 3121 4601 erat
3153 4547 3346 4614 altero,
3382 4563 3485 4602 nec

222 4633 379 4699 ῑππος
409 4634 659 4703 ἀμείνων
684 4637 881 4690 τούτου
923 4639 1106 4708 πολλῷ
1146 4634 1235 4710 ἦν,
1272 4640 1368 4692 καὶ
1416 4641 1517 4694 οὐκ
1546 4635 1662 4711 εἶχε
1701 4642 1800 4711 μὲν

221 4723 356 4789 ὅπως
409 4727 509 4779 τὸν
567 4728 771 4783 Παίονα
819 4729 1221 4802 διαχρήσαιτο,
1260 4734 1499 4787 πεσόντα
1563 4735 1663 4788 σὺν
1720 4736 1799 4804 τῷ

224 4817 389 4890 ἵππῳ,
449 4820 548 4874 ὅτε
608 4823 705 4875 καὶ
763 4823 927 4885 αὐτὸς
964 4825 1219 4893 χαλεπῶς
1276 4828 1372 4880 καὶ
1427 4826 1588 4896 μόγις
1619 4829 1666 4862 ⁵ο
1713 4829 1803 4881 ἱπ-

224 4914 421 4967 πεύων·
458 4914 721 4977 πεσόντος
776 4916 879 4985 μέν
937 4933 1021 4969 τοι
1067 4918 1164 4971 τοῦ
1226 4920 1482 4984 Παίονος,
1524 4920 1801 4987 ἀλάλαξαν

220 5002 363 5071 μέγα
408 5003 473 5056 τὸ
507 5003 620 5057 τῶν
646 5002 905 5076 Τούρκων
952 5007 1276 5080 στράτευμα
1301 5009 1374 5075 ⁸⁸,
1413 5011 1602 5064 οἰωνὸν
1635 5028 1799 5081 ποιη-

220 5093 475 5158 σάμενοι.
504 5094 664 5148 Ἐπεὶ
710 5096 756 5149 δ’
790 5098 1095 5169 ἀμφότεροι
1140 5097 1352 5169 ἤλασαν
1403 5102 1461 5164 ἐς
1495 5102 1554 5153 τὸ
1586 5101 1799 5169 ⁴ἑαυτῶν

221 5185 486 5257 ἑκάτερος
523 5189 914 5258 στρατόπεδον,
947 5191 1183 5245 ἐνταῦθα
1238 5193 1596 5264 Ἀμουρὰτης
1643 5197 1672 5247 ό
1704 5194 1801 5263 βα·

224 5281 433 5345 σιλεὺς,
492 5282 999 5353 μεταπεμψάμενος
1054 5283 1303 5355 Ἐλιέξην
1375 5285 1455 5347 εὶς
1512 5284 1636 5355 ὄψιν
1697 5286 1798 5355 τὴν

1907 4651 2088 4698 tamen
2146 4643 2359 4713 lapsum
2413 4642 2734 4699 Pannonem
2779 4641 3049 4711 perimere
3102 4640 3316 4710 quivit,
3354 4641 3482 4710 quia

1906 4736 2023 4805 ipse
2064 4749 2284 4806 quoque
2323 4751 2468 4806 aegre
2511 4748 2565 4789 et
2611 4734 2904 4789 dimculter
2951 4747 3096 4802 equo
3137 4734 3480 4802 portabatur.

1905 4827 2166 4883 Pannone
2228 4830 2281 4883 in
2343 4838 2544 4883 terram
2602 4844 2669 4883 ex
2721 4842 2863 4898 equo
2915 4825 3125 4890 ell‘uso,
3183 4828 3484 4881 clamorem

1907 4921 2205 4974 maximum
2230 4922 2458 4975 sustulit
2486 4921 2768 4974 Amuratis
2798 4919 3098 4986 exercitus,
3129 4919 3484 4986 cum.bouum

1908 5012 1960 5067 id
1996 5013 2155 5082 quasi
2190 5028 2350 5067 omen
2379 5013 2454 5068 rei
2489 5014 2738 5083 gerenda:
2768 5013 3053 5066 ducerent.
3079 5012 3216 5065 Cum
3254 5020 3484 5079 uterque

1908 5101 1975 5155 ad
2011 5116 2170 5156 suum
2198 5106 2501 5155 exercitum
2536 5111 2683 5157 esset
2711 5102 3010 5172 digressus,
3051 5102 3126 5157 ibi
3176 5114 3287 5155 tum
3319 5103 3488 5156 Amu-

1908 5201 2055 5248 rates
2105 5193 2341 5249 Eliezem
2384 5193 2451 5247 ad
2508 5207 2568 5247 se
2622 5204 2878 5249 vocatum
2936 5196 2989 5249 in
3060 5197 3203 5249 hunc
3264 5196 3483 5248 modum

1909 5287 2184 5343 allocutus
2209 5280 2336 5343 esti
2373 5287 2418 5341 0
2449 5301 2605 5356 puer,
2640 5303 2704 5342 ex
2738 5289 2940 5358 quibus
2976 5287 3149 5343 initiis
3176 5294 3381 5340 tantam
3411 5286 3487 5338 rei

1523 5452 1772 5514 Notulm
1806 5453 2217 5533 marginales.

300 5571 411 5641 (14)
440 5570 688 5627 Zecules.

299 5642 412 5711 (15)
445 5642 665 5707 Erdelii,
693 5641 1102 5713 'l‘ranssylvani,
1138 5643 1539 5715 Siebenbt'trger.

306 5797 348 5828 ’⁵⁸
390 5800 642 5856 ἐνταῦθα.
681 5799 747 5857 Β.
780 5813 838 5857 ut
871 5804 919 5858 in
955 5821 1002 5857 c.
1085 5805 1129 5836 ’δ’
1169 5802 1232 5857 In
1271 5821 1392 5870 uno,
1434 5805 1580 5875 βοῦν.
1661 5807 1705 5838 ⁵⁰
1740 5805 1792 5858 Π

1899 5806 2017 5872 ἃλις.
2069 5808 2130 5862 In
2171 5811 2239 5862 ul.
2280 5820 2332 5863 ut
2369 5827 2415 5865 c.

1987 5578 2099 5647 (l6)
2125 5578 2401 5642 Bitezidzc,
2440 5595 2578 5648 quos
2609 5579 2952 5637 llussarones
2983 5578 3348 5650 appellamus.

1981 5652 2093 5719 (l7)
2121 5652 2205 5705 Al.
2251 5651 2592 5721 Barisatagm.

2507 5813 2550 5845 δι
2582 5811 2656 5874 ὡς
2706 5812 2755 5863 οἱ
2806 5811 3199 5873 ποιησάμενος.
