  <div class='ocr_page' id='page_1' title='image "/cluster/home/n/w/nwhite01/storage/ocr_20150623/159/coo.31924054870641/186.png"; bbox 0 0 3984 6436; ppageno 0'>
   <div class='ocr_carea' id='block_1_1' title="bbox 261 387 373 447">
    <p class='ocr_par' dir='ltr' id='par_1_1' title="bbox 261 387 373 447">
     <span class='ocr_line' id='line_1_1' title="bbox 261 387 373 447; baseline 0.018 -2"><span class='ocrx_word' id='word_1_1' title='bbox 261 387 373 447; x_wconf 75' lang='grc'><strong>357</strong></span> 
     </span>
    </p>
   </div>
   <div class='ocr_carea' id='block_1_2' title="bbox 1313 391 2464 458">
    <p class='ocr_par' dir='ltr' id='par_1_2' title="bbox 1313 391 2464 458">
     <span class='ocr_line' id='line_1_2' title="bbox 1313 391 2464 458; baseline 0.004 -5"><span class='ocrx_word' id='word_1_2' title='bbox 1313 394 1414 454; x_wconf 87' lang='lat' dir='ltr'><strong>DE</strong></span> <span class='ocrx_word' id='word_1_3' title='bbox 1447 391 1702 454; x_wconf 82' lang='lat' dir='ltr'><strong>REBUS</strong></span> <span class='ocrx_word' id='word_1_4' title='bbox 1732 392 2093 455; x_wconf 79' lang='lat' dir='ltr'><strong>TURCICIS</strong></span> <span class='ocrx_word' id='word_1_5' title='bbox 2135 396 2279 457; x_wconf 88' lang='lat' dir='ltr'><strong>LIB.</strong></span> <span class='ocrx_word' id='word_1_6' title='bbox 2327 397 2464 458; x_wconf 79' lang='lat' dir='ltr'><strong>VII.</strong></span> 
     </span>
    </p>
   </div>
   <div class='ocr_carea' id='block_1_3' title="bbox 3429 394 3534 456">
    <p class='ocr_par' dir='ltr' id='par_1_3' title="bbox 3429 394 3534 456">
     <span class='ocr_line' id='line_1_3' title="bbox 3429 394 3534 456; baseline 0 -1"><span class='ocrx_word' id='word_1_7' title='bbox 3429 394 3534 456; x_wconf 70' lang='lat'><strong>35.8</strong></span> 
     </span>
    </p>
   </div>
   <div class='ocr_carea' id='block_1_4' title="bbox 268 501 1848 583">
    <p class='ocr_par' dir='ltr' id='par_1_4' title="bbox 268 501 1848 577">
     <span class='ocr_line' id='line_1_4' title="bbox 268 501 1848 577; baseline 0.006 -24"><span class='ocrx_word' id='word_1_8' title='bbox 268 503 410 572; x_wconf 77' lang='grc' dir='ltr'>παρ’</span> <span class='ocrx_word' id='word_1_9' title='bbox 445 501 640 556; x_wconf 61' lang='grc' dir='ltr'>ἑλπίδι</span> <span class='ocrx_word' id='word_1_10' title='bbox 695 502 1108 575; x_wconf 73' lang='grc' dir='ltr'><strong>ἀγωνισάμενοι</strong></span> <span class='ocrx_word' id='word_1_11' title='bbox 1136 506 1407 576; x_wconf 73' lang='grc' dir='ltr'>ἐμάχοντο</span> <span class='ocrx_word' id='word_1_12' title='bbox 1459 508 1626 572; x_wconf 83' lang='grc' dir='ltr'>ἀξίως</span> <span class='ocrx_word' id='word_1_13' title='bbox 1672 509 1848 577; x_wconf 84' lang='grc' dir='ltr'><strong>λόγου.</strong></span> 
     </span>
    </p>
   </div>
   <div class='ocr_carea' id='block_1_5' title="bbox 1953 501 3535 583">
    <p class='ocr_par' dir='ltr' id='par_1_5' title="bbox 1968 511 3535 583">
     <span class='ocr_line' id='line_1_5' title="bbox 1968 511 3535 583; baseline -0.002 -18"><span class='ocrx_word' id='word_1_14' title='bbox 1968 511 2196 583; x_wconf 69' lang='lat' dir='ltr'><strong>EurOpae</strong></span> <span class='ocrx_word' id='word_1_15' title='bbox 2242 513 2525 568; x_wconf 88' lang='lat' dir='ltr'><strong>exercitus</strong></span> <span class='ocrx_word' id='word_1_16' title='bbox 2583 512 2639 566; x_wconf 90' lang='lat' dir='ltr'><strong>in</strong></span> <span class='ocrx_word' id='word_1_17' title='bbox 2697 516 2954 568; x_wconf 76' lang='lat' dir='ltr'><strong>cohortes</strong></span> <span class='ocrx_word' id='word_1_18' title='bbox 3013 523 3279 575; x_wconf 88' lang='lat' dir='ltr'><strong>secretus,</strong></span> <span class='ocrx_word' id='word_1_19' title='bbox 3337 524 3535 578; x_wconf 65' lang='lat' dir='ltr'><strong>praner</strong></span> 
     </span>
    </p>
   </div>
   <div class='ocr_carea' id='block_1_6' title="bbox 269 595 1860 666">
    <p class='ocr_par' dir='ltr' id='par_1_6' title="bbox 269 595 1860 666">
     <span class='ocr_line' id='line_1_6' title="bbox 269 595 1860 666; baseline 0.004 -17"><span class='ocrx_word' id='word_1_20' title='bbox 269 598 574 666; x_wconf 83' lang='grc' dir='ltr'>Γενόμενοι</span> <span class='ocrx_word' id='word_1_21' title='bbox 620 598 730 665; x_wconf 87' lang='grc' dir='ltr'><strong>γάρ</strong></span> <span class='ocrx_word' id='word_1_22' title='bbox 782 595 906 649; x_wconf 72' lang='grc' dir='ltr'>κατ’</span> <span class='ocrx_word' id='word_1_23' title='bbox 935 595 1093 664; x_wconf 83' lang='grc' dir='ltr'>όλίγα</span> <span class='ocrx_word' id='word_1_24' title='bbox 1145 597 1220 660; x_wconf 81' lang='grc' dir='ltr'>ὥς</span> <span class='ocrx_word' id='word_1_25' title='bbox 1269 601 1317 652; x_wconf 88' lang='grc' dir='ltr'><strong>οί</strong></span> <span class='ocrx_word' id='word_1_26' title='bbox 1351 600 1581 664; x_wconf 78' lang='grc' dir='ltr'>Παίονες</span> <span class='ocrx_word' id='word_1_27' title='bbox 1627 603 1860 657; x_wconf 71' lang='grc' dir='ltr'>ἐπελαύ-</span> 
     </span>
    </p>
   </div>
   <div class='ocr_carea' id='block_1_7' title="bbox 286 689 1860 759">
    <p class='ocr_par' dir='ltr' id='par_1_7' title="bbox 286 689 1860 759">
     <span class='ocr_line' id='line_1_7' title="bbox 286 689 1860 759; baseline 0.004 -17"><span class='ocrx_word' id='word_1_28' title='bbox 286 707 429 753; x_wconf 86' lang='grc' dir='ltr'>νειν,</span> <span class='ocrx_word' id='word_1_29' title='bbox 463 690 684 757; x_wconf 75' lang='grc' dir='ltr'>ἔφευγον</span> <span class='ocrx_word' id='word_1_30' title='bbox 711 689 816 742; x_wconf 89' lang='grc' dir='ltr'><strong>ἀνά</strong></span> <span class='ocrx_word' id='word_1_31' title='bbox 847 690 1072 757; x_wconf 87' lang='grc' dir='ltr'>κράτος,</span> <span class='ocrx_word' id='word_1_32' title='bbox 1100 691 1176 754; x_wconf 84' lang='grc' dir='ltr'>ὡς</span> <span class='ocrx_word' id='word_1_33' title='bbox 1207 693 1334 755; x_wconf 82' lang='grc' dir='ltr'>τοὺς</span> <span class='ocrx_word' id='word_1_34' title='bbox 1376 695 1621 747; x_wconf 75' lang='grc' dir='ltr'><strong>Παιόνων</strong></span> <span class='ocrx_word' id='word_1_35' title='bbox 1657 695 1860 759; x_wconf 75' lang='grc' dir='ltr'>ἵππους</span> 
     </span>
    </p>
   </div>
   <div class='ocr_carea' id='block_1_8' title="bbox 290 783 1856 858">
    <p class='ocr_par' dir='ltr' id='par_1_8' title="bbox 290 783 1856 858">
     <span class='ocr_line' id='line_1_8' title="bbox 290 783 1856 858; baseline 0.005 -24"><span class='ocrx_word' id='word_1_36' title='bbox 290 783 673 843; x_wconf 71' lang='grc' dir='ltr'><strong>ἐπιδιώκοντες</strong></span> <span class='ocrx_word' id='word_1_37' title='bbox 701 783 938 851; x_wconf 77' lang='grc' dir='ltr'><strong>κάμνειν</strong></span> <span class='ocrx_word' id='word_1_38' title='bbox 971 800 1030 836; x_wconf 84' lang='grc' dir='ltr'><strong>τε</strong></span> <span class='ocrx_word' id='word_1_39' title='bbox 1070 784 1304 853; x_wconf 77' lang='grc' dir='ltr'><strong>ἰσχυρῶς</strong></span> <span class='ocrx_word' id='word_1_40' title='bbox 1335 786 1430 839; x_wconf 73' lang='grc' dir='ltr'><strong>καὶ</strong></span> <span class='ocrx_word' id='word_1_41' title='bbox 1463 787 1856 858; x_wconf 83' lang='grc' dir='ltr'><strong>ἀπαγορεύειν.</strong></span> 
     </span>
    </p>
   </div>
   <div class='ocr_carea' id='block_1_9' title="bbox 291 873 1859 950">
    <p class='ocr_par' dir='ltr' id='par_1_9' title="bbox 291 873 1859 950">
     <span class='ocr_line' id='line_1_9' title="bbox 291 873 1859 950; baseline 0.004 -23"><span class='ocrx_word' id='word_1_42' title='bbox 291 875 399 928; x_wconf 71' lang='grc' dir='ltr'>Καὶ</span> <span class='ocrx_word' id='word_1_43' title='bbox 447 873 675 927; x_wconf 74' lang='grc' dir='ltr'>ἐνταῦθα</span> <span class='ocrx_word' id='word_1_44' title='bbox 716 875 781 943; x_wconf 79' lang='grc' dir='ltr'>δὴ</span> <span class='ocrx_word' id='word_1_45' title='bbox 834 875 910 938; x_wconf 80' lang='grc' dir='ltr'><strong>ὡς</strong></span> <span class='ocrx_word' id='word_1_46' title='bbox 959 875 1008 928; x_wconf 78' lang='grc' dir='ltr'>οἱ</span> <span class='ocrx_word' id='word_1_47' title='bbox 1044 875 1281 946; x_wconf 81' lang='grc' dir='ltr'>Τοῦρκοι</span> <span class='ocrx_word' id='word_1_48' title='bbox 1335 877 1628 948; x_wconf 80' lang='grc' dir='ltr'><strong>αὐτάρκως</strong></span> <span class='ocrx_word' id='word_1_49' title='bbox 1683 879 1859 950; x_wconf 79' lang='grc' dir='ltr'>ἔχοιεν</span> 
     </span>
    </p>
   </div>
   <div class='ocr_carea' id='block_1_10' title="bbox 288 967 1860 1037">
    <p class='ocr_par' dir='ltr' id='par_1_10' title="bbox 288 967 1860 1037">
     <span class='ocr_line' id='line_1_10' title="bbox 288 967 1860 1037; baseline 0.004 -19"><span class='ocrx_word' id='word_1_50' title='bbox 288 967 384 1034; x_wconf 84' lang='grc' dir='ltr'><strong>τῆς</strong></span> <span class='ocrx_word' id='word_1_51' title='bbox 412 967 591 1033; x_wconf 81' lang='grc' dir='ltr'>φυγῆς</span> <span class='ocrx_word' id='word_1_52' title='bbox 624 967 962 1033; x_wconf 81' lang='grc' dir='ltr'><strong>διαστάντες,</strong></span> <span class='ocrx_word' id='word_1_53' title='bbox 994 967 1121 1031; x_wconf 82' lang='grc' dir='ltr'>τούς</span> <span class='ocrx_word' id='word_1_54' title='bbox 1143 987 1202 1022; x_wconf 90' lang='grc' dir='ltr'><strong>τε</strong></span> <span class='ocrx_word' id='word_1_55' title='bbox 1237 970 1437 1032; x_wconf 76' lang='grc' dir='ltr'>ἴππους</span> <span class='ocrx_word' id='word_1_56' title='bbox 1464 970 1734 1037; x_wconf 77' lang='grc' dir='ltr'>ἐτόξευον,</span> <span class='ocrx_word' id='word_1_57' title='bbox 1765 974 1860 1025; x_wconf 81' lang='grc' dir='ltr'><strong>καὶ</strong></span> 
     </span>
    </p>
   </div>
   <div class='ocr_carea' id='block_1_11' title="bbox 285 1057 1859 1126">
    <p class='ocr_par' dir='ltr' id='par_1_11' title="bbox 285 1057 1859 1126">
     <span class='ocr_line' id='line_1_11' title="bbox 285 1057 1859 1126; baseline 0.005 -16"><span class='ocrx_word' id='word_1_58' title='bbox 285 1058 510 1110; x_wconf 74' lang='grc' dir='ltr'>ὄπισθεν</span> <span class='ocrx_word' id='word_1_59' title='bbox 537 1057 784 1120; x_wconf 76' lang='grc' dir='ltr'>ἐπιόντες</span> <span class='ocrx_word' id='word_1_60' title='bbox 833 1060 1127 1113; x_wconf 81' lang='grc' dir='ltr'><strong>κατέκαιον</strong></span> <span class='ocrx_word' id='word_1_61' title='bbox 1175 1061 1220 1094; x_wconf 78' lang='grc'>⁸⁸</span> <span class='ocrx_word' id='word_1_62' title='bbox 1268 1063 1398 1123; x_wconf 81' lang='grc' dir='ltr'>τοὺς</span> <span class='ocrx_word' id='word_1_63' title='bbox 1443 1062 1712 1126; x_wconf 87' lang='grc' dir='ltr'>Παίονας·</span> <span class='ocrx_word' id='word_1_64' title='bbox 1761 1064 1859 1118; x_wconf 77' lang='grc' dir='ltr'>ἆτε</span> 
     </span>
    </p>
   </div>
   <div class='ocr_carea' id='block_1_12' title="bbox 280 1147 1860 1222">
    <p class='ocr_par' dir='ltr' id='par_1_12' title="bbox 280 1147 1860 1222">
     <span class='ocr_line' id='line_1_12' title="bbox 280 1147 1860 1222; baseline 0.004 -21"><span class='ocrx_word' id='word_1_65' title='bbox 280 1149 390 1216; x_wconf 85' lang='grc' dir='ltr'><strong>γὰρ</strong></span> <span class='ocrx_word' id='word_1_66' title='bbox 443 1149 493 1199; x_wconf 83' lang='grc' dir='ltr'><strong>οί</strong></span> <span class='ocrx_word' id='word_1_67' title='bbox 541 1147 801 1213; x_wconf 84' lang='grc' dir='ltr'>πλείους,</span> <span class='ocrx_word' id='word_1_68' title='bbox 859 1150 953 1201; x_wconf 70' lang='grc' dir='ltr'><strong>καὶ</strong></span> <span class='ocrx_word' id='word_1_69' title='bbox 1019 1150 1105 1219; x_wconf 80' lang='grc' dir='ltr'><strong>ἐφ’</strong></span> <span class='ocrx_word' id='word_1_70' title='bbox 1160 1150 1342 1204; x_wconf 82' lang='grc' dir='ltr'>ἵππων</span> <span class='ocrx_word' id='word_1_71' title='bbox 1391 1151 1524 1204; x_wconf 72' lang='grc' dir='ltr'>πολὺ</span> <span class='ocrx_word' id='word_1_72' title='bbox 1574 1152 1860 1222; x_wconf 80' lang='grc' dir='ltr'>βελτιόνων</span> 
     </span>
    </p>
   </div>
   <div class='ocr_carea' id='block_1_13' title="bbox 279 1241 1862 1316">
    <p class='ocr_par' dir='ltr' id='par_1_13' title="bbox 279 1241 1862 1316">
     <span class='ocr_line' id='line_1_13' title="bbox 279 1241 1862 1316; baseline 0.006 -24"><span class='ocrx_word' id='word_1_73' title='bbox 279 1241 603 1309; x_wconf 77' lang='grc' dir='ltr'>φερόμενοι,</span> <span class='ocrx_word' id='word_1_74' title='bbox 633 1243 728 1295; x_wconf 73' lang='grc' dir='ltr'><strong>καὶ</strong></span> <span class='ocrx_word' id='word_1_75' title='bbox 756 1243 921 1315; x_wconf 82' lang='grc' dir='ltr'>τέχνῃ</span> <span class='ocrx_word' id='word_1_76' title='bbox 959 1242 1025 1296; x_wconf 83' lang='grc' dir='ltr'>τὰ</span> <span class='ocrx_word' id='word_1_77' title='bbox 1075 1243 1247 1298; x_wconf 84' lang='grc' dir='ltr'>πολλά</span> <span class='ocrx_word' id='word_1_78' title='bbox 1292 1245 1393 1315; x_wconf 82' lang='grc' dir='ltr'>τὴν</span> <span class='ocrx_word' id='word_1_79' title='bbox 1432 1246 1610 1316; x_wconf 81' lang='grc' dir='ltr'><strong>μάχην</strong></span> <span class='ocrx_word' id='word_1_80' title='bbox 1642 1247 1862 1302; x_wconf 85' lang='grc' dir='ltr'>συνδια-</span> 
     </span>
    </p>
   </div>
   <div class='ocr_carea' id='block_1_14' title="bbox 280 1329 1860 1405">
    <p class='ocr_par' dir='ltr' id='par_1_14' title="bbox 280 1329 1860 1405">
     <span class='ocr_line' id='line_1_14' title="bbox 280 1329 1860 1405; baseline 0.006 -24"><span class='ocrx_word' id='word_1_81' title='bbox 280 1329 664 1402; x_wconf 76' lang='grc' dir='ltr'>χειρίζοντες,</span> <span class='ocrx_word' id='word_1_82' title='bbox 695 1333 924 1402; x_wconf 77' lang='grc' dir='ltr'>ἄμεινον</span> <span class='ocrx_word' id='word_1_83' title='bbox 977 1336 1236 1405; x_wconf 77' lang='grc' dir='ltr'>ἐφέροντο</span> <span class='ocrx_word' id='word_1_84' title='bbox 1277 1335 1387 1388; x_wconf 84' lang='grc' dir='ltr'><strong>τῶν</strong></span> <span class='ocrx_word' id='word_1_85' title='bbox 1441 1337 1703 1392; x_wconf 88' lang='grc' dir='ltr'>Παιόνων.</span> <span class='ocrx_word' id='word_1_86' title='bbox 1752 1339 1860 1391; x_wconf 75' lang='grc' dir='ltr'><strong>Καὶ</strong></span> 
     </span>
    </p>
   </div>
   <div class='ocr_carea' id='block_1_15' title="bbox 276 1421 1860 1496">
    <p class='ocr_par' dir='ltr' id='par_1_15' title="bbox 276 1421 1860 1496">
     <span class='ocr_line' id='line_1_15' title="bbox 276 1421 1860 1496; baseline 0.006 -24"><span class='ocrx_word' id='word_1_87' title='bbox 276 1421 386 1490; x_wconf 76' lang='grc' dir='ltr'>τὴν</span> <span class='ocrx_word' id='word_1_88' title='bbox 425 1422 526 1492; x_wconf 75' lang='grc' dir='ltr'>μὲν</span> <span class='ocrx_word' id='word_1_89' title='bbox 558 1422 785 1493; x_wconf 89' lang='grc' dir='ltr'>πρώτην</span> <span class='ocrx_word' id='word_1_90' title='bbox 813 1425 1030 1495; x_wconf 79' lang='grc' dir='ltr'>ἡμέραν</span> <span class='ocrx_word' id='word_1_91' title='bbox 1074 1425 1264 1478; x_wconf 79' lang='grc' dir='ltr'>πολλοὶ</span> <span class='ocrx_word' id='word_1_92' title='bbox 1318 1428 1418 1496; x_wconf 84' lang='grc' dir='ltr'>μὲν</span> <span class='ocrx_word' id='word_1_93' title='bbox 1457 1429 1708 1481; x_wconf 82' lang='grc' dir='ltr'>Παιόνων</span> <span class='ocrx_word' id='word_1_94' title='bbox 1743 1429 1860 1482; x_wconf 78' lang='grc' dir='ltr'>ἔπι-</span> 
     </span>
    </p>
   </div>
   <div class='ocr_carea' id='block_1_16' title="bbox 278 1515 1860 1588">
    <p class='ocr_par' dir='ltr' id='par_1_16' title="bbox 278 1515 1860 1588">
     <span class='ocr_line' id='line_1_16' title="bbox 278 1515 1860 1588; baseline 0.004 -22"><span class='ocrx_word' id='word_1_95' title='bbox 278 1531 424 1567; x_wconf 84' lang='grc' dir='ltr'>πτον</span> <span class='ocrx_word' id='word_1_96' title='bbox 456 1516 513 1567; x_wconf 82' lang='grc' dir='ltr'>ὲν</span> <span class='ocrx_word' id='word_1_97' title='bbox 540 1517 607 1585; x_wconf 81' lang='grc' dir='ltr'>τῇ</span> <span class='ocrx_word' id='word_1_98' title='bbox 639 1516 811 1587; x_wconf 72' lang='grc' dir='ltr'>μάχη,</span> <span class='ocrx_word' id='word_1_99' title='bbox 841 1515 1030 1588; x_wconf 66' lang='grc' dir='ltr'>πολλοὶ</span> <span class='ocrx_word' id='word_1_100' title='bbox 1049 1517 1104 1570; x_wconf 80' lang='grc' dir='ltr'>δὲ</span> <span class='ocrx_word' id='word_1_101' title='bbox 1128 1517 1389 1588; x_wconf 82' lang='grc' dir='ltr'>Τούρκων</span> <span class='ocrx_word' id='word_1_102' title='bbox 1409 1519 1725 1572; x_wconf 80' lang='grc' dir='ltr'>ἀπώλλυντο</span> <span class='ocrx_word' id='word_1_103' title='bbox 1755 1519 1860 1574; x_wconf 74' lang='grc' dir='ltr'>ὑπὸ</span> 
     </span>
    </p>
   </div>
   <div class='ocr_carea' id='block_1_17' title="bbox 281 1607 1860 1681">
    <p class='ocr_par' dir='ltr' id='par_1_17' title="bbox 281 1607 1860 1681">
     <span class='ocr_line' id='line_1_17' title="bbox 281 1607 1860 1681; baseline 0.003 -22"><span class='ocrx_word' id='word_1_104' title='bbox 281 1607 561 1661; x_wconf 85' lang='grc' dir='ltr'>Παιόνων.</span> <span class='ocrx_word' id='word_1_105' title='bbox 598 1609 710 1661; x_wconf 75' lang='grc' dir='ltr'><strong>Καὶ</strong></span> <span class='ocrx_word' id='word_1_106' title='bbox 736 1608 942 1677; x_wconf 81' lang='grc' dir='ltr'>ταύτην</span> <span class='ocrx_word' id='word_1_107' title='bbox 976 1608 1077 1678; x_wconf 74' lang='grc' dir='ltr'>μὲν</span> <span class='ocrx_word' id='word_1_108' title='bbox 1102 1609 1204 1679; x_wconf 85' lang='grc' dir='ltr'>τὴν</span> <span class='ocrx_word' id='word_1_109' title='bbox 1236 1610 1452 1681; x_wconf 79' lang='grc' dir='ltr'>ἡμέραν</span> <span class='ocrx_word' id='word_1_110' title='bbox 1483 1611 1613 1681; x_wconf 79' lang='grc' dir='ltr'>ὃλην</span> <span class='ocrx_word' id='word_1_111' title='bbox 1655 1613 1860 1681; x_wconf 73' lang='grc' dir='ltr'>ἐμαχέ-</span> 
     </span>
    </p>
   </div>
   <div class='ocr_carea' id='block_1_18' title="bbox 275 1700 1860 1771">
    <p class='ocr_par' dir='ltr' id='par_1_18' title="bbox 275 1700 1860 1771">
     <span class='ocr_line' id='line_1_18' title="bbox 275 1700 1860 1771; baseline 0.003 -18"><span class='ocrx_word' id='word_1_112' title='bbox 275 1717 449 1755; x_wconf 85' lang='grc' dir='ltr'>σαντο</span> <span class='ocrx_word' id='word_1_113' title='bbox 483 1700 810 1771; x_wconf 84' lang='grc' dir='ltr'>ἀμφότεροι,</span> <span class='ocrx_word' id='word_1_114' title='bbox 845 1702 944 1752; x_wconf 73' lang='grc' dir='ltr'><strong>καὶ</strong></span> <span class='ocrx_word' id='word_1_115' title='bbox 979 1701 1259 1763; x_wconf 75' lang='grc' dir='ltr'>ίσοπαλεῖς</span> <span class='ocrx_word' id='word_1_116' title='bbox 1305 1701 1585 1770; x_wconf 72' lang='grc' dir='ltr'>ἐγένοντο·</span> <span class='ocrx_word' id='word_1_117' title='bbox 1635 1703 1758 1756; x_wconf 71' lang='grc' dir='ltr'>ἐπεὶ</span> <span class='ocrx_word' id='word_1_118' title='bbox 1804 1701 1860 1757; x_wconf 82' lang='grc' dir='ltr'>δὲ</span> 
     </span>
    </p>
   </div>
   <div class='ocr_carea' id='block_1_19' title="bbox 269 1789 1860 1865">
    <p class='ocr_par' dir='ltr' id='par_1_19' title="bbox 269 1789 1860 1865">
     <span class='ocr_line' id='line_1_19' title="bbox 269 1789 1860 1865; baseline 0.004 -21"><span class='ocrx_word' id='word_1_119' title='bbox 269 1792 378 1862; x_wconf 73' lang='grc' dir='ltr'><strong>ὀψὲ</strong></span> <span class='ocrx_word' id='word_1_120' title='bbox 431 1789 522 1863; x_wconf 83' lang='grc' dir='ltr'>ἦν,</span> <span class='ocrx_word' id='word_1_121' title='bbox 576 1792 867 1861; x_wconf 78' lang='grc' dir='ltr'>διέστησάν</span> <span class='ocrx_word' id='word_1_122' title='bbox 921 1807 980 1845; x_wconf 83' lang='grc' dir='ltr'><strong>τε</strong></span> <span class='ocrx_word' id='word_1_123' title='bbox 1037 1791 1132 1846; x_wconf 78' lang='grc' dir='ltr'>ἀπ’</span> <span class='ocrx_word' id='word_1_124' title='bbox 1175 1794 1444 1865; x_wconf 83' lang='grc' dir='ltr'>ἀλλήλων,</span> <span class='ocrx_word' id='word_1_125' title='bbox 1481 1796 1576 1849; x_wconf 78' lang='grc' dir='ltr'><strong>καὶ</strong></span> <span class='ocrx_word' id='word_1_126' title='bbox 1628 1797 1718 1849; x_wconf 69' lang='grc' dir='ltr'><strong>ἐπὶ</strong></span> <span class='ocrx_word' id='word_1_127' title='bbox 1751 1795 1860 1850; x_wconf 79' lang='grc' dir='ltr'><strong>τῶν</strong></span> 
     </span>
    </p>
   </div>
   <div class='ocr_carea' id='block_1_20' title="bbox 1964 601 3529 674">
    <p class='ocr_par' dir='ltr' id='par_1_20' title="bbox 1964 601 3529 674">
     <span class='ocr_line' id='line_1_20' title="bbox 1964 601 3529 674; baseline -0.003 -15"><span class='ocrx_word' id='word_1_128' title='bbox 1964 619 2116 674; x_wconf 86' lang='lat' dir='ltr'><strong>spem</strong></span> <span class='ocrx_word' id='word_1_129' title='bbox 2147 604 2366 674; x_wconf 79' lang='lat' dir='ltr'><strong>egregie</strong></span> <span class='ocrx_word' id='word_1_130' title='bbox 2393 612 2450 658; x_wconf 90' lang='lat' dir='ltr'><strong>et</strong></span> <span class='ocrx_word' id='word_1_131' title='bbox 2475 605 2910 658; x_wconf 88' lang='lat' dir='ltr'><strong>tnemorabiliter</strong></span> <span class='ocrx_word' id='word_1_132' title='bbox 2956 602 3256 672; x_wconf 89' lang='lat' dir='ltr'><strong>pugnabat.</strong></span> <span class='ocrx_word' id='word_1_133' title='bbox 3289 601 3529 656; x_wconf 82' lang='lat' dir='ltr'><strong>Proinde</strong></span> 
     </span>
    </p>
   </div>
   <div class='ocr_carea' id='block_1_21' title="bbox 1961 690 3535 762">
    <p class='ocr_par' dir='ltr' id='par_1_21' title="bbox 1961 690 3535 762">
     <span class='ocr_line' id='line_1_21' title="bbox 1961 690 3535 762; baseline 0 -16"><span class='ocrx_word' id='word_1_134' title='bbox 1961 707 2086 747; x_wconf 89' lang='lat' dir='ltr'><strong>cum</strong></span> <span class='ocrx_word' id='word_1_135' title='bbox 2138 691 2430 746; x_wconf 81' lang='lat' dir='ltr'><strong>Pannones</strong></span> <span class='ocrx_word' id='word_1_136' title='bbox 2466 691 2662 747; x_wconf 81' lang='lat' dir='ltr'><strong>Turcis</strong></span> <span class='ocrx_word' id='word_1_137' title='bbox 2704 692 3152 762; x_wconf 79' lang='lat' dir='ltr'><strong>appropinquare</strong></span> <span class='ocrx_word' id='word_1_138' title='bbox 3207 708 3315 746; x_wconf 92' lang='lat' dir='ltr'><strong>non</strong></span> <span class='ocrx_word' id='word_1_139' title='bbox 3364 690 3535 746; x_wconf 82' lang='lat' dir='ltr'><strong>aude-</strong></span> 
     </span>
    </p>
   </div>
   <div class='ocr_carea' id='block_1_22' title="bbox 1962 781 3534 853">
    <p class='ocr_par' dir='ltr' id='par_1_22' title="bbox 1962 781 3534 853">
     <span class='ocr_line' id='line_1_22' title="bbox 1962 781 3534 853; baseline -0.003 -14"><span class='ocrx_word' id='word_1_140' title='bbox 1962 795 2108 849; x_wconf 82' lang='lat' dir='ltr'><strong>rent,</strong></span> <span class='ocrx_word' id='word_1_141' title='bbox 2144 799 2358 838; x_wconf 85' lang='lat' dir='ltr'><strong>summa</strong></span> <span class='ocrx_word' id='word_1_142' title='bbox 2392 783 2441 838; x_wconf 90' lang='lat' dir='ltr'><strong>vi</strong></span> <span class='ocrx_word' id='word_1_143' title='bbox 2472 781 2777 853; x_wconf 79' lang='lat' dir='ltr'><strong>fugiebant.</strong></span> <span class='ocrx_word' id='word_1_144' title='bbox 2806 782 2970 836; x_wconf 92' lang='lat' dir='ltr'><strong>Turci</strong></span> <span class='ocrx_word' id='word_1_145' title='bbox 3005 781 3328 836; x_wconf 88' lang='lat' dir='ltr'><strong>Pannonum</strong></span> <span class='ocrx_word' id='word_1_146' title='bbox 3359 795 3534 850; x_wconf 82' lang='lat' dir='ltr'><strong>equos</strong></span> 
     </span>
    </p>
   </div>
   <div class='ocr_carea' id='block_1_23' title="bbox 1961 873 3536 946">
    <p class='ocr_par' dir='ltr' id='par_1_23' title="bbox 1961 873 3536 946">
     <span class='ocr_line' id='line_1_23' title="bbox 1961 873 3536 946; baseline -0.006 -15"><span class='ocrx_word' id='word_1_147' title='bbox 1961 876 2456 946; x_wconf 85' lang='lat' dir='ltr'><strong>persequebantur,</strong></span> <span class='ocrx_word' id='word_1_148' title='bbox 2489 885 2548 928; x_wconf 87' lang='lat' dir='ltr'><strong>et</strong></span> <span class='ocrx_word' id='word_1_149' title='bbox 2598 873 2840 942; x_wconf 77' lang='lat' dir='ltr'><strong>graviter</strong></span> <span class='ocrx_word' id='word_1_150' title='bbox 2878 873 3169 927; x_wconf 82' lang='lat' dir='ltr'><strong>admodum</strong></span> <span class='ocrx_word' id='word_1_151' title='bbox 3223 888 3286 927; x_wconf 91' lang='lat' dir='ltr'><strong>ea</strong></span> <span class='ocrx_word' id='word_1_152' title='bbox 3321 874 3373 925; x_wconf 91' lang='lat' dir='ltr'><strong>in</strong></span> <span class='ocrx_word' id='word_1_153' title='bbox 3411 886 3536 937; x_wconf 84' lang='lat' dir='ltr'><strong>per-</strong></span> 
     </span>
    </p>
   </div>
   <div class='ocr_carea' id='block_1_24' title="bbox 1962 963 3534 1034">
    <p class='ocr_par' dir='ltr' id='par_1_24' title="bbox 1962 963 3534 1034">
     <span class='ocr_line' id='line_1_24' title="bbox 1962 963 3534 1034; baseline -0.006 -10"><span class='ocrx_word' id='word_1_154' title='bbox 1962 969 2249 1024; x_wconf 89' lang='lat' dir='ltr'><strong>secutione</strong></span> <span class='ocrx_word' id='word_1_155' title='bbox 2282 967 2630 1021; x_wconf 82' lang='lat' dir='ltr'><strong>laborabant.</strong></span> <span class='ocrx_word' id='word_1_156' title='bbox 2665 966 2817 1020; x_wconf 87' lang='lat' dir='ltr'><strong>Lassi</strong></span> <span class='ocrx_word' id='word_1_157' title='bbox 2859 965 3028 1034; x_wconf 77' lang='lat' dir='ltr'><strong>igitur</strong></span> <span class='ocrx_word' id='word_1_158' title='bbox 3066 965 3282 1018; x_wconf 91' lang='lat' dir='ltr'><strong>tandem</strong></span> <span class='ocrx_word' id='word_1_159' title='bbox 3315 973 3368 1016; x_wconf 81' lang='lat' dir='ltr'><strong>et</strong></span> <span class='ocrx_word' id='word_1_160' title='bbox 3405 963 3534 1016; x_wconf 85' lang='lat' dir='ltr'><strong>fati-</strong></span> 
     </span>
    </p>
   </div>
   <div class='ocr_carea' id='block_1_25' title="bbox 1960 1055 3532 1130">
    <p class='ocr_par' dir='ltr' id='par_1_25' title="bbox 1960 1055 3532 1130">
     <span class='ocr_line' id='line_1_25' title="bbox 1960 1055 3532 1130; baseline -0.005 -18"><span class='ocrx_word' id='word_1_161' title='bbox 1960 1061 2071 1128; x_wconf 91' lang='lat' dir='ltr'><strong>gati</strong></span> <span class='ocrx_word' id='word_1_162' title='bbox 2110 1060 2477 1130; x_wconf 76' lang='lat' dir='ltr'><strong>insequendo,</strong></span> <span class='ocrx_word' id='word_1_163' title='bbox 2535 1059 2776 1114; x_wconf 89' lang='lat' dir='ltr'><strong>hostiqu</strong></span> <span class='ocrx_word' id='word_1_164' title='bbox 2834 1073 3008 1128; x_wconf 88' lang='lat' dir='ltr'><strong>equos</strong></span> <span class='ocrx_word' id='word_1_165' title='bbox 3059 1059 3272 1126; x_wconf 74' lang='lat' dir='ltr'><strong>sagittis</strong></span> <span class='ocrx_word' id='word_1_166' title='bbox 3305 1055 3532 1118; x_wconf 86' lang='lat' dir='ltr'><strong>feriunt,</strong></span> 
     </span>
    </p>
   </div>
   <div class='ocr_carea' id='block_1_26' title="bbox 1960 1149 3529 1220">
    <p class='ocr_par' dir='ltr' id='par_1_26' title="bbox 1960 1149 3529 1220">
     <span class='ocr_line' id='line_1_26' title="bbox 1960 1149 3529 1220; baseline -0.004 -14"><span class='ocrx_word' id='word_1_167' title='bbox 1960 1151 2366 1220; x_wconf 83' lang='lat' dir='ltr'><strong>Panuonesque</strong></span> <span class='ocrx_word' id='word_1_168' title='bbox 2387 1166 2416 1204; x_wconf 87' lang='lat' dir='ltr'><strong>a</strong></span> <span class='ocrx_word' id='word_1_169' title='bbox 2441 1159 2595 1220; x_wconf 85' lang='lat' dir='ltr'><strong>tergo</strong></span> <span class='ocrx_word' id='word_1_170' title='bbox 2620 1150 2938 1205; x_wconf 77' lang='lat' dir='ltr'><strong>adorientes</strong></span> <span class='ocrx_word' id='word_1_171' title='bbox 2959 1149 3202 1218; x_wconf 79' lang='lat' dir='ltr'><strong>graviter</strong></span> <span class='ocrx_word' id='word_1_172' title='bbox 3227 1149 3490 1215; x_wconf 79' lang='lat' dir='ltr'><strong>urgebant</strong></span> <span class='ocrx_word' id='word_1_173' title='bbox 3513 1165 3529 1209; x_wconf 88' lang='lat'><strong>;</strong></span> 
     </span>
    </p>
   </div>
   <div class='ocr_carea' id='block_1_27' title="bbox 1960 1238 3533 1309">
    <p class='ocr_par' dir='ltr' id='par_1_27' title="bbox 1960 1238 3533 1309">
     <span class='ocr_line' id='line_1_27' title="bbox 1960 1238 3533 1309; baseline -0.006 -13"><span class='ocrx_word' id='word_1_174' title='bbox 1960 1258 2086 1296; x_wconf 84' lang='lat' dir='ltr'><strong>nam</strong></span> <span class='ocrx_word' id='word_1_175' title='bbox 2127 1241 2291 1296; x_wconf 88' lang='lat' dir='ltr'><strong>Turci</strong></span> <span class='ocrx_word' id='word_1_176' title='bbox 2322 1255 2557 1296; x_wconf 91' lang='lat' dir='ltr'><strong>numero</strong></span> <span class='ocrx_word' id='word_1_177' title='bbox 2586 1250 2640 1295; x_wconf 88' lang='lat' dir='ltr'><strong>et</strong></span> <span class='ocrx_word' id='word_1_178' title='bbox 2673 1255 2940 1309; x_wconf 89' lang='lat' dir='ltr'><strong>equorum</strong></span> <span class='ocrx_word' id='word_1_179' title='bbox 2974 1238 3341 1307; x_wconf 84' lang='lat' dir='ltr'><strong>generositate</strong></span> <span class='ocrx_word' id='word_1_180' title='bbox 3371 1250 3533 1303; x_wconf 83' lang='lat' dir='ltr'><strong>supe-</strong></span> 
     </span>
    </p>
   </div>
   <div class='ocr_carea' id='block_1_28' title="bbox 1934 1329 3528 1419">
    <p class='ocr_par' dir='ltr' id='par_1_28' title="bbox 1934 1329 3528 1419">
     <span class='ocr_line' id='line_1_28' title="bbox 1934 1329 3528 1419; baseline -0.009 -30"><span class='ocrx_word' id='word_1_181' title='bbox 1934 1335 2181 1419; x_wconf 30' lang='lat' dir='ltr'><strong>krabant.</strong></span> <span class='ocrx_word' id='word_1_182' title='bbox 2220 1333 2492 1388; x_wconf 78' lang='lat' dir='ltr'><strong>Praeterea</strong></span> <span class='ocrx_word' id='word_1_183' title='bbox 2543 1331 2868 1401; x_wconf 88' lang='lat' dir='ltr'><strong>plerumque</strong></span> <span class='ocrx_word' id='word_1_184' title='bbox 2911 1345 3019 1383; x_wconf 86' lang='lat' dir='ltr'><strong>non</strong></span> <span class='ocrx_word' id='word_1_185' title='bbox 3058 1329 3287 1398; x_wconf 88' lang='lat' dir='ltr'><strong>impetu,</strong></span> <span class='ocrx_word' id='word_1_186' title='bbox 3340 1340 3528 1380; x_wconf 88' lang='lat' dir='ltr'><strong>verum</strong></span> 
     </span>
    </p>
   </div>
   <div class='ocr_carea' id='block_1_29' title="bbox 1960 1421 3532 1496">
    <p class='ocr_par' dir='ltr' id='par_1_29' title="bbox 1960 1421 3532 1496">
     <span class='ocr_line' id='line_1_29' title="bbox 1960 1421 3532 1496; baseline -0.006 -16"><span class='ocrx_word' id='word_1_187' title='bbox 1960 1436 2080 1481; x_wconf 90' lang='lat' dir='ltr'><strong>arte</strong></span> <span class='ocrx_word' id='word_1_188' title='bbox 2114 1428 2167 1481; x_wconf 87' lang='lat' dir='ltr'><strong>in</strong></span> <span class='ocrx_word' id='word_1_189' title='bbox 2208 1426 2414 1496; x_wconf 65' lang='lat' dir='ltr'><strong>prazliis</strong></span> <span class='ocrx_word' id='word_1_190' title='bbox 2446 1432 2704 1478; x_wconf 88' lang='lat' dir='ltr'><strong>utuntur.</strong></span> <span class='ocrx_word' id='word_1_191' title='bbox 2735 1421 3078 1490; x_wconf 87' lang='lat' dir='ltr'><strong>Quapropter</strong></span> <span class='ocrx_word' id='word_1_192' title='bbox 3110 1434 3172 1473; x_wconf 86' lang='lat' dir='ltr'><strong>ea</strong></span> <span class='ocrx_word' id='word_1_193' title='bbox 3202 1427 3532 1487; x_wconf 85' lang='lat' dir='ltr'><strong>tempestate</strong></span> 
     </span>
    </p>
   </div>
   <div class='ocr_carea' id='block_1_30' title="bbox 1959 1509 3528 1584">
    <p class='ocr_par' dir='ltr' id='par_1_30' title="bbox 1959 1509 3528 1584">
     <span class='ocr_line' id='line_1_30' title="bbox 1959 1509 3528 1584; baseline -0.008 -9"><span class='ocrx_word' id='word_1_194' title='bbox 1959 1521 2262 1575; x_wconf 89' lang='lat' dir='ltr'><strong>Turcorum</strong></span> <span class='ocrx_word' id='word_1_195' title='bbox 2319 1534 2406 1573; x_wconf 89' lang='lat' dir='ltr'><strong>res</strong></span> <span class='ocrx_word' id='word_1_196' title='bbox 2455 1517 2684 1572; x_wconf 86' lang='lat' dir='ltr'><strong>meliore</strong></span> <span class='ocrx_word' id='word_1_197' title='bbox 2735 1524 2908 1576; x_wconf 87' lang='lat' dir='ltr'><strong>statu,</strong></span> <span class='ocrx_word' id='word_1_198' title='bbox 2959 1529 3122 1584; x_wconf 91' lang='lat' dir='ltr'><strong>quam</strong></span> <span class='ocrx_word' id='word_1_199' title='bbox 3169 1509 3528 1574; x_wconf 89' lang='lat' dir='ltr'><strong>Paunonum,</strong></span> 
     </span>
    </p>
   </div>
   <div class='ocr_carea' id='block_1_31' title="bbox 1963 1603 3528 1679">
    <p class='ocr_par' dir='ltr' id='par_1_31' title="bbox 1963 1603 3528 1679">
     <span class='ocr_line' id='line_1_31' title="bbox 1963 1603 3528 1679; baseline -0.008 -11"><span class='ocrx_word' id='word_1_200' title='bbox 1963 1622 2147 1668; x_wconf 85' lang='lat' dir='ltr'><strong>erant.</strong></span> <span class='ocrx_word' id='word_1_201' title='bbox 2191 1612 2253 1666; x_wconf 88' lang='lat' dir='ltr'><strong>Et</strong></span> <span class='ocrx_word' id='word_1_202' title='bbox 2285 1611 2504 1679; x_wconf 86' lang='lat' dir='ltr'><strong>quidem</strong></span> <span class='ocrx_word' id='word_1_203' title='bbox 2555 1611 2734 1678; x_wconf 88' lang='lat' dir='ltr'><strong>primo</strong></span> <span class='ocrx_word' id='word_1_204' title='bbox 2780 1609 2869 1663; x_wconf 86' lang='lat' dir='ltr'><strong>die</strong></span> <span class='ocrx_word' id='word_1_205' title='bbox 2922 1607 3080 1661; x_wconf 91' lang='lat' dir='ltr'><strong>multi</strong></span> <span class='ocrx_word' id='word_1_206' title='bbox 3128 1603 3418 1658; x_wconf 85' lang='lat' dir='ltr'><strong>Panuoues</strong></span> <span class='ocrx_word' id='word_1_207' title='bbox 3472 1603 3528 1658; x_wconf 89' lang='lat' dir='ltr'><strong>in</strong></span> 
     </span>
    </p>
   </div>
   <div class='ocr_carea' id='block_1_32' title="bbox 1961 1695 3531 1775">
    <p class='ocr_par' dir='ltr' id='par_1_32' title="bbox 1961 1695 3531 1775">
     <span class='ocr_line' id='line_1_32' title="bbox 1961 1695 3531 1775; baseline -0.007 -16"><span class='ocrx_word' id='word_1_208' title='bbox 1961 1721 2137 1775; x_wconf 87' lang='lat' dir='ltr'><strong>pugna</strong></span> <span class='ocrx_word' id='word_1_209' title='bbox 2181 1703 2470 1766; x_wconf 68' lang='lat' dir='ltr'><strong>cadebant,</strong></span> <span class='ocrx_word' id='word_1_210' title='bbox 2523 1716 2737 1755; x_wconf 73' lang='lat' dir='ltr'><strong>necnon</strong></span> <span class='ocrx_word' id='word_1_211' title='bbox 2796 1698 3017 1768; x_wconf 86' lang='lat' dir='ltr'><strong>plurimi</strong></span> <span class='ocrx_word' id='word_1_212' title='bbox 3073 1696 3237 1751; x_wconf 77' lang='lat' dir='ltr'><strong>Turci</strong></span> <span class='ocrx_word' id='word_1_213' title='bbox 3292 1695 3531 1750; x_wconf 86' lang='lat' dir='ltr'><strong>trucida-</strong></span> 
     </span>
    </p>
   </div>
   <div class='ocr_carea' id='block_1_33' title="bbox 1961 1789 3531 1857">
    <p class='ocr_par' dir='ltr' id='par_1_33' title="bbox 1961 1789 3531 1857">
     <span class='ocr_line' id='line_1_33' title="bbox 1961 1789 3531 1857; baseline -0.009 -4"><span class='ocrx_word' id='word_1_214' title='bbox 1961 1802 2161 1853; x_wconf 86' lang='lat' dir='ltr'><strong>bantur</strong></span> <span class='ocrx_word' id='word_1_215' title='bbox 2187 1811 2216 1850; x_wconf 90' lang='lat' dir='ltr'><strong>a</strong></span> <span class='ocrx_word' id='word_1_216' title='bbox 2247 1794 2624 1849; x_wconf 89' lang='lat' dir='ltr'><strong>Pannonibus.</strong></span> <span class='ocrx_word' id='word_1_217' title='bbox 2653 1792 2757 1846; x_wconf 90' lang='lat' dir='ltr'><strong>Per</strong></span> <span class='ocrx_word' id='word_1_218' title='bbox 2787 1803 2958 1844; x_wconf 89' lang='lat' dir='ltr'><strong>totum</strong></span> <span class='ocrx_word' id='word_1_219' title='bbox 2996 1790 3160 1845; x_wconf 89' lang='lat' dir='ltr'><strong>istum</strong></span> <span class='ocrx_word' id='word_1_220' title='bbox 3201 1789 3348 1842; x_wconf 87' lang='lat' dir='ltr'><strong>diem</strong></span> <span class='ocrx_word' id='word_1_221' title='bbox 3370 1801 3531 1857; x_wconf 82' lang='lat' dir='ltr'><strong>aequo</strong></span> 
     </span>
    </p>
   </div>
   <div class='ocr_carea' id='block_1_34' title="bbox 276 1881 1848 1957">
    <p class='ocr_par' dir='ltr' id='par_1_34' title="bbox 276 1881 1848 1956">
     <span class='ocr_line' id='line_1_34' title="bbox 276 1881 1848 1956; baseline 0.003 -21"><span class='ocrx_word' id='word_1_222' title='bbox 276 1882 662 1954; x_wconf 71' lang='grc' dir='ltr'>στρατοπέδων</span> <span class='ocrx_word' id='word_1_223' title='bbox 691 1883 1148 1955; x_wconf 80' lang='grc' dir='ltr'>ἀναχωρήσαντες</span> <span class='ocrx_word' id='word_1_224' title='bbox 1169 1881 1216 1917; x_wconf 80' lang='lat'><strong>”</strong></span> <span class='ocrx_word' id='word_1_225' title='bbox 1245 1885 1521 1956; x_wconf 72' lang='grc' dir='ltr'>ἑκάτεροι,</span> <span class='ocrx_word' id='word_1_226' title='bbox 1555 1887 1848 1941; x_wconf 75' lang='grc' dir='ltr'>ἀνεπαύον-</span> 
     </span>
    </p>
   </div>
   <div class='ocr_carea' id='block_1_35' title="bbox 1953 1881 3533 1957">
    <p class='ocr_par' dir='ltr' id='par_1_35' title="bbox 1963 1881 3533 1957">
     <span class='ocr_line' id='line_1_35' title="bbox 1963 1881 3533 1957; baseline -0.008 -14"><span class='ocrx_word' id='word_1_227' title='bbox 1963 1890 2228 1957; x_wconf 88' lang='lat' dir='ltr'><strong>utrinque</strong></span> <span class='ocrx_word' id='word_1_228' title='bbox 2263 1897 2438 1941; x_wconf 89' lang='lat' dir='ltr'><strong>marte</strong></span> <span class='ocrx_word' id='word_1_229' title='bbox 2477 1895 2778 1957; x_wconf 89' lang='lat' dir='ltr'><strong>pugnatum</strong></span> <span class='ocrx_word' id='word_1_230' title='bbox 2808 1892 2914 1938; x_wconf 90' lang='lat' dir='ltr'><strong>est.</strong></span> <span class='ocrx_word' id='word_1_231' title='bbox 2947 1881 3186 1951; x_wconf 83' lang='lat' dir='ltr'><strong>Vespera</strong></span> <span class='ocrx_word' id='word_1_232' title='bbox 3217 1893 3398 1935; x_wconf 82' lang='lat' dir='ltr'><strong>autem</strong></span> <span class='ocrx_word' id='word_1_233' title='bbox 3431 1894 3533 1948; x_wconf 86' lang='lat' dir='ltr'><strong>ap-</strong></span> 
     </span>
    </p>
   </div>
   <div class='ocr_carea' id='block_1_36' title="bbox 269 1974 1854 2049">
    <p class='ocr_par' dir='ltr' id='par_1_36' title="bbox 269 1974 1854 2049">
     <span class='ocr_line' id='line_1_36' title="bbox 269 1974 1854 2049; baseline 0.003 -22"><span class='ocrx_word' id='word_1_234' title='bbox 269 1991 362 2031; x_wconf 82' lang='grc' dir='ltr'><strong>το.</strong></span> <span class='ocrx_word' id='word_1_235' title='bbox 394 1975 628 2039; x_wconf 79' lang='grc' dir='ltr'>Παίονες</span> <span class='ocrx_word' id='word_1_236' title='bbox 657 1975 758 2045; x_wconf 68' lang='grc' dir='ltr'>μιν</span> <span class='ocrx_word' id='word_1_237' title='bbox 800 1974 897 2030; x_wconf 77' lang='grc' dir='ltr'>οὖν</span> <span class='ocrx_word' id='word_1_238' title='bbox 929 1977 1169 2047; x_wconf 84' lang='grc' dir='ltr'>οίόμενοι</span> <span class='ocrx_word' id='word_1_239' title='bbox 1193 1979 1318 2041; x_wconf 79' lang='grc' dir='ltr'>τοὺς</span> <span class='ocrx_word' id='word_1_240' title='bbox 1349 1977 1628 2049; x_wconf 83' lang='grc' dir='ltr'>Τούρκους</span> <span class='ocrx_word' id='word_1_241' title='bbox 1660 1979 1854 2042; x_wconf 77' lang='grc' dir='ltr'>νυκτὸς</span> 
     </span>
    </p>
   </div>
   <div class='ocr_carea' id='block_1_37' title="bbox 265 2067 1849 2138">
    <p class='ocr_par' dir='ltr' id='par_1_37' title="bbox 265 2067 1849 2138">
     <span class='ocr_line' id='line_1_37' title="bbox 265 2067 1849 2138; baseline 0.001 -17"><span class='ocrx_word' id='word_1_242' title='bbox 265 2067 601 2136; x_wconf 82' lang='grc' dir='ltr'>οἰχήσεσθαι</span> <span class='ocrx_word' id='word_1_243' title='bbox 636 2067 923 2131; x_wconf 86' lang='grc' dir='ltr'>ἀπιόντας,</span> <span class='ocrx_word' id='word_1_244' title='bbox 953 2068 1047 2122; x_wconf 72' lang='grc' dir='ltr'><strong>καὶ</strong></span> <span class='ocrx_word' id='word_1_245' title='bbox 1069 2069 1128 2122; x_wconf 84' lang='grc' dir='ltr'>οὐ</span> <span class='ocrx_word' id='word_1_246' title='bbox 1169 2069 1468 2138; x_wconf 82' lang='grc' dir='ltr'>μενοῦντας</span> <span class='ocrx_word' id='word_1_247' title='bbox 1501 2070 1558 2122; x_wconf 76' lang='grc' dir='ltr'>ἐν</span> <span class='ocrx_word' id='word_1_248' title='bbox 1578 2071 1642 2138; x_wconf 75' lang='grc' dir='ltr'>τῇ</span> <span class='ocrx_word' id='word_1_249' title='bbox 1678 2068 1849 2133; x_wconf 83' lang='grc' dir='ltr'>τάξει.</span> 
     </span>
    </p>
   </div>
   <div class='ocr_carea' id='block_1_38' title="bbox 271 2155 1851 2232">
    <p class='ocr_par' dir='ltr' id='par_1_38' title="bbox 271 2155 1851 2232">
     <span class='ocr_line' id='line_1_38' title="bbox 271 2155 1851 2232; baseline -0.001 -19"><span class='ocrx_word' id='word_1_250' title='bbox 271 2162 392 2215; x_wconf 68' lang='grc' dir='ltr'><strong>Καὶ</strong></span> <span class='ocrx_word' id='word_1_251' title='bbox 429 2159 780 2230; x_wconf 76' lang='grc' dir='ltr'>ἱπποδρόμων</span> <span class='ocrx_word' id='word_1_252' title='bbox 823 2159 924 2230; x_wconf 84' lang='grc' dir='ltr'>μὲν</span> <span class='ocrx_word' id='word_1_253' title='bbox 958 2161 1059 2213; x_wconf 83' lang='grc' dir='ltr'>οὑκ</span> <span class='ocrx_word' id='word_1_254' title='bbox 1109 2158 1278 2229; x_wconf 78' lang='grc' dir='ltr'>ὀλίγοι</span> <span class='ocrx_word' id='word_1_255' title='bbox 1334 2159 1618 2232; x_wconf 76' lang='grc' dir='ltr'>ἀπῄεσανο</span> <span class='ocrx_word' id='word_1_256' title='bbox 1647 2160 1770 2212; x_wconf 74' lang='grc' dir='ltr'>ἐπεὶ</span> <span class='ocrx_word' id='word_1_257' title='bbox 1796 2155 1851 2213; x_wconf 61' lang='grc' dir='ltr'><strong>ϐξ</strong></span> 
     </span>
    </p>
   </div>
   <div class='ocr_carea' id='block_1_39' title="bbox 280 2250 1852 2322">
    <p class='ocr_par' dir='ltr' id='par_1_39' title="bbox 280 2250 1852 2322">
     <span class='ocr_line' id='line_1_39' title="bbox 280 2250 1852 2322; baseline 0.001 -17"><span class='ocrx_word' id='word_1_258' title='bbox 280 2253 418 2315; x_wconf 77' lang='grc' dir='ltr'>τοὺς</span> <span class='ocrx_word' id='word_1_259' title='bbox 447 2251 783 2322; x_wconf 75' lang='grc' dir='ltr'>Τριϐαλλοὺς</span> <span class='ocrx_word' id='word_1_260' title='bbox 833 2250 1095 2322; x_wconf 72' lang='grc' dir='ltr'>εὕρισκον</span> <span class='ocrx_word' id='word_1_261' title='bbox 1149 2253 1212 2306; x_wconf 77' lang='grc' dir='ltr'>ἐν</span> <span class='ocrx_word' id='word_1_262' title='bbox 1261 2254 1376 2316; x_wconf 81' lang='grc' dir='ltr'>τοῖς</span> <span class='ocrx_word' id='word_1_263' title='bbox 1408 2252 1614 2316; x_wconf 78' lang='grc' dir='ltr'>στενοῖς</span> <span class='ocrx_word' id='word_1_264' title='bbox 1660 2250 1852 2321; x_wconf 68' lang='grc' dir='ltr'>ἐπιμέ-</span> 
     </span>
    </p>
   </div>
   <div class='ocr_carea' id='block_1_40' title="bbox 286 2338 1854 2414">
    <p class='ocr_par' dir='ltr' id='par_1_40' title="bbox 286 2338 1854 2414">
     <span class='ocr_line' id='line_1_40' title="bbox 286 2338 1854 2414; baseline -0.001 -18"><span class='ocrx_word' id='word_1_265' title='bbox 286 2359 507 2409; x_wconf 85' lang='grc' dir='ltr'>νοντας,</span> <span class='ocrx_word' id='word_1_266' title='bbox 537 2338 686 2406; x_wconf 76' lang='grc' dir='ltr'>αὗθις</span> <span class='ocrx_word' id='word_1_267' title='bbox 718 2341 1025 2414; x_wconf 75' lang='grc' dir='ltr'>ἐπανῄεσαν</span> <span class='ocrx_word' id='word_1_268' title='bbox 1060 2343 1151 2395; x_wconf 76' lang='grc' dir='ltr'><strong>ἐπὶ</strong></span> <span class='ocrx_word' id='word_1_269' title='bbox 1203 2342 1266 2396; x_wconf 80' lang='grc' dir='ltr'>τὸ</span> <span class='ocrx_word' id='word_1_270' title='bbox 1311 2341 1699 2412; x_wconf 85' lang='grc' dir='ltr'>στρατόπεδον.</span> <span class='ocrx_word' id='word_1_271' title='bbox 1741 2341 1854 2395; x_wconf 75' lang='grc' dir='ltr'><strong>Καὶ</strong></span> 
     </span>
    </p>
   </div>
   <div class='ocr_carea' id='block_1_41' title="bbox 287 2433 1850 2506">
    <p class='ocr_par' dir='ltr' id='par_1_41' title="bbox 287 2433 1850 2506">
     <span class='ocr_line' id='line_1_41' title="bbox 287 2433 1850 2506; baseline -0.004 -16"><span class='ocrx_word' id='word_1_272' title='bbox 287 2437 518 2498; x_wconf 82' lang='grc' dir='ltr'>Παίονες</span> <span class='ocrx_word' id='word_1_273' title='bbox 547 2436 642 2504; x_wconf 82' lang='grc' dir='ltr'>μὲν</span> <span class='ocrx_word' id='word_1_274' title='bbox 666 2434 812 2489; x_wconf 79' lang='grc' dir='ltr'>οὕτω</span> <span class='ocrx_word' id='word_1_275' title='bbox 846 2433 1101 2504; x_wconf 70' lang='grc' dir='ltr'>ἐνόμιζον</span> <span class='ocrx_word' id='word_1_276' title='bbox 1128 2436 1195 2504; x_wconf 73' lang='grc' dir='ltr'><strong>τῇ</strong></span> <span class='ocrx_word' id='word_1_277' title='bbox 1226 2434 1492 2506; x_wconf 81' lang='grc' dir='ltr'>ὑστεραίᾳ</span> <span class='ocrx_word' id='word_1_278' title='bbox 1523 2433 1716 2504; x_wconf 86' lang='grc' dir='ltr'>βραχεῖ</span> <span class='ocrx_word' id='word_1_279' title='bbox 1743 2448 1850 2485; x_wconf 84' lang='grc' dir='ltr'>τινι</span> 
     </span>
    </p>
   </div>
   <div class='ocr_carea' id='block_1_42' title="bbox 282 2525 1849 2599">
    <p class='ocr_par' dir='ltr' id='par_1_42' title="bbox 282 2525 1849 2599">
     <span class='ocr_line' id='line_1_42' title="bbox 282 2525 1849 2599; baseline -0.001 -19"><span class='ocrx_word' id='word_1_280' title='bbox 282 2529 470 2599; x_wconf 80' lang='grc' dir='ltr'>μυρίῳ</span> <span class='ocrx_word' id='word_1_281' title='bbox 516 2529 612 2582; x_wconf 79' lang='grc' dir='ltr'><strong>τοῦ</strong></span> <span class='ocrx_word' id='word_1_282' title='bbox 665 2527 901 2599; x_wconf 79' lang='grc' dir='ltr'>στρατοῦ</span> <span class='ocrx_word' id='word_1_283' title='bbox 952 2527 1352 2593; x_wconf 79' lang='grc' dir='ltr'>ἀντιτάξασθαι</span> <span class='ocrx_word' id='word_1_284' title='bbox 1379 2565 1394 2591; x_wconf 89' lang='grc'><strong>,</strong></span> <span class='ocrx_word' id='word_1_285' title='bbox 1423 2527 1500 2590; x_wconf 79' lang='grc' dir='ltr'><strong>ὡς</strong></span> <span class='ocrx_word' id='word_1_286' title='bbox 1530 2527 1639 2580; x_wconf 82' lang='grc' dir='ltr'><strong>τῶν</strong></span> <span class='ocrx_word' id='word_1_287' title='bbox 1668 2525 1849 2580; x_wconf 75' lang='grc' dir='ltr'>ἄλλων</span> 
     </span>
    </p>
   </div>
   <div class='ocr_carea' id='block_1_43' title="bbox 270 2619 1846 2692">
    <p class='ocr_par' dir='ltr' id='par_1_43' title="bbox 270 2619 1846 2692">
     <span class='ocr_line' id='line_1_43' title="bbox 270 2619 1846 2692; baseline 0 -18"><span class='ocrx_word' id='word_1_288' title='bbox 270 2622 679 2692; x_wconf 80' lang='grc' dir='ltr'>οίχησομένων,</span> <span class='ocrx_word' id='word_1_289' title='bbox 713 2622 807 2675; x_wconf 77' lang='grc' dir='ltr'><strong>καὶ</strong></span> <span class='ocrx_word' id='word_1_290' title='bbox 834 2621 897 2675; x_wconf 85' lang='grc' dir='ltr'><strong>οὑ</strong></span> <span class='ocrx_word' id='word_1_291' title='bbox 932 2621 1260 2691; x_wconf 81' lang='grc' dir='ltr'>μενοὺντων,</span> <span class='ocrx_word' id='word_1_292' title='bbox 1287 2620 1382 2674; x_wconf 83' lang='grc' dir='ltr'><strong>καὶ</strong></span> <span class='ocrx_word' id='word_1_293' title='bbox 1425 2619 1566 2674; x_wconf 77' lang='grc' dir='ltr'>οὕτω</span> <span class='ocrx_word' id='word_1_294' title='bbox 1594 2619 1658 2691; x_wconf 82' lang='grc' dir='ltr'>δὴ</span> <span class='ocrx_word' id='word_1_295' title='bbox 1691 2636 1846 2690; x_wconf 86' lang='grc' dir='ltr'>περι-</span> 
     </span>
    </p>
   </div>
   <div class='ocr_carea' id='block_1_44' title="bbox 269 2713 1844 2786">
    <p class='ocr_par' dir='ltr' id='par_1_44' title="bbox 269 2713 1844 2786">
     <span class='ocr_line' id='line_1_44' title="bbox 269 2713 1844 2786; baseline -0.001 -18"><span class='ocrx_word' id='word_1_296' title='bbox 269 2716 625 2784; x_wconf 64' lang='grc' dir='ltr'>γενομένους,</span> <span class='ocrx_word' id='word_1_297' title='bbox 663 2715 914 2786; x_wconf 76' lang='grc' dir='ltr'>αἱρήσειν</span> <span class='ocrx_word' id='word_1_298' title='bbox 959 2715 1156 2768; x_wconf 80' lang='grc' dir='ltr'>αὐτίκα</span> <span class='ocrx_word' id='word_1_299' title='bbox 1197 2715 1296 2779; x_wconf 80' lang='grc' dir='ltr'>τὰς</span> <span class='ocrx_word' id='word_1_300' title='bbox 1341 2713 1605 2784; x_wconf 81' lang='grc' dir='ltr'>βασιλέως</span> <span class='ocrx_word' id='word_1_301' title='bbox 1653 2713 1844 2784; x_wconf 84' lang='grc' dir='ltr'>θύρας.</span> 
     </span>
    </p>
   </div>
   <div class='ocr_carea' id='block_1_45' title="bbox 269 2803 1847 2876">
    <p class='ocr_par' dir='ltr' id='par_1_45' title="bbox 269 2803 1847 2876">
     <span class='ocr_line' id='line_1_45' title="bbox 269 2803 1847 2876; baseline -0.003 -16"><span class='ocrx_word' id='word_1_302' title='bbox 269 2808 538 2870; x_wconf 80' lang='grc' dir='ltr'>Βασιλεὺς</span> <span class='ocrx_word' id='word_1_303' title='bbox 595 2806 655 2858; x_wconf 67' lang='grc' dir='ltr'>δὲ</span> <span class='ocrx_word' id='word_1_304' title='bbox 701 2807 797 2858; x_wconf 73' lang='grc' dir='ltr'><strong>καὶ</strong></span> <span class='ocrx_word' id='word_1_305' title='bbox 827 2807 877 2860; x_wconf 76' lang='lat' dir='ltr'><strong>oi</strong></span> <span class='ocrx_word' id='word_1_306' title='bbox 917 2804 1151 2875; x_wconf 80' lang='grc' dir='ltr'>Τοῦρκοι</span> <span class='ocrx_word' id='word_1_307' title='bbox 1200 2803 1703 2876; x_wconf 74' lang='grc' dir='ltr'>ἀναθαρσήσαντες,</span> <span class='ocrx_word' id='word_1_308' title='bbox 1746 2803 1847 2856; x_wconf 79' lang='grc' dir='ltr'>οὐκ</span> 
     </span>
    </p>
   </div>
   <div class='ocr_carea' id='block_1_46' title="bbox 267 2895 1846 2968">
    <p class='ocr_par' dir='ltr' id='par_1_46' title="bbox 267 2895 1846 2968">
     <span class='ocr_line' id='line_1_46' title="bbox 267 2895 1846 2968; baseline -0.002 -17"><span class='ocrx_word' id='word_1_309' title='bbox 267 2901 334 2952; x_wconf 80' lang='grc' dir='ltr'>ἐν</span> <span class='ocrx_word' id='word_1_310' title='bbox 379 2897 560 2968; x_wconf 79' lang='grc' dir='ltr'>ὁμοίῳ</span> <span class='ocrx_word' id='word_1_311' title='bbox 605 2897 688 2951; x_wconf 75' lang='grc' dir='ltr'>ιτι</span> <span class='ocrx_word' id='word_1_312' title='bbox 737 2897 850 2951; x_wconf 73' lang='grc' dir='ltr'>δέει</span> <span class='ocrx_word' id='word_1_313' title='bbox 909 2897 1153 2966; x_wconf 67' lang='grc' dir='ltr'>ἐγίνοντο</span> <span class='ocrx_word' id='word_1_314' title='bbox 1203 2897 1348 2966; x_wconf 75' lang='grc' dir='ltr'>ἀμφὶ</span> <span class='ocrx_word' id='word_1_315' title='bbox 1392 2898 1519 2960; x_wconf 77' lang='grc' dir='ltr'>τοὺς</span> <span class='ocrx_word' id='word_1_316' title='bbox 1571 2895 1846 2960; x_wconf 85' lang='grc' dir='ltr'>Παίονας,</span> 
     </span>
    </p>
   </div>
   <div class='ocr_carea' id='block_1_47' title="bbox 269 2987 1848 3062">
    <p class='ocr_par' dir='ltr' id='par_1_47' title="bbox 269 2987 1848 3062">
     <span class='ocr_line' id='line_1_47' title="bbox 269 2987 1848 3062; baseline -0.003 -16"><span class='ocrx_word' id='word_1_317' title='bbox 269 2991 718 3062; x_wconf 77' lang='grc' dir='ltr'>θαρσαλεώτεροι</span> <span class='ocrx_word' id='word_1_318' title='bbox 761 2989 805 3021; x_wconf 80' lang='grc'><strong>⁸⁸</strong></span> <span class='ocrx_word' id='word_1_319' title='bbox 848 2989 893 3044; x_wconf 80' lang='grc' dir='ltr'>δ’</span> <span class='ocrx_word' id='word_1_320' title='bbox 923 2989 1098 3056; x_wconf 75' lang='grc' dir='ltr'>ὅντες,</span> <span class='ocrx_word' id='word_1_321' title='bbox 1131 2987 1631 3060; x_wconf 71' lang='grc' dir='ltr'>παρεσκευάζοντο,</span> <span class='ocrx_word' id='word_1_322' title='bbox 1670 2989 1749 3052; x_wconf 81' lang='grc' dir='ltr'><strong>ὡς</strong></span> <span class='ocrx_word' id='word_1_323' title='bbox 1787 2989 1848 3053; x_wconf 66' lang='grc' dir='ltr'>ἐς</span> 
     </span>
    </p>
   </div>
   <div class='ocr_carea' id='block_1_48' title="bbox 271 3080 1844 3156">
    <p class='ocr_par' dir='ltr' id='par_1_48' title="bbox 271 3080 1844 3156">
     <span class='ocr_line' id='line_1_48' title="bbox 271 3080 1844 3156; baseline 0 -18"><span class='ocrx_word' id='word_1_324' title='bbox 271 3085 374 3156; x_wconf 81' lang='grc' dir='ltr'><strong>τὴν</strong></span> <span class='ocrx_word' id='word_1_325' title='bbox 407 3083 708 3152; x_wconf 80' lang='grc' dir='ltr'>ὑστεραίαν</span> <span class='ocrx_word' id='word_1_326' title='bbox 736 3081 1058 3152; x_wconf 84' lang='grc' dir='ltr'>μαχόμενοι,</span> <span class='ocrx_word' id='word_1_327' title='bbox 1090 3080 1398 3151; x_wconf 77' lang='grc' dir='ltr'>τρέψασθαι</span> <span class='ocrx_word' id='word_1_328' title='bbox 1426 3082 1553 3142; x_wconf 83' lang='grc' dir='ltr'>τοὺς</span> <span class='ocrx_word' id='word_1_329' title='bbox 1583 3080 1844 3144; x_wconf 78' lang='grc' dir='ltr'>Παίονας.</span> 
     </span>
    </p>
   </div>
   <div class='ocr_carea' id='block_1_49' title="bbox 1959 1973 3532 2052">
    <p class='ocr_par' dir='ltr' id='par_1_49' title="bbox 1959 1973 3532 2052">
     <span class='ocr_line' id='line_1_49' title="bbox 1959 1973 3532 2052; baseline -0.01 -13"><span class='ocrx_word' id='word_1_330' title='bbox 1959 1993 2198 2052; x_wconf 87' lang='lat' dir='ltr'><strong>petente,</strong></span> <span class='ocrx_word' id='word_1_331' title='bbox 2255 1983 2628 2049; x_wconf 86' lang='lat' dir='ltr'><strong>relinquentes</strong></span> <span class='ocrx_word' id='word_1_332' title='bbox 2671 1978 2939 2048; x_wconf 65' lang='lat' dir='ltr'><strong>praalimn,</strong></span> <span class='ocrx_word' id='word_1_333' title='bbox 2977 1985 3207 2045; x_wconf 88' lang='lat' dir='ltr'><strong>uterque</strong></span> <span class='ocrx_word' id='word_1_334' title='bbox 3258 1973 3532 2028; x_wconf 84' lang='lat' dir='ltr'><strong>exercitus</strong></span> 
     </span>
    </p>
   </div>
   <div class='ocr_carea' id='block_1_50' title="bbox 1957 2064 3527 2137">
    <p class='ocr_par' dir='ltr' id='par_1_50' title="bbox 1957 2064 3527 2137">
     <span class='ocr_line' id='line_1_50' title="bbox 1957 2064 3527 2137; baseline -0.003 -14"><span class='ocrx_word' id='word_1_335' title='bbox 1957 2071 2013 2124; x_wconf 91' lang='lat' dir='ltr'><strong>in</strong></span> <span class='ocrx_word' id='word_1_336' title='bbox 2051 2085 2150 2124; x_wconf 91' lang='lat' dir='ltr'><strong>sua</strong></span> <span class='ocrx_word' id='word_1_337' title='bbox 2183 2081 2365 2125; x_wconf 83' lang='lat' dir='ltr'><strong>castra</strong></span> <span class='ocrx_word' id='word_1_338' title='bbox 2419 2068 2804 2137; x_wconf 83' lang='lat' dir='ltr'><strong>colligebatur,</strong></span> <span class='ocrx_word' id='word_1_339' title='bbox 2857 2067 3141 2136; x_wconf 82' lang='lat' dir='ltr'><strong>quietique</strong></span> <span class='ocrx_word' id='word_1_340' title='bbox 3191 2079 3251 2119; x_wconf 87' lang='lat' dir='ltr'><strong>se</strong></span> <span class='ocrx_word' id='word_1_341' title='bbox 3300 2064 3527 2118; x_wconf 85' lang='lat' dir='ltr'><strong>dabant.</strong></span> 
     </span>
    </p>
   </div>
   <div class='ocr_carea' id='block_1_51' title="bbox 1956 2154 3528 2228">
    <p class='ocr_par' dir='ltr' id='par_1_51' title="bbox 1956 2154 3528 2228">
     <span class='ocr_line' id='line_1_51' title="bbox 1956 2154 3528 2228; baseline -0.008 -12"><span class='ocrx_word' id='word_1_342' title='bbox 1956 2162 2250 2217; x_wconf 83' lang='lat' dir='ltr'><strong>Pannones</strong></span> <span class='ocrx_word' id='word_1_343' title='bbox 2308 2161 2575 2228; x_wconf 90' lang='lat' dir='ltr'><strong>putabant</strong></span> <span class='ocrx_word' id='word_1_344' title='bbox 2627 2157 2841 2212; x_wconf 85' lang='lat' dir='ltr'><strong>&#39;l‘urcos</strong></span> <span class='ocrx_word' id='word_1_345' title='bbox 2897 2166 3061 2209; x_wconf 87' lang='lat' dir='ltr'><strong>noctu</strong></span> <span class='ocrx_word' id='word_1_346' title='bbox 3113 2154 3361 2208; x_wconf 85' lang='lat' dir='ltr'><strong>abituros</strong></span> <span class='ocrx_word' id='word_1_347' title='bbox 3423 2166 3528 2206; x_wconf 89' lang='lat' dir='ltr'><strong>nec</strong></span> 
     </span>
    </p>
   </div>
   <div class='ocr_carea' id='block_1_52' title="bbox 1957 2244 3525 2325">
    <p class='ocr_par' dir='ltr' id='par_1_52' title="bbox 1957 2244 3525 2325">
     <span class='ocr_line' id='line_1_52' title="bbox 1957 2244 3525 2325; baseline -0.008 -16"><span class='ocrx_word' id='word_1_348' title='bbox 1957 2253 2194 2325; x_wconf 85' lang='lat' dir='ltr'><strong>amplius</strong></span> <span class='ocrx_word' id='word_1_349' title='bbox 2249 2253 2301 2306; x_wconf 93' lang='lat' dir='ltr'><strong>in</strong></span> <span class='ocrx_word' id='word_1_350' title='bbox 2337 2251 2541 2305; x_wconf 83' lang='lat' dir='ltr'><strong>castris</strong></span> <span class='ocrx_word' id='word_1_351' title='bbox 2592 2262 2902 2303; x_wconf 87' lang='lat' dir='ltr'><strong>mansuros.</strong></span> <span class='ocrx_word' id='word_1_352' title='bbox 2959 2245 3024 2298; x_wconf 86' lang='lat' dir='ltr'><strong>Et</strong></span> <span class='ocrx_word' id='word_1_353' title='bbox 3060 2246 3280 2316; x_wconf 84' lang='lat' dir='ltr'><strong>equites</strong></span> <span class='ocrx_word' id='word_1_354' title='bbox 3305 2244 3525 2314; x_wconf 89' lang='lat' dir='ltr'><strong>quidem</strong></span> 
     </span>
    </p>
   </div>
   <div class='ocr_carea' id='block_1_53' title="bbox 1959 2335 3530 2416">
    <p class='ocr_par' dir='ltr' id='par_1_53' title="bbox 1959 2335 3530 2416">
     <span class='ocr_line' id='line_1_53' title="bbox 1959 2335 3530 2416; baseline -0.009 -14"><span class='ocrx_word' id='word_1_355' title='bbox 1959 2363 2070 2402; x_wconf 86' lang='lat' dir='ltr'><strong>non</strong></span> <span class='ocrx_word' id='word_1_356' title='bbox 2098 2345 2264 2416; x_wconf 88' lang='lat' dir='ltr'><strong>pauci</strong></span> <span class='ocrx_word' id='word_1_357' title='bbox 2297 2345 2410 2415; x_wconf 87' lang='lat' dir='ltr'><strong>jam</strong></span> <span class='ocrx_word' id='word_1_358' title='bbox 2453 2343 2848 2397; x_wconf 84' lang='lat' dir='ltr'><strong>discesserant.</strong></span> <span class='ocrx_word' id='word_1_359' title='bbox 2891 2335 2993 2392; x_wconf 90' lang='lat' dir='ltr'><strong>Ubi</strong></span> <span class='ocrx_word' id='word_1_360' title='bbox 3045 2347 3226 2392; x_wconf 89' lang='lat' dir='ltr'><strong>autem</strong></span> <span class='ocrx_word' id='word_1_361' title='bbox 3259 2336 3530 2390; x_wconf 82' lang='lat' dir='ltr'><strong>Triballos</strong></span> 
     </span>
    </p>
   </div>
   <div class='ocr_carea' id='block_1_54' title="bbox 1961 2428 3530 2508">
    <p class='ocr_par' dir='ltr' id='par_1_54' title="bbox 1961 2428 3530 2508">
     <span class='ocr_line' id='line_1_54' title="bbox 1961 2428 3530 2508; baseline -0.01 -16"><span class='ocrx_word' id='word_1_362' title='bbox 1961 2438 2224 2493; x_wconf 85' lang='lat' dir='ltr'><strong>invenere</strong></span> <span class='ocrx_word' id='word_1_363' title='bbox 2256 2443 2644 2508; x_wconf 80' lang='lat' dir='ltr'><strong>exspectantes</strong></span> <span class='ocrx_word' id='word_1_364' title='bbox 2687 2433 2740 2486; x_wconf 92' lang='lat' dir='ltr'><strong>in</strong></span> <span class='ocrx_word' id='word_1_365' title='bbox 2774 2431 3046 2498; x_wconf 82' lang='lat' dir='ltr'><strong>angustiis</strong></span> <span class='ocrx_word' id='word_1_366' title='bbox 3082 2431 3292 2483; x_wconf 84' lang='lat' dir='ltr'><strong>hostem</strong></span> <span class='ocrx_word' id='word_1_367' title='bbox 3321 2428 3530 2481; x_wconf 90' lang='lat' dir='ltr'><strong>abeun-</strong></span> 
     </span>
    </p>
   </div>
   <div class='ocr_carea' id='block_1_55' title="bbox 1960 2519 3528 2597">
    <p class='ocr_par' dir='ltr' id='par_1_55' title="bbox 1960 2519 3528 2597">
     <span class='ocr_line' id='line_1_55' title="bbox 1960 2519 3528 2597; baseline -0.01 -11"><span class='ocrx_word' id='word_1_368' title='bbox 1960 2543 2091 2597; x_wconf 88' lang='lat' dir='ltr'><strong>tem,</strong></span> <span class='ocrx_word' id='word_1_369' title='bbox 2127 2531 2183 2585; x_wconf 88' lang='lat' dir='ltr'><strong>in</strong></span> <span class='ocrx_word' id='word_1_370' title='bbox 2211 2537 2396 2584; x_wconf 82' lang='lat' dir='ltr'><strong>castra</strong></span> <span class='ocrx_word' id='word_1_371' title='bbox 2431 2527 2738 2582; x_wconf 76' lang='lat' dir='ltr'><strong>redierunt.</strong></span> <span class='ocrx_word' id='word_1_372' title='bbox 2776 2524 3066 2578; x_wconf 84' lang='lat' dir='ltr'><strong>Panuones</strong></span> <span class='ocrx_word' id='word_1_373' title='bbox 3113 2521 3334 2592; x_wconf 76' lang='lat' dir='ltr'><strong>Quidem</strong></span> <span class='ocrx_word' id='word_1_374' title='bbox 3380 2519 3528 2571; x_wconf 80' lang='lat' dir='ltr'><strong>arbi-</strong></span> 
     </span>
    </p>
   </div>
   <div class='ocr_carea' id='block_1_56' title="bbox 1957 2611 3528 2686">
    <p class='ocr_par' dir='ltr' id='par_1_56' title="bbox 1957 2611 3528 2686">
     <span class='ocr_line' id='line_1_56' title="bbox 1957 2611 3528 2686; baseline -0.01 -5"><span class='ocrx_word' id='word_1_375' title='bbox 1957 2627 2246 2681; x_wconf 89' lang='lat' dir='ltr'><strong>trabantur</strong></span> <span class='ocrx_word' id='word_1_376' title='bbox 2275 2639 2334 2678; x_wconf 89' lang='lat' dir='ltr'><strong>se</strong></span> <span class='ocrx_word' id='word_1_377' title='bbox 2359 2623 2446 2676; x_wconf 88' lang='lat' dir='ltr'><strong>die</strong></span> <span class='ocrx_word' id='word_1_378' title='bbox 2477 2621 2721 2676; x_wconf 88' lang='lat' dir='ltr'><strong>crastino</strong></span> <span class='ocrx_word' id='word_1_379' title='bbox 2753 2633 2876 2673; x_wconf 90' lang='lat' dir='ltr'><strong>cum</strong></span> <span class='ocrx_word' id='word_1_380' title='bbox 2908 2631 3075 2686; x_wconf 88' lang='lat' dir='ltr'><strong>parva</strong></span> <span class='ocrx_word' id='word_1_381' title='bbox 3117 2614 3334 2668; x_wconf 85' lang='lat' dir='ltr'><strong>hostilis</strong></span> <span class='ocrx_word' id='word_1_382' title='bbox 3370 2611 3528 2680; x_wconf 78' lang='lat'><strong>192</strong></span> 
     </span>
    </p>
   </div>
   <div class='ocr_carea' id='block_1_57' title="bbox 1956 2704 3528 2781">
    <p class='ocr_par' dir='ltr' id='par_1_57' title="bbox 1956 2704 3528 2781">
     <span class='ocr_line' id='line_1_57' title="bbox 1956 2704 3528 2781; baseline -0.011 -8"><span class='ocrx_word' id='word_1_383' title='bbox 1956 2716 2238 2774; x_wconf 87' lang='lat' dir='ltr'><strong>exercitus</strong></span> <span class='ocrx_word' id='word_1_384' title='bbox 2277 2729 2439 2768; x_wconf 88' lang='lat' dir='ltr'><strong>manu</strong></span> <span class='ocrx_word' id='word_1_385' title='bbox 2479 2724 2903 2781; x_wconf 83' lang='lat' dir='ltr'><strong>congressuros,</strong></span> <span class='ocrx_word' id='word_1_386' title='bbox 2945 2706 3099 2778; x_wconf 84' lang='lat' dir='ltr'><strong>quasi</strong></span> <span class='ocrx_word' id='word_1_387' title='bbox 3150 2706 3332 2759; x_wconf 71' lang='lat' dir='ltr'><strong>caeteri</strong></span> <span class='ocrx_word' id='word_1_388' title='bbox 3362 2704 3528 2757; x_wconf 72' lang='lat' dir='ltr'><strong>ditiu-</strong></span> 
     </span>
    </p>
   </div>
   <div class='ocr_carea' id='block_1_58' title="bbox 1957 2797 3528 2881">
    <p class='ocr_par' dir='ltr' id='par_1_58' title="bbox 1957 2797 3528 2881">
     <span class='ocr_line' id='line_1_58' title="bbox 1957 2797 3528 2881; baseline -0.013 -14"><span class='ocrx_word' id='word_1_389' title='bbox 1957 2811 2189 2881; x_wconf 77' lang='lat' dir='ltr'><strong>gissent,</strong></span> <span class='ocrx_word' id='word_1_390' title='bbox 2224 2822 2332 2862; x_wconf 94' lang='lat' dir='ltr'><strong>non</strong></span> <span class='ocrx_word' id='word_1_391' title='bbox 2367 2812 2752 2874; x_wconf 77' lang='lat' dir='ltr'><strong>exspectantes</strong></span> <span class='ocrx_word' id='word_1_392' title='bbox 2782 2804 2994 2856; x_wconf 88' lang='lat' dir='ltr'><strong>hostem</strong></span> <span class='ocrx_word' id='word_1_393' title='bbox 3035 2815 3051 2852; x_wconf 88' lang='lat'><strong>:</strong></span> <span class='ocrx_word' id='word_1_394' title='bbox 3089 2807 3144 2853; x_wconf 89' lang='lat' dir='ltr'><strong>ct</strong></span> <span class='ocrx_word' id='word_1_395' title='bbox 3176 2797 3256 2851; x_wconf 93' lang='lat' dir='ltr'><strong>sic</strong></span> <span class='ocrx_word' id='word_1_396' title='bbox 3301 2797 3528 2849; x_wconf 82' lang='lat' dir='ltr'><strong>victoria</strong></span> 
     </span>
    </p>
   </div>
   <div class='ocr_carea' id='block_1_59' title="bbox 1963 2883 3526 2974">
    <p class='ocr_par' dir='ltr' id='par_1_59' title="bbox 1963 2883 3526 2974">
     <span class='ocr_line' id='line_1_59' title="bbox 1963 2883 3526 2974; baseline -0.012 -19"><span class='ocrx_word' id='word_1_397' title='bbox 1963 2900 2123 2974; x_wconf 76' lang='lat' dir='ltr'><strong>facile</strong></span> <span class='ocrx_word' id='word_1_398' title='bbox 2147 2899 2444 2968; x_wconf 88' lang='lat' dir='ltr'><strong>potituros,</strong></span> <span class='ocrx_word' id='word_1_399' title='bbox 2465 2895 2723 2965; x_wconf 83' lang='lat' dir='ltr'><strong>regisque</strong></span> <span class='ocrx_word' id='word_1_400' title='bbox 2759 2893 2960 2962; x_wconf 70' lang='lat' dir='ltr'><strong>ianuas</strong></span> <span class='ocrx_word' id='word_1_401' title='bbox 2992 2888 3388 2944; x_wconf 86' lang='lat' dir='ltr'><strong>debellaturos.</strong></span> <span class='ocrx_word' id='word_1_402' title='bbox 3413 2883 3526 2938; x_wconf 81' lang='lat' dir='ltr'><strong>Rex</strong></span> 
     </span>
    </p>
   </div>
   <div class='ocr_carea' id='block_1_60' title="bbox 1957 2978 3529 3052">
    <p class='ocr_par' dir='ltr' id='par_1_60' title="bbox 1957 2978 3529 3052">
     <span class='ocr_line' id='line_1_60' title="bbox 1957 2978 3529 3052; baseline -0.011 -4"><span class='ocrx_word' id='word_1_403' title='bbox 1957 3009 2088 3048; x_wconf 90' lang='lat' dir='ltr'><strong>vero</strong></span> <span class='ocrx_word' id='word_1_404' title='bbox 2144 2995 2437 3045; x_wconf 78' lang='lat' dir='ltr'><strong>Amurates</strong></span> <span class='ocrx_word' id='word_1_405' title='bbox 2485 2999 2541 3044; x_wconf 89' lang='lat' dir='ltr'><strong>et</strong></span> <span class='ocrx_word' id='word_1_406' title='bbox 2590 2985 2758 3040; x_wconf 87' lang='lat' dir='ltr'><strong>Turci</strong></span> <span class='ocrx_word' id='word_1_407' title='bbox 2810 2985 3025 3052; x_wconf 89' lang='lat' dir='ltr'><strong>seipsos</strong></span> <span class='ocrx_word' id='word_1_408' title='bbox 3085 2978 3480 3035; x_wconf 85' lang='lat' dir='ltr'><strong>confirmantcs</strong></span> <span class='ocrx_word' id='word_1_409' title='bbox 3509 3012 3529 3040; x_wconf 90' lang='lat'><strong>,</strong></span> 
     </span>
    </p>
   </div>
   <div class='ocr_carea' id='block_1_61' title="bbox 1957 3069 3528 3154">
    <p class='ocr_par' dir='ltr' id='par_1_61' title="bbox 1957 3069 3528 3154">
     <span class='ocr_line' id='line_1_61' title="bbox 1957 3069 3528 3154; baseline -0.011 -14"><span class='ocrx_word' id='word_1_410' title='bbox 1957 3083 2106 3141; x_wconf 87' lang='lat' dir='ltr'><strong>haud</strong></span> <span class='ocrx_word' id='word_1_411' title='bbox 2145 3083 2384 3154; x_wconf 85' lang='lat' dir='ltr'><strong>amplius</strong></span> <span class='ocrx_word' id='word_1_412' title='bbox 2417 3080 2740 3135; x_wconf 85' lang='lat' dir='ltr'><strong>metuebant</strong></span> <span class='ocrx_word' id='word_1_413' title='bbox 2773 3075 3086 3130; x_wconf 84' lang='lat' dir='ltr'><strong>Panuoues.</strong></span> <span class='ocrx_word' id='word_1_414' title='bbox 3123 3070 3336 3124; x_wconf 81' lang='lat' dir='ltr'><strong>Animis</strong></span> <span class='ocrx_word' id='word_1_415' title='bbox 3363 3069 3528 3138; x_wconf 83' lang='lat' dir='ltr'><strong>igitur</strong></span> 
     </span>
    </p>
   </div>
   <div class='ocr_carea' id='block_1_62' title="bbox 265 3165 3526 3250">
    <p class='ocr_par' dir='ltr' id='par_1_62' title="bbox 265 3165 3526 3250">
     <span class='ocr_line' id='line_1_62' title="bbox 265 3165 3526 3250; baseline -0.006 -11"><span class='ocrx_word' id='word_1_416' title='bbox 265 3180 549 3250; x_wconf 86' lang='lat' dir='ltr'><strong>receptis,</strong></span> <span class='ocrx_word' id='word_1_417' title='bbox 616 3187 672 3232; x_wconf 89' lang='lat' dir='ltr'><strong>et</strong></span> <span class='ocrx_word' id='word_1_418' title='bbox 712 3175 1010 3246; x_wconf 79' lang='lat' dir='ltr'><strong>plurimum</strong></span> <span class='ocrx_word' id='word_1_419' title='bbox 1058 3174 1377 3239; x_wconf 83' lang='lat' dir='ltr'><strong>exhilarati,</strong></span> <span class='ocrx_word' id='word_1_420' title='bbox 1416 3174 1850 3244; x_wconf 83' lang='lat' dir='ltr'><strong>accingebantur</strong></span> <span class='ocrx_word' id='word_1_421' title='bbox 1885 3175 1955 3232; x_wconf 91' lang='lat' dir='ltr'><strong>ad</strong></span> <span class='ocrx_word' id='word_1_422' title='bbox 1997 3175 2272 3248; x_wconf 66' lang='lat' dir='ltr'><strong>praelium,</strong></span> <span class='ocrx_word' id='word_1_423' title='bbox 2305 3175 2468 3245; x_wconf 89' lang='lat' dir='ltr'><strong>quasi</strong></span> <span class='ocrx_word' id='word_1_424' title='bbox 2502 3189 2569 3229; x_wconf 89' lang='lat' dir='ltr'><strong>eo</strong></span> <span class='ocrx_word' id='word_1_425' title='bbox 2599 3172 2687 3228; x_wconf 87' lang='lat' dir='ltr'><strong>die</strong></span> <span class='ocrx_word' id='word_1_426' title='bbox 2755 3169 2850 3240; x_wconf 82' lang='lat' dir='ltr'><strong>qui</strong></span> <span class='ocrx_word' id='word_1_427' title='bbox 2920 3175 3266 3238; x_wconf 82' lang='lat' dir='ltr'><strong>sequeretur,</strong></span> <span class='ocrx_word' id='word_1_428' title='bbox 3309 3165 3526 3232; x_wconf 80' lang='lat' dir='ltr'><strong>praelia-</strong></span> 
     </span>
    </p>
   </div>
   <div class='ocr_carea' id='block_1_63' title="bbox 265 3269 1766 3342">
    <p class='ocr_par' dir='ltr' id='par_1_63' title="bbox 265 3269 1766 3342">
     <span class='ocr_line' id='line_1_63' title="bbox 265 3269 1766 3342; baseline -0.004 -8"><span class='ocrx_word' id='word_1_429' title='bbox 265 3279 379 3334; x_wconf 88' lang='lat' dir='ltr'><strong>turi</strong></span> <span class='ocrx_word' id='word_1_430' title='bbox 416 3291 540 3332; x_wconf 90' lang='lat' dir='ltr'><strong>cum</strong></span> <span class='ocrx_word' id='word_1_431' title='bbox 583 3273 861 3336; x_wconf 85' lang='lat' dir='ltr'><strong>hostibus,</strong></span> <span class='ocrx_word' id='word_1_432' title='bbox 891 3283 1099 3340; x_wconf 85' lang='lat' dir='ltr'><strong>eosque</strong></span> <span class='ocrx_word' id='word_1_433' title='bbox 1129 3269 1186 3325; x_wconf 90' lang='lat' dir='ltr'><strong>in</strong></span> <span class='ocrx_word' id='word_1_434' title='bbox 1223 3269 1404 3341; x_wconf 80' lang='lat' dir='ltr'><strong>fugam</strong></span> <span class='ocrx_word' id='word_1_435' title='bbox 1439 3272 1766 3342; x_wconf 88' lang='lat' dir='ltr'><strong>conjecturi.</strong></span> 
     </span>
    </p>
   </div>
   <div class='ocr_carea' id='block_1_64' title="bbox 340 3349 1848 3443">
    <p class='ocr_par' dir='ltr' id='par_1_64' title="bbox 340 3365 1840 3443">
     <span class='ocr_line' id='line_1_64' title="bbox 340 3365 1840 3443; baseline -0.003 -17"><span class='ocrx_word' id='word_1_436' title='bbox 340 3373 458 3443; x_wconf 79' lang='grc' dir='ltr'><strong>Τὴν</strong></span> <span class='ocrx_word' id='word_1_437' title='bbox 493 3371 594 3440; x_wconf 67' lang='grc' dir='ltr'>μὲν</span> <span class='ocrx_word' id='word_1_438' title='bbox 622 3365 718 3424; x_wconf 83' lang='grc' dir='ltr'>οὖν</span> <span class='ocrx_word' id='word_1_439' title='bbox 744 3370 967 3440; x_wconf 80' lang='grc' dir='ltr'>ἡμέραν</span> <span class='ocrx_word' id='word_1_440' title='bbox 993 3367 1202 3439; x_wconf 76' lang='grc' dir='ltr'>ταύτην</span> <span class='ocrx_word' id='word_1_441' title='bbox 1234 3370 1292 3433; x_wconf 64' lang='grc' dir='ltr'><strong>ες</strong></span> <span class='ocrx_word' id='word_1_442' title='bbox 1314 3367 1571 3423; x_wconf 81' lang='grc' dir='ltr'>τοσοῦτον</span> <span class='ocrx_word' id='word_1_443' title='bbox 1600 3368 1840 3437; x_wconf 70' lang='grc' dir='ltr'>ἐγένετο.</span> 
     </span>
    </p>
   </div>
   <div class='ocr_carea' id='block_1_65' title="bbox 1953 3349 3525 3443">
    <p class='ocr_par' dir='ltr' id='par_1_65' title="bbox 2043 3349 3525 3430">
     <span class='ocr_line' id='line_1_65' title="bbox 2043 3349 3525 3430; baseline -0.012 -11"><span class='ocrx_word' id='word_1_444' title='bbox 2043 3363 2124 3419; x_wconf 85' lang='grc' dir='ltr'>Εο</span> <span class='ocrx_word' id='word_1_445' title='bbox 2174 3363 2263 3418; x_wconf 92' lang='lat' dir='ltr'><strong>die</strong></span> <span class='ocrx_word' id='word_1_446' title='bbox 2311 3375 2434 3430; x_wconf 69' lang='lat' dir='ltr'><strong>quae</strong></span> <span class='ocrx_word' id='word_1_447' title='bbox 2499 3357 2661 3414; x_wconf 88' lang='lat' dir='ltr'><strong>modo</strong></span> <span class='ocrx_word' id='word_1_448' title='bbox 2721 3353 3152 3412; x_wconf 85' lang='lat' dir='ltr'><strong>memoravimus</strong></span> <span class='ocrx_word' id='word_1_449' title='bbox 3225 3349 3525 3421; x_wconf 84' lang='lat' dir='ltr'><strong>contigere.</strong></span> 
     </span>
    </p>
   </div>
   <div class='ocr_carea' id='block_1_66' title="bbox 205 3460 1846 3533">
    <p class='ocr_par' dir='ltr' id='par_1_66' title="bbox 205 3460 1846 3533">
     <span class='ocr_line' id='line_1_66' title="bbox 205 3460 1846 3533; baseline -0.002 -18"><span class='ocrx_word' id='word_1_450' title='bbox 205 3481 222 3494; x_wconf 59' lang='grc' dir='ltr'><em>κ</em></span> <span class='ocrx_word' id='word_1_451' title='bbox 274 3463 363 3533; x_wconf 75' lang='grc' dir='ltr'><strong>Τῇ</strong></span> <span class='ocrx_word' id='word_1_452' title='bbox 405 3463 462 3516; x_wconf 66' lang='grc' dir='ltr'>δὲ</span> <span class='ocrx_word' id='word_1_453' title='bbox 489 3463 647 3516; x_wconf 72' lang='grc' dir='ltr'>νυκτὶ</span> <span class='ocrx_word' id='word_1_454' title='bbox 679 3460 856 3533; x_wconf 79' lang='grc' dir='ltr'>ταύτῃ</span> <span class='ocrx_word' id='word_1_455' title='bbox 885 3461 1118 3524; x_wconf 86' lang='grc' dir='ltr'>Παίονες</span> <span class='ocrx_word' id='word_1_456' title='bbox 1150 3460 1564 3530; x_wconf 79' lang='grc' dir='ltr'>βουλευόμενοι,</span> <span class='ocrx_word' id='word_1_457' title='bbox 1603 3462 1753 3523; x_wconf 79' lang='grc' dir='ltr'>ὅπως</span> <span class='ocrx_word' id='word_1_458' title='bbox 1779 3463 1846 3529; x_wconf 79' lang='grc' dir='ltr'><strong>τῇ</strong></span> 
     </span>
    </p>
   </div>
   <div class='ocr_carea' id='block_1_67' title="bbox 277 3550 1846 3623">
    <p class='ocr_par' dir='ltr' id='par_1_67' title="bbox 277 3550 1846 3623">
     <span class='ocr_line' id='line_1_67' title="bbox 277 3550 1846 3623; baseline -0.002 -18"><span class='ocrx_word' id='word_1_459' title='bbox 277 3551 546 3622; x_wconf 65' lang='grc' dir='ltr'>ὑστεραίᾳ</span> <span class='ocrx_word' id='word_1_460' title='bbox 588 3552 690 3623; x_wconf 79' lang='grc' dir='ltr'>τὴν</span> <span class='ocrx_word' id='word_1_461' title='bbox 739 3551 923 3622; x_wconf 83' lang='grc' dir='ltr'>μάχην</span> <span class='ocrx_word' id='word_1_462' title='bbox 952 3553 1314 3621; x_wconf 79' lang='grc' dir='ltr'>ποιήσωνται,</span> <span class='ocrx_word' id='word_1_463' title='bbox 1343 3550 1574 3622; x_wconf 80' lang='grc' dir='ltr'>γνώμην</span> <span class='ocrx_word' id='word_1_464' title='bbox 1608 3550 1846 3618; x_wconf 71' lang='grc' dir='ltr'>ἀπεφαί-</span> 
     </span>
    </p>
   </div>
   <div class='ocr_carea' id='block_1_68' title="bbox 279 3637 1842 3713">
    <p class='ocr_par' dir='ltr' id='par_1_68' title="bbox 279 3637 1842 3713">
     <span class='ocr_line' id='line_1_68' title="bbox 279 3637 1842 3713; baseline -0.003 -16"><span class='ocrx_word' id='word_1_465' title='bbox 279 3661 404 3698; x_wconf 82' lang='grc' dir='ltr'>νετο</span> <span class='ocrx_word' id='word_1_466' title='bbox 429 3645 678 3711; x_wconf 74' lang='grc' dir='ltr'>ἕκαστος,</span> <span class='ocrx_word' id='word_1_467' title='bbox 707 3645 785 3708; x_wconf 81' lang='grc' dir='ltr'>ὡς</span> <span class='ocrx_word' id='word_1_468' title='bbox 810 3643 988 3696; x_wconf 65' lang='grc' dir='ltr'>ἐδόκει</span> <span class='ocrx_word' id='word_1_469' title='bbox 1015 3637 1164 3712; x_wconf 80' lang='grc' dir='ltr'>αὑτῷ</span> <span class='ocrx_word' id='word_1_470' title='bbox 1192 3641 1293 3713; x_wconf 68' lang='grc' dir='ltr'><strong>τήν</strong></span> <span class='ocrx_word' id='word_1_471' title='bbox 1329 3641 1510 3712; x_wconf 85' lang='grc' dir='ltr'>μάχην</span> <span class='ocrx_word' id='word_1_472' title='bbox 1541 3639 1842 3694; x_wconf 79' lang='grc' dir='ltr'>ποιεῖσθαι.</span> 
     </span>
    </p>
   </div>
   <div class='ocr_carea' id='block_1_69' title="bbox 270 3733 1848 3806">
    <p class='ocr_par' dir='ltr' id='par_1_69' title="bbox 270 3733 1848 3806">
     <span class='ocr_line' id='line_1_69' title="bbox 270 3733 1848 3806; baseline -0.005 -13"><span class='ocrx_word' id='word_1_473' title='bbox 270 3741 391 3793; x_wconf 81' lang='grc' dir='ltr'><strong>Καὶ</strong></span> <span class='ocrx_word' id='word_1_474' title='bbox 419 3739 575 3806; x_wconf 90' lang='grc' dir='ltr'>λόγος</span> <span class='ocrx_word' id='word_1_475' title='bbox 601 3738 851 3806; x_wconf 70' lang='grc' dir='ltr'>ἐγίγνετο</span> <span class='ocrx_word' id='word_1_476' title='bbox 892 3736 1082 3800; x_wconf 86' lang='grc' dir='ltr'>πολύς.</span> <span class='ocrx_word' id='word_1_477' title='bbox 1130 3733 1402 3790; x_wconf 79' lang='grc' dir='ltr'>Ἐνταῦθα</span> <span class='ocrx_word' id='word_1_478' title='bbox 1439 3733 1848 3804; x_wconf 79' lang='grc' dir='ltr'>βουλευομένων</span> 
     </span>
    </p>
   </div>
   <div class='ocr_carea' id='block_1_70' title="bbox 261 3826 1848 3899">
    <p class='ocr_par' dir='ltr' id='par_1_70' title="bbox 261 3826 1848 3899">
     <span class='ocr_line' id='line_1_70' title="bbox 261 3826 1848 3899; baseline -0.004 -12"><span class='ocrx_word' id='word_1_479' title='bbox 261 3831 455 3887; x_wconf 74' lang='grc' dir='ltr'>αὐτῶν</span> <span class='ocrx_word' id='word_1_480' title='bbox 478 3872 495 3899; x_wconf 93' lang='grc'><strong>,</strong></span> <span class='ocrx_word' id='word_1_481' title='bbox 527 3830 774 3898; x_wconf 81' lang='grc' dir='ltr'>Ταοὺτης</span> <span class='ocrx_word' id='word_1_482' title='bbox 812 3832 840 3882; x_wconf 82' lang='grc' dir='ltr'><strong>ό</strong></span> <span class='ocrx_word' id='word_1_483' title='bbox 871 3827 1164 3893; x_wconf 76' lang='grc' dir='ltr'>Σαοὺζεω,</span> <span class='ocrx_word' id='word_1_484' title='bbox 1201 3826 1402 3890; x_wconf 80' lang='grc' dir='ltr'>υίῖδοῦς</span> <span class='ocrx_word' id='word_1_485' title='bbox 1428 3827 1526 3882; x_wconf 80' lang='grc' dir='ltr'><strong>τοῦ</strong></span> <span class='ocrx_word' id='word_1_486' title='bbox 1578 3828 1848 3898; x_wconf 71' lang='grc' dir='ltr'>Ἀμουράο</span> 
     </span>
    </p>
   </div>
   <div class='ocr_carea' id='block_1_71' title="bbox 260 3921 1847 3994">
    <p class='ocr_par' dir='ltr' id='par_1_71' title="bbox 260 3921 1847 3994">
     <span class='ocr_line' id='line_1_71' title="bbox 260 3921 1847 3994; baseline -0.004 -14"><span class='ocrx_word' id='word_1_487' title='bbox 260 3942 404 3989; x_wconf 80' lang='grc' dir='ltr'>τεω,</span> <span class='ocrx_word' id='word_1_488' title='bbox 441 3925 600 3992; x_wconf 85' lang='grc' dir='ltr'>γένος</span> <span class='ocrx_word' id='word_1_489' title='bbox 625 3923 703 3978; x_wconf 84' lang='grc' dir='ltr'>ὢν</span> <span class='ocrx_word' id='word_1_490' title='bbox 741 3923 852 3979; x_wconf 84' lang='grc' dir='ltr'><strong>τῶν</strong></span> <span class='ocrx_word' id='word_1_491' title='bbox 891 3923 1315 3993; x_wconf 84' lang='grc' dir='ltr'>Ὀτουμανίδων,</span> <span class='ocrx_word' id='word_1_492' title='bbox 1343 3921 1630 3994; x_wconf 78' lang='grc' dir='ltr'>παρελθὼν</span> <span class='ocrx_word' id='word_1_493' title='bbox 1660 3923 1720 3984; x_wconf 77' lang='grc' dir='ltr'>ἐς</span> <span class='ocrx_word' id='word_1_494' title='bbox 1754 3923 1847 3992; x_wconf 85' lang='grc' dir='ltr'>μέ-</span> 
     </span>
    </p>
   </div>
   <div class='ocr_carea' id='block_1_72' title="bbox 262 4011 1845 4086">
    <p class='ocr_par' dir='ltr' id='par_1_72' title="bbox 262 4011 1845 4086">
     <span class='ocr_line' id='line_1_72' title="bbox 262 4011 1845 4086; baseline -0.004 -14"><span class='ocrx_word' id='word_1_495' title='bbox 262 4035 370 4072; x_wconf 88' lang='grc' dir='ltr'><strong>σον</strong></span> <span class='ocrx_word' id='word_1_496' title='bbox 397 4015 549 4082; x_wconf 75' lang='grc' dir='ltr'>ἐλεξε</span> <span class='ocrx_word' id='word_1_497' title='bbox 590 4014 769 4068; x_wconf 78' lang='grc' dir='ltr'>τοιάδε</span> <span class='ocrx_word' id='word_1_498' title='bbox 791 4030 808 4048; x_wconf 74' lang='grc' dir='ltr'><strong>ο</strong></span> <span class='ocrx_word' id='word_1_499' title='bbox 847 4015 1012 4085; x_wconf 80' lang='grc' dir='ltr'>Ἦμῐν</span> <span class='ocrx_word' id='word_1_500' title='bbox 1047 4017 1146 4086; x_wconf 75' lang='grc' dir='ltr'>μὲν</span> <span class='ocrx_word' id='word_1_501' title='bbox 1181 4014 1344 4068; x_wconf 74' lang='grc' dir='ltr'>ἱκανὰ</span> <span class='ocrx_word' id='word_1_502' title='bbox 1374 4013 1747 4084; x_wconf 76' lang='grc' dir='ltr'>συμϐέϐληται</span> <span class='ocrx_word' id='word_1_503' title='bbox 1789 4011 1845 4078; x_wconf 78' lang='grc' dir='ltr'><strong>ές</strong></span> 
     </span>
    </p>
   </div>
   <div class='ocr_carea' id='block_1_73' title="bbox 256 4103 1846 4178">
    <p class='ocr_par' dir='ltr' id='par_1_73' title="bbox 256 4103 1846 4178">
     <span class='ocr_line' id='line_1_73' title="bbox 256 4103 1846 4178; baseline -0.004 -15"><span class='ocrx_word' id='word_1_504' title='bbox 256 4126 323 4163; x_wconf 77' lang='grc' dir='ltr'><strong>τε</strong></span> <span class='ocrx_word' id='word_1_505' title='bbox 365 4105 466 4176; x_wconf 78' lang='grc' dir='ltr'><strong>τὴν</strong></span> <span class='ocrx_word' id='word_1_506' title='bbox 511 4106 697 4161; x_wconf 77' lang='grc' dir='ltr'>Ἀσίαν</span> <span class='ocrx_word' id='word_1_507' title='bbox 732 4109 829 4161; x_wconf 76' lang='grc' dir='ltr'><strong>καὶ</strong></span> <span class='ocrx_word' id='word_1_508' title='bbox 860 4107 922 4170; x_wconf 82' lang='grc' dir='ltr'>ὲς</span> <span class='ocrx_word' id='word_1_509' title='bbox 969 4105 1070 4177; x_wconf 76' lang='grc' dir='ltr'><strong>τήν</strong></span> <span class='ocrx_word' id='word_1_510' title='bbox 1101 4105 1395 4178; x_wconf 76' lang='grc' dir='ltr'>Εὐρώπην,</span> <span class='ocrx_word' id='word_1_511' title='bbox 1425 4103 1546 4158; x_wconf 74' lang='grc' dir='ltr'>οὐδὲ</span> <span class='ocrx_word' id='word_1_512' title='bbox 1576 4104 1642 4175; x_wconf 77' lang='grc' dir='ltr'><strong>δή</strong></span> <span class='ocrx_word' id='word_1_513' title='bbox 1673 4103 1846 4158; x_wconf 76' lang='grc' dir='ltr'>ταῦτα</span> 
     </span>
    </p>
   </div>
   <div class='ocr_carea' id='block_1_74' title="bbox 261 4196 1846 4270">
    <p class='ocr_par' dir='ltr' id='par_1_74' title="bbox 261 4196 1846 4270">
     <span class='ocr_line' id='line_1_74' title="bbox 261 4196 1846 4270; baseline -0.003 -16"><span class='ocrx_word' id='word_1_514' title='bbox 261 4198 651 4270; x_wconf 83' lang='grc' dir='ltr'>προσέχοντας</span> <span class='ocrx_word' id='word_1_515' title='bbox 693 4197 754 4259; x_wconf 73' lang='grc' dir='ltr'>ἐς</span> <span class='ocrx_word' id='word_1_516' title='bbox 786 4197 855 4250; x_wconf 80' lang='grc' dir='ltr'>τὰ</span> <span class='ocrx_word' id='word_1_517' title='bbox 891 4197 1252 4267; x_wconf 78' lang='grc' dir='ltr'>’Δμουράτεω</span> <span class='ocrx_word' id='word_1_518' title='bbox 1280 4197 1589 4267; x_wconf 86' lang='grc' dir='ltr'>πράγματα</span> <span class='ocrx_word' id='word_1_519' title='bbox 1613 4196 1715 4268; x_wconf 83' lang='grc' dir='ltr'>τὴν</span> <span class='ocrx_word' id='word_1_520' title='bbox 1745 4197 1846 4267; x_wconf 85' lang='grc' dir='ltr'>μά-</span> 
     </span>
    </p>
   </div>
   <div class='ocr_carea' id='block_1_75' title="bbox 253 4288 1846 4364">
    <p class='ocr_par' dir='ltr' id='par_1_75' title="bbox 253 4288 1846 4364">
     <span class='ocr_line' id='line_1_75' title="bbox 253 4288 1846 4364; baseline 0.001 -20"><span class='ocrx_word' id='word_1_521' title='bbox 253 4308 377 4364; x_wconf 84' lang='grc' dir='ltr'><strong>χην</strong></span> <span class='ocrx_word' id='word_1_522' title='bbox 425 4289 722 4358; x_wconf 79' lang='grc' dir='ltr'>ποιεῖσθαι,</span> <span class='ocrx_word' id='word_1_523' title='bbox 752 4289 996 4357; x_wconf 82' lang='grc' dir='ltr'>ἀνήνυτα</span> <span class='ocrx_word' id='word_1_524' title='bbox 1032 4288 1079 4321; x_wconf 80' lang='grc'><strong>⁶¹</strong></span> <span class='ocrx_word' id='word_1_525' title='bbox 1132 4289 1555 4360; x_wconf 72' lang='grc' dir='ltr'>ἐργαζομένους.</span> <span class='ocrx_word' id='word_1_526' title='bbox 1609 4291 1685 4344; x_wconf 76' lang='grc' dir='ltr'><strong>Οὐ</strong></span> <span class='ocrx_word' id='word_1_527' title='bbox 1736 4290 1846 4361; x_wconf 81' lang='grc' dir='ltr'>γὰρ</span> 
     </span>
    </p>
   </div>
   <div class='ocr_carea' id='block_1_76' title="bbox 167 4381 1846 4454">
    <p class='ocr_par' dir='ltr' id='par_1_76' title="bbox 167 4381 1846 4454">
     <span class='ocr_line' id='line_1_76' title="bbox 167 4381 1846 4454; baseline -0.003 -13"><span class='ocrx_word' id='word_1_528' title='bbox 167 4401 170 4404; x_wconf 79' lang='lat'><strong><em>&#39;</em></strong></span> <span class='ocrx_word' id='word_1_529' title='bbox 251 4386 330 4440; x_wconf 78' lang='grc' dir='ltr'><strong>ἀν</strong></span> <span class='ocrx_word' id='word_1_530' title='bbox 362 4383 758 4454; x_wconf 77' lang='grc' dir='ltr'>παρεχομένων</span> <span class='ocrx_word' id='word_1_531' title='bbox 808 4384 950 4452; x_wconf 72' lang='grc' dir='ltr'>σφας</span> <span class='ocrx_word' id='word_1_532' title='bbox 977 4383 1217 4436; x_wconf 80' lang='grc' dir='ltr'>κτείνειν</span> <span class='ocrx_word' id='word_1_533' title='bbox 1259 4384 1368 4436; x_wconf 81' lang='grc' dir='ltr'><strong>τῶν</strong></span> <span class='ocrx_word' id='word_1_534' title='bbox 1397 4381 1610 4453; x_wconf 84' lang='grc' dir='ltr'>ἀνδρῶν</span> <span class='ocrx_word' id='word_1_535' title='bbox 1638 4381 1846 4436; x_wconf 82' lang='grc' dir='ltr'>τούτων</span> 
     </span>
    </p>
   </div>
   <div class='ocr_carea' id='block_1_77' title="bbox 255 4474 1846 4545">
    <p class='ocr_par' dir='ltr' id='par_1_77' title="bbox 255 4474 1846 4545">
     <span class='ocr_line' id='line_1_77' title="bbox 255 4474 1846 4545; baseline -0.003 -13"><span class='ocrx_word' id='word_1_536' title='bbox 255 4474 557 4544; x_wconf 76' lang='grc' dir='ltr'>δυναίμεθ’</span> <span class='ocrx_word' id='word_1_537' title='bbox 589 4475 655 4529; x_wconf 70' lang='grc' dir='ltr'>ἂν</span> <span class='ocrx_word' id='word_1_538' title='bbox 685 4474 828 4528; x_wconf 82' lang='grc' dir='ltr'>οὕτω</span> <span class='ocrx_word' id='word_1_539' title='bbox 864 4489 928 4542; x_wconf 78' lang='grc' dir='ltr'><strong>γε</strong></span> <span class='ocrx_word' id='word_1_540' title='bbox 979 4474 1228 4539; x_wconf 77' lang='grc' dir='ltr'>εὐπετῶς</span> <span class='ocrx_word' id='word_1_541' title='bbox 1273 4475 1666 4545; x_wconf 71' lang='grc' dir='ltr'>χειρώσασθαι.</span> <span class='ocrx_word' id='word_1_542' title='bbox 1703 4475 1846 4528; x_wconf 83' lang='grc' dir='ltr'>Ἀλλ’</span> 
     </span>
    </p>
   </div>
   <div class='ocr_carea' id='block_1_78' title="bbox 256 4564 1841 4638">
    <p class='ocr_par' dir='ltr' id='par_1_78' title="bbox 256 4564 1841 4638">
     <span class='ocr_line' id='line_1_78' title="bbox 256 4564 1841 4638; baseline -0.003 -17"><span class='ocrx_word' id='word_1_543' title='bbox 256 4566 401 4638; x_wconf 72' lang='grc' dir='ltr'>ἐμοὶ</span> <span class='ocrx_word' id='word_1_544' title='bbox 437 4565 586 4618; x_wconf 79' lang='grc' dir='ltr'>δοκεῖ</span> <span class='ocrx_word' id='word_1_545' title='bbox 627 4566 657 4618; x_wconf 83' lang='grc' dir='ltr'><strong>ό</strong></span> <span class='ocrx_word' id='word_1_546' title='bbox 707 4566 1018 4634; x_wconf 80' lang='grc' dir='ltr'>μαχόμενος</span> <span class='ocrx_word' id='word_1_547' title='bbox 1057 4565 1136 4634; x_wconf 83' lang='grc' dir='ltr'>τῷ</span> <span class='ocrx_word' id='word_1_548' title='bbox 1180 4564 1426 4635; x_wconf 81' lang='grc' dir='ltr'>πολέμῳ,</span> <span class='ocrx_word' id='word_1_549' title='bbox 1471 4564 1538 4634; x_wconf 81' lang='grc' dir='ltr'>ἢν</span> <span class='ocrx_word' id='word_1_550' title='bbox 1573 4565 1672 4635; x_wconf 81' lang='grc' dir='ltr'><strong>μέν</strong></span> <span class='ocrx_word' id='word_1_551' title='bbox 1706 4565 1841 4636; x_wconf 68' lang='grc' dir='ltr'>βάλῃ</span> 
     </span>
    </p>
   </div>
   <div class='ocr_carea' id='block_1_79' title="bbox 258 4655 1842 4728">
    <p class='ocr_par' dir='ltr' id='par_1_79' title="bbox 258 4655 1842 4728">
     <span class='ocr_line' id='line_1_79' title="bbox 258 4655 1842 4728; baseline -0.001 -16"><span class='ocrx_word' id='word_1_552' title='bbox 258 4657 501 4728; x_wconf 79' lang='grc' dir='ltr'>καιρίαν</span> <span class='ocrx_word' id='word_1_553' title='bbox 539 4656 776 4728; x_wconf 82' lang='grc' dir='ltr'>πληγὴν,</span> <span class='ocrx_word' id='word_1_554' title='bbox 835 4655 1106 4712; x_wconf 75' lang='grc' dir='ltr'>κατέϐαλέ</span> <span class='ocrx_word' id='word_1_555' title='bbox 1161 4674 1221 4710; x_wconf 91' lang='grc' dir='ltr'><strong>τε</strong></span> <span class='ocrx_word' id='word_1_556' title='bbox 1277 4658 1371 4711; x_wconf 85' lang='grc' dir='ltr'>τὸν</span> <span class='ocrx_word' id='word_1_557' title='bbox 1433 4657 1718 4727; x_wconf 80' lang='grc' dir='ltr'>πολέμιον,</span> <span class='ocrx_word' id='word_1_558' title='bbox 1747 4659 1842 4712; x_wconf 80' lang='grc' dir='ltr'><strong>καὶ</strong></span> 
     </span>
    </p>
   </div>
   <div class='ocr_carea' id='block_1_80' title="bbox 257 4746 1842 4821">
    <p class='ocr_par' dir='ltr' id='par_1_80' title="bbox 257 4746 1842 4821">
     <span class='ocr_line' id='line_1_80' title="bbox 257 4746 1842 4821; baseline 0 -17"><span class='ocrx_word' id='word_1_559' title='bbox 257 4751 389 4821; x_wconf 70' lang='grc' dir='ltr'>ἔχει</span> <span class='ocrx_word' id='word_1_560' title='bbox 416 4747 596 4810; x_wconf 82' lang='grc' dir='ltr'>καλῶς</span> <span class='ocrx_word' id='word_1_561' title='bbox 633 4747 870 4818; x_wconf 81' lang='grc' dir='ltr'>χρῆσθαι</span> <span class='ocrx_word' id='word_1_562' title='bbox 900 4746 978 4816; x_wconf 87' lang='grc' dir='ltr'>τῷ</span> <span class='ocrx_word' id='word_1_563' title='bbox 1014 4748 1392 4818; x_wconf 82' lang='grc' dir='ltr'>στρατεύματι</span> <span class='ocrx_word' id='word_1_564' title='bbox 1422 4749 1466 4780; x_wconf 82' lang='grc'><strong>⁸³</strong></span> <span class='ocrx_word' id='word_1_565' title='bbox 1490 4764 1502 4777; x_wconf 88' lang='grc'><strong>·</strong></span> <span class='ocrx_word' id='word_1_566' title='bbox 1545 4749 1650 4804; x_wconf 85' lang='grc' dir='ltr'>ποῦ</span> <span class='ocrx_word' id='word_1_567' title='bbox 1688 4750 1734 4803; x_wconf 85' lang='grc' dir='ltr'>δ’</span> <span class='ocrx_word' id='word_1_568' title='bbox 1775 4749 1842 4804; x_wconf 80' lang='grc' dir='ltr'>ἂν</span> 
     </span>
    </p>
   </div>
   <div class='ocr_carea' id='block_1_81' title="bbox 259 4837 1843 4912">
    <p class='ocr_par' dir='ltr' id='par_1_81' title="bbox 259 4837 1843 4912">
     <span class='ocr_line' id='line_1_81' title="bbox 259 4837 1843 4912; baseline -0.002 -16"><span class='ocrx_word' id='word_1_569' title='bbox 259 4842 426 4912; x_wconf 81' lang='grc' dir='ltr'>βάλοι</span> <span class='ocrx_word' id='word_1_570' title='bbox 465 4838 836 4910; x_wconf 79' lang='grc' dir='ltr'>καιριωτέραν</span> <span class='ocrx_word' id='word_1_571' title='bbox 883 4839 916 4908; x_wconf 78' lang='grc' dir='ltr'>ἢ</span> <span class='ocrx_word' id='word_1_572' title='bbox 967 4840 1025 4892; x_wconf 79' lang='grc' dir='ltr'>ὲν</span> <span class='ocrx_word' id='word_1_573' title='bbox 1077 4841 1144 4909; x_wconf 79' lang='grc' dir='ltr'>τῇ</span> <span class='ocrx_word' id='word_1_574' title='bbox 1200 4837 1459 4909; x_wconf 75' lang='grc' dir='ltr'>κεφαλῇ;</span> <span class='ocrx_word' id='word_1_575' title='bbox 1505 4839 1568 4892; x_wconf 86' lang='grc' dir='ltr'><strong>τό</strong></span> <span class='ocrx_word' id='word_1_576' title='bbox 1617 4855 1678 4892; x_wconf 88' lang='grc' dir='ltr'><strong>τε</strong></span> <span class='ocrx_word' id='word_1_577' title='bbox 1731 4840 1843 4908; x_wconf 82' lang='grc' dir='ltr'>γὰρ</span> 
     </span>
    </p>
   </div>
   <div class='ocr_carea' id='block_1_82' title="bbox 256 4929 1844 5002">
    <p class='ocr_par' dir='ltr' id='par_1_82' title="bbox 256 4929 1844 5002">
     <span class='ocr_line' id='line_1_82' title="bbox 256 4929 1844 5002; baseline 0 -17"><span class='ocrx_word' id='word_1_578' title='bbox 256 4933 434 4997; x_wconf 80' lang='grc' dir='ltr'>σῶμα</span> <span class='ocrx_word' id='word_1_579' title='bbox 480 4930 603 4998; x_wconf 78' lang='grc' dir='ltr'>ἄγει</span> <span class='ocrx_word' id='word_1_580' title='bbox 635 4929 766 4993; x_wconf 70' lang='grc' dir='ltr'>πᾶν,</span> <span class='ocrx_word' id='word_1_581' title='bbox 794 4930 892 4984; x_wconf 76' lang='grc' dir='ltr'><strong>καὶ</strong></span> <span class='ocrx_word' id='word_1_582' title='bbox 935 4933 990 4984; x_wconf 83' lang='grc' dir='ltr'>ὲν</span> <span class='ocrx_word' id='word_1_583' title='bbox 1020 4930 1196 5002; x_wconf 83' lang='grc' dir='ltr'>τούτῳ</span> <span class='ocrx_word' id='word_1_584' title='bbox 1227 4933 1262 5002; x_wconf 82' lang='grc' dir='ltr'><strong>ή</strong></span> <span class='ocrx_word' id='word_1_585' title='bbox 1289 4931 1445 4994; x_wconf 78' lang='grc' dir='ltr'>πόλις</span> <span class='ocrx_word' id='word_1_586' title='bbox 1469 4932 1513 4963; x_wconf 82' lang='grc'>⁸³</span> <span class='ocrx_word' id='word_1_587' title='bbox 1533 4949 1548 4963; x_wconf 75' lang='grc' dir='ltr'><strong>ο</strong></span> <span class='ocrx_word' id='word_1_588' title='bbox 1584 4933 1651 5002; x_wconf 75' lang='grc' dir='ltr'>ἦν</span> <span class='ocrx_word' id='word_1_589' title='bbox 1679 4931 1738 4985; x_wconf 65' lang='grc' dir='ltr'>δὲ</span> <span class='ocrx_word' id='word_1_590' title='bbox 1767 4932 1844 5001; x_wconf 79' lang='grc' dir='ltr'>μὴ</span> 
     </span>
    </p>
   </div>
   <div class='ocr_carea' id='block_1_83' title="bbox 252 5021 1844 5094">
    <p class='ocr_par' dir='ltr' id='par_1_83' title="bbox 252 5021 1844 5094">
     <span class='ocr_line' id='line_1_83' title="bbox 252 5021 1844 5094; baseline -0.001 -16"><span class='ocrx_word' id='word_1_591' title='bbox 252 5023 497 5092; x_wconf 78' lang='grc' dir='ltr'>καιρίαν</span> <span class='ocrx_word' id='word_1_592' title='bbox 524 5021 687 5091; x_wconf 76' lang='grc' dir='ltr'>βάλῃ,</span> <span class='ocrx_word' id='word_1_593' title='bbox 723 5022 960 5076; x_wconf 67' lang='grc' dir='ltr'>ὶπίπονα</span> <span class='ocrx_word' id='word_1_594' title='bbox 1004 5022 1160 5077; x_wconf 73' lang='grc' dir='ltr'>ἔσται</span> <span class='ocrx_word' id='word_1_595' title='bbox 1207 5025 1297 5077; x_wconf 79' lang='grc' dir='ltr'><strong>καὶ</strong></span> <span class='ocrx_word' id='word_1_596' title='bbox 1324 5024 1540 5094; x_wconf 86' lang='grc' dir='ltr'>χαλεπά</span> <span class='ocrx_word' id='word_1_597' title='bbox 1568 5041 1844 5094; x_wconf 73' lang='grc' dir='ltr'>κατεργα-</span> 
     </span>
    </p>
   </div>
   <div class='ocr_carea' id='block_1_84' title="bbox 251 5112 1840 5182">
    <p class='ocr_par' dir='ltr' id='par_1_84' title="bbox 251 5112 1840 5182">
     <span class='ocr_line' id='line_1_84' title="bbox 251 5112 1840 5182; baseline 0.003 -17"><span class='ocrx_word' id='word_1_598' title='bbox 251 5117 469 5182; x_wconf 76' lang='grc' dir='ltr'>σθῆναι</span> <span class='ocrx_word' id='word_1_599' title='bbox 500 5112 570 5167; x_wconf 81' lang='grc' dir='ltr'>τὰ</span> <span class='ocrx_word' id='word_1_600' title='bbox 611 5113 721 5166; x_wconf 82' lang='grc' dir='ltr'><strong>τῶν</strong></span> <span class='ocrx_word' id='word_1_601' title='bbox 761 5112 1058 5182; x_wconf 82' lang='grc' dir='ltr'>πολεμίων.</span> <span class='ocrx_word' id='word_1_602' title='bbox 1114 5115 1228 5171; x_wconf 78' lang='grc' dir='ltr'><strong>Καὶ</strong></span> <span class='ocrx_word' id='word_1_603' title='bbox 1270 5116 1366 5169; x_wconf 83' lang='grc' dir='ltr'><strong>νῦν</strong></span> <span class='ocrx_word' id='word_1_604' title='bbox 1411 5116 1468 5169; x_wconf 85' lang='grc' dir='ltr'>δὲ</span> <span class='ocrx_word' id='word_1_605' title='bbox 1498 5116 1642 5170; x_wconf 81' lang='grc' dir='ltr'>οὕτω</span> <span class='ocrx_word' id='word_1_606' title='bbox 1671 5117 1840 5176; x_wconf 82' lang='grc' dir='ltr'>δοκεῖ.</span> 
     </span>
    </p>
   </div>
   <div class='ocr_carea' id='block_1_85' title="bbox 267 5205 1844 5280">
    <p class='ocr_par' dir='ltr' id='par_1_85' title="bbox 267 5205 1844 5280">
     <span class='ocr_line' id='line_1_85' title="bbox 267 5205 1844 5280; baseline 0 -16"><span class='ocrx_word' id='word_1_607' title='bbox 267 5209 481 5277; x_wconf 81' lang='grc' dir='ltr'>Ὁρᾶτε</span> <span class='ocrx_word' id='word_1_608' title='bbox 511 5207 642 5278; x_wconf 77' lang='grc' dir='ltr'>γὰρ,</span> <span class='ocrx_word' id='word_1_609' title='bbox 670 5206 748 5270; x_wconf 84' lang='grc' dir='ltr'><strong>ὡς</strong></span> <span class='ocrx_word' id='word_1_610' title='bbox 801 5207 858 5259; x_wconf 77' lang='grc' dir='ltr'>αἱ</span> <span class='ocrx_word' id='word_1_611' title='bbox 897 5205 1061 5276; x_wconf 87' lang='grc' dir='ltr'>Θύραι</span> <span class='ocrx_word' id='word_1_612' title='bbox 1094 5208 1187 5261; x_wconf 79' lang='grc' dir='ltr'><strong>τοῦ</strong></span> <span class='ocrx_word' id='word_1_613' title='bbox 1216 5208 1481 5279; x_wconf 78' lang='grc' dir='ltr'>βασιλέως</span> <span class='ocrx_word' id='word_1_614' title='bbox 1517 5211 1844 5280; x_wconf 77' lang='grc' dir='ltr'>ἑστήκεισαν</span> 
     </span>
    </p>
   </div>
   <div class='ocr_carea' id='block_1_86' title="bbox 251 5299 1842 5370">
    <p class='ocr_par' dir='ltr' id='par_1_86' title="bbox 251 5299 1842 5370">
     <span class='ocr_line' id='line_1_86' title="bbox 251 5299 1842 5370; baseline 0.001 -15"><span class='ocrx_word' id='word_1_615' title='bbox 251 5299 485 5368; x_wconf 72' lang='grc' dir='ltr'>οὐδαμῆ</span> <span class='ocrx_word' id='word_1_616' title='bbox 529 5299 870 5369; x_wconf 81' lang='grc' dir='ltr'>ὡρμημέναι</span> <span class='ocrx_word' id='word_1_617' title='bbox 903 5299 998 5352; x_wconf 70' lang='grc' dir='ltr'><strong>ἐπὶ</strong></span> <span class='ocrx_word' id='word_1_618' title='bbox 1019 5299 1120 5367; x_wconf 80' lang='grc' dir='ltr'>τὴν</span> <span class='ocrx_word' id='word_1_619' title='bbox 1161 5299 1365 5370; x_wconf 79' lang='grc' dir='ltr'>μάχην,</span> <span class='ocrx_word' id='word_1_620' title='bbox 1393 5299 1516 5354; x_wconf 77' lang='grc' dir='ltr'>οὔτε</span> <span class='ocrx_word' id='word_1_621' title='bbox 1553 5302 1842 5356; x_wconf 81' lang='grc' dir='ltr'>ἀνακινδυ-</span> 
     </span>
    </p>
   </div>
   <div class='ocr_carea' id='block_1_87' title="bbox 255 5387 1840 5461">
    <p class='ocr_par' dir='ltr' id='par_1_87' title="bbox 255 5387 1840 5461">
     <span class='ocr_line' id='line_1_87' title="bbox 255 5387 1840 5461; baseline 0 -15"><span class='ocrx_word' id='word_1_622' title='bbox 255 5391 450 5446; x_wconf 72' lang='grc' dir='ltr'>νεύειν</span> <span class='ocrx_word' id='word_1_623' title='bbox 499 5389 818 5452; x_wconf 77' lang='grc' dir='ltr'>ἐθέλουσιν,</span> <span class='ocrx_word' id='word_1_624' title='bbox 873 5387 948 5452; x_wconf 83' lang='grc' dir='ltr'><strong>ὡς</strong></span> <span class='ocrx_word' id='word_1_625' title='bbox 1008 5387 1068 5441; x_wconf 82' lang='grc' dir='ltr'><strong>τδ</strong></span> <span class='ocrx_word' id='word_1_626' title='bbox 1117 5390 1226 5444; x_wconf 84' lang='grc' dir='ltr'><strong>πᾶν</strong></span> <span class='ocrx_word' id='word_1_627' title='bbox 1274 5390 1541 5461; x_wconf 81' lang='grc' dir='ltr'>φέρουσαι</span> <span class='ocrx_word' id='word_1_628' title='bbox 1576 5393 1716 5446; x_wconf 82' lang='grc' dir='ltr'><strong>αὑτά</strong></span> <span class='ocrx_word' id='word_1_629' title='bbox 1744 5393 1840 5446; x_wconf 86' lang='grc' dir='ltr'>τοῦ</span> 
     </span>
    </p>
   </div>
   <div class='ocr_carea' id='block_1_88' title="bbox 1951 3445 3528 3513">
    <p class='ocr_par' dir='ltr' id='par_1_88' title="bbox 1951 3445 3528 3513">
     <span class='ocr_line' id='line_1_88' title="bbox 1951 3445 3528 3513; baseline -0.012 -1"><span class='ocrx_word' id='word_1_630' title='bbox 1951 3456 2113 3513; x_wconf 82' lang='lat' dir='ltr'><strong>Istam</strong></span> <span class='ocrx_word' id='word_1_631' title='bbox 2183 3463 2401 3510; x_wconf 88' lang='lat' dir='ltr'><strong>noctem</strong></span> <span class='ocrx_word' id='word_1_632' title='bbox 2476 3449 2782 3506; x_wconf 84' lang='lat' dir='ltr'><strong>Pannones</strong></span> <span class='ocrx_word' id='word_1_633' title='bbox 2839 3445 3198 3502; x_wconf 89' lang='lat' dir='ltr'><strong>deliberando</strong></span> <span class='ocrx_word' id='word_1_634' title='bbox 3265 3457 3528 3497; x_wconf 86' lang='lat' dir='ltr'><strong>consum-</strong></span> 
     </span>
    </p>
   </div>
   <div class='ocr_carea' id='block_1_89' title="bbox 1947 3537 3518 3619">
    <p class='ocr_par' dir='ltr' id='par_1_89' title="bbox 1947 3537 3518 3619">
     <span class='ocr_line' id='line_1_89' title="bbox 1947 3537 3518 3619; baseline -0.013 -14"><span class='ocrx_word' id='word_1_635' title='bbox 1947 3545 2110 3619; x_wconf 83' lang='lat' dir='ltr'><strong>psere</strong></span> <span class='ocrx_word' id='word_1_636' title='bbox 2145 3563 2160 3601; x_wconf 87' lang='lat'><strong>:</strong></span> <span class='ocrx_word' id='word_1_637' title='bbox 2188 3553 2244 3601; x_wconf 90' lang='lat' dir='ltr'><strong>et</strong></span> <span class='ocrx_word' id='word_1_638' title='bbox 2265 3559 2392 3598; x_wconf 88' lang='lat' dir='ltr'><strong>cum</strong></span> <span class='ocrx_word' id='word_1_639' title='bbox 2433 3541 2835 3601; x_wconf 87' lang='lat' dir='ltr'><strong>consultarent,</strong></span> <span class='ocrx_word' id='word_1_640' title='bbox 2869 3537 3071 3605; x_wconf 86' lang='lat' dir='ltr'><strong>singuli</strong></span> <span class='ocrx_word' id='word_1_641' title='bbox 3098 3549 3256 3589; x_wconf 87' lang='lat' dir='ltr'><strong>suam</strong></span> <span class='ocrx_word' id='word_1_642' title='bbox 3291 3542 3518 3588; x_wconf 87' lang='lat' dir='ltr'><strong>senten-</strong></span> 
     </span>
    </p>
   </div>
   <div class='ocr_carea' id='block_1_90' title="bbox 1951 3626 3517 3705">
    <p class='ocr_par' dir='ltr' id='par_1_90' title="bbox 1951 3626 3517 3705">
     <span class='ocr_line' id='line_1_90' title="bbox 1951 3626 3517 3705; baseline -0.011 -12"><span class='ocrx_word' id='word_1_643' title='bbox 1951 3641 2105 3701; x_wconf 87' lang='lat' dir='ltr'><strong>tiam,</strong></span> <span class='ocrx_word' id='word_1_644' title='bbox 2165 3632 2627 3705; x_wconf 87' lang='lat' dir='ltr'><strong>quemadmodum</strong></span> <span class='ocrx_word' id='word_1_645' title='bbox 2685 3627 2790 3683; x_wconf 89' lang='lat' dir='ltr'><strong>sibi</strong></span> <span class='ocrx_word' id='word_1_646' title='bbox 2853 3627 3168 3682; x_wconf 90' lang='lat' dir='ltr'><strong>consultum</strong></span> <span class='ocrx_word' id='word_1_647' title='bbox 3233 3626 3517 3682; x_wconf 84' lang='lat' dir='ltr'><strong>videretur</strong></span> 
     </span>
    </p>
   </div>
   <div class='ocr_carea' id='block_1_91' title="bbox 1950 3714 3522 3798">
    <p class='ocr_par' dir='ltr' id='par_1_91' title="bbox 1950 3714 3522 3798">
     <span class='ocr_line' id='line_1_91' title="bbox 1950 3714 3522 3798; baseline -0.01 -14"><span class='ocrx_word' id='word_1_648' title='bbox 1950 3725 2227 3798; x_wconf 82' lang='lat' dir='ltr'><strong>auspicari</strong></span> <span class='ocrx_word' id='word_1_649' title='bbox 2269 3720 2540 3793; x_wconf 68' lang='lat' dir='ltr'><strong>praelium,</strong></span> <span class='ocrx_word' id='word_1_650' title='bbox 2588 3720 2642 3774; x_wconf 93' lang='lat' dir='ltr'><strong>in</strong></span> <span class='ocrx_word' id='word_1_651' title='bbox 2697 3717 2938 3772; x_wconf 90' lang='lat' dir='ltr'><strong>medium</strong></span> <span class='ocrx_word' id='word_1_652' title='bbox 2972 3716 3340 3770; x_wconf 85' lang='lat' dir='ltr'><strong>adducebant.</strong></span> <span class='ocrx_word' id='word_1_653' title='bbox 3376 3714 3522 3769; x_wconf 84' lang='lat' dir='ltr'><strong>Varii</strong></span> 
     </span>
    </p>
   </div>
   <div class='ocr_carea' id='block_1_92' title="bbox 1950 3807 3521 3888">
    <p class='ocr_par' dir='ltr' id='par_1_92' title="bbox 1950 3807 3521 3888">
     <span class='ocr_line' id='line_1_92' title="bbox 1950 3807 3521 3888; baseline -0.01 -13"><span class='ocrx_word' id='word_1_654' title='bbox 1950 3818 2220 3888; x_wconf 91' lang='lat' dir='ltr'><strong>multique</strong></span> <span class='ocrx_word' id='word_1_655' title='bbox 2254 3815 2600 3870; x_wconf 88' lang='lat' dir='ltr'><strong>habebantur</strong></span> <span class='ocrx_word' id='word_1_656' title='bbox 2635 3823 2938 3865; x_wconf 90' lang='lat' dir='ltr'><strong>sermones.</strong></span> <span class='ocrx_word' id='word_1_657' title='bbox 2994 3807 3069 3862; x_wconf 87' lang='lat' dir='ltr'><strong>lbi</strong></span> <span class='ocrx_word' id='word_1_658' title='bbox 3121 3819 3234 3862; x_wconf 89' lang='lat' dir='ltr'><strong>tum</strong></span> <span class='ocrx_word' id='word_1_659' title='bbox 3286 3808 3521 3862; x_wconf 88' lang='lat' dir='ltr'><strong>consul-</strong></span> 
     </span>
    </p>
   </div>
   <div class='ocr_carea' id='block_1_93' title="bbox 1951 3896 3523 3967">
    <p class='ocr_par' dir='ltr' id='par_1_93' title="bbox 1951 3896 3523 3967">
     <span class='ocr_line' id='line_1_93' title="bbox 1951 3896 3523 3967; baseline -0.008 -2"><span class='ocrx_word' id='word_1_660' title='bbox 1951 3908 2194 3965; x_wconf 83' lang='lat' dir='ltr'><strong>tantibus</strong></span> <span class='ocrx_word' id='word_1_661' title='bbox 2226 3903 2604 3967; x_wconf 81' lang='lat' dir='ltr'><strong>Pannonibus,</strong></span> <span class='ocrx_word' id='word_1_662' title='bbox 2643 3898 2846 3954; x_wconf 89' lang='lat' dir='ltr'><strong>Tautes</strong></span> <span class='ocrx_word' id='word_1_663' title='bbox 2907 3897 3106 3952; x_wconf 87' lang='lat' dir='ltr'><strong>Sauzis</strong></span> <span class='ocrx_word' id='word_1_664' title='bbox 3156 3896 3324 3962; x_wconf 83' lang='lat' dir='ltr'><strong>ﬁlius,</strong></span> <span class='ocrx_word' id='word_1_665' title='bbox 3359 3911 3523 3953; x_wconf 88' lang='lat' dir='ltr'><strong>natus</strong></span> 
     </span>
    </p>
   </div>
   <div class='ocr_carea' id='block_1_94' title="bbox 1949 3989 3527 4071">
    <p class='ocr_par' dir='ltr' id='par_1_94' title="bbox 1949 3989 3527 4071">
     <span class='ocr_line' id='line_1_94' title="bbox 1949 3989 3527 4071; baseline -0.01 -14"><span class='ocrx_word' id='word_1_666' title='bbox 1949 4017 2016 4058; x_wconf 85' lang='lat' dir='ltr'><strong>ex</strong></span> <span class='ocrx_word' id='word_1_667' title='bbox 2070 4013 2272 4071; x_wconf 85' lang='lat' dir='ltr'><strong>genere</strong></span> <span class='ocrx_word' id='word_1_668' title='bbox 2320 3995 2804 4057; x_wconf 85' lang='lat' dir='ltr'><strong>Otomanidarum,</strong></span> <span class='ocrx_word' id='word_1_669' title='bbox 2868 3991 2963 4061; x_wconf 89' lang='lat' dir='ltr'><strong>qui</strong></span> <span class='ocrx_word' id='word_1_670' title='bbox 3003 3997 3118 4044; x_wconf 90' lang='lat' dir='ltr'><strong>tum</strong></span> <span class='ocrx_word' id='word_1_671' title='bbox 3176 3999 3358 4046; x_wconf 89' lang='lat' dir='ltr'><strong>castra</strong></span> <span class='ocrx_word' id='word_1_672' title='bbox 3410 3989 3527 4046; x_wconf 87' lang='lat' dir='ltr'><strong>Un-</strong></span> 
     </span>
    </p>
   </div>
   <div class='ocr_carea' id='block_1_95' title="bbox 1949 4080 3524 4166">
    <p class='ocr_par' dir='ltr' id='par_1_95' title="bbox 1949 4080 3524 4166">
     <span class='ocr_line' id='line_1_95' title="bbox 1949 4080 3524 4166; baseline -0.008 -19"><span class='ocrx_word' id='word_1_673' title='bbox 1949 4107 2211 4166; x_wconf 87' lang='lat' dir='ltr'><strong>garorum</strong></span> <span class='ocrx_word' id='word_1_674' title='bbox 2266 4087 2624 4160; x_wconf 87' lang='lat' dir='ltr'><strong>sequebatur,</strong></span> <span class='ocrx_word' id='word_1_675' title='bbox 2685 4081 2967 4139; x_wconf 77' lang='lat' dir='ltr'><strong>Amuratis</strong></span> <span class='ocrx_word' id='word_1_676' title='bbox 3017 4082 3180 4152; x_wconf 82' lang='lat' dir='ltr'><strong>primi</strong></span> <span class='ocrx_word' id='word_1_677' title='bbox 3235 4095 3302 4135; x_wconf 88' lang='lat' dir='ltr'><strong>ex</strong></span> <span class='ocrx_word' id='word_1_678' title='bbox 3344 4080 3524 4135; x_wconf 85' lang='lat' dir='ltr'><strong>Sauze</strong></span> 
     </span>
    </p>
   </div>
   <div class='ocr_carea' id='block_1_96' title="bbox 1949 4170 3522 4252">
    <p class='ocr_par' dir='ltr' id='par_1_96' title="bbox 1949 4170 3522 4252">
     <span class='ocr_line' id='line_1_96' title="bbox 1949 4170 3522 4252; baseline -0.011 -11"><span class='ocrx_word' id='word_1_679' title='bbox 1949 4185 2064 4240; x_wconf 83' lang='lat' dir='ltr'><strong>lilio</strong></span> <span class='ocrx_word' id='word_1_680' title='bbox 2131 4196 2327 4252; x_wconf 84' lang='lat' dir='ltr'><strong>nepos,</strong></span> <span class='ocrx_word' id='word_1_681' title='bbox 2379 4189 2712 4249; x_wconf 82' lang='lat' dir='ltr'><strong>progressus</strong></span> <span class='ocrx_word' id='word_1_682' title='bbox 2766 4173 2821 4228; x_wconf 94' lang='lat' dir='ltr'><strong>in</strong></span> <span class='ocrx_word' id='word_1_683' title='bbox 2881 4173 3143 4237; x_wconf 87' lang='lat' dir='ltr'><strong>medium,</strong></span> <span class='ocrx_word' id='word_1_684' title='bbox 3206 4170 3522 4241; x_wconf 85' lang='lat' dir='ltr'><strong>hujusmodi</strong></span> 
     </span>
    </p>
   </div>
   <div class='ocr_carea' id='block_1_97' title="bbox 1948 4261 3525 4333">
    <p class='ocr_par' dir='ltr' id='par_1_97' title="bbox 1948 4261 3525 4333">
     <span class='ocr_line' id='line_1_97' title="bbox 1948 4261 3525 4333; baseline -0.006 -7"><span class='ocrx_word' id='word_1_685' title='bbox 1948 4271 2258 4325; x_wconf 88' lang='lat' dir='ltr'><strong>orationem</strong></span> <span class='ocrx_word' id='word_1_686' title='bbox 2296 4281 2532 4323; x_wconf 79' lang='lat' dir='ltr'><strong>exorsus</strong></span> <span class='ocrx_word' id='word_1_687' title='bbox 2567 4272 2653 4320; x_wconf 89' lang='lat' dir='ltr'><strong>est</strong></span> <span class='ocrx_word' id='word_1_688' title='bbox 2690 4283 2704 4319; x_wconf 88' lang='lat'><strong>:</strong></span> <span class='ocrx_word' id='word_1_689' title='bbox 2736 4263 2906 4318; x_wconf 87' lang='lat' dir='ltr'><strong>Nobis</strong></span> <span class='ocrx_word' id='word_1_690' title='bbox 2923 4262 3039 4333; x_wconf 84' lang='lat' dir='ltr'><strong>jam</strong></span> <span class='ocrx_word' id='word_1_691' title='bbox 3082 4261 3220 4316; x_wconf 86' lang='lat' dir='ltr'><strong>satis</strong></span> <span class='ocrx_word' id='word_1_692' title='bbox 3247 4276 3525 4333; x_wconf 86' lang='lat' dir='ltr'><strong>superque</strong></span> 
     </span>
    </p>
   </div>
   <div class='ocr_carea' id='block_1_98' title="bbox 1948 4353 3520 4440">
    <p class='ocr_par' dir='ltr' id='par_1_98' title="bbox 1948 4353 3520 4440">
     <span class='ocr_line' id='line_1_98' title="bbox 1948 4353 3520 4440; baseline -0.008 -19"><span class='ocrx_word' id='word_1_693' title='bbox 1948 4367 2004 4421; x_wconf 87' lang='lat' dir='ltr'><strong>in</strong></span> <span class='ocrx_word' id='word_1_694' title='bbox 2047 4364 2176 4421; x_wconf 80' lang='lat' dir='ltr'><strong>Asia</strong></span> <span class='ocrx_word' id='word_1_695' title='bbox 2205 4371 2262 4418; x_wconf 89' lang='lat' dir='ltr'><strong>et</strong></span> <span class='ocrx_word' id='word_1_696' title='bbox 2298 4360 2518 4429; x_wconf 85' lang='lat' dir='ltr'><strong>Europa</strong></span> <span class='ocrx_word' id='word_1_697' title='bbox 2557 4364 2858 4429; x_wconf 87' lang='lat' dir='ltr'><strong>pugnatum</strong></span> <span class='ocrx_word' id='word_1_698' title='bbox 2903 4365 3007 4410; x_wconf 88' lang='lat' dir='ltr'><strong>est.</strong></span> <span class='ocrx_word' id='word_1_699' title='bbox 3061 4353 3520 4440; x_wconf 48' lang='lat' dir='ltr'><strong>Necduunetiam</strong></span> 
     </span>
    </p>
   </div>
   <div class='ocr_carea' id='block_1_99' title="bbox 1949 4448 3523 4519">
    <p class='ocr_par' dir='ltr' id='par_1_99' title="bbox 1949 4448 3523 4519">
     <span class='ocr_line' id='line_1_99' title="bbox 1949 4448 3523 4519; baseline -0.006 -6"><span class='ocrx_word' id='word_1_700' title='bbox 1949 4459 2194 4513; x_wconf 81' lang='lat' dir='ltr'><strong>animum</strong></span> <span class='ocrx_word' id='word_1_701' title='bbox 2245 4453 2606 4518; x_wconf 80' lang='lat' dir='ltr'><strong>advertimus,</strong></span> <span class='ocrx_word' id='word_1_702' title='bbox 2660 4460 2718 4504; x_wconf 90' lang='lat' dir='ltr'><strong>ut</strong></span> <span class='ocrx_word' id='word_1_703' title='bbox 2773 4448 3128 4519; x_wconf 88' lang='lat' dir='ltr'><strong>pugnandum</strong></span> <span class='ocrx_word' id='word_1_704' title='bbox 3187 4450 3260 4505; x_wconf 88' lang='lat' dir='ltr'><strong>sit</strong></span> <span class='ocrx_word' id='word_1_705' title='bbox 3327 4462 3523 4505; x_wconf 83' lang='lat' dir='ltr'><strong>contra</strong></span> 
     </span>
    </p>
   </div>
   <div class='ocr_carea' id='block_1_100' title="bbox 1947 4539 3521 4612">
    <p class='ocr_par' dir='ltr' id='par_1_100' title="bbox 1947 4539 3521 4612">
     <span class='ocr_line' id='line_1_100' title="bbox 1947 4539 3521 4612; baseline -0.003 -11"><span class='ocrx_word' id='word_1_706' title='bbox 1947 4548 2288 4610; x_wconf 76' lang='lat' dir='ltr'><strong>Amuratem,</strong></span> <span class='ocrx_word' id='word_1_707' title='bbox 2344 4553 2403 4600; x_wconf 93' lang='lat' dir='ltr'><strong>ut</strong></span> <span class='ocrx_word' id='word_1_708' title='bbox 2440 4560 2528 4600; x_wconf 79' lang='lat' dir='ltr'><strong>res</strong></span> <span class='ocrx_word' id='word_1_709' title='bbox 2567 4542 2692 4612; x_wconf 86' lang='lat' dir='ltr'><strong>ejus</strong></span> <span class='ocrx_word' id='word_1_710' title='bbox 2728 4541 3157 4596; x_wconf 87' lang='lat' dir='ltr'><strong>contundatnus.</strong></span> <span class='ocrx_word' id='word_1_711' title='bbox 3216 4539 3335 4596; x_wconf 84' lang='lat' dir='ltr'><strong>Nisi</strong></span> <span class='ocrx_word' id='word_1_712' title='bbox 3373 4542 3521 4596; x_wconf 87' lang='lat' dir='ltr'><strong>enim</strong></span> 
     </span>
    </p>
   </div>
   <div class='ocr_carea' id='block_1_101' title="bbox 1949 4631 3524 4712">
    <p class='ocr_par' dir='ltr' id='par_1_101' title="bbox 1949 4631 3524 4712">
     <span class='ocr_line' id='line_1_101' title="bbox 1949 4631 3524 4712; baseline -0.004 -17"><span class='ocrx_word' id='word_1_713' title='bbox 1949 4639 2344 4712; x_wconf 91' lang='lat' dir='ltr'><strong>peremerimus</strong></span> <span class='ocrx_word' id='word_1_714' title='bbox 2392 4639 2542 4692; x_wconf 89' lang='lat' dir='ltr'><strong>viros</strong></span> <span class='ocrx_word' id='word_1_715' title='bbox 2601 4639 2762 4702; x_wconf 88' lang='lat' dir='ltr'><strong>istos,</strong></span> <span class='ocrx_word' id='word_1_716' title='bbox 2828 4649 2937 4687; x_wconf 92' lang='lat' dir='ltr'><strong>non</strong></span> <span class='ocrx_word' id='word_1_717' title='bbox 2993 4631 3154 4687; x_wconf 80' lang='lat' dir='ltr'><strong>facile</strong></span> <span class='ocrx_word' id='word_1_718' title='bbox 3217 4633 3524 4702; x_wconf 87' lang='lat' dir='ltr'><strong>poterimus</strong></span> 
     </span>
    </p>
   </div>
   <div class='ocr_carea' id='block_1_102' title="bbox 1885 4724 3524 4794">
    <p class='ocr_par' dir='ltr' id='par_1_102' title="bbox 1885 4724 3524 4794">
     <span class='ocr_line' id='line_1_102' title="bbox 1885 4724 3524 4794; baseline -0.005 -8"><span class='ocrx_word' id='word_1_719' title='bbox 1885 4729 1930 4785; x_wconf 86' lang='lat' dir='ltr'><strong>D</strong></span> <span class='ocrx_word' id='word_1_720' title='bbox 1959 4733 2276 4786; x_wconf 81' lang='lat' dir='ltr'><strong>Amuratem</strong></span> <span class='ocrx_word' id='word_1_721' title='bbox 2307 4731 2547 4784; x_wconf 86' lang='lat' dir='ltr'><strong>vincere.</strong></span> <span class='ocrx_word' id='word_1_722' title='bbox 2608 4729 2676 4781; x_wconf 81' lang='lat' dir='ltr'><strong>At</strong></span> <span class='ocrx_word' id='word_1_723' title='bbox 2706 4724 2839 4780; x_wconf 90' lang='lat' dir='ltr'><strong>mihi</strong></span> <span class='ocrx_word' id='word_1_724' title='bbox 2881 4724 3118 4787; x_wconf 89' lang='lat' dir='ltr'><strong>videtur,</strong></span> <span class='ocrx_word' id='word_1_725' title='bbox 3151 4724 3198 4778; x_wconf 90' lang='lat' dir='ltr'><strong>si</strong></span> <span class='ocrx_word' id='word_1_726' title='bbox 3231 4726 3357 4794; x_wconf 85' lang='lat' dir='ltr'><strong>quis</strong></span> <span class='ocrx_word' id='word_1_727' title='bbox 3399 4740 3524 4778; x_wconf 82' lang='lat' dir='ltr'><strong>cer-</strong></span> 
     </span>
    </p>
   </div>
   <div class='ocr_carea' id='block_1_103' title="bbox 1947 4816 3523 4886">
    <p class='ocr_par' dir='ltr' id='par_1_103' title="bbox 1947 4816 3523 4886">
     <span class='ocr_line' id='line_1_103' title="bbox 1947 4816 3523 4886; baseline -0.006 -6"><span class='ocrx_word' id='word_1_728' title='bbox 1947 4833 2130 4881; x_wconf 80' lang='lat' dir='ltr'><strong>tamen</strong></span> <span class='ocrx_word' id='word_1_729' title='bbox 2167 4823 2366 4878; x_wconf 86' lang='lat' dir='ltr'><strong>subeat</strong></span> <span class='ocrx_word' id='word_1_730' title='bbox 2422 4836 2546 4876; x_wconf 88' lang='lat' dir='ltr'><strong>cum</strong></span> <span class='ocrx_word' id='word_1_731' title='bbox 2586 4820 2763 4884; x_wconf 89' lang='lat' dir='ltr'><strong>hoste,</strong></span> <span class='ocrx_word' id='word_1_732' title='bbox 2812 4818 2974 4886; x_wconf 88' lang='lat' dir='ltr'><strong>eique</strong></span> <span class='ocrx_word' id='word_1_733' title='bbox 3005 4816 3214 4886; x_wconf 84' lang='lat' dir='ltr'><strong>inﬂigat</strong></span> <span class='ocrx_word' id='word_1_734' title='bbox 3265 4817 3523 4871; x_wconf 76' lang='lat' dir='ltr'><strong>lethalem</strong></span> 
     </span>
    </p>
   </div>
   <div class='ocr_carea' id='block_1_104' title="bbox 1947 4908 3521 4982">
    <p class='ocr_par' dir='ltr' id='par_1_104' title="bbox 1947 4908 3521 4982">
     <span class='ocr_line' id='line_1_104' title="bbox 1947 4908 3521 4982; baseline -0.007 -10"><span class='ocrx_word' id='word_1_735' title='bbox 1947 4917 2140 4982; x_wconf 90' lang='lat' dir='ltr'><strong>ictum,</strong></span> <span class='ocrx_word' id='word_1_736' title='bbox 2196 4913 2412 4970; x_wconf 81' lang='lat' dir='ltr'><strong>hostem</strong></span> <span class='ocrx_word' id='word_1_737' title='bbox 2471 4911 2690 4981; x_wconf 70' lang='lat' dir='ltr'><strong>dejecit,</strong></span> <span class='ocrx_word' id='word_1_738' title='bbox 2730 4918 2784 4964; x_wconf 88' lang='lat' dir='ltr'><strong>et</strong></span> <span class='ocrx_word' id='word_1_739' title='bbox 2850 4908 3064 4978; x_wconf 90' lang='lat' dir='ltr'><strong>reliquo</strong></span> <span class='ocrx_word' id='word_1_740' title='bbox 3125 4909 3368 4963; x_wconf 83' lang='lat' dir='ltr'><strong>exercitu</strong></span> <span class='ocrx_word' id='word_1_741' title='bbox 3420 4923 3521 4976; x_wconf 90' lang='lat' dir='ltr'><strong>pro</strong></span> 
     </span>
    </p>
   </div>
   <div class='ocr_carea' id='block_1_105' title="bbox 1947 4999 3522 5077">
    <p class='ocr_par' dir='ltr' id='par_1_105' title="bbox 1947 4999 3522 5077">
     <span class='ocr_line' id='line_1_105' title="bbox 1947 4999 3522 5077; baseline -0.006 -15"><span class='ocrx_word' id='word_1_742' title='bbox 1947 5008 2180 5062; x_wconf 89' lang='lat' dir='ltr'><strong>arbitrio</strong></span> <span class='ocrx_word' id='word_1_743' title='bbox 2211 5006 2289 5060; x_wconf 88' lang='lat' dir='ltr'><strong>uti</strong></span> <span class='ocrx_word' id='word_1_744' title='bbox 2321 5003 2544 5074; x_wconf 83' lang='lat' dir='ltr'><strong>poterit.</strong></span> <span class='ocrx_word' id='word_1_745' title='bbox 2575 5000 2682 5058; x_wconf 88' lang='lat' dir='ltr'><strong>Ubi</strong></span> <span class='ocrx_word' id='word_1_746' title='bbox 2725 5011 2904 5077; x_wconf 85' lang='lat' dir='ltr'><strong>autem</strong></span> <span class='ocrx_word' id='word_1_747' title='bbox 2942 5002 3118 5071; x_wconf 84' lang='lat' dir='ltr'><strong>magis</strong></span> <span class='ocrx_word' id='word_1_748' title='bbox 3149 5001 3348 5056; x_wconf 88' lang='lat' dir='ltr'><strong>lethale</strong></span> <span class='ocrx_word' id='word_1_749' title='bbox 3380 4999 3522 5054; x_wconf 84' lang='lat' dir='ltr'><strong>infli-</strong></span> 
     </span>
    </p>
   </div>
   <div class='ocr_carea' id='block_1_106' title="bbox 1948 5092 3524 5173">
    <p class='ocr_par' dir='ltr' id='par_1_106' title="bbox 1948 5092 3524 5173">
     <span class='ocr_line' id='line_1_106' title="bbox 1948 5092 3524 5173; baseline -0.007 -17"><span class='ocrx_word' id='word_1_750' title='bbox 1948 5110 2040 5173; x_wconf 90' lang='lat' dir='ltr'><strong>gat</strong></span> <span class='ocrx_word' id='word_1_751' title='bbox 2069 5100 2288 5161; x_wconf 87' lang='lat' dir='ltr'><strong>vulnus.</strong></span> <span class='ocrx_word' id='word_1_752' title='bbox 2323 5113 2486 5169; x_wconf 86' lang='lat' dir='ltr'><strong>quam</strong></span> <span class='ocrx_word' id='word_1_753' title='bbox 2518 5097 2565 5152; x_wconf 88' lang='lat' dir='ltr'><strong>si</strong></span> <span class='ocrx_word' id='word_1_754' title='bbox 2591 5103 2758 5166; x_wconf 88' lang='lat' dir='ltr'><strong>caput</strong></span> <span class='ocrx_word' id='word_1_755' title='bbox 2784 5093 2990 5149; x_wconf 78' lang='lat' dir='ltr'><strong>feriat?</strong></span> <span class='ocrx_word' id='word_1_756' title='bbox 3023 5092 3159 5148; x_wconf 89' lang='lat' dir='ltr'><strong>Tum</strong></span> <span class='ocrx_word' id='word_1_757' title='bbox 3195 5095 3339 5149; x_wconf 88' lang='lat' dir='ltr'><strong>enim</strong></span> <span class='ocrx_word' id='word_1_758' title='bbox 3394 5107 3524 5146; x_wconf 90' lang='lat' dir='ltr'><strong>cor-</strong></span> 
     </span>
    </p>
   </div>
   <div class='ocr_carea' id='block_1_107' title="bbox 1954 5187 3526 5263">
    <p class='ocr_par' dir='ltr' id='par_1_107' title="bbox 1954 5187 3526 5263">
     <span class='ocr_line' id='line_1_107' title="bbox 1954 5187 3526 5263; baseline -0.008 -15"><span class='ocrx_word' id='word_1_759' title='bbox 1954 5209 2057 5263; x_wconf 91' lang='lat' dir='ltr'><strong>pus</strong></span> <span class='ocrx_word' id='word_1_760' title='bbox 2090 5200 2262 5246; x_wconf 90' lang='lat' dir='ltr'><strong>totum</strong></span> <span class='ocrx_word' id='word_1_761' title='bbox 2293 5191 2465 5244; x_wconf 88' lang='lat' dir='ltr'><strong>dolet.</strong></span> <span class='ocrx_word' id='word_1_762' title='bbox 2503 5187 2559 5241; x_wconf 92' lang='lat' dir='ltr'><strong>lu</strong></span> <span class='ocrx_word' id='word_1_763' title='bbox 2597 5188 2777 5257; x_wconf 81' lang='lat' dir='ltr'><strong>capite</strong></span> <span class='ocrx_word' id='word_1_764' title='bbox 2815 5187 2963 5240; x_wconf 87' lang='lat' dir='ltr'><strong>enim</strong></span> <span class='ocrx_word' id='word_1_765' title='bbox 2994 5187 3153 5256; x_wconf 89' lang='lat' dir='ltr'><strong>quasi</strong></span> <span class='ocrx_word' id='word_1_766' title='bbox 3184 5188 3314 5240; x_wconf 86' lang='lat' dir='ltr'><strong>urbs</strong></span> <span class='ocrx_word' id='word_1_767' title='bbox 3340 5193 3394 5238; x_wconf 89' lang='lat' dir='ltr'><strong>et</strong></span> <span class='ocrx_word' id='word_1_768' title='bbox 3437 5198 3526 5237; x_wconf 82' lang='lat' dir='ltr'><strong>re-</strong></span> 
     </span>
    </p>
   </div>
   <div class='ocr_carea' id='block_1_108' title="bbox 1951 5278 3518 5356">
    <p class='ocr_par' dir='ltr' id='par_1_108' title="bbox 1951 5278 3518 5356">
     <span class='ocr_line' id='line_1_108' title="bbox 1951 5278 3518 5356; baseline -0.006 -18"><span class='ocrx_word' id='word_1_769' title='bbox 1951 5286 2131 5356; x_wconf 86' lang='lat' dir='ltr'><strong>gimen</strong></span> <span class='ocrx_word' id='word_1_770' title='bbox 2163 5285 2336 5339; x_wconf 81' lang='lat' dir='ltr'><strong>totius</strong></span> <span class='ocrx_word' id='word_1_771' title='bbox 2363 5281 2585 5336; x_wconf 85' lang='lat' dir='ltr'><strong>humani</strong></span> <span class='ocrx_word' id='word_1_772' title='bbox 2613 5283 2862 5351; x_wconf 86' lang='lat' dir='ltr'><strong>corporis</strong></span> <span class='ocrx_word' id='word_1_773' title='bbox 2891 5281 3056 5336; x_wconf 89' lang='lat' dir='ltr'><strong>situm</strong></span> <span class='ocrx_word' id='word_1_774' title='bbox 3079 5287 3185 5334; x_wconf 88' lang='lat' dir='ltr'><strong>est.</strong></span> <span class='ocrx_word' id='word_1_775' title='bbox 3213 5278 3310 5332; x_wconf 87' lang='lat' dir='ltr'><strong>Sin</strong></span> <span class='ocrx_word' id='word_1_776' title='bbox 3332 5283 3518 5330; x_wconf 86' lang='lat' dir='ltr'><strong>autem</strong></span> 
     </span>
    </p>
   </div>
   <div class='ocr_carea' id='block_1_109' title="bbox 1962 5368 3528 5438">
    <p class='ocr_par' dir='ltr' id='par_1_109' title="bbox 1962 5368 3528 5438">
     <span class='ocr_line' id='line_1_109' title="bbox 1962 5368 3528 5438; baseline -0.005 -7"><span class='ocrx_word' id='word_1_777' title='bbox 1962 5376 2105 5431; x_wconf 89' lang='lat' dir='ltr'><strong>haud</strong></span> <span class='ocrx_word' id='word_1_778' title='bbox 2137 5375 2356 5430; x_wconf 88' lang='lat' dir='ltr'><strong>dederis</strong></span> <span class='ocrx_word' id='word_1_779' title='bbox 2401 5373 2601 5429; x_wconf 90' lang='lat' dir='ltr'><strong>lethale</strong></span> <span class='ocrx_word' id='word_1_780' title='bbox 2629 5376 2852 5438; x_wconf 88' lang='lat' dir='ltr'><strong>vulnus,</strong></span> <span class='ocrx_word' id='word_1_781' title='bbox 2892 5371 3112 5429; x_wconf 79' lang='lat' dir='ltr'><strong>diliicile</strong></span> <span class='ocrx_word' id='word_1_782' title='bbox 3139 5368 3434 5424; x_wconf 88' lang='lat' dir='ltr'><strong>admodum</strong></span> <span class='ocrx_word' id='word_1_783' title='bbox 3471 5377 3528 5423; x_wconf 78' lang='lat' dir='ltr'><strong>et</strong></span> 
     </span>
    </p>
   </div>
   <div class='ocr_carea' id='block_1_110' title="bbox 1536 5558 2228 5639">
    <p class='ocr_par' dir='ltr' id='par_1_110' title="bbox 1536 5558 2228 5639">
     <span class='ocr_line' id='line_1_110' title="bbox 1536 5558 2228 5639; baseline 0.007 -22"><span class='ocrx_word' id='word_1_784' title='bbox 1536 5558 1786 5620; x_wconf 79' lang='lat' dir='ltr'><strong>Notulae</strong></span> <span class='ocrx_word' id='word_1_785' title='bbox 1827 5561 2228 5639; x_wconf 79' lang='lat' dir='ltr'><strong>marginales.</strong></span> 
     </span>
    </p>
   </div>
   <div class='ocr_carea' id='block_1_111' title="bbox 339 5677 1848 5755">
    <p class='ocr_par' dir='ltr' id='par_1_111' title="bbox 339 5677 1848 5755">
     <span class='ocr_line' id='line_1_111' title="bbox 339 5677 1848 5755; baseline 0.006 -25"><span class='ocrx_word' id='word_1_786' title='bbox 339 5677 388 5712; x_wconf 82' lang='lat'>&quot;</span> <span class='ocrx_word' id='word_1_787' title='bbox 429 5679 584 5755; x_wconf 62' lang='lat' dir='ltr'><strong>Forte</strong></span> <span class='ocrx_word' id='word_1_788' title='bbox 623 5680 970 5755; x_wconf 50' lang='grc' dir='ltr'>κατέκαινον,</span> <span class='ocrx_word' id='word_1_789' title='bbox 1008 5677 1172 5755; x_wconf 77' lang='lat' dir='ltr'><strong>R._In</strong></span> <span class='ocrx_word' id='word_1_790' title='bbox 1201 5683 1275 5735; x_wconf 78' lang='lat' dir='ltr'><strong>al.</strong></span> <span class='ocrx_word' id='word_1_791' title='bbox 1299 5687 1612 5749; x_wconf 84' lang='grc' dir='ltr'>κατέκαιον,</span> <span class='ocrx_word' id='word_1_792' title='bbox 1651 5702 1848 5755; x_wconf 70' lang='grc' dir='ltr'>εαρενει</span> 
     </span>
    </p>
   </div>
   <div class='ocr_carea' id='block_1_112' title="bbox 1953 5677 3528 5755">
    <p class='ocr_par' dir='ltr' id='par_1_112' title="bbox 1954 5680 3528 5755">
     <span class='ocr_line' id='line_1_112' title="bbox 1954 5680 3528 5755; baseline -0.006 -14"><span class='ocrx_word' id='word_1_793' title='bbox 1954 5697 2008 5742; x_wconf 81' lang='lat' dir='ltr'><strong>la</strong></span> <span class='ocrx_word' id='word_1_794' title='bbox 2061 5706 2111 5743; x_wconf 95' lang='grc' dir='ltr'><strong>ν.</strong></span> <span class='ocrx_word' id='word_1_795' title='bbox 2178 5697 2234 5740; x_wconf 82' lang='grc' dir='ltr'><strong>ιιι</strong></span> <span class='ocrx_word' id='word_1_796' title='bbox 2275 5685 2505 5754; x_wconf 78' lang='lat' dir='ltr'><strong>legatur,</strong></span> <span class='ocrx_word' id='word_1_797' title='bbox 2559 5685 2906 5739; x_wconf 74' lang='grc' dir='ltr'>κατέκαινον.</span> <span class='ocrx_word' id='word_1_798' title='bbox 2983 5680 3528 5755; x_wconf 19' lang='grc' dir='ltr'>’θάτςοχωρήσαντεμς</span> 
     </span>
    </p>
   </div>
   <div class='ocr_carea' id='block_1_113' title="bbox 269 5747 1440 5822">
    <p class='ocr_par' dir='ltr' id='par_1_113' title="bbox 269 5747 1440 5822">
     <span class='ocr_line' id='line_1_113' title="bbox 269 5747 1440 5822; baseline 0.006 -20"><span class='ocrx_word' id='word_1_799' title='bbox 269 5747 334 5802; x_wconf 85' lang='lat' dir='ltr'><strong>R.</strong></span> <span class='ocrx_word' id='word_1_800' title='bbox 363 5762 415 5803; x_wconf 85' lang='lat' dir='ltr'><strong>ut</strong></span> <span class='ocrx_word' id='word_1_801' title='bbox 449 5752 550 5805; x_wconf 77' lang='lat' dir='ltr'><strong>hic.</strong></span> <span class='ocrx_word' id='word_1_802' title='bbox 631 5752 675 5782; x_wconf 80' lang='lat'><strong>“</strong></span> <span class='ocrx_word' id='word_1_803' title='bbox 705 5747 766 5801; x_wconf 81' lang='lat' dir='ltr'><strong>In</strong></span> <span class='ocrx_word' id='word_1_804' title='bbox 801 5766 924 5816; x_wconf 83' lang='lat' dir='ltr'><strong>uno,</strong></span> <span class='ocrx_word' id='word_1_805' title='bbox 955 5754 1049 5803; x_wconf 76' lang='grc' dir='ltr'><strong>καὶ</strong></span> <span class='ocrx_word' id='word_1_806' title='bbox 1079 5753 1239 5822; x_wconf 79' lang='grc' dir='ltr'>θαρσ.</span> <span class='ocrx_word' id='word_1_807' title='bbox 1269 5755 1440 5819; x_wconf 69' lang='grc' dir='ltr'>ὄντες.</span> 
     </span>
    </p>
   </div>
   <div class='ocr_carea' id='block_1_114' title="bbox 280 5822 454 5884">
    <p class='ocr_par' dir='ltr' id='par_1_114' title="bbox 280 5822 454 5884">
     <span class='ocr_line' id='line_1_114' title="bbox 280 5822 454 5884; baseline 0.017 -13"><span class='ocrx_word' id='word_1_808' title='bbox 280 5822 454 5884; x_wconf 71' lang='grc' dir='ltr'>πολις.</span> 
     </span>
    </p>
   </div>
   <div class='ocr_carea' id='block_1_115' title="bbox 1518 5756 2954 5828">
    <p class='ocr_par' dir='ltr' id='par_1_115' title="bbox 1518 5756 2954 5828">
     <span class='ocr_line' id='line_1_115' title="bbox 1518 5756 2954 5828; baseline -0.003 -18"><span class='ocrx_word' id='word_1_809' title='bbox 1518 5756 1558 5787; x_wconf 74' lang='grc'><strong>⁸⁸</strong></span> <span class='ocrx_word' id='word_1_810' title='bbox 1597 5757 1861 5828; x_wconf 86' lang='grc' dir='ltr'>ἀνύνητα.</span> <span class='ocrx_word' id='word_1_811' title='bbox 1896 5758 1981 5812; x_wconf 79' lang='grc' dir='ltr'><strong>ΑΙ.</strong></span> <span class='ocrx_word' id='word_1_812' title='bbox 2015 5769 2070 5812; x_wconf 81' lang='lat' dir='ltr'><strong>ut</strong></span> <span class='ocrx_word' id='word_1_813' title='bbox 2107 5759 2161 5812; x_wconf 78' lang='lat' dir='ltr'><strong>in</strong></span> <span class='ocrx_word' id='word_1_814' title='bbox 2184 5775 2231 5811; x_wconf 81' lang='grc' dir='ltr'>ι’.</span> <span class='ocrx_word' id='word_1_815' title='bbox 2309 5758 2351 5788; x_wconf 81' lang='grc'>⁸³</span> <span class='ocrx_word' id='word_1_816' title='bbox 2380 5757 2442 5811; x_wconf 86' lang='lat' dir='ltr'><strong>In</strong></span> <span class='ocrx_word' id='word_1_817' title='bbox 2474 5771 2599 5820; x_wconf 75' lang='lat' dir='ltr'><strong>uno,</strong></span> <span class='ocrx_word' id='word_1_818' title='bbox 2642 5759 2954 5824; x_wconf 71' lang='grc' dir='ltr'>πράγματι.</span> 
     </span>
    </p>
   </div>
   <div class='ocr_carea' id='block_1_116' title="bbox 3033 5749 3529 5822">
    <p class='ocr_par' dir='ltr' id='par_1_116' title="bbox 3033 5749 3529 5822">
     <span class='ocr_line' id='line_1_116' title="bbox 3033 5749 3529 5822; baseline -0.004 -18"><span class='ocrx_word' id='word_1_819' title='bbox 3033 5751 3076 5782; x_wconf 77' lang='grc'>⁸³</span> <span class='ocrx_word' id='word_1_820' title='bbox 3108 5749 3171 5804; x_wconf 84' lang='lat' dir='ltr'><strong>In</strong></span> <span class='ocrx_word' id='word_1_821' title='bbox 3203 5767 3334 5818; x_wconf 82' lang='lat' dir='ltr'><strong>uno,</strong></span> <span class='ocrx_word' id='word_1_822' title='bbox 3363 5752 3529 5822; x_wconf 81' lang='grc' dir='ltr'>ἀκρό-</span> 
     </span>
    </p>
   </div>
  </div>
