3984 6454
545 321 647 381 359

1639 318 1952 378 LAONICI
1990 319 2665 384 (IIIALCOCONDYLZE
3699 331 3789 394 360

541 432 878 487 laboriosum
911 432 1011 483 erit
1039 444 1293 497 superare
1318 427 1549 482 hostem.
1586 428 1647 480 Et
1681 439 1737 484 ut
1774 446 1947 484 meatu
1987 446 2110 483 scn-

2217 434 2478 503 βασιλέως
2514 439 2646 507 ὑγιῆ
2701 456 2760 492 τε
2814 435 2978 506 εἶναι,
3033 439 3131 494 καὶ⁸
3188 440 3246 502 ἐς
3292 437 3559 511 ἀνάγκην
3590 439 3789 494 ἐπειδὰν

543 530 771 579 tentiam
819 522 1069 593 capiatis,
1122 522 1201 575 sic
1266 521 1476 575 audite.
1548 519 1775 576 Vidistis
1817 532 1873 576 ut
1928 523 2110 589 januae

547 618 695 685 regis
726 613 974 669 steterint
1006 624 1201 666 neutro
1241 611 1519 665 inclinata:
1571 612 1636 664 ad
1697 625 1955 680 pugnam.
2002 609 2111 666 Nec

543 709 706 762 etiam
758 705 1055 775 periclitari
1107 704 1316 765 volunt,
1349 703 1508 773 quasi
1560 703 1709 756 salus
1763 705 1903 771 regis
1949 713 2112 772 atque

547 799 683 852 adeo
708 798 872 853 totius
908 796 1185 850 exercitus
1238 795 1293 848 in
1345 796 1481 864 ipsis
1517 795 1619 849 sita
1668 796 1738 849 sit
1773 812 1787 848 :
1827 811 1925 848 nec
1960 795 2112 863 prius

542 905 703 958 quant
754 889 1056 943 necessitas
1120 886 1435 956 postularit,
1491 901 1728 955 pugnam
1788 893 2109 955 capessunt.

541 982 692 1050 Agite
759 979 944 1049 igitur,
1004 981 1149 1034 hunc
1185 980 1329 1048 regis
1380 979 1686 1033 exercitum
1739 977 2108 1032 invadamus:

485 1104 490 1124 .
540 1073 632 1141 qui
668 1074 711 1125 si
744 1073 799 1126 in
826 1071 1007 1139 fugam
1038 1070 1267 1136 abierit,
1307 1070 1492 1124 nullus
1522 1084 1623 1124 nos
1652 1079 1971 1138 exspectare
1993 1084 2112 1123 sus-

482 1144 487 1167 :
539 1166 750 1219 tineltit.
786 1164 997 1219 Censeo
1030 1172 1230 1226 autem,
1270 1172 1329 1217 ut
1359 1177 1540 1233 regem
1570 1163 1962 1234 aggrediamur
1986 1177 2109 1216 cum

540 1250 806 1310 universo
842 1255 1107 1321 exercitu,
1135 1269 1258 1308 cum
1311 1255 1570 1311 curribus
1624 1269 1860 1325 quoque,
1897 1257 1949 1310 in
1986 1256 2112 1326 qui-

538 1349 640 1402 bus
672 1346 987 1401 bonibardae
1013 1354 1069 1401 et
1089 1345 1461 1400 bombardarii
1507 1357 1680 1401 sunt:
1724 1355 1776 1400 et
1812 1357 1868 1399 ut
1914 1361 2111 1416 perga-

541 1455 662 1493 mus
703 1438 885 1492 adhuc
943 1438 1045 1491 hac
1097 1445 1261 1491 nocte
1320 1437 1610 1492 confestim
1662 1448 1850 1492 contra
1890 1439 2109 1507 januas,

543 1545 641 1583 nee
675 1538 1025 1585 cunctamur.
1054 1527 1120 1581 Et
1142 1528 1491 1593 accedentes,
1522 1529 1948 1584 botnbardarum
2002 1533 2114 1601 glo-

541 1619 628 1674 bis
666 1619 991 1689 sagittisque
1032 1626 1280 1687 petamus
1320 1619 1501 1686 ianum
1532 1621 1753 1684 milites,
1790 1622 1970 1691 iisque
1996 1630 2110 1677 ter-

543 1726 722 1765 rorem
762 1710 1063 1763 maximum
1096 1710 1427 1766 inferamus.
1458 1710 1607 1765 Satis
1634 1722 1785 1765 certo
1840 1714 1975 1777 scio,
2015 1727 2111 1768 cos

541 1817 649 1855 non
699 1816 998 1856 mansuros
1042 1817 1218 1871 usque
1262 1803 1391 1857 dum
1452 1804 1737 1859 illuccscat
1784 1804 1953 1859 dies:
2014 1805 2107 1859 sed

543 1895 646 1947 hac
675 1892 855 1947 adhuc
908 1904 1068 1947 noete
1112 1894 1319 1948 lubenti
1374 1905 1427 1949 et
1463 1896 1664 1965 cupido
1696 1895 1879 1949 animo
1926 1895 2107 1966 fugam

542 1984 828 2054 arripient.
881 1982 1036 2050 Quod
1073 1984 1118 2040 si
1176 1984 1340 2040 fuerit
1397 1986 1625 2051 faetum,
1670 1986 1831 2041 facile
1877 2004 1978 2044 nos
2027 2003 2114 2043 re-

539 2091 660 2130 rum
695 2078 986 2146 potiemur.
1020 2075 1114 2143 His
1138 2076 1319 2142 dictis,
1370 2091 1564 2132 omnes
1595 2092 1923 2132 consensum
1976 2095 2114 2147 pra:-

545 2169 754 2232 stitere,
808 2174 861 2220 et
895 2180 1004 2220 uno
1034 2180 1129 2220 ore
1184 2165 1265 2221 sic
1319 2164 1630 2221 faciendum
1691 2182 1812 2222 esse
1867 2182 2114 2237 pronun-

544 2263 773 2316 tiarunt.
812 2259 1086 2316 Continuo
1118 2260 1279 2331 igitur
1323 2262 1579 2316 curribus
1646 2261 1803 2331 193
1862 2261 1919 2315 in
1968 2262 2112 2331 regis

542 2353 843 2409 exercitum
883 2350 1081 2406 invecti
1118 2362 1273 2414 sunt,
1320 2351 1423 2406 sub
1480 2352 1655 2421 prima
1705 2353 1887 2406 adhuc
1933 2354 2114 2408 noctis

544 2446 748 2515 vigilia.
800 2442 937 2500 Cum
996 2444 1534 2514 appropinquassent
1585 2444 1769 2513 ianuae
1823 2445 2110 2509 militibus,

546 2548 811 2592 terrorem
873 2535 1052 2590 fecere
1101 2536 1425 2601 maximum,
1477 2536 1902 2591 bombardarum
1938 2539 2115 2609 globis

541 2628 822 2694 ctjaculis
876 2627 1139 2681 ferientes
1189 2627 1535 2695 peregrinos.
1594 2625 1659 2680 Et
1719 2627 1940 2696 quidem
2005 2630 2113 2682 vim

542 2716 818 2772 faciebant
842 2719 1041 2772 castris
1077 2717 1378 2772 Amuratis.
1418 2716 1623 2771 Verum
1685 2719 1958 2788 peregrini
2018 2719 2110 2773 ubi

542 2826 653 2865 rem
698 2820 1027 2881 cegnorunt,
1085 2825 1284 2881 magno
1314 2810 1502 2865 animo
1532 2810 1905 2879 _Pannonibns
1958 2813 2115 2866 resti—

544 2913 680 2957 tere.
712 2901 846 2956 Nam
878 2902 1217 2959 bombardas
1239 2902 1623 2970 expediebant,
1667 2903 2118 2959 bombardarios-

541 3009 648 3062 que
675 2994 1000 3059 evocabant,
1030 3002 1084 3048 et
1117 3009 1224 3047 non
1275 2995 1569 3048 cessabant
1622 2992 1857 3063 jaculari
1900 2992 2116 3050 Pa‘nno-

542 3103 639 3142 nes
677 3104 691 3141 :
724 3087 941 3155 plurimi
992 3089 1046 3139 in
1100 3100 1163 3140 ea
1208 3094 1368 3140 nocte
1394 3085 1650 3155 utrinque
1684 3086 1972 3153 cadebant,
2023 3088 2113 3143 icti
2140 3094 2185 3156 C

541 3179 972 3233 bombardarum
1009 3177 1208 3247 globis.
1239 3176 1540 3247 Postquam
1592 3177 1709 3233 dies
1771 3180 2010 3245 advenit,
2061 3190 2116 3236 et

542 3269 838 3324 Paunones
890 3268 1155 3321 videbant
1184 3266 1333 3337 regis
1368 3276 1550 3321 castra
1599 3267 1653 3322 in
1683 3282 1746 3322 ea
1781 3270 2004 3338 regione
2036 3271 2117 3328 lo-

540 3368 667 3413 cata
698 3355 912 3411 fortiter
945 3369 1211 3424 pugnare,
1262 3353 1555 3408 consilium
1589 3369 1788 3424 cepere
1821 3356 2113 3421 redeundi,

544 3449 691 3504 unde
719 3447 928 3517 egressi
963 3456 1141 3512 erant,
1185 3446 1240 3501 in
1282 3453 1465 3503 castra
1498 3466 1511 3501 :
1549 3462 1648 3501 uec
1678 3447 2111 3516 exspectandum

541 3557 686 3607 esse,
735 3542 910 3596 donec
944 3539 1501 3595 circumducercntur
1549 3539 1619 3594 ab
1653 3540 1797 3609 regis
1845 3540 2116 3596 militibus

548 3643 763 3689 stantes
795 3649 965 3703 prOpe
990 3632 1210 3702 januas.
1231 3632 1356 3687 Haec
1382 3632 1650 3687 sententia
1678 3632 1769 3686 ubi
1795 3633 2112 3702 placuisset,

540 3727 806 3781 cedebant
871 3725 1196 3781 festinantes
1257 3726 1312 3778 in
1351 3739 1475 3779 eum
1526 3727 1707 3779 locum
1766 3725 1858 3779 ubi
1904 3736 2119 3781 castra-

541 3817 731 3873 metati
762 3824 937 3871 erant.
975 3814 1072 3870 Die
1109 3825 1299 3870 exorto
1331 3816 1529 3871 iterum
1561 3818 1627 3872 ad
1684 3819 1929 3887 praelium
1973 3834 2113 3889 prte—

503 3910 840 3983 parabatur
869 3909 1191 3975 Cboniates,
1247 3910 1553 3979 periculum
1608 3909 1884 3977 facturus,
1941 3914 1985 3967 si
2042 3912 2118 3967 fe-

546 4002 707 4057 licem
740 4016 922 4056 rerum
984 4000 1275 4055 sortiretur
1322 3996 1603 4054 eventum.
1638 3999 1895 4071 Pugnans
1933 4001 2117 4070 itaque

541 4094 810 4163 impetum
841 4092 1005 4161 dabat
1044 4092 1101 4146 in
1136 4091 1401 4146 Asianum
1435 4092 1765 4154 exercitum,
1813 4102 1869 4146 et
1898 4092 2118 4147 fortiter

540 4183 1008 4254 congrediebatur
1051 4182 1178 4237 cum
1222 4183 1499 4239 hostibus.
1552 4182 1784 4251 Europae
1830 4182 1939 4237 dux
1990 4196 2115 4236 cum

540 4278 843 4346 accepisset
866 4272 1167 4329 Paunones
1209 4264 1538 4345 congressos
1567 4288 1690 4329 esse
1723 4289 1850 4329 cum
1909 4274 2116 4330 Asiano

541 4368 812 4429 exercitu,
851 4365 1239 4420 Turacbanem
1263 4364 1571 4422 Thessalia:
1604 4365 1920 4434 praefectum
1949 4366 2116 4420 mittit

2214 531 2473 601 περιστῇ,
2526 530 2819 601 μάχεσθαι.
2877 532 3015 602 Φέρε
3060 531 3192 599 οὖν,
3228 531 3457 601 ταύτην
3493 524 3805 600 κινήσωμεν

2212 624 2311 687 τὴν
2370 623 2633 692 βασιλέως
2691 624 2992 691 σύνταξιν,
3033 627 3129 679 καὶ
3194 625 3519 695 οἰχομένης
3577 627 3785 696 ταύτης,

2213 714 2346 781 ἡμῖν
2396 715 2574 777 οὐδεὶς
2620 714 2730 771 τῶν
2792 716 2969 771 ἄλλων
3027 718 3209 787 μένειν
3260 717 3478 772 ἐθέλει.
3529 718 3685 772 Δοκεῖ
3709 718 3787 773 οὖν

2214 807 2359 877 ἐμοὶ,
2392 811 2617 878 κινῆσαι
2649 810 2710 862 τὸ
2743 810 3109 882 στρατόπεδον
3161 814 3305 883 ἡμῖν
3340 814 3522 873 ἅπαν.
3559 815 3652 867 καὶ
3690 819 3786 879 ταῖς

2212 900 2490 970 ἀμάξαις,
2551 902 2637 972 ἐφ’
2700 900 2787 968 αἷς
2835 906 2885 958 οἱ
2935 906 3219 977 τηλεδόλοι
3272 907 3381 959 καὶ
3433 906 3789 976 τηλεὸολίσκοι

2214 995 2346 1062 ἡμῖν
2395 996 2758 1064 τυγχάνουσιν
2804 998 2977 1062 ὄντες,
3040 998 3146 1051 ὑπὸ
3195 998 3422 1067 ταύτην
3485 1000 3589 1070 τὴν
3642 998 3791 1052 νύκτα

2218 1087 2357 1141 ἱέναι
2387 1088 2555 1153 ὁμόσε
2587 1090 2681 1140 ἐπὶ
2722 1094 2820 1151 τὰς
2854 1088 3028 1158 θύρας
3057 1090 3261 1144 αὐτίκα
3284 1130 3300 1155 ,
3331 1092 3436 1144 καὶ
3474 1091 3553 1160 μὴ
3590 1089 3788 1160 διαμέλ-

2213 1179 2350 1234 λειν.
2390 1182 2500 1233 Καὶ
2539 1181 2605 1251 ἢν
2658 1181 2927 1250 ἐπίωμεν,
2962 1183 3280 1251 τηλεόό).οις
3330 1201 3395 1236 τε
3429 1185 3529 1236 καὶ
3570 1186 3678 1245 τοῖς
3716 1185 3787 1236 ἄλο

2213 1273 2324 1334 λοις
2363 1272 2545 1342 βέλεσι
2576 1272 2871 1342 βάλλοντες
2906 1275 3001 1336 τὰς
3041 1273 3320 1342 βασιλέως
3369 1276 3573 1345 Θύρας,
3609 1275 3697 1329 καὶ
3721 1276 3785 1326 δε-

2200 1335 2542 1433 ιδιττόμενοι,
2574 1335 2761 1434 οἴομαι
2817 1335 2892 1435 μη
2941 1335 3223 1435 ἐπιμένειν
3260 1335 3377 1428 ἕως
3416 1335 3657 1437 ἡμέρας,
3692 1366 3781 1418 ἀλλ’

2213 1458 2289 1523 ὼς
2316 1459 2427 1528 ἔχει
2461 1460 2493 1529 ή
2527 1457 2644 1523 νὺξ,
2678 1458 2852 1522 οὕτως
2883 1458 3079 1522 αὐτοὺς
3114 1459 3323 1522 ἰόντας,
3357 1457 3781 1512 ἀπαλλάττεσθαι

2215 1551 2489 1620 ἁσμένως.
2546 1551 2655 1603 Καὶ
2689 1551 2897 1605 τούτων
2938 1552 3307 1620 ἀπωσάμενοι
3351 1551 3427 1604 τὰ
3478 1552 3780 1621 πράγματα,

2216 1643 2440 1712 ἔχοιμεν
2470 1643 2539 1697 τὰ
2557 1643 2803 1699 ἐκείνων.
2826 1642 3013 1697 Ταῦτα
3038 1644 3216 1711 λέγων
3248 1644 3278 1696 ὁ
3308 1643 3596 1713 Ταοὺτης,
3623 1641 3780 1695 επειοὲ

2214 1751 2294 1800 τε,
2324 1735 2418 1788 καὶ
2448 1734 2637 1787 ἑπίουν
2668 1734 2831 1789 οὕτω.
2872 1736 2983 1790 Καὶ
3015 1736 3213 1790 αὐτίκα
3263 1737 3371 1789 σὺν
3413 1738 3538 1798 ταῖς
3571 1733 3778 1799 ἁμάξαις

2213 1826 2458 1897 ἐπῄεσαν
2489 1826 2547 1889 ἐς
2588 1828 2648 1879 τδ
2677 1826 2944 1896 βασιλέως
3000 1827 3384 1897 στρατόπεδον
3418 1828 3555 1897 περὶ
3585 1827 3777 1896 πρώτην

2214 1921 2466 1993 φυλακὴν
2510 1921 2611 1990 τῆς
2656 1923 2875 1984 νυκτός.
2922 1921 3010 1984 Ὠς
3060 1922 3118 1976 δὲ
3167 1921 3347 1992 ἀγχοῦ
3397 1922 3650 1990 ἐγένοντο
3687 1920 3772 1971 τῶν

2215 2015 2485 2085 βασιλέως
2538 2015 2742 2086 θυρῶν,
2800 2016 3039 2071 ἐνταῦθα
3092 2015 3440 2069 ὲδεδίττοντο
3493 2013 3772 2086 τηλεὸόλοις

2213 2129 2273 2165 τε
2301 2111 2398 2165 καλ⁸
2430 2110 2840 2182 τηλεὸολίσκοις
2890 2111 3016 2173 τοὺς
3049 2110 3095 2141 ⁸⁸
3150 2109 3450 2181 νεήλυδας,
3485 2113 3578 2163 καὶ
3610 2108 3769 2160 ,ξδκλον

2213 2203 2275 2257 τὸ
2302 2202 2397 2258 τοῦ
2429 2203 2695 2273 βασιλέως
2739 2203 3136 2273 στρατόπεδον*
3172 2203 3271 2257 καὶ
3305 2203 3591 2272 ἐμάχοντο
3631 2200 3770 2269 μετά-

2214 2297 2320 2360 λως
2370 2296 2507 2367 πρὸς
2559 2297 2621 2350 τὸ
2673 2296 2858 2369 μέρος.
2909 2297 3051 2352 ὥστε
3098 2297 3410 2365 διέφαινεν.
3457 2296 3533 2351 Οῐ
3579 2313 3635 2348 τε
3684 2293 3767 2360 γὰρ

2216 2391 2472 2461 νεήλυδες
2531 2391 2661 2454 τούς
2718 2407 2775 2444 τε
2834 2390 3161 2460 τηλεδόλους
3228 2390 3766 2460 παρασκευασάμενοι

2218 2485 2313 2538 καὶ
2335 2481 2776 2553 τηλεὸολίσκους,
2815 2484 3047 2551 ὑφίεσαν
3093 2485 3185 2538 ἐπὶ
3217 2485 3354 2547 τοὺς
3388 2484 3629 2544 Παίονας
3654 2495 3667 2510 °
3698 2478 3766 2531 καὶ

2216 2578 2449 2633 ἔπιπτον
2477 2579 2809 2648 ἀμφοτέρων
2840 2580 2941 2631 οὐκ
2969 2577 3141 2645 ὀλίγοι
3172 2579 3239 2647 τῇ
3277 2578 3449 2630 νυκτὶ
3479 2575 3665 2644 ταύτῃ,
3689 2571 3764 2624 ὑπὸ

2216 2673 2529 2745 τηλεϐόλων
2568 2677 2637 2725 τὰ
2688 2671 2860 2724 πλείω
2906 2671 3289 2740 φθειρόμενοι.
3326 2670 3494 2723 Ἐπεὶ
3527 2669 3583 2723 δὲ
3617 2665 3762 2735 ἡμέρα

2216 2767 2389 2837 ἀγχοῦ
2417 2767 2656 2834 ἐγένετο,
2685 2765 2780 2819 καὶ
2807 2765 2997 2832 ἑώρων
3025 2764 3086 2816 τὸ
3116 2762 3399 2833 βασιλέως
3433 2758 3763 2832 στρατόπεδον

2221 2857 2523 2927 ἱδρυμένον
2552 2856 2695 2909 κατὰ
2749 2855 2937 2926 χώραν
2984 2854 3364 2922 ἀγωνίζεσθαι
3397 2854 3571 2919 ἀξίως
3611 2850 3758 2917 λόγου.

2219 2954 2392 3006 ἐδόκει
2453 2949 2861 3014 ἀναζεύξαντας
2938 2950 3274 3003 ἀπελαύνειν
3338 2950 3399 3013 ἐς
3468 2947 3560 3001 τὸν
3618 2943 3759 3015 χῶρον

2218 3048 2445 3111 ἐκεῖνον,
2471 3045 2526 3096 ὲν
2559 3040 2603 3113 ᾧ
2638 3042 3187 3112 ἐστρατοπεδεύοντο,
3221 3042 3321 3095 καὶ
3373 3040 3454 3112 μὴ
3505 3038 3758 3108 ἀναμένειν

2219 3140 2656 3208 συλλεγομένους
2686 3136 3022 3191 κυκλοῦσθαι
3072 3136 3233 3205 σφᾶς,
3267 3136 3445 3204 ἐγγὺς
3475 3133 3583 3186 τῶν
3616 3126 3760 3197 θυρῶν

2218 3234 2569 3303 γενομένους.
2640 3230 2729 3294 Ὦς
2780 3230 2837 3284 δὲ
2872 3230 3087 3293 ἐδόκει,
3136 3227 3232 3281 καὶ
3299 3227 3529 3281 ἐποίουν
3588 3222 3757 3276 ταῦτα·

2217 3327 2530 3398 ἀνεχώρουν
2576 3327 2632 3387 ὲς
2680 3324 2779 3395 τὴν
2825 3321 3011 3393 χώραν
3044 3321 3252 3382 αὐτῶν.
3292 3322 3423 3375 καθ’
3467 3320 3536 3392 ἢν
3584 3318 3760 3386 ἵδρυντο

2219 3423 2513 3492 πρότερον.
2558 3419 2714 3472 Ἐπεὶ
2757 3418 2816 3470 δὲ
2876 3416 3064 3487 ἡμέρα
3115 3417 3360 3484 εγενετο,
3424 3411 3758 3485 παρετάσσετο

2217 3514 2450 3584 δεύτερα
2487 3513 2543 3576 ἐς
2573 3513 2673 3581 τὴν
2708 3511 2915 3579 μάχην,
2949 3508 3361 3577 πειρασόμενος
3455 3507 3523 3560 ἂν
3554 3498 3756 3564 ἀποϐαίη

2218 3609 2367 3681 αὐτῷ
2416 3608 2482 3661 τὰ
2530 3609 2857 3678 πράγματα.
2895 3604 3179 3667 Καθιστὰς
3219 3604 3281 3657 δὲ
3315 3605 3376 3657 ὲν
3425 3603 3592 3673 μάχη,
3621 3593 3756 3664 ἔμϐα-

2216 3705 2323 3758 λὼν
2398 3705 2457 3766 ἐς
2528 3702 2590 3755 τὸ
2663 3700 2762 3769 τῆς
2847 3696 3032 3759 Ἀσίας
3115 3696 3464 3765 στράτευμα,
3525 3685 3756 3759 συμὸολῆν

2216 3798 2456 3851 ἐποιεῖτο
2497 3792 2731 3847 ἐνταῦθα
2785 3792 2860 3854 ὡς
2907 3789 3192 3855 συνέϐαλε,
3224 3790 3444 3859 πέμπει
3486 3787 3515 3838 ὁ
3559 3782 3652 3849 τῆς
3677 3775 3748 3828 Εὐ·

2220 3891 2410 3963 ρὼπης
2437 3886 2743 3957 στρατηγὸς
2772 3885 3131 3955 Τουραχάνην
3161 3882 3252 3934 τὸν
3286 3878 3588 3940 Θετταλίας
3616 3872 3755 3963 ῦπαρ⁸

2217 4001 2312 4055 χον
2359 3982 2456 4036 σὺν
2488 3979 2565 4050 τῷ
2614 3978 2781 4033 αὐτοῦ
2840 3976 3235 4048 στρατεύματι,
3268 3975 3415 4032 κατά
3442 3972 3608 4027 νώτου
3637 3960 3754 4055 γενέ-

2222 4052 2405 4143 μενον,
2434 4075 2546 4136 τοῖς
2591 4073 2786 4125 Παίοσι
2846 4069 3149 4137 συμϐαλεῖν
3195 4069 3273 4131 ὡς
3321 4068 3546 4121 δύναιτο
3574 4052 3750 4127 ἰσχυρά·

2219 4187 2377 4225 τατα,
2406 4166 2675 4220 Ἐνταῦθα
2702 4163 3062 4233 Τυυροιχάνης
3095 4162 3236 4233 κατά
3278 4162 3458 4214 νώτου
3501 4152 3750 4224 γενόμενος

2218 4263 2331 4324 τοῖς
2365 4258 2579 4322 Παίοσι,
2609 4258 2841 4318 πολλοὺς
2884 4256 3069 4310 αὐτῶν
3096 4254 3400 4308 κατέϐαλεν
3443 4253 3502 4305 ἄν
3543 4248 3607 4316 τῇ
3638 4241 3750 4311 μάχῃ

2219 4332 2414 4423 ταύτῃ.
2439 4353 2501 4404 Οἱ
2534 4349 2633 4420 μὲν
2663 4349 2773 4417 γὰρ
2800 4347 3024 4401 ἐδίωκον
3048 4348 3175 4408 τοὺς
3211 4342 3510 4402 ’Δλδανοὺς
3533 4328 3752 4423 “Wand

522 4447 671 4511 'cnm
717 4469 820 4511 suo
865 4455 1137 4522 exercitu,
1174 4468 1236 4511 ut
1285 4471 1316 4511 a
1350 4464 1506 4525 tergo
1537 4456 1848 4511 adoriretur
1895 4456 2114 4512 Panno-

2221 4447 2296 4508 ὡς
2332 4445 2637 4498 ἐπικέοιντο
2665 4440 2977 4505 διώκοντες,
3005 4441 3055 4493 οί
3098 4440 3196 4509 μὲν
3244 4438 3486 4508 ἔφευγον
3519 4430 3617 4487 ἀνὰ
3648 4428 3752 4525 κρᾰε

541 4568 660 4618 nes,
694 4559 747 4608 et
789 4568 953 4623 quam
1002 4554 1304 4608 fortissime
1353 4561 1544 4608 contra
1608 4567 1704 4609 cos
1756 4554 2114 4620 praeliaretur.

540 4630 899 4701 Turacbanes
934 4646 1200 4714 imperata
1248 4644 1481 4715 impigre
1526 4643 1757 4710 faciens,
1792 4644 2114 4701 Pannonum

541 4734 836 4802 plurimos,
889 4749 1013 4789 cum
1057 4737 1110 4788 in
1152 4744 1302 4806 terga
1368 4750 1554 4790 eorum
1614 4737 1890 4799 irruisset,
1942 4739 1994 4790 in
2053 4752 2119 4791 eo

542 4824 730 4892 praelio
770 4826 986 4880 stravit.
1023 4824 1254 4891 Quidam
1303 4826 1450 4880 enim
1503 4826 1980 4896 persequebantur
2027 4825 2121 4880 Al-

545 4918 742 4982 banos,
774 4930 804 4970 a
830 4931 1064 4984 quorum
1107 4917 1384 4985 uestigiis,
1425 4918 1676 4988 quamvis
1712 4917 2000 4972 celerrime
2032 4917 2119 4971 fu-

544 5015 759 5078 gerant,
793 5024 1065 5079 nusquam
1128 5010 1410 5066 abstitere.
1471 5010 1709 5065 Ministrt
1751 5020 1930 5064 tamen
1977 5026 2117 5080 pra:-

549 5097 818 5151 fcctorum
855 5099 949 5166 qui
1005 5100 1323 5171 ex‘Europa
1381 5109 1669 5164 venerant,
1731 5099 1875 5152 haud
1936 5102 2115 5167 fugam

546 5191 807 5245 inierant.
844 5189 980 5245 Cum
1028 5199 1209 5246 autem
1246 5209 1273 5246 a
1337 5193 1452 5248 suis
1483 5199 1668 5247 essent
1716 5191 1983 5255 destituti,
2023 5192 2114 5261 qui

547 5282 671 5351 fuga
719 5280 822 5336 sibi
857 5281 1247 5346 consulebant,
1286 5282 1607 5353 pugnabant
1642 5280 1790 5334 haud
1843 5296 2006 5335 secus
2051 5296 2116 5335 ac

544 5371 713 5428 Τυτοί
776 5385 969 5429 contra
1052 5371 1365 5431 Pannones.
1433 5375 1699 5429 Pra'tcrea
1764 5384 1952 5428 contra
2020 5392 2114 5431 eos

547 5466 816 5522 acerrime
858 5466 1106 5539 praelium
1142 5465 1377 5528 inibant.
1411 5466 1506 5536 qui
1544 5475 1701 5521 erant
1752 5481 1819 5522 ex
1874 5467 2114 5539 EurOpa,

2222 4558 2331 4605 τος.
2369 4539 2519 4611 Πλὴν
2541 4540 2605 4607 δὴ
2635 4538 2744 4591 τῶν
2779 4536 3045 4607 ὑπάρχων
3093 4535 3434 4605 θεράποντες
3481 4518 3749 4611 Εὐρωπαῖοι

2221 4636 2396 4699 ὄντες,
2440 4634 2538 4686 καὶ
2582 4631 2902 4692 διαστάντες
2949 4629 3025 4692 ὡς
3071 4630 3359 4697 φεύγοιεν,
3401 4624 3658 4693 ἐμάχοντο
3683 4602 3749 4660 οἶα

2222 4731 2333 4792 τοῖς
2366 4727 2634 4794 Τούρκοις
2686 4723 2968 4793 νομίζεται
3017 4721 3155 4793 πρὸς
3198 4722 3328 4784 τοὺς
3363 4717 3608 4773 Παίονας.
3638 4698 3751 4770 Πρὸς

2221 4823 2279 4876 δὲ
2323 4821 2451 4884 τοὺς
2507 4820 2617 4872 ἀπὸ
2676 4819 2780 4888 τῆς
2841 4816 3134 4887 Εὐρώπης,
3184 4813 3329 4867 κατά
3386 4807 3555 4863 νώτου
3590 4795 3750 4864 σφίσιν

2223 4913 2636 4983 ἐπικειμένους,
2694 4908 3104 4979 συστραφέντες
3167 4904 3436 4972 συστάδην
3500 4892 3746 4965 ἐμάχοντο,

2222 5007 2411 5061 ἄλλοτε
2447 5005 2583 5073 ἄλλη
2640 5001 2735 5056 τοῦ
2770 5001 2957 5053 πεδίου
3007 5000 3084 5062 ὡς
3136 4996 3487 5069 περιτύχοιεν
3532 4985 3748 5077 ἑκάτεραι

2225 5100 2475 5167 ἀλλήλοις
2535 5097 2894 5163 ἐπικείμενοι.
2948 5095 3125 5155 Δᾶκες
3172 5092 3229 5144 δὲ
3280 5090 3359 5153 ὡς
3424 5082 3602 5147 ἑώρων
3647 5076 3745 5167 τηυξ

2226 5152 2509 5261 Τούρκους
2556 5187 2693 5241 πολὺ
2721 5152 2877 5257 ’παρ’
2940 5152 3133 5240 ἐλπίδα
3180 5177 3622 5266 ἀγωνιζομένουςῖ
3667 5152 3743 5266 te:

2230 5242 2378 5351 σφίσι
2415 5242 2512 5333 καί.
2545 5242 2907 5349 χαλεπώτατα
2958 5242 3331 5347 ἐπηρτῆσόαι,
3363 5242 3662 5351 ὶιτξαλλσιγὴν
3682 5242 3741 5351 fg

2230 5347 2384 5444 μδλις
2425 5347 2646 5424 ἔσεσθαι
2692 5366 2790 5424 τοῦ
2840 5367 3037 5436 κακοῦ,
3069 5369 3166 5421 καὶ
3208 5368 3275 5439 ἢν
3310 5363 3445 5423 σῶες
3479 5347 3737 5444 ἀφίξοίνῖῗξ

2227 5426 2320 5521 ἐπὶ
2350 5426 2514 5538 έρκου
2555 5464 2827 5536 μηδεμίαν
2869 5426 3319 5534 εἷναιιμηχανῖην,
3356 5454 3426 5527 με)-
3451 5449 3510 5505 ob
3537 5426 3734 5495 δίδοσθαι

1819 5628 2064 5690 Nolulae
2105 5629 2512 5705 marginales.

627 5744 746 5779 et.“
782 5748 839 5802 τὸ
865 5752 1183 5822 στράτευμα
1210 5748 1322 5802 καί,
1358 5748 1419 5802 Ill
1455 5746 1528 5801 al.
1552 5757 1607 5800 ut
1636 5762 1686 5800 ε.
