3984 6424
117 369 225 433 385

1123 365 1220 427 DE
1259 362 1509 423 ΗΕΒυὲ
1551 363 1920 425 TURCICIS
1967 361 2116 421 LIB.
2149 361 2323 420 Vill.
2364 439 2376 458 '

3285 359 3390 428 386

115 483 361 552 ἐτρώθη,
416 476 560 534 εἶδλεν
601 480 669 534 ἂν
699 482 793 541 τὰς
850 477 980 542 ναῦς
1012 478 1503 548 διισχυριζόμενος.
1537 477 1698 529 Οὕτω

1836 477 1975 531 ando
2003 492 2115 545 quo
2140 477 2316 546 inagis
2349 476 2698 542 accenderet,
2720 475 2994 532 interdum
3041 492 3184 547 equo
3216 477 3394 548 ingre-

119 577 318 644 μέντοι
406 575 706 644 διέφυγεν,
770 573 915 625 ὥστε
988 573 1155 624 κακόν
1223 588 1276 623 τι
1358 573 1433 640 μὴ
1510 571 1703 624 παθεῖν

118 668 237 719 ὑπὸ
301 668 592 736 βασιλέως.
660 667 772 718 Καὶ
848 664 942 726 οὒς
996 665 1054 717 ὲν
1129 663 1336 735 ὑποψίᾳ
1388 663 1514 734 ἔσχε
1577 662 1704 715 συλ-

124 753 323 809 λαϐὼν
370 757 397 807 ὁ
447 755 714 824 βασιλεὺς,
783 754 1070 823 καθεῖρξεν
1136 754 1211 816 ὡς
1258 751 1570 808 ἀπολέσων.

1812 569 2066 624 diebatur
2107 583 2282 623 mare.
2317 567 2518 623 Verum
2549 571 2869 626 Graecorum
2904 586 3072 624 naves
3117 570 3397 624 inviolata:

1812 671 2054 732 optatum
2072 661 2352 731 contigere
2377 671 2618 731 portum.
2646 667 2712 717 At
2735 663 2786 716 in
2805 665 3190 718 eccertamine
3211 662 3402 717 vulne-

1826 763 1983 806 ratur
2007 755 2203 807 oculus
2231 755 2363 822 regii
2393 755 2676 821 navarelii,
2707 755 2796 808 cui
2832 770 3034 808 nomen
3058 768 3170 809 eral
3199 754 3402 808 Panto-

138 846 286 913 gles.
343 861 369 898 a
399 848 530 909 suis,
585 855 643 899 ut
703 849 817 917 ipse
867 856 1098 901 testatus
1127 854 1212 900 est
1239 859 1422 900 coram
1469 860 1594 914 rege
1618 859 1634 896 :
1661 855 1715 899 et
1739 843 2030 899 manifesm
2060 847 2439 911 asseverabat,
2475 846 2530 900 ni
2565 849 2791 900 vulnere
2843 847 3041 901 fuisset
3076 847 3400 914 impeditus-

149 961 211 1001 se
247 943 396 1005 facile
431 960 595 998 naves
650 944 706 998 in
766 946 1034 1000 ditionem
1075 945 1315 1012 potuisse
1375 944 1648 1011 accipere.
1685 942 1822 997 Cum
1854 942 1934 996 sic
1951 940 2157 995 factum
2190 943 2850 1012 excusaret,supplicium
2875 943 3020 1012 quod
3045 943 3403 999 minitabatur

151 1054 267 1102 rex,
290 1041 477 1092 evasit.
501 1039 607 1091 Eos
632 1050 832 1102 autem,
857 1053 994 1106 quos
1013 1049 1297 1107 suspectos
1327 1035 1825 1105 habebatrex,capi
1847 1045 1903 1088 et
1929 1036 1980 1088 in
2006 1035 2221 1090 vincula
2250 1036 2378 1089 duci
2413 1035 2591 1105 jubet,
2643 1035 2799 1106 quasi
2821 1037 3163 1104 expetiturus
3185 1053 3400 1107 pinnas.

227 1131 312 1193 Ὠς
345 1130 444 1199 μὲν
479 1129 571 1182 οὖν
599 1130 804 1190 ἱκανῶς
837 1130 937 1200 ἤδη
976 1130 1126 1200 αὐτῷ
1163 1131 1223 1182 τὸ
1253 1134 1433 1200 τεῖχος
1490 1129 1716 1180 κατεϐέ-

144 1221 328 1291 ϐλητο,
363 1219 507 1273 ὥστε
560 1206 922 1281 εἰσπεσόντας
967 1222 1093 1282 τοὺς
1130 1219 1396 1288 νεήλυδας
1447 1219 1717 1272 εἰσελθεῖν

138 1315 193 1374 ἐς
231 1313 330 1383 τὴν
361 1313 540 1374 πόλιν,
567 1312 856 1365 ἐκέλευσεν
889 1313 992 1364 ἀνὰ
1015 1313 1076 1364 τὸ
1125 1312 1487 1382 στρατόπεδον
1536 1312 1717 1365 ἁπαν-

136 1403 274 1472 ταχῆ
341 1406 496 1474 πυρὰ
557 1403 732 1457 καίειν
802 1408 868 1456 τὰ
939 1403 1341 1474 νενομισμένα,
1403 1403 1502 1460 καὶ
1550 1403 1722 1456 τᾶλλα

138 1494 483 1564 ποιούμενος,
535 1496 612 1560 ώς
666 1499 731 1568 τῇ
810 1498 1042 1568 ἐπιούσῃ
1095 1498 1196 1567 τῆς
1260 1498 1551 1566 ύστεραίας
1616 1500 1717 1568 τὴν

137 1588 453 1658 προσϐολὴν
485 1589 872 1658 ποιησόμενος,
904 1590 995 1642 καὶ
1023 1591 1124 1658 τήν
1161 1606 1221 1641 τε
1256 1588 1590 1659 διαρπαγὴν,
1623 1589 1720 1641 καὶ

137 1679 661 1750 ὲξανδραποδισμὸν,
729 1681 1099 1752 ἀνεκήρυττεν
1137 1683 1194 1745 ἐς
1245 1682 1314 1736 τὰ
1350 1682 1714 1752 στρατόπεδα.

146 1769 378 1836 Λέγεται
409 1769 512 1838 μὲν
542 1765 638 1821 οὖν
675 1771 772 1822 καὶ
807 1770 923 1822 τόδε
946 1785 962 1801 ο
1002 1771 1078 1834 ώς
1103 1771 1166 1824 τὸ
1194 1774 1373 1843 τεῖχος
1403 1773 1716 1827 ἐπεπτώκει

147 1859 252 1910 ὑπὸ
280 1858 392 1910 τῶν
421 1857 755 1929 τηλεϐόλων,
785 1860 814 1912 δ
840 1860 1152 1931 Σκενδέρεω
1184 1861 1278 1914 τοῦ
1321 1861 1577 1931 Σινώπης
1615 1863 1718 1932 ἄρ-

1891 1125 2079 1180 Murus
2112 1143 2236 1182 cum
2257 1127 2369 1197 jam
2425 1130 2560 1183 satis
2612 1138 2758 1182 esset
2799 1127 3084 1195 disjectas,
3158 1134 3402 1198 peregri-

1818 1219 1986 1285 nique
2045 1221 2206 1289 207
2263 1219 2424 1274 lacile
2476 1227 2827 1287 penetrarent
2858 1220 2915 1273 in
2984 1224 3195 1286 urbem,
3233 1223 3405 1290 jussit

1823 1309 1978 1378 ignes
2007 1311 2201 1364 solitos
2232 1310 2473 1378 undique
2506 1324 2600 1378 per
2629 1318 2810 1364 castra
2836 1309 2981 1365 ﬁeri.
3026 1311 3234 1365 Caetera
3257 1329 3404 1381 quo-

1821 1415 1928 1469 que
1953 1400 2027 1453 ita
2057 1401 2389 1462 instruebat,
2423 1400 2584 1470 quasi
2613 1400 2706 1468 qui
2743 1401 2903 1456 tertio
2935 1402 3004 1455 ab
3021 1416 3089 1454 eu
3117 1401 3207 1455 die
3241 1405 3289 1456 vi
3327 1409 3404 1456 ir-

1826 1505 2093 1562 rupturus
2128 1503 2275 1548 esset
2297 1493 2349 1548 in
2383 1492 2594 1547 urbem.
2625 1491 2792 1549 Misso
2835 1493 3019 1564 itaque
3046 1510 3298 1563 praecone
3349 1498 3404 1550 in

1822 1587 2022 1641 castris
2054 1589 2376 1654 pronuntiat
2411 1603 2470 1641 se
2500 1587 2654 1642 urbis
2723 1587 2963 1657 praedam
3018 1596 3073 1643 et
3127 1589 3404 1658 mancipia

1823 1675 2090 1730 militibus
2107 1690 2522 1732 concessurum.
2565 1677 2774 1733 Interea
2818 1693 2942 1732 cum
2976 1679 3089 1733 haec
3125 1681 3405 1749 paraban-

1824 1776 1934 1834 tur,
1971 1779 2024 1824 et
2056 1784 2248 1824 murus
2296 1770 2723 1826 bombardarum
2779 1773 2987 1840 impetu
3045 1773 3159 1842 jam
3189 1772 3408 1827 dirutus

1822 1871 1996 1926 esset,
2029 1863 2350 1928 Scenderis,
2387 1865 2481 1934 qui
2518 1865 2776 1934 SinOpcm
2809 1867 3053 1936 regebat,
3107 1867 3272 1930 tilius,
3307 1881 3409 1920 no-

144 1967 328 2018 χοντος
364 1951 512 2014 παῖς,
551 1950 853 2022 ἰσμαήλης
882 1951 1146 2022 τοῦνομα,
1173 1954 1484 2026 προσέφερε
1518 1957 1712 2022 λόγους

1836 1954 1969 2009 nine
2008 1953 2224 2018 lsmael,
2249 1956 2317 2010 ad
2344 1955 2740 2020 Grsecosabiit,
2764 1966 2817 2010 et
2867 1973 2993 2011 cum
3043 1958 3124 2014 eis
3175 1959 3230 2012 in
3264 1959 3409 2014 hunc

139 2041 253 2102 τοῖς
290 2038 518 2110 Ἕλλησι
551 2044 680 2112 περὶ
704 2043 967 2107 σπονδῶν,
997 2062 1004 2070 ’
1036 2044 1213 2111 λέγων
1256 2045 1467 2099 τοιάδε·
1499 2045 1716 2116 Ἄνδρες

143 2131 431 2202 Ἓλληνες,
487 2135 577 2186 ἐπὶ
625 2135 791 2206 ξυροῦ
861 2137 1044 2208 ἀκμῆς
1079 2138 1228 2207 ὑμῖν,
1295 2138 1369 2200 ὡς
1425 2140 1610 2210 ἐρᾶτε,
1653 2141 1720 2193 τὰ,

149 2223 457 2294 πράγματα
473 2226 699 2296 ἕστηκε.
741 2227 808 2280 Τί
840 2227 902 2281 ού
928 2231 1177 2298 πρέσὸυν
1215 2231 1464 2300 πέμπετε
1503 2230 1578 2294 ὡς
1629 2231 1722 2300 βα-

152 2319 308 2370 σιλέα
340 2319 470 2388 περὶ
500 2319 721 2390 εἰρήνης
749 2338 764 2385 ;
802 2319 904 2373 Ἠν
935 2322 1044 2391 γὰρ
1072 2323 1201 2392 ἐμοὶ
1229 2323 1455 2395 ἐθέλησε
1503 2325 1725 2393 ἐπιτρέ-

148 2409 275 2477 ψαι,
316 2407 681 2480 διαπράξομαι
734 2411 864 2481 ὑμῖν
897 2413 1132 2476 σπονδὰς
1163 2414 1418 2480 γενέσθαι
1443 2413 1594 2483 παρὰ
1625 2414 1723 2482 βα-

146 2499 374 2562 σιλέως.
409 2500 520 2552 Καὶ
550 2500 647 2571 τὴν
686 2505 848 2572 χάριν
881 2497 977 2556 οὖν
1003 2501 1062 2555 εὖ
1091 2499 1190 2556 οἷδ’
1225 2504 1305 2558 ὅτι
1341 2504 1725 2574 καταθήσεσθε

142 2591 219 2660 τῷ
240 2590 678 2663 διαπραξαμένῳ
726 2593 876 2662 ὑμῖν.
942 2595 1048 2646 Ἦν
1081 2594 1138 2647 δὲ
1177 2593 1254 2664 μὴ
1292 2594 1452 2648 τοῦτο
1501 2597 1726 2668 γένηται

146 2686 298 2753 ύμῖν,
326 2687 359 2755 ἡ
390 2685 551 2746 πόλις
585 2684 1098 2755 ὲξανδραποδείται,
1138 2686 1232 2740 καὶ
1257 2687 1408 2757 ἡμᾶς
1459 2688 1729 2740 πασσυδεὶ

146 2779 410 2846 βασιλεὺς
443 2777 749 2848 διαφθερεῖ,
785 2780 879 2832 καὶ
905 2781 1168 2846 γυναῖκας
1217 2780 1315 2833 καὶ
1345 2780 1539 2844 παῖδας
1575 2781 1730 2850 ὑμῶν

145 2869 750 2940 ἐξανδραποδιούμεθα,
805 2871 903 2923 καὶ
938 2872 1198 2942 συμφορᾷ
1244 2874 1731 2942 κατασχεθήσεσοε

145 2963 462 3031 ἀνηκέστῳ.
496 2961 662 3014 Ἀλλὰ
689 2945 954 3030 πέμπετε⁸
975 2963 1050 3024 ώς
1079 2965 1308 3032 τάχιστα
1325 2965 1498 3032 ἄνδρα
1520 2964 1732 3028 πιστὸν,

147 3053 221 3115 ab;
257 3052 323 3105 ἂν
373 3054 467 3104 επὶ
495 3053 594 3113 τὰς
629 3052 910 3120 βασιλέως
949 3052 1123 3125 θύρας
1176 3054 1429 3122 ἀγαγὼν,
1479 3053 1590 3122 ἐγὼ
1619 3057 1736 3109 δια-

155 3142 440 3212 πράξομαι
506 3142 634 3214 ύμῖν
686 3144 788 3214 τὴν
843 3145 1094 3214 εἰρήνην.
1165 3145 1355 3200 Ταῦτα
1405 3147 1564 3215 ἔλεγε
1622 3149 1735 3209 τοῖς

160 3236 390 3305 Ἐλλησι
432 3235 872 3306 βουλευομένοις.
924 3237 1136 3291 Ἐδόκει
1196 3237 1254 3291 δὲ
1301 3239 1561 3309 πεμπτέα
1591 3237 1734 3292 εἶναι

158 3331 412 3398 ἄγγελον,
448 3332 596 3392 ὅστις
623 3332 690 3384 ἂν
745 3331 985 3400 πύθηται
1036 3335 1136 3401 τῆς
1195 3332 1458 3403 βασιλέως
1509 3333 1735 3404 γνώμης

167 3425 295 3489 περὶ
328 3416 556 3493 apii};
584 3425 725 3489 ἐστι,
770 3423 866 3475 καὶ
893 3423 1034 3476 οὕτω
1055 3425 1451 3495 βουλεύσονται
1483 3426 1612 3496 περὶ
1639 3427 1735 3480 τοῦ

179 3514 518 3576 συνοίσοντος
553 3517 756 3581 σφίσιν,
811 3516 894 3570 ὃτι
943 3517 1032 3586 εἴη
1085 3517 1310 3588 ἄμεινον
1345 3520 1734 3587 πειρωμένοις.

179 3606 468 3676 Ἐπεμπον
511 3607 564 3660 δὲ
596 3609 766 3680 ἄνδρα
797 3610 896 3664 οὐκ
919 3612 1212 3681 ἐπίσημον,
1250 3611 1326 3672 ὡς
1363 3613 1737 3683 ἀποπειρασό-

171 3717 333 3784 μενον
368 3702 464 3771 τῆς
490 3701 755 3772 βασιλέως
785 3702 1030 3773 γνώμης.
1080 3704 1238 3757 Ἐπεὶ
1295 3706 1353 3758 δὲ
1393 3707 1622 3774 ἀφίκετο
1681 3709 1739 3770 ἐς

160 3797 258 3858 τὰς
309 3795 483 3866 θύρας
545 3795 722 3865 οὗτος,
783 3798 1090 3868 ἡγουμένου
1128 3799 1457 3868 Ἰσμαήλεω,
1519 3799 1738 3852 ἐκέλευε

161 3888 416 3957 βασιλεὺς
447 3891 581 3943 δέκα
612 3890 785 3944 τελεῖν
829 3891 978 3962 αύτῴ
1007 3893 1284 3964 μυριάδας
1320 3893 1416 3946 τοῦ
1463 3892 1737 3949 ἐνιαυτοῦ.

158 3982 219 4033 Εἰ
251 3983 308 4034 δὲ
340 3984 422 4052 μὴ
444 3982 605 4035 τοῦτο
651 3979 754 4036 οἷοί
788 4000 846 4036 τε
902 3977 1004 4040 ὦσι
1029 3986 1340 4038 ποιεῖσθαι
1367 3985 1435 4052 ’⁸,
1496 3988 1739 4055 οἴχεσθαι

159 4075 531 4139 ἀπολιπόντας
564 4077 664 4146 τὴν
692 4077 872 4143 πόλιν,
905 4077 1359 4148 ἀποφερομένους
1382 4080 1450 4131 τὰ
1501 4077 1741 4148 σφέτερα

156 4170 357 4235 αὐτῶν,
404 4170 636 4234 ἕκαστος
664 4171 789 4223 ὅποι
839 4171 907 4224 ἂν
953 4169 1198 4240 βούλοιτο
1237 4171 1520 4225 ἀπελθεῖν.
1551 4171 1740 4223 Ταῦτα

155 4262 227 4323 ώς
268 4263 552 4334 ἀνηνέχθη
586 4265 641 4326 ἐς
680 4266 808 4328 τοὺς
860 4265 1156 4334 Ἕλληνας,
1211 4263 1562 4316 ἐϐουλεύοντο
1617 4265 1738 4334 μὲν,

155 4356 246 4408 καὶ
275 4357 464 4410 ἐδόκει
493 4357 824 4426 ἀμύνεσθαι,
852 4357 1370 4438 ἀνακινδυνεύοντας
1426 4357 1650 4426 μᾶλλον,
1708 4358 1741 4428 ἢ

152 4448 290 4500 οὕτω
321 4449 585 4518 ἀμαχητὶ
617 4449 936 4512 ἐκλιπόντας
966 4450 1066 4518 τὴν
1093 4450 1272 4514 πόλιν,
1321 4450 1570 4518 οἴχεσθαι
1609 4451 1745 4502 ἁπο-

156 4545 449 4603 Δπλέοντεσις.
504 4543 659 4610 Ἐμοὶ
689 4543 789 4612 μὲν
811 4541 903 4595 οὖν
941 4542 1090 4594 δοκεῖ
1121 4541 1348 4612 βασιλέα
1399 4543 1574 4596 ταῦτα
1604 4560 1738 4612 προ-

1825 2046 2048 2101 modum
2073 2047 2376 2102 orationem
2413 2049 2605 2103 habuit
2629 2051 2958 2118 (conabatur
3000 2051 3146 2104 enim
3184 2051 3409 2106 Graccus

1819 2139 1890 2192 ad
1924 2140 2130 2194 l‘ozdera
2166 2141 2465 2195 sancienda
2514 2155 2638 2194 cum
2700 2157 2830 2210 rege
2866 2144 3192 2212 perpellere)
3231 2161 3247 2198 :
3300 2142 3408 2200 Res

1823 2240 2043 2293 vestrm,
2073 2229 2394 2294 viriGraeci,
2424 2230 2480 2283 in
2510 2246 2729 2284 summo
2760 2231 3086 2287 discrimine
3112 2248 3260 2288 nunc
3287 2249 3411 2288 ver-

1825 2331 2046 2378 santur.
2075 2321 2260 2386 Quare
2289 2337 2394 2376 non
2440 2321 2651 2376 mittitis
2681 2323 2917 2393 legatum
2950 2324 3018 2379 ad
3046 2339 3226 2393 regem
3265 2327 3408 2395 peti-

1829 2421 1944 2468 tum
1975 2429 2164 2484 pacem
2196 2415 2218 2469 ?
2250 2413 2305 2469 Si
2337 2415 2470 2468 milii
2508 2416 2674 2470 vultis
2706 2417 2986 2485 negotium
3055 2417 3201 2472 istud
3250 2435 3410 2472 coma

1829 2507 2066 2570 mittere,
2098 2507 2256 2564 facile
2283 2525 2350 2562 eo
2381 2507 2660 2562 inclinabo
2693 2509 2834 2578 regis
2857 2512 3100 2564 animum
3136 2521 3196 2566 ut
3226 2513 3412 2568 vobis-

1827 2616 1952 2657 cum
2009 2599 2190 2655 i’mdus
2223 2601 2402 2654 feriat.
2456 2600 2594 2654 Nam
2645 2616 2753 2655 non
2811 2602 3029 2668 dubito,
3094 2604 3226 2673 quin
3283 2619 3412 2675 ετα-

1829 2694 1962 2748 tiam
1995 2693 2294 2748 maximam
2325 2693 2448 2748 sitis
2490 2695 2716 2748 relaturi
2767 2695 2817 2748 ei
2859 2695 2950 2764 qui
2986 2696 3116 2750 illud
3149 2696 3412 2753 elleeerit.

1834 2787 1899 2842 Et
1958 2789 2010 2842 ui
2089 2787 2498 2856 quamprimum
2569 2785 2750 2840 itedus
2826 2788 3222 2853 intervenerit,
3283 2791 3417 2845 urbs

1832 2889 2017 2936 vestra
2053 2879 2356 2934 fcedissime
2387 2878 2701 2947 diripietur,
2736 2888 2792 2934 et
2823 2895 2921 2934 vos
2962 2880 3032 2934 ad
3069 2884 3410 2938 internecio-

1836 2989 1958 3028 nem
2037 2986 2230 3026 omnes
2311 2972 2680 3026 miserabilem
2732 2974 2786 3026 in
2845 2976 3066 3028 tuodnm
3136 2975 3414 3044 periliitis.

1840 3064 2050 3122 Uxores
2079 3073 2135 3120 et
2173 3065 2333 3119 liberi
2364 3067 2531 3121 vestri
2567 3068 2622 3121 in
2660 3067 3063 3137 Inancipiurum
3127 3084 3415 3124 numerum

1838 3157 2170 3219 referentur,
2213 3167 2270 3211 et
2299 3156 2351 3210 in
2385 3158 2754 3212 calamitatem
2803 3160 3168 3215 devolvemini
3225 3162 3418 3217 intole-

1841 3249 2092 3302 randam.
2137 3247 2334 3304 Mittite
2364 3249 2550 3318 igitur,
2581 3265 2731 3304 mora
2771 3254 2951 3306 omnis
2976 3251 3140 3315 absit,
3179 3253 3416 3321 legatum

1839 3343 1905 3397 ad
1939 3359 2145 3414 regem,
2179 3351 2235 3396 et
2269 3358 2458 3411 pacem
2505 3341 2659 3396 vobis
2681 3343 2993 3398 conﬁciam.
3029 3343 3154 3399 Haec
3203 3344 3420 3401 locutus

1837 3444 1922 3488 est
1955 3435 2150 3487 lsmael
2181 3431 2409 3488 Graecis.
2449 3433 2654 3487 Deinde
2685 3434 2918 3488 consilia
2952 3436 3005 3489 in
3063 3453 3230 3491 unum
3291 3447 3416 3493 con;

1841 3526 2177 3591 ferentibus,
2212 3525 2390 3579 visum
2445 3534 2525 3579 est
2565 3535 2626 3579 ut
2685 3524 2901 3594 legatus
2955 3527 3132 3583 abiret
3185 3529 3253 3583 ad
3305 3529 3422 3586 Me-

1837 3616 2147 3681 cbmetem,
2219 3625 2535 3671 tentaturus
2597 3615 2926 3670 sententiam
2991 3620 3173 3686 regis.
3253 3635 3419 3687 quam

1839 3725 2003 3774 super
2033 3708 2239 3764 Graecis
2271 3707 2388 3778 jam
2415 3719 2597 3762 mente
2618 3709 2986 3776 concepisset.
3022 3708 3072 3762 Is
3105 3719 3290 3764 autem
3324 3714 3420 3780 qui

1839 3805 1907 3860 ad
1950 3819 2129 3874 regem
2171 3802 2380 3872 legatus
2443 3801 2522 3855 ire
2567 3800 2760 3868 jussus
2790 3811 2932 3865 erat,
2966 3802 3111 3856 haud
3158 3810 3279 3856 erat
3336 3805 3422 3857 vir

1841 3898 2134 3953 admodum
2167 3895 2399 3952 illustris
2446 3903 2501 3949 et
2559 3894 2712 3949 claro
2741 3909 2943 3963 genere
3010 3905 3188 3948 natus.
3221 3895 3420 3962 Quem,

1842 4005 1966 4045 cum
1999 3989 2240 4044 venisset
2266 3987 2333 4042 ad
2359 3986 2559 4056 januas
2596 3985 2764 4056 regis,
2798 4001 2967 4054 opera
3003 3983 3273 4051 lsmaelis,
3324 4003 3421 4043 rex

1838 4083 2002 4153 jussit
2033 4082 2355 4137 renuntiare
2387 4078 2618 4142 Graecis,
2674 4087 2733 4131 ut
2770 4078 2962 4134 tributi
3019 4080 3240 4134 nomine
3277 4095 3423 4150 quo-

1843 4176 2027 4228 tannis
2056 4173 2244 4227 decem
2288 4172 2562 4242 myriades
2614 4185 2908 4226 aureorum
2952 4180 3266 4227 numerent.
3323 4172 3420 4228 Sin

1845 4275 2030 4318 autem
2053 4263 2299 4318 conditio
2335 4262 2452 4316 haec
2487 4262 2619 4330 ipsis
2679 4260 3037 4332 impossibilia
3066 4267 3182 4318 visa
3233 4263 3421 4330 fuerit,

1844 4361 2043 4412 abeant
2076 4358 2456 4424 relinquentes
2486 4353 2675 4408 urbem
2712 4355 2920 4424 singuli
2953 4371 3076 4408 cum
3115 4357 3276 4410 bonis
3308 4373 3426 4412 suis

1848 4463 2187 4518 quocunque
2268 4449 2561 4501 Voluerint.
2647 4445 2934 4500 Sententia
3003 4445 3324 4501 Mccluuetis
3367 4459 3428 4502 ut

1849 4546 2131 4611 proposita
2156 4549 2239 4595 est
2267 4538 2496 4603 Graecis,
2524 4537 2592 4592 ad
2623 4539 3085 4594 consultationem
3119 4553 3424 4595 vertuntur.

155 4641 356 4699 τεῖναι,
393 4611 850 4704 ἀποπειρώμενον
883 4634 983 4704 τῆς
1018 4611 1290 4704 Ἑλλήνων
1343 4635 1596 4704 γνώμης.
1631 4611 1729 4688 Κατ

1849 4633 2090 4688 Tandem
2129 4632 2312 4686 multis
2351 4633 2498 4683 ultro
2545 4629 2793 4696 citroque
2816 4629 3003 4689 dictis.
3038 4646 3101 4685 ea
3154 4635 3425 4687 sententia

150 4733 212 4782 τὰ
264 4728 572 4797 ὀρύγματα
630 4725 831 4796 μᾶλλον
894 4728 1079 4779 αὐτῶν
1131 4729 1388 4799 ἄπρακτα
1447 4727 1737 4796 γενόμενα,

154 4821 321 4890 ὲτιῆρε
358 4818 774 4885 διαπειρᾶσθαι,
801 4819 828 4870 ὅ
858 4833 912 4868 τι
951 4816 1272 4886 γινώσκοιεν
1306 4819 1435 4887 περὶ
1496 4822 1644 4886 σφων
1693 4820 1740 4870 οἰ

163 4913 441 4985 Ἕλληνες,
477 4916 586 4965 εἴτε
609 4914 782 4983 ἐχυρὰ
831 4914 915 4980 εἴη
962 4913 1144 4975 αὐτοῖς
1190 4913 1260 4964 τὰ
1311 4912 1740 4981 πράγματα.οξ

162 5005 259 5071 μὲν
309 5006 408 5057 οὖν
447 5003 709 5070 Ἕλληνες
768 5004 824 5066 ἐς
859 5001 1117 5054 τοσοῦτον
1158 5002 1507 5071 ἐξεφέροντο,
1533 5005 1589 5065 ἐς
1618 5003 1743 5054 ὅσον

161 5113 248 5163 μοι
279 5097 607 5166 δεδήλωται.

1848 4727 2000 4788 vicit,
2029 4725 2189 4792 cujus
2224 4734 2382 4778 tenor
2411 4731 2531 4776 erat
2559 4739 2574 4778 :
2629 4723 2800 4790 magis
2831 4724 3248 4792 repugnandum
3303 4742 3428 4779 esse

1841 4817 2017 4880 'Itosti,
2072 4813 2324 4884 quamvis
2396 4813 2590 4880 ingens
2641 4812 2936 4866 discrimen
2973 4829 3035 4867 se
3084 4817 3423 4879 ostenderet,

1848 4923 2013 4978 quam
2043 4907 2313 4974 ignaviain
2344 4904 2618 4956 imbellem
2656 4918 2810 4970 ecqui
2865 4915 2918 4956 et
2950 4905 3100 4959 nullo
3124 4908 3428 4961 commisso

1851 5000 2042 5069 przelio
2105 4996 2456 5064 abnavigare.
2525 4994 2844 5048 deserentes
2891 4995 3106 5049 urbem.
3155 4997 3268 5065 Ego
3313 5001 3430 5053 exi-

1858 5095 2021 5147 stimo
2079 5091 2316 5159 legatum
2385 5086 2700 5141 Graecorum
2767 5101 2892 5139 cum
2955 5087 3268 5155 liujusmodi
3340 5106 3428 5142 re-

153 5208 362 5263 sponso
405 5194 474 5248 ab
506 5193 809 5248 Mechmete
847 5196 913 5248 ad
966 5195 1185 5248 Graecos
1237 5191 1550 5254 dimissum,
1586 5201 1642 5243 ut
1677 5205 1868 5244 eorum
1911 5189 2126 5242 animos
2179 5192 2435 5238 tentaret.
2485 5181 2617 5234 Nam
2686 5195 2813 5234 cum
2849 5180 3027 5236 fossas
3072 5198 3262 5236 eorum
3307 5197 3428 5235 cer-

160 5301 314 5346 ueret
348 5307 527 5362 usque
560 5293 675 5345 tieri
701 5293 768 5346 ad
821 5292 1235 5362 repugnandum
1298 5290 1592 5354 inhabiles,
1645 5289 1950 5343 conabatur
2002 5285 2316 5354 explorare,
2357 5295 2603 5348 quanam
2664 5279 2978 5334 Graecorum
3038 5280 3090 5332 in
3169 5282 3425 5346 prazsenti

163 5388 486 5442 discrimine
504 5396 649 5442 esset
682 5394 995 5443 sententia:
1035 5397 1295 5456 prmterea
1349 5401 1480 5440 nunt
1535 5399 1623 5438 res
1677 5398 1868 5437 eorum
1897 5380 2078 5434 adhuc
2121 5376 2326 5445 aliquid
2375 5374 2590 5429 roboris
2631 5373 2747 5427 sive
2803 5373 3078 5427 ﬁrmitatis
3139 5373 3422 5427 haberent.

165 5483 226 5533 At
253 5480 424 5537 Grzeci
456 5485 509 5536 in
541 5484 686 5536 hunc
722 5483 940 5535 modum
963 5497 1122 5551 quem
1166 5482 1423 5544 diximus,
1465 5495 1523 5533 se
1570 5480 1856 5550 gerebant.

234 5575 493 5635 Βασιλεὺς
519 5574 601 5638 δὲ,
634 5575 706 5636 ὡς
737 5575 881 5642 αὺτῴ
915 5575 980 5628 τὰ
1031 5577 1087 5637 ἐς
1132 5574 1229 5646 τὴν
1253 5574 1566 5646 προσϐολὴν
1594 5587 1733 5641 παρ-

1921 5567 2056 5633 Rex,
2113 5582 2236 5622 cum
2284 5567 2465 5623 omnia
2514 5562 2580 5618 ad
2639 5559 3096 5632 oppugnationem
3156 5560 3292 5615 satis
3345 5561 3426 5615 in-

1455 5707 1700 5770 Nozulze
1740 5704 2146 5782 marginales.

246 5841 287 5872 “
324 5842 384 5895 In
416 5859 533 5906 ora,
569 5841 818 5908 ποιῆσαι.
