3984 6452
271 395 382 462 417

1327 399 1418 456 DE
1468 398 1717 457 llEBUS
1749 397 2110 456 'l‘URCltIlS
2153 398 2302 456 LIB.
2346 398 2508 457 Vill.

3396 397 3499 456 438

269 529 396 579 ρας,
427 508 758 579 φυλάξοντές
793 526 848 560 τε
902 509 1178 578 οὲχήσουσι
1225 511 1320 561 σὺν
1371 513 1493 572 ταῖς
1545 510 1732 563 ναυσὶν
1781 511 1828 560 οἱ

1935 525 2071 578 quos
2101 510 2318 562 miserat
2348 509 2454 575 jam
2507 515 2631 560 ante
2659 507 2725 559 ad
2772 507 3187 561 custodiendam
3227 506 3498 573 regionem

267 605 518 664 Παίονες,
556 602 648 652 καὶ
678 602 1003 653 διακωλύειν
1040 619 1094 651 τε
1152 602 1369 664 auro-3;,
1404 602 1542 653 ὥστε
1593 602 1666 670 μὴ
1711 605 1828 652 ἐπι-

274 697 486 748 ϐαίνειν
513 695 576 747 ⁶⁰.
611 695 1058 762 Παραγενόμενοι
1107 693 1163 745 δὲ
1202 693 1346 746 οὗτοι
1380 696 1435 754 ἐς
1482 695 1572 745 τὸν
1602 694 1829 763 θόρυϐον

273 787 483 841 τοῦτον.
523 786 611 837 καὶ
647 786 704 846 ἐς
745 785 842 853 τὴν
883 785 1083 854 μάχην,
1130 785 1188 834 ἐν
1237 786 1386 853 μέσῳ
1415 801 1474 836 τε
1506 786 1829 851 ἐποιήσαντο

263 881 399 938 ’τοὺς
428 879 676 939 Παιανας,
701 879 802 930 »καὶ
843 878 1072 945 συχνοῦς
1110 877 1286 927 αὐτῶν
1328 877 1564 929 ἐνταῦθα
1596 877 1830 944 διέφθει-

276 988 394 1036 ραν.
423 971 572 1022 Μετὰ
600 972 654 1022 δὲ
680 971 1014 1038 τρεψάμενοι
1068 971 1371 1038 ἐξεώσαντο
1422 971 1549 1032 τοὺς
1593 969 1831 1030 Παίονας

269 1062 380 1112 ἀπὸ
405 1061 496 1112 τοῦ
532 1063 894 1130 στρατοπέδου
930 1063 988 1124 ἐς
1017 1065 1142 1125 τοὺς
1171 1064 1512 1133 τηλεϐόλους.
1546 1064 1656 1116 Καὶ
1690 1060 1832 1114 οὕτω

263 1151 501 1204 ἐνταῦθα
546 1154 577 1220 ὴ
615 1155 758 1221 μάχη
791 1154 1044 1207 ἐτελεύτα
1077 1156 1214 1224 πρὸς
1245 1157 1485 1224 ἑσπέραν
1509 1155 1634 1224 ἠδη.
1669 1155 1832 1205 Βασι-

263 1243 392 1304 λεὺς
421 1243 478 1294 δὲ
513 1243 585 1304 ὡς
616 1245 767 1314 αὐτῷ
800 1247 866 1297 τὰ
898 1248 1197 1316 πράγματα
1226 1248 1323 1316 ἤδη
1347 1249 1596 1315 πονήρως
1623 1246 1828 1313 ἔχοντα,

262 1333 394 1395 τούς
419 1350 476 1385 τε
508 1335 764 1402 νεήλυδας
789 1338 1164 1406 τετρωμένους
1191 1341 1284 1390 καὶ
1309 1341 1365 1400 ἐς
1385 1339 1550 1406 φόϐον
1578 1338 1835 1389 καθιστα-

264 1425 487 1490 μένους,
518 1424 590 1475 τὰ
618 1427 1003 1494 στρατεύματα
1025 1428 1170 1496 αὐτῷ
1194 1428 1424 1497 δρασμῷ
1453 1445 1509 1480 τε
1533 1427 1831 1496 ἐπεχείρει.

260 1514 481 1576 Νυκτὸς
521 1515 578 1567 δὲ
617 1518 934 1586 γενομένης,
983 1519 1362 1587 παραγγείλας
1401 1522 1458 1580 ἐς
1508 1521 1574 1570 τὰ
1611 1519 1836 1586 στρατό-

261 1605 406 1658 πεδα
439 1607 894 1670 συσκευάζεσθαι,
929 1613 1019 1660 καὶ
1051 1615 1318 1678 προϊέναι,
1416 1611 1482 1662 ἂν
1515 1611 1679 1670 αὐτὸς
1713 1609 1834 1677 ἐξη-

264 1698 440 1762 γοῖτο,
470 1698 743 1767 ἀπεχώρει
775 1700 880 1752 ὑπὸ
901 1687 1003 1770 ’τὴν
1037 1703 1226 1760 νύκτα,
1259 1705 1351 1754 καὶ
1392 1702 1695 1765 ἐξελαύνων
1725 1704 1835 1753 ἐδε-

267 1787 372 1839 δίει
403 1789 476 1858 μὴ
504 1790 553 1840 οἰ
585 1790 808 1854 Παίονες
841 1793 918 1861 τῷ
947 1791 1118 1862 λοιπῷ
1147 1794 1514 1862 στρατεύματι
1552 1794 1835 1853 διαϐάντες

1934 617 2085 654 suam
2143 601 2284 654 Istro
2339 601 2716 669 adjacentem:
2754 608 3014 669 pratcrea
3068 608 3127 654 ut
3171 600 3504 655 obsisterent

1937 692 2254 744 l‘annonnm
2290 693 2518 744 navibus
2539 691 2962 746 advenientibus
2995 708 3062 744 ne
3087 692 3139 744 in
3177 701 3376 743 terram
3403 707 3467 744 ex
3487 724 3501 730 -

1936 781 2012 833 ire
2063 789 2306 847 possent.
2359 779 2582 848 Equites
2609 781 2659 832 Ιιὶ
2695 781 3065 842 advenientes,
3098 797 3221 834 cum
3251 780 3362 850 jam
3391 779 3505 835 fer-

1934 882 2082 925 veret
2129 873 2396 941 praelium,
2455 873 2743 926 Pannones
2798 873 2850 925 in
2907 873 3144 926 medium
3206 883 3392 941 agunt,
3452 882 3504 922 rt

1938 964 2202 1031 plurimos
2233 963 2434 1018 ibidem
2469 964 2811 1017 interimunt.
2848 963 3052 1017 Deinde
3086 979 3207 1016 cum
3233 972 3505 1017 verterent

1935 1055 2225 1109 Pannenes
2251 1055 2303 1108 in
2357 1054 2561 1123 fugam,
2604 1070 2698 1108 eos
2737 1069 2801 1108 ex
2833 1057 3026 1109 castris
3056 1053 3404 1124 pepulerunt,
3451 1062 3506 1106 et

1933 1144 1999 1198 ad
2032 1145 2358 1198 bombardas
2389 1161 2445 1199 se
2497 1148 2736 1213 recipere
2782 1156 3092 1210 coegerunt.
3153 1143 3213 1197 Et
3257 1145 3311 1196 in
3363 1146 3506 1195 hune

1937 1237 2153 1290 modum
2187 1236 2306 1289 linis
2337 1237 2638 1304 pra-liandi,
2673 1250 2795 1288 cum
2839 1235 2951 1304 jam
3005 1236 3233 1288 instaret
3285 1249 3502 1300 vesper,

1936 1325 2113 1378 factus
2135 1334 2237 1378 est.
2269 1324 2379 1377 Rex
2409 1340 2531 1376 cum
2580 1333 2827 1377 cerneret
2889 1339 2974 1376 res
3019 1339 3149 1378 suas
3209 1339 3504 1391 propemo-

1934 1416 2060 1469 dum
2090 1416 2299 1470 accisas
2334 1431 2474 1479 esse,
2506 1415 2628 1484 fuga
2681 1431 2786 1467 una
2807 1431 2927 1468 cum
2969 1416 3216 1468 exercitu
3248 1433 3346 1470 suo
3377 1433 3503 1468 cva-

1935 1508 2062 1560 derc
2097 1507 2341 1560 enititur.
2403 1507 2536 1560 Nam
2588 1507 2856 1576 peregrini
2921 1506 3166 1575 plerique
3223 1509 3394 1561 saucii
3451 1517 3504 1560 et

1935 1598 2110 1652 timidi
2135 1609 2311 1652 erant.
2349 1600 2689 1653 Adveniente
2715 1599 2882 1667 igitur
2913 1608 3090 1662 nocte,
3131 1599 3287 1666 jubet
3311 1607 3370 1652 ut
3401 1600 3504 1651 im-

1936 1694 2243 1762 pedimenta
2273 1693 2457 1747 omnia
2491 1693 2774 1765 colligant,
2810 1707 2979 1761 seque
3013 1692 3078 1746 ad
3105 1691 3502 1766 profectionem

1938 1795 2262 1854 praeparent,
2343 1800 2452 1854 quo
2505 1786 2676 1853 parati
2748 1793 2804 1838 et
2893 1783 3145 1838 instructi
3206 1793 3506 1852 sequantur

267 1879 596 1941 ἐπικέοιντο,
625 1881 718 1933 καὶ
746 1884 897 1950 σφίσι
931 1883 1140 1954 χαλεπὴ
1185 1885 1396 1949 γένοιτο
1442 1886 1471 1953 ἡ
1519 1883 1829 1949 ἀπαλλαγὴ,

1935 1893 2256 1946 quocunque
2325 1893 2418 1930 eos
2485 1877 2686 1932 ducere
2763 1875 3082 1930 instituerit.
3151 1877 3214 1929 fit
3291 1877 3503 1929 tandm:

270 1972 425 2040 καὶὴ
465 1972 551 2023 ἐπ’
588 1973 735 2025 οἴκου
770 1976 947 2027 αὐτῶν
1000 1977 1214 2046 κομιδή.
1256 1978 1364 2029 Καὶ
1410 1977 1559 2028 δοκεῖ
1617 1977 1682 2029 ἄν
1741 1993 1826 2042 μοι

267 2061 368 2112 καὶ
398 2063 522 2122 τοὺς
552 2062 785 2125 Παίονας
810 2063 958 2116 κατὰ
987 2064 1154 2116 νῶτον
1175 2065 1430 2133 γενέσθαι
1463 2064 1541 2132 τῷ
1566 2062 1828 2133 βασιλέως

267 2152 514 2220 στρατῷ,
545 2155 593 2205 εἰ
623 2155 696 2224 μὴ
727 2159 754 2207 ὁ
781 2156 1064 2226 Χωνιάτης
1095 2157 1561 2226 ύποτρεπόμενος,
1614 2156 1714 2208 οὐκ
1742 2156 1831 2224 εἴα

269 2244 587 2297 ἐπιδιώκειν
637 2249 1000 2316 ἐπιστάμενος
1055 2249 1180 2309 τοὺς
1245 2247 1559 2317 Τούρκους,
1608 2247 1828 2300 ἐπειδὰν

277 2333 432 2398 σφίσι
459 2336 699 2397 κίνδυνος
733 2337 946 2406 ἐπιστῇ,
971 2338 1088 2388 τότε
1117 2336 1298 2406 πολλῴ
1322 2336 1398 2404 τῷ
1427 2335 1468 2365 ⁸⁸
1503 2337 1654 2403 μέσῳ
1680 2335 1830 2403 σφῶν

269 2424 454 2474 αὐτῶν
483 2427 729 2493 γίνεσθαι
789 2429 1045 2497 ἀμείνους
1080 2429 1188 2492 ἀεὶ,
1245 2430 1337 2480 καὶ
1388 2429 1755 2498 ἀνεχομένους
1786 2429 1830 2459 ⁸⁸

271 2517 538 2580 γενεσθαι.
569 2524 728 2573 Δοκεῖ
757 2523 812 2574 δὲ
845 2525 938 2576 καὶ
965 2523 1068 2575 ὑπὸ
1097 2523 1190 2576 τοῦ
1226 2521 1416 2592 λοιμοῦ
1447 2522 1505 2584 ὃς
1533 2522 1826 2588 ἐπεγένετο

264 2606 379 2665 τοῖς
413 2606 636 2662 Παίοσιν
661 2612 718 2672 ἐς
748 2613 808 2662 τὸ
839 2612 1228 2680 στρατόπεδον,
1261 2615 1352 2666 καὶ
1380 2615 1596 2674 ἐπίεζεν
1628 2613 1827 2674 αὐτοὺς

263 2696 436 2760 πάνυ,
461 2699 599 2752 ὥστε
633 2703 706 2773 μὴ
732 2703 1050 2759 διαπνεῦσαι
1075 2707 1120 2736 ⁸³
1144 2706 1235 2758 ἐπὶ
1257 2707 1451 2776 συχνόν
1471 2723 1592 2760 τινα
1613 2707 1824 2776 χρόνον.

254 2789 440 2858 duplo
469 2810 634 2864 quam
665 2797 956 2865 sintalias,
986 2801 1096 2853 fieri
1133 2800 1406 2866 fortiores,
1460 2812 1513 2855 et
1592 2800 1776 2857 omnia
1833 2799 2062 2864 perpeti.

1936 1981 2098 2021 noctu
2171 1970 2291 2037 fuga
2371 1968 2475 2020 sibi
2563 1968 2856 2022 consulens
2931 1969 3116 2020 abibat
3184 1968 3325 2037 (59),
3377 1984 3501 2020 cum

1935 2061 2151 2112 interim
2203 2059 2344 2112 male
2407 2069 2672 2113 metueret
2744 2075 2810 2114 ne
2876 2059 3167 2113 Pannenes
3221 2077 3343 2113 cum
3420 2076 3506 2113 re-

1931 2151 2079 2220 liquo
2110 2149 2355 2204 exercitu
2390 2150 2714 2219 transgressi
2773 2154 2949 2220 ipsum
2985 2152 3237 2221 persequi
3300 2159 3504 2204 statue-

1934 2253 2078 2308 rent,
2131 2244 2378 2312 atquein
2420 2243 2564 2308 hunc
2596 2244 2816 2297 modum
2851 2245 3153 2308 discessus,
3215 2252 3269 2297 et
3318 2246 3371 2298 in
3407 2261 3503 2313 pu-

1935 2335 2095 2386 triam
2149 2335 2362 2389 reditus
2388 2335 2491 2388 sibi
2525 2335 2747 2404 suisque
2781 2334 3013 2388 difficilis
3052 2336 3390 2388 redderetur.
3441 2335 3503 2386 ιςι

1932 2442 2065 2480 Sane
2093 2425 2380 2481 Pannones
2428 2425 2790 2495 persequendi
2829 2424 3125 2495 fugientem
3153 2427 3364 2480 hostem
3399 2427 3503 2478 ad-

1936 2519 2156 2572 modum
2207 2517 2392 2589 cupidi
2430 2527 2588 2572 erant
2627 2535 2642 2572 :
2679 2528 2733 2574 et
2768 2521 2820 2573 id
2857 2519 3138 2584 fecissent,
3172 2521 3222 2572 ni
3259 2519 3502 2574 Clmnia-

1935 2621 2016 2664 tes
2041 2624 2140 2664 eos
2200 2625 2231 2662 a
2284 2613 2674 2680 persecutione
2724 2611 3079 2666 inhibuisset.
3131 2612 3310 2666 sciens
3364 2610 3504 2664 Tur-

1932 2716 2047 2766 cos,
2079 2700 2299 2771 quando
2339 2703 2636 2757 discrimen
2704 2718 2904 2773 anceps
2965 2705 3307 2773 impenderit,
3339 2702 3502 2771 225

2140 2798 2260 2851 lluc
2349 2798 2641 2851 accedebat
2691 2809 2742 2853 et
2787 2800 2976 2869 pestis,
3038 2815 3159 2868 qnze
3208 2797 3503 2852 savissima

266 2887 593 2943 Pannonium
641 2891 916 2947 invaserat
949 2903 1152 2960 castra,
1186 2904 1240 2948 ut
1287 2895 1630 2966 nequiverint
1675 2895 1840 2963 longe
1881 2904 2125 2959 tempore
2155 2899 2278 2958 pest
2303 2891 2387 2943 vix
2413 2893 2479 2944 ab
2510 2891 2602 2946 illo
2631 2893 2883 2961 contagio
2925 2893 3218 2960 respirare.

341 2983 603 3052 Ἰωάννης
646 2985 702 3037 δέ
758 2985 921 3047 αὐτός
980 3003 1038 3037 τε
1085 2986 1294 3056 ἐτρώθη
1339 2987 1594 3050 ἐνταῦθα,
1634 2987 1730 3038 καὶ
1769 2986 1829 3037 οὐ

269 3075 456 3142 πολλῷ
488 3073 712 3143 ὕστερον
761 3075 1019 3130 ἀπέθανε.
1073 3077 1228 3128 Δοκεῖ
1278 3076 1334 3128 δέ
1377 3094 1466 3146 μοι
1526 3080 1618 3129 καὶ
1668 3076 1831 3130 τοῦτο

268 3169 516 3235 μάλιστα
549 3169 721 3220 αῖτιον
752 3168 1009 3230 γενέσθαι
1069 3171 1182 3230 τοῖς
1241 3169 1431 3221 Παίοσι
1467 3169 1560 3221 τοῦ
1606 3170 1678 3238 μὴ
1712 3171 1829 3221 ἐπι-

259 3259 458 3323 διῶξαι
511 3259 603 3312 τὸν
654 3259 921 3328 βασιλέως
953 3263 1201 3328 στρατόν.
1243 3259 1492 3327 Ἰωάννης
1548 3261 1648 3326 μὲν
1699 3263 1833 3312 ἀπε-

263 3352 558 3413 λαύνοντος
590 3350 874 3419 βασιλέως,
905 3351 1151 3414 ἐπιϐιοὺς
1201 3351 1261 3403 οὐ
1319 3351 1485 3404 πολύν
1540 3369 1658 3403 τινα
1707 3353 1831 3422 χρό-

273 3460 406 3503 νον,
449 3445 580 3510 μετὰ
625 3445 796 3496 ταῦτα
868 3441 1218 3512 ἐτελεύτησεν
1251 3484 1266 3508 ,
1342 3443 1480 3513 ἀνὴρ
1540 3443 1828 3512 γενόμενος

276 3534 504 3599 ἄριστος
541 3535 592 3595 ἐς
613 3538 680 3585 τα
722 3535 916 3596 πάντα,
948 3537 1044 3588 καὶ
1065 3534 1172 3586 ἀπὸ
1209 3532 1404 3603 μικροῦ
1432 3551 1576 3597 τινος
1604 3537 1659 3596 ἐς
1687 3535 1828 3602 μέγα

277 3622 577 3689 δυνάμεως,
604 3623 816 3690 μεγάλα
851 3640 908 3674 τε
953 3624 1377 3691 ἀποδειξάμενος
1413 3624 1569 3692 ἔργα,
1607 3625 1738 3692 πρός
1771 3640 1827 3674 τε

273 3717 406 3772 τορς
434 3711 734 3778 Γερμανοὺς
765 3713 857 3764 καὶ
907 3712 1173 3780 Βυέμους,
1217 3714 1310 3764 καὶ
1341 3715 1432 3765 ἐπὶ
1471 3716 1537 3767 τὰ
1584 3713 1828 3766 Παιόνων

272 3808 578 3873 πράγματα
605 3807 960 3874 ἀφικόμενος,
998 3807 1140 3873 μέγα
1177 3805 1483 3875 εὐδοκιμῶν
1514 3806 1787 3872 διεγένετο
1813 3822 1824 3834 ·

267 3899 410 3965 προς
436 3897 491 3947 δὲ
525 3898 618 3948 καὶ
650 3900 704 3958 ἐς
727 3899 852 3958 τοὺς
889 3896 1167 3965 Τούρκους
1210 3897 1310 3949 οὐκ
1351 3895 1508 3964 ὀλίγα
1544 3896 1830 3959 ἀποδειξά-

271 4005 438 4057 μενος
475 3989 632 4055 Ξργα,
680 3990 727 4040 εἰ
772 3989 846 4058 μὴ
877 3989 967 4040 διὰ
1013 3987 1073 4039 τὸ
1124 3987 1332 4054 πλῆθός
1368 4004 1426 4039 τε
1477 3988 1570 4040 καὶ
1627 3990 1830 4057 ἀρετὴν

265 4082 476 4141 αὐτῶν,
510 4083 608 4132 οὐκ
639 4081 811 4132 ἐδόκει
848 4083 912 4134 ἄν
947 4098 1076 4132 ποτε
1118 4081 1504 4150 περιγενέσθαι
1551 4081 1648 4149 τῆς
1679 4081 1833 4150 βασι-

265 4177 409 4236 λέως
449 4175 750 4244 δυνάμεως.
795 4175 899 4225 Καὶ
930 4177 1089 4235 αὐτὸς
1123 4191 1182 4225 τε
1210 4175 1324 4225 "lico
1358 4174 1473 4242 ἅμα
1501 4171 1830 4244 ἐχειρώσατο

263 4269 342 4319 τὰ
373 4265 480 4318 τῶν
510 4266 749 4326 Παιόνων
783 4264 1185 4333 στρατεύματα.
1215 4264 1557 4333 Ἀχθομένων
1595 4263 1651 4316 δὲ
1683 4264 1832 4334 αὐτῷ

263 4357 385 4411 τῶν
411 4357 615 4410 λοιπῶν
642 4360 740 4428 τῆς
773 4357 1026 4418 Παιονίας
1060 4356 1320 4420 δυνατῶν,
1352 4360 1447 4408 καὶ
1481 4356 1580 4409 οὐκ
1621 4355 1831 4420 ἀξιούν-

264 4469 383 4504 των
415 4451 691 4504 ὑπάὑτοῦ
735 4451 1020 4520 ἄρχεσθαι,
1073 4450 1222 4519 ὅμως
1274 4451 1570 4520 ἐπεκράτει
1620 4466 1682 4502 τε
1723 4451 1832 4502 τῶν

262 4545 650 4612 πραγμάτων,
703 4541 1210 4610 ξυνομολογοὺντων
1254 4541 1356 4610 ἢδη
1410 4543 1701 4602 κάκείνων,
1736 4544 1832 4594 καὶ

2007 2981 2248 3036 Joannes
2284 2983 2502 3051 quidem
2551 2999 2614 3036 eo
2641 2984 2691 3036 in
2722 2984 2906 3052 praelia
2947 2985 3144 3039 vulnus
3175 2987 3408 3058 accepit,
3434 3005 3501 3044 ex

1937 3092 2044 3144 quo
2079 3075 2220 3128 baud
2276 3075 2445 3130 multo
2495 3087 2614 3144 post
2651 3090 2903 3131 mortuus
2935 3087 3019 3132 est
3052 3078 3187 3147 (50).
3224 3077 3345 3134 Ilaec
3377 3081 3504 3148 qui-

1937 3172 2056 3218 dem
2093 3166 2222 3216 lltllll
2257 3166 2529 3232 prmeipua
2575 3181 2742 3219 causa
2765 3167 3050 3222 exstitisse
3077 3169 3312 3234 videtur,
3349 3172 3496 3239 quod

1861 3290 1899 3344 α
1937 3257 2222 3310 Pannones
2275 3271 2304 3308 a
2365 3258 2747 3324 persecutione
2825 3257 3064 3313 hostium
3111 3261 3494 3318 abstiimerint.

1934 3344 2173 3400 Joannes
2208 3361 2315 3398 non
2345 3347 2434 3398 diu
2477 3357 2594 3414 post
2640 3347 2819 3417 fugam
2873 3351 3016 3418 regis
3045 3350 3255 3415 vivens,
3296 3353 3495 3406 defun-

1937 3447 2060 3491 ctus
2090 3446 2195 3500 est,
2221 3451 2342 3490 cum
2375 3439 2672 3493 exstitisset
2692 3441 2772 3492 vir
2807 3442 3067 3509 optimus,
3093 3445 3184 3511 qui
3206 3461 3271 3499 ex
3303 3446 3496 3499 humili

1939 3531 2058 3582 loco
2082 3529 2146 3582 ad
2184 3529 2473 3582 maximam
2508 3531 2826 3585 conscendit
2872 3535 3196 3600 potentiam,
3229 3552 3497 3589 metuera-

1938 3621 2063 3674 bilia
2101 3622 2394 3688 designans
2432 3621 2679 3676 facinora
2716 3632 2902 3677 contra
2935 3625 3241 3680 Germanos
3275 3637 3327 3681 et
3361 3629 3498 3683 Boe-

1937 3729 2052 3765 mos
2081 3730 2093 3765 :
2125 3723 2177 3765 et
2219 3713 2270 3765 in
2306 3729 2529 3781 regnum
2564 3714 2879 3768 Pannonum
2901 3717 3224 3782 succedens,
3258 3720 3494 3783 maxima

1936 3803 2164 3856 florebat
2208 3803 2402 3872 gloria.
2432 3803 2698 3858 Praeterea
2747 3807 3004 3874 praeclare
3035 3823 3145 3860 rem
3197 3810 3368 3876 gessit
3400 3809 3496 3864 ad-

1936 3910 2126 3949 versus
2158 3895 2390 3959 Turcos,
2441 3911 2580 3962 quos
2615 3897 2860 3965 putabat,
2895 3898 3000 3952 nisi
3042 3899 3213 3968 cepiis
3246 3901 3495 3956 maximis

1937 3995 2236 4041 suorumet
2263 3988 2489 4052 virtute,
2517 3989 2764 4058 superari
2792 3989 2933 4042 haud
2969 4004 3152 4060 posse.
3173 3973 3493 4046 Panndnum

1939 4095 2182 4148 regnum.
2217 4094 2428 4134 necnon
2460 4082 2734 4135 exercitus
2759 4097 2949 4136 eorum
2981 4083 3096 4153 ipse
3127 4099 3347 4155 quoque
3377 4101 3498 4140 sus-

1938 4173 2100 4240 ι-ρρίι.
2140 4174 2277 4225 Cum
2317 4182 2494 4226 autem
2533 4174 2582 4227 ei
2616 4174 2924 4228 inviderent
2958 4176 3152 4246 reliqui
3199 4175 3496 4233 Pannoniae

1941 4268 2234 4336 principes,
2273 4268 2374 4320 nec
2423 4265 2544 4335 ejus
2585 4266 2812 4336 imperia
2872 4279 3271 4336 capesserent:
3318 4279 3496 4324 tamen

1897 4390 1899 4396 ι
1942 4361 2083 4414 brevi
2113 4359 2363 4412 effectum
2386 4367 2567 4421 est,ut
2598 4373 2823 4428 regnum
2859 4361 3139 4422 retineret,
3181 4376 3301 4415 cum
3333 4363 3494 4415 etiam

1941 4452 2010 4503 illi
2054 4450 2222 4504 invidi
2255 4451 2669 4514 confiterentur,
2699 4466 2923 4520 regnum
2945 4465 3066 4506 esse
3088 4452 3177 4506 isti
3205 4453 3321 4504 viro
3342 4469 3495 4506 eom-

1942 4541 2282 4606 mittendum,
2319 4542 2462 4609 quod
2497 4557 2605 4595 non
2643 4551 2882 4595 cessaret
2916 4541 3286 4596 firmissimum
3309 4551 3360 4596 et
3414 4556 3497 4597 tn-

263 4637 373 4689 o-ch
429 4636 660 4703 ἐχόντων
712 4635 857 4694 ὅπως
901 4633 974 4702 μὴ
1015 4632 1376 4702 συγχωρῶσιν
1427 4634 1580 4702 ἀνδρὶ
1623 4634 1828 4686 εὐδοκι-

1937 4630 2206 4682 tissimum
2261 4638 2543 4699 praestare.
2601 4629 2838 4698 Apparet
2868 4641 3068 4697 autem,
3104 4631 3279 4685 virum
3331 4633 3494 4698 llllllc,

270 4726 465 4796 μοῦντί
494 4743 551 4778 τε
583 4725 893 4794 ἀπανταχῆ,
922 4725 1016 4775 καὶ
1039 4725 1140 4793 τήν
1172 4739 1231 4774 τε
1263 4723 1438 4793 ἀρχὴν
1471 4725 1562 4776 ἐπὶ
1601 4726 1662 4776 τὸ
1690 4725 1828 4792 κρά-

265 4817 452 4871 τιστόν
509 4833 566 4868 τε
620 4818 715 4868 καὶ
757 4815 1130 4883 ἀφανέστερον
1172 4814 1216 4844 ⁸⁸
1250 4813 1514 4866 διέποντι.
1563 4815 1724 4866 Δοκεῖ
1770 4815 1827 4867 δὲ

270 4909 429 4970 οὗτος
463 4908 600 4978 ἀνὴρ
635 4906 836 4975 σπουδῇ
875 4907 942 4959 τὰ
998 4905 1175 4958 πάντα
1232 4904 1693 4973 κατεργάζεσθαι,
1733 4905 1827 4957 καὶ

267 5003 330 5052 ἐν
378 5000 552 5052 δέοντι
591 4999 822 5068 χρῆσθαι
857 4999 966 5059 τοῖς
998 4997 1318 5065 πράγμασιν
1349 4995 1572 5058 αὐτίκα,
1607 4995 1732 5046 ὅποι
1758 4994 1825 5046 ἂν

261 5091 382 5142 δέοι
422 5088 884 5154 παραγενόμενον.
939 5087 1170 5150 Λέγεται
1213 5084 1282 5135 δὲ
1342 5087 1436 5134 καὶ
1483 5082 1587 5134 ὑπὸ
1640 5083 1829 5150 λοιμοῦ

260 5178 646 5247 ἀπενεχθέντα
676 5179 986 5232 ἀποθανεῖν.
1041 5176 1172 5245 Περὶ
1212 5174 1268 5227 δὲ
1326 5172 1711 5242 Καπιστράνου
1748 5189 1834 5224 το-

261 5272 426 5326 σόνδε
461 5271 844 5340 ἐπιστάμενος,
886 5269 1106 5338 μνήμην
1138 5267 1456 5336 ποιήσομαιο
1493 5264 1566 5328 ὡς
1594 5265 1832 5334 Βερναρ-

254 5369 412 5420 δίνου
470 5362 562 5416 τοῦ
623 5363 876 5416 Κανιλίου
929 5361 1214 5429 γενόμενος
1255 5357 1475 5423 ὀπαδὸς,
1510 5358 1724 5426 μεγάλα
1772 5359 1827 5418 ἐς

1936 4737 2272 4790 qnmcunque
2318 4737 2608 4792 aggressus
2639 4731 2743 4786 est,
2785 4722 3055 4784 ell‘ecisse,
3081 4737 3234 4776 usum
3291 4733 3345 4778 et
3374 4727 3497 4778 dili-

1932 4813 2112 4881 gentia
2163 4813 2429 4882 singulari
2480 4825 2534 4867 et
2567 4813 2844 4868 celeritate
2878 4824 3160 4880 praeterea,
3203 4815 3344 4884 quod
3381 4819 3500 4870 ubi-

1934 4918 2146 4972 cunque
2183 4906 2402 4957 oeeasio
2431 4905 2752 4970 affulsisset,
2787 4905 3048 4960 continuo
3083 4919 3280 4977 praesto
3308 4908 3496 4964 fuerit.

1935 4999 2074 5048 Sunt
2106 4997 2196 5064 qui
2226 4997 2469 5060 tradunt,
2501 4999 2641 5051 hunc
2669 4999 2845 5051 virum
2873 5009 3022 5065 peste
3063 5000 3324 5054 infectum
3357 5018 3498 5056 mor-

1939 5097 2046 5142 tem
2080 5090 2301 5142 obiisse.
2343 5087 2417 5141 De
2447 5088 2771 5156 Capistrano
2810 5104 2954 5142 nunc
2978 5099 3241 5158 quantum
3267 5093 3494 5153 scimus,

1938 5182 2260 5233 referemus.
2311 5178 2671 5248 Capistranus
2721 5189 2962 5234 sectator
3012 5182 3115 5234 fuit
3172 5181 3492 5235 Bernardini

1939 5272 2157 5335 Canilii,
2180 5273 2271 5340 qui
2300 5271 2527 5339 plurima
2553 5282 2606 5325 et
2639 5286 2997 5342 magna,qu:e
3019 5275 3288 5342 pertinent
3315 5273 3380 5326 ad
3409 5289 3494 5327 ro-

1938 5361 2194 5430 ligionem
2221 5363 2350 5416 Jesu
2389 5362 2616 5429 docens,
2671 5379 2918 5434 magnam
2949 5365 3015 5418 ad
3045 5365 3269 5436 gloriam
3299 5374 3352 5419 et
3384 5367 3496 5420 cla-

1543 5472 1792 5533 Notulze
1827 5466 2230 5553 mat’ginales.

334 5603 450 5674 (49)
488 5595 1310 5675 Μ-εοιιῐιιθινῑοιιιε,ωοι)εἰ‹1ῑοιιο
1363 5595 1540 5675 soluta
1599 5593 1827 5675 discedit

259 5667 459 5732 octavo
489 5673 616 5727 ldus
650 5671 899 5739 Augusti,
927 5669 1085 5733 1456,
1117 5668 1531 5738 quadragesimo
1567 5675 1721 5720 sexto
1738 5667 1823 5718 die

337 5839 382 5869 ⁶⁹
405 5833 564 5888 ἁποὸ.
641 5833 683 5866 ⁸³
708 5831 789 5886 τὸτ
812 5827 961 5905 Rau!
993 5833 1043 5884 in
1067 5847 1113 5884 c.
1191 5830 1236 5861 “
1283 5827 1349 5882 1η
1377 5842 1503 5895 uno,
1532 5825 1803 5894 ἀνασχομ.

1935 5824 2002 5877 αι.
2041 5825 2518 5896 ἀναμαχομένους.
2595 5828 2638 5860 ⁸³
2679 5831 2876 5882 ἀναπν.

1936 5614 1963 5646 a
1988 5606 2162 5662 coepta
2199 5597 2503 5652 obsidione.

2003 5671 2113 5737 (se)
2146 5665 2210 5717 tv
2243 5668 2380 5723 Idib.
2413 5669 2687 5740 Septemb.
2712 5669 2869 5724 1456.

2976 5827 3022 5866 ⁸⁵
3060 5830 3490 5899 ἀσφαλέστερον.
