3984 6448
275 325 386 386 ἇέδ

1325 318 1423 381 DE
1466 314 1722 380 REBUS
1763 313 2135 377 TURCICIS
2168 315 2318 378 LIB.
2357 317 2530 380 VIII.

3431 326 3536 390 426

269 437 431 501 ἄξιον
468 435 630 502 λόγου
691 431 1093 486 ὗπεδείκνυντο.
1153 431 1261 484 Καὶ
1309 432 1382 494 ὠς
1430 432 1584 484 οὐδὲν
1619 429 1696 482 ἔτι
1733 427 1858 481 ἑπέ-

1968 425 2178 481 redierc
2209 445 2221 480 :
2260 437 2307 480 et
2337 430 2555 483 navales
2607 429 2829 493 milites,
2859 430 2950 500 qui
2987 430 3039 484 iu
3094 431 3200 485 illis
3230 445 3407 500 erant,
3435 452 3536 506 per

273 529 406 581 πλει
461 527 572 581 ἀπὸ
611 524 851 586 Ἰταλίας
883 561 899 586 ,
957 517 1115 584 αὖθις
1159 522 1424 575 ἐπέπλεον
1476 524 1566 574 ἐπὶ
1603 521 1858 584 Ἰταλίας,

279 617 674 678 σκεδασθέντες
712 616 888 686 ταύτῃ
919 614 1024 667 ἀνὰ
1061 619 1160 677 τὰς
1192 614 1395 676 πόλεις.
1447 615 1556 666 Καὶ
1613 612 1860 681 Εὐσεσίῳ

287 709 395 778 μὲν
430 708 477 740 ’⁵
539 705 615 776 τῷ
665 707 918 775 ἀρχιερεῖ
981 707 1039 766 ἐς
1112 706 1230 757 τόδε
1279 703 1534 756 ἐτελεύτα
1594 705 1626 771 ἡ
1684 719 1862 772 παρα-

293 803 487 868 σκευή·
522 801 654 867 μετὰ
698 797 755 849 δὲ
791 797 917 859 Πίος
947 798 976 849 ό
1013 797 1330 866 ἀρχιερεὺς,
1366 796 1440 858 ὡς
1472 797 1564 848 ἐπὶ
1601 803 1699 864 την
1731 795 1862 864 ἡγε-

297 893 490 960 μονίαν
519 888 767 955 ἀφίκετο.
825 890 925 956 τὴν
955 889 1013 940 ὲν
1045 887 1273 958 Μαντύῃ
1299 887 1510 940 δίαιταν
1543 889 1858 953 ἐποιήσατο,

292 985 388 1036 ire
417 982 477 1052 δὴ
507 981 841 1034 κατάστασίν
873 997 931 1032 τε
977 979 1070 1031 καὶ
1107 978 1364 1046 σύλλογον
1399 979 1526 1048 περὶ
1557 979 1665 1029 τῶν
1691 977 1861 1046 καθη-

269 1077 497 1136 ,κόντων
530 1072 680 1141 αύτῷ
716 1073 1063 1142 πραγμάτων
1114 1073 1169 1133 ὲς
1203 1069 1295 1122 τὸν
1325 1069 1417 1122 ἐπὶ
1457 1069 1679 1136 βασιλέα
1710 1070 1861 1138 Μεχ-

287 1167 465 1236 μέτην
498 1165 756 1234 πόλεμον.
795 1163 1084 1233 Βησαρίων
1117 1163 1217 1230 μὲν
1241 1163 1306 1233 δὴ
1336 1163 1428 1214 ἐπὶ
1462 1163 1696 1224 Παίονας
1728 1163 1858 1228 ὰφι-

284 1258 522 1327 κόμενος
557 1257 652 1309 καὶ
697 1257 753 1318 ἔς
795 1255 1112 1324 Γερμανοὺς
1141 1295 1156 1316 ,
1204 1254 1272 1305 τά
1314 1270 1372 1305 τε
1421 1253 1556 1306 ἄλλα
1588 1252 1857 1322 διελέχθη,

282 1350 386 1402 καὶ
414 1349 517 1417 τὴν
562 1347 700 1417 πρὸς
733 1347 998 1414 ἀλλήλους
1032 1346 1298 1414 διαφορὰν
1329 1344 1627 1397 καταλύειν
1658 1344 1860 1412 πειρώ-

286 1458 476 1509 μενος,
519 1439 634 1509 οὐχ’
667 1433 778 1501 οἷός
818 1455 876 1492 τε
913 1439 1152 1506 ἐγένετο.
1198 1439 1254 1498 ἐς
1300 1437 1468 1490 ταυτδ
1504 1437 1671 1506 ἄμφω
1706 1437 1862 1500 ξυνα-

279 1532 501 1600 γαγὼν,
541 1531 848 1594 διαλλάξαι.
887 1528 1049 1580 Ἀλλὰ
1086 1528 1376 1597 ἄπρακτος
1418 1530 1517 1596 μὲν
1557 1527 1857 1596 ἀπεχώρει·

279 1624 470 1677 ὲδόκει
523 1623 568 1674 δ’
600 1622 788 1684 αὐτοῖς
839 1620 947 1673 ἀπὸ
1016 1619 1248 1681 Ἰταλίας
1305 1618 1656 1688 ὡρμημένοις
1712 1617 1858 1669 τόνδε

279 1718 434 1782 σφᾶς
461 1714 698 1783 ἄρασθαι
727 1714 820 1766 τὸν
841 1713 1084 1782 πόλεμον
1122 1712 1228 1764 ἀπὸ
1261 1712 1355 1779 τῆς
1385 1711 1640 1780 ἠπείρου.
1671 1709 1859 1761 Ταῦτα

283 1809 393 1877 μὲν
428 1810 484 1871 ἐς
514 1807 768 1860 τοσοῦτον
816 1807 1044 1873 ἐγένετο
1075 1806 1214 1859 κατὰ
1247 1805 1344 1874 τὴν
1373 1808 1431 1856 ἐν
1459 1803 1691 1872 Μαντύῃ
1721 1802 1861 1854 δίαι-

1963 517 2128 574 Italize
2158 521 2319 574 urbes
2366 520 2598 590 dispersi
2630 530 2774 576 sunt.
2815 523 2972 578 lIunc
3005 524 3168 578 tinem
3204 527 3397 582 habuit
3433 531 3537 582 Eu-

1962 609 2098 663 sebii
2123 610 2237 663 sive
2263 609 2340 663 Pii
2366 619 2662 678 apparatus
2688 611 2935 667 bellicus.
2973 612 3178 669 Deinde
3209 616 3374 670 etiam
3399 618 3532 673 Pius

1963 699 2224 768 pontifex.
2246 701 2334 753 ubi
2370 703 2602 770 primum
2643 704 3021 770 pontiﬁcatum
3046 721 3163 764 sus.
3198 710 3535 775 repitconci-

1963 793 2094 846 lium
2127 791 2359 847 Mantua:
2389 795 2690 861 celebravit
2724 813 2737 850 :
2769 796 2822 849 iu
2855 813 2964 866 quo
2987 797 3120 851 nihil
3147 798 3292 852 aliud
3324 810 3532 862 actum,

1962 898 2124 950 quam
2160 885 2436 951 quomodo
2489 883 2812 940 Mechmetes
2862 887 3168 944 'I'urcorum
3232 891 3534 960 imperator

1962 983 2108 1028 esset
2158 974 2484 1029 domandus.
2536 976 2818 1031 Beasarion
2852 993 2976 1032 cum
3024 980 3092 1034 ad
3150 981 3443 1036 Pannones
3476 991 3534 1036 et

1963 1061 2264 1116 Germanos
2321 1065 2583 1131 venisset,
2645 1068 2896 1122 mandata
2941 1084 3062 1139 qua:
3118 1081 3426 1140 acceperat,
3461 1071 3531 1128 iis

1962 1157 2256 1209 enarravit.
2284 1157 2417 1212 Cum
2452 1159 2764 1215 institueret
2791 1163 3145 1241 discordiam,
3172 1181 3276 1235 qua
3304 1167 3447 1221 inter
3469 1181 3532 1222 se

1915 1285 1922 1288 -
1965 1246 2305 1310 laborabant,
2335 1247 2658 1317 dissolvere,
2694 1253 2860 1322 229
2881 1263 2932 1308 et
2967 1257 3311 1310 concordiam
3341 1257 3531 1312 indui.

1962 1353 2106 1402 cere,
2139 1337 2278 1395 nihil
2310 1339 2522 1394 edicere
2545 1343 2744 1410 quivit,
2778 1347 3031 1414 quamvis
3065 1348 3121 1401 in
3157 1364 3322 1401 unum
3349 1349 3530 1408 locum

1963 1451 2056 1490 eos
2087 1436 2472 1490 contraxisset.
2504 1435 2699 1489 Verum
2728 1452 2787 1490 re
2816 1437 3015 1491 infecta
3035 1424 3534 1494 discedebat.'l'au-

1963 1526 2085 1580 dem
2114 1527 2292 1580 visum
2331 1537 2438 1589 est,
2464 1535 2522 1579 nt
2545 1541 2606 1580 ex
2639 1527 2789 1581 Italia
2817 1527 3048 1598 profecti
3108 1527 3350 1584 ’I'urcum
3386 1538 3534 1587 terra

1962 1621 2406 1688 aggrederentur.
2450 1618 2573 1674 Ilaec
2608 1621 2828 1688 quidem
2895 1622 3160 1692 hactenus
3213 1622 3449 1678 Mantuae
3476 1625 3533 1678 iu

1963 1707 2194 1761 concilio
2226 1717 2375 1778 gesta
2407 1717 2553 1763 sunt.
2586 1707 2739 1763 Nunc
2776 1720 2990 1778 tempus
3021 1721 3178 1766 estut
3212 1714 3430 1768 redeam
3463 1716 3530 1768 ad

1966 1799 2118 1854 illum
2178 1816 2487 1855 sermonem
2555 1802 2698 1856 unde
2725 1803 2789 1855 ad
2833 1805 2980 1859 hunc
3012 1804 3291 1875 digressus
3315 1822 3460 1865 sum.

275 1919 408 1953 ταν.
449 1896 576 1968 Εῐμι
603 1898 660 1950 δὲ
691 1897 777 1950 ἐπ’
814 1900 988 1950 ἐκεῖνο
1016 1897 1109 1949 τοῦ
1139 1897 1321 1963 λόγου,
1355 1895 1477 1948 ὅθεν
1521 1895 1616 1947 ἐπὶ
1656 1891 1918 1944 τοσοῦτον
1949 1891 2291 1961 ἐτραπόμην,
2328 1893 2382 1954 ἐς
2407 1892 2666 1945 τοσοῦτον
2701 1893 2916 1958 διεξιὼν
2949 1895 3038 1947 τὸν
3067 1895 3246 1964 λόγον.

362 1993 468 2044 Τοῦ
499 1992 608 2060 γάρ
631 2009 715 2044 τοι
763 1991 1142 2060 ἐπιγινομένου
1179 1991 1368 2059 Θέρους
1398 1991 1612 2059 ἀπέχρη
1651 1988 1749 2058 μὲν
1780 1987 1858 2055 τῷ

280 2082 502 2152 βασιλεί
567 2082 828 2153 Μεχμέτῃ
889 2081 1074 2143 κακῶς
1131 2080 1402 2150 πράξαντι
1473 2081 1529 2140 ἐς
1592 2079 1694 2148 τὴν
1763 2079 1858 2129 ἐπὶ

289 2178 529 2238 Παίονας
573 2176 785 2228 ἔλευσιν
837 2175 1072 2243 ἡσυχίαν
1121 2174 1312 2239 ἄγεινο
1365 2172 1750 2241 στρατεύματα
1801 2172 1860 2224 δὲ

289 2272 540 2338 ἔπεμπεν
584 2268 718 2337 ἄλλῃ
770 2283 829 2319 τε
877 2271 972 2321 καὶ
1017 2266 1112 2319 ἐπὶ
1155 2265 1453 2335 Σκενδὲρην
1507 2268 1599 2317 τὸν
1639 2265 1862 2318 Ἰὅάνεω

289 2363 480 2416 παῖδα.
512 2360 628 2429 Ἐφ’
680 2361 739 2412 ὃν
793 2359 856 2428 δὴ
902 2360 998 2412 καὶ
1053 2361 1081 2411 ὁ
1137 2358 1318 2429 πατὴρ
1369 2359 1859 2429 στρατευσάμενος,

288 2455 776 2524 καταστρέψασθαι
804 2455 900 2522 οὐχ
939 2449 1048 2516 οἷός
1078 2471 1135 2505 τε
1163 2455 1396 2519 ἐγένετο.
1424 2452 1636 2523 Ἰησοῦν
1666 2452 1722 2504 δὲ
1770 2452 1861 2504 τὸν

281 2548 568 2616 Βρενέζεω
618 2547 782 2599 παῖδα
823 2544 1076 2610 ἀπέδειξε
1131 2546 1175 2576 ’⁵
1221 2544 1548 2614 στρατηγὸν,
1585 2542 1863 2612 παραδοὺς

277 2639 352 2692 ⁸τό
381 2656 441 2690 τε
478 2638 580 2690 ὑπὸ
607 2637 831 2706 «tantth
863 2637 1195 2707 στράτευμα,
1229 2638 1322 2689 καὶ
1373 2637 1434 2689 τὸ
1478 2637 1630 2704 παρὰ
1661 2635 1858 2699 Ἀξιὸν,

280 2729 387 2782 καὶ
430 2729 490 2781 τὸ
545 2729 652 2781 ἀπὸ
680 2727 1000 2787 Θετταλίας.
1047 2728 1381 2795 Ἦγουμένου
1427 2727 1482 2780 δὲ
1538 2726 1713 2798 Ἰησοῦ
1767 2727 1861 2780 τοῦ

278 2820 588 2892 Βρενέζεω,
607 2818 860 2872 ἐσέϐαλλε
890 2819 1025 2888 πρὸς
1063 2819 1154 2871 τὸν
1179 2817 1366 2872 Ἰόνιον
1392 2819 1490 2887 τῆς
1518 2817 1858 2879 Μακεδονίας

281 2913 490 2985 χῶρον,
535 2913 630 2965 καὶ
678 2912 834 2983 ἐδῄου
880 2913 946 2964 τὰ
993 2909 1164 2964 πολλὰ
1211 2911 1398 2981 αὐτῆς.
1453 2911 1755 2980 Σκενδ-έρης
1805 2910 1863 2964 δὲ

2036 1987 2112 2039 Ea
2153 1997 2344 2042 :estate
2377 2003 2498 2057 quae
2568 1988 2987 2057 insequebatur,
3042 1992 3301 2061 praeclare
3349 2010 3536 2051 secum

1967 2062 2147 2130 actum
2174 2078 2398 2146 putabat
2453 2079 2806 2146 Me-chmetes,
2863 2085 2957 2150 qui
3008 2083 3357 2154 inauspicato
3421 2105 3534 2145 rem

1968 2178 2213 2238 gesserat
2271 2185 2394 2224 cum
2458 2171 2829 2238 Pannonibus,
2885 2177 3031 2244 quod
3081 2179 3320 2246 quietem
3375 2198 3539 2252 agere

1959 2273 2166 2330 posset.
2198 2261 2344 2316 Misit
2373 2262 2538 2328 igitur
2568 2279 2776 2331 partem
2831 2269 3108 2323 exercitus
3139 2280 3332 2326 contra
3365 2271 3536 2328 Scen-

1960 2353 2144 2406 derem
2181 2353 2363 2408 Ibanis
2395 2354 2592 2421 tilium,
2621 2372 2782 2424 quem
2821 2368 2996 2426 pater,
3031 2363 3283 2430 quamvis
3335 2367 3539 2434 saepius

1960 2459 2086 2496 eum
2141 2444 2420 2500 debellare
2478 2450 2807 2519 occepisset,
2850 2450 3066 2506 vincere
3126 2457 3386 2523 nequivit.
3443 2457 3538 2512 Jo-

1963 2535 2244 2605 suen_(58)
2278 2537 2448 2592 tilium
2510 2538 2766 2597 Brenezis
2805 2543 3098 2598 constituit
3133 2547 3198 2599 ad
3232 2546 3286 2600 id
3328 2548 3530 2603 bellum

1961 2627 2178 2692 ducem,
2211 2629 2301 2682 cui
2334 2629 2558 2684 tradidit
2591 2633 2916 2699 exercitum,
2947 2636 3040 2705 qui
3081 2635 3344 2695 Phcrrhis
3394 2651 3534 2708 erat,

1962 2728 2016 2770 et
2071 2733 2193 2772 eum
2244 2720 2336 2788 qui
2404 2731 2524 2776 erat
2577 2724 2721 2792 apud
2775 2724 2974 2779 Axium
3034 2726 3256 2794 flumen,
3318 2745 3536 2788 necnon

1965 2808 2258 2865 Thessalia:
2316 2814 2638 2870 exercitum.
2704 2815 2850 2870 Duce
2901 2828 3080 2874 autem
3136 2820 3306 2876 Josue
3354 2823 3542 2880 incur-

1964 2903 2174 2956 sionem
2240 2905 2474 2959 fariebat
2531 2922 2721 2962 versus
2782 2906 2993 2963 Ionium
3057 2909 3411 2980 Macedoniae,
3482 2927 3540 2969 et

279 3005 443 3067 οὗτος
471 3004 1041 3074 διαπρεσϐευσάμενος
1095 3004 1230 3072 πρὸς
1276 3005 1368 3057 τδν
1414 3001 1636 3073 Ῥώμης
1668 3021 1728 3054 τε
1762 3004 1854 3073 ἁρ-

1965 2995 2225 3066 pleraque
2257 2997 2414 3053 istius
2467 2999 2838 3069 dep0pulatus
2874 3011 2974 3057 est.
3036 3002 3338 3060 Scenderes
3391 3007 3539 3076 lcga-

289 3099 504 3168 χιερέα,
536 3099 632 3150 καὶ
674 3097 808 3166 πρὸς
856 3096 1079 3165 βασιλέα
1123 3095 1417 3162 Ἀλφόνσον
1465 3097 1556 3149 τὸν
1591 3097 1862 3163 Παρθενόο

290 3203 426 3256 πης,
453 3186 772 3256 ἐπιτηδείως
823 3203 883 3239 τε
914 3186 1039 3257 ἔσχε
1086 3188 1184 3240 καὶ
1239 3185 1484 3254 συνήθως
1520 3187 1598 3256 τῷ
1647 3187 1863 3256 βασιλεῖ

289 3278 487 3348 τούτῳ,
509 3277 576 3329 δι’
615 3278 651 3330 ἃ
684 3279 747 3347 δὴ
778 3278 872 3330 καὶ
901 3278 993 3330 τὸν
1038 3276 1177 3348 πρὸς
1213 3275 1440 3345 βασιλέα
1477 3279 1714 3343 πόλεμον
1761 3280 1861 3349 τήν

291 3385 355 3420 τε
390 3368 608 3437 Κρούην
659 3367 947 3436 παρέδωκε
995 3367 1170 3438 τούτῳ
1202 3365 1280 3436 τῷ
1311 3367 1542 3435 βασιλεῖ,
1578 3373 1672 3420 καὶ
1705 3371 1859 3438 ἠξίου

297 3460 446 3529 αὐτῷ
489 3461 725 3530 ὑπήκοον
763 3455 923 3518 εἶναι.
953 3461 1122 3512 Ἔνθα
1165 3459 1228 3529 δὴ
1278 3460 1370 3511 καὶ
1407 3460 1638 3528 στρατὸν
1693 3461 1858 3523 πεζὸν

303 3551 482 3603 ίκανδν
509 3550 946 3619 διαπορθμεύσας
979 3554 1006 3604 ὁ
1035 3552 1386 3622 Παρθενόπης
1415 3546 1571 3614 οὗτος
1605 3551 1858 3621 βασιλεὺς

297 3643 408 3696 ἀπὸ
453 3643 728 3709 Ἰαπυγίας
786 3645 845 3706 ἐς
901 3644 1271 3714 Ἐπίδαμνον,
1324 3645 1419 3699 καὶ
1463 3644 1701 3715 ἄρχοντα
1751 3645 1860 3698 τῶν

293 3733 427 3800 παρ’
476 3733 654 3802 ἑαυτῷ
709 3733 1010 3804 ἐλλογίμων
1067 3735 1164 3788 ἕνα
1225 3737 1555 3808 στρατηγὸν,
1608 3736 1704 3788 ἐπὶ
1760 3736 1860 3807 τὴν

285 3829 555 3899 βασιλέως
609 3828 881 3898 ἐληΐζοντο
928 3829 1132 3900 χώραν.
1186 3831 1340 3884 Μετά
1388 3831 1446 3885 δὲ
1493 3832 1860 3896 καταστάντες

286 3920 648 3990 ἐπολιόρκουν
685 3922 942 3990 πολίχνην
989 3921 1229 3992 Σφετόην
1259 3923 1630 3994 καλουμένην,
1653 3922 1859 3987 ἐξελεῖν
1917 3984 1920 3987 ,

286 4010 630 4082 βουλόμενοι.
679 4014 940 4066 Ἐνταῦθα
989 4013 1290 4080 πυθόμενος
1323 4016 1474 4084 παρὰ
1517 4015 1626 4066 τῶν
1669 4014 1860 4081 σφετέ-

285 4121 401 4175 ρων
445 4103 649 4169 Ίησοῦς
695 4106 723 4156 ὁ
758 4103 1069 4174 Βρενέζεω,
1104 4108 1198 4158 καὶ
1253 4105 1585 4174 παραλαϐὼν
1630 4108 1758 4167 τοὺς
1802 4107 1859 4168 ἐς

283 4193 382 4242 τὸν
427 4192 606 4255 Ἀξιὸν
654 4193 1044 4261 ἱπποδρόμους,
1091 4194 1185 4247 καὶ
1237 4195 1559 4264 Παραΰοῖων
1599 4195 1856 4264 στρατὸν,

282 4284 382 4333 καὶ
431 4281 528 4350 τὴν
558 4283 825 4351 ταχίστην
856 4283 1216 4351 ἐπειγόμενος
1261 4284 1431 4353 ἄλλην
1481 4284 1513 4354 ἢ
1546 4285 1702 4337 αὐτοὶ
1730 4286 1858 4352 ἐφύ-

1969 3093 2172 3147 tionem
2207 3093 2355 3147 misit
2381 3093 2445 3146 ad
2484 3092 2791 3148 Romanum
2812 3097 3149 3165 pontificem,
3176 3108 3230 3153 et
3255 3100 3322 3153 ad
3353 3115 3535 3170 regem

1963 3182 2338 3254 Parthenopes
2365 3187 2752 3256 Alphonsum,
2807 3204 2933 3243 nam
2999 3190 3115 3260 regi
3177 3190 3303 3247 huic
3349 3192 3538 3247 admo-

1961 3275 2094 3330 dum
2119 3277 2318 3332 charns
2341 3289 2392 3332 et
2421 3277 2711 3334 familiaris
2763 3289 2904 3354 erat,
2929 3280 3055 3347 quia
3093 3293 3313 3351 propter
3336 3281 3537 3337 bellum

1965 3367 2269 3423 'l‘urcorum
2313 3369 2611 3427 imminens
2670 3370 2760 3426 isti
2796 3372 2906 3441 regi
2939 3368 3158 3440 Crojam
3212 3371 3540 3442 assignarat,

1961 3475 2192 3530 eamque
2216 3460 2345 3514 huic
2379 3459 2653 3515 subditam
2687 3475 2810 3517 esse
2845 3462 3080 3516 volebat.
3102 3461 3542 3534 'Transportavit

1961 3551 2126 3620 igitur
2157 3552 2229 3606 ibi
2265 3567 2357 3606 rex
2391 3536 2762 3622 Parthenopes
2818 3555 3133 3623 Alphousus
3193 3556 3260 3609 ab
3310 3555 3537 3627 Iapygia
3633 3593 3637 3599 η

1965 3643 2269 3710 pedestrem
2329 3644 2633 3697 exercitum
2694 3654 2950 3712 magnum
3012 3645 3065 3698 in
3127 3644 3540 3714 Epidamnum,

1964 3737 2053 3790 cui
2085 3733 2328 3804 prasfecit
2353 3737 2551 3789 ducem
2584 3737 2650 3790 de
2703 3735 2821 3790 suis
2851 3737 3026 3789 virum
3077 3735 3438 3806 prudentem:
3485 3749 3541 3793 et

1964 3823 2107 3892 regis
2138 3823 2415 3892 regionem
2452 3823 2801 3878 cvastabant.
2837 3821 3034 3878 Postea
3090 3824 3405 3900 coniunctis
3449 3839 3542 3880 co-

1962 3918 2067 3985 piis
2095 3916 2421 3972 ohsidebaut
2449 3913 2640 3968 urbem
2668 3913 2966 3984 Sphetoam
3009 3914 3125 3986 (59)
3176 3916 3538 3979 nominatam,

1964 4009 2213 4063 volentes
2239 4021 2359 4062 eam
2389 4022 2723 4077 expugnare.
2755 4004 2922 4060 Josue
2947 4003 3199 4060 Brenezis
3233 4005 3378 4060 filius
3408 4021 3532 4061 cum

1930 4137 1932 4139 ›
1963 4101 2326 4156 intellexisset
2350 4101 2402 4155 in
2435 4117 2602 4170 quam
2645 4101 3030 4154 necessitatem
3055 4099 3338 4153 venissent
3365 4096 3542 4168 Sphe-

1965 4206 2183 4259 toenses
2224 4194 2366 4260 (60),
2397 4194 2676 4262 accipiens
2705 4193 2920 4262 equites
2955 4191 3046 4261 qui
3083 4201 3240 4245 erant
3273 4189 3329 4244 in
3376 4189 3538 4254 Axio.
3618 4239 3623 4245 .

1963 4297 2016 4339 et
2037 4287 2428 4341 Peresbiorum
2463 4286 2793 4345 exercitum.
2823 4285 2990 4337 citato
3055 4284 3270 4352 agmine
3322 4282 3543 4353 proﬁci-

281 4373 484 4424 λαττον
513 4375 562 4425 οἱ
607 4373 820 4435 Ἰταλοὶ,
849 4374 944 4424 καὶ
983 4375 1213 4426 ὲπεισπε
1229 4374 1329 4425 ιὼν
1376 4374 1548 4443 ἄφνω,
1583 4375 1858 4446 διέφθειρε

1967 4377 2270 4442 sccns,a|ia
2311 4377 2416 4441 via,
2440 4392 2548 4430 non
2570 4391 2630 4428 ra
2659 4377 2713 4428 in
2739 4389 2846 4443 qua
2870 4374 2984 4428 Itali
3004 4372 3264 4427 excubias
3287 4373 3537 4442 agebant,

281 4464 614 4532 σύμπαντας
638 4467 765 4526 τοὺς
808 4465 1064 4525 Ἰταλούς.
1101 4466 1407 4534 Σκενδέρης
1461 4467 1676 4534 μέντοι,
1701 4467 1859 4535 ἔτυχε

1961 4467 2141 4520 subito
2169 4468 2485 4528 adveniens,
2549 4466 2928 4520 Italosomues
2982 4466 3048 4516 ad
3103 4463 3533 4517 internecionem

281 4559 397 4628 γὰρ
444 4559 598 4612 ἀπὼν
625 4559 766 4620 τότε,
798 4557 1067 4611 οὐδοτιοῦν
1120 4558 1311 4610 παθὼν
1360 4559 1552 4612 δεινόν.
1590 4558 1861 4629 ’Υστερον

1962 4559 2183 4612 occidit.
2224 4558 2526 4612 Scenderes
2588 4571 2737 4617 vero,
2795 4565 2853 4608 ut
2903 4553 2997 4622 qui
3057 4552 3348 4617 abfuisset,
3399 4551 3533 4604 ntali

289 4652 479 4718 μέντοι
526 4651 586 4702 οὐ
632 4650 814 4722 πολλῷ
865 4651 1168 4720 Σκενδέρης
1229 4650 1420 4712 διαϐὰς
1482 4651 1539 4712 ἐς
1607 4651 1858 4714 Ἰταλίαν,

1962 4647 2097 4699 nlhil
2131 4662 2325 4716 passus
2377 4656 2480 4702 est.
2510 4644 2618 4700 Nec
2660 4643 2831 4698 multo
2878 4655 3002 4712 post
3053 4638 3359 4696 Seenderes
3424 4641 3534 4694 iste

285 4740 517 4805 ἀφίκετο
576 4741 642 4802 ἐς
692 4740 783 4791 τὸν
829 4739 1184 4809 Παρθενόπης
1236 4738 1486 4806 βασιλέα.
1539 4740 1649 4791 Καὶ
1699 4739 1860 4791 αὑτὸν

1962 4741 2108 4793 venit
2138 4740 2188 4792 in
2215 4738 2422 4792 Italiam
2461 4737 2526 4790 ad
2554 4737 2925 4805 ParthenOpes
2950 4749 3130 4803 regem
3168 4731 3531 4802 Alpbousum.

285 4830 706 4898 ὑποδεξάμενος,
765 4835 832 4882 τά
888 4848 944 4882 τε
1004 4831 1140 4882 ἄλλα
1201 4830 1449 4900 ἐτίμησε,
1502 4831 1594 4882 καὶ
1656 4831 1712 4893 ὲς
1768 4829 1860 4881 τὸν

1965 4831 2068 4897 Qui
2098 4833 2317 4900 excepit
2348 4846 2470 4885 cum
2513 4820 2815 4885 honoriﬁce
2837 4837 2890 4882 ct
2949 4827 3183 4896 benigne
3239 4825 3530 4889 tractavit;

301 4917 518 4988 Ῥώμης
585 4921 847 4988 ἀρχιερέα
927 4920 1221 4989 ἀπέπεμψε
1292 4921 1856 4989 φιλοφρονησάμενος.

1967 4937 2199 4992 cumque
2231 4922 2299 4977 ad
2341 4921 2646 4975 Romanum
2697 4920 3010 4990 pontificem
3050 4917 3218 4983 misit,
3270 4927 3328 4973 ut
3356 4926 3411 4972 et
3463 4917 3532 4971 ab

285 5010 446 5066 Μετὰ
482 5011 538 5062 δὲ
569 5010 737 5062 ταῦτα
769 5012 1024 5080 χρήματα
1061 5012 1221 5063 ἱκανὰ
1271 5012 1642 5080 παρεχόμενος
1684 5009 1852 5078 αὐτῷ,

1968 5016 2088 5083 ipso
2117 5014 2318 5082 aliquid
2379 5014 2604 5068 honoris
2663 5019 3126 5081 consequeretur.
3179 5010 3371 5064 Postea
3407 5024 3532 5062 cum

285 5102 622 5171 ἀπέπεμπεν
669 5102 763 5154 ἐπὶ
827 5103 924 5171 τὴν
978 5103 1155 5171 ἀρχὴν
1209 5103 1395 5154 αὐτοῦ.
1438 5095 1607 5164 Οὗτος
1676 5103 1857 5170 μέντοι

1964 5104 2014 5155 ei
2065 5118 2198 5172 opes
2252 5101 2491 5155 dedisset
2545 5103 2834 5165 maximas,
2878 5115 3001 5154 eum
3049 5098 3115 5151 ad
3167 5098 3530 5166 principatum

289 5193 563 5260 ἐπανιὼν,
615 5194 708 5247 ἐπὶ
756 5195 856 5263 τῆς
903 5195 1083 5265 χώρας
1120 5196 1285 5249 αὐτοῦ
1328 5197 1592 5266 ἐπέμενεν
1634 5197 1856 5248 ἐπιόντα

1965 5211 2124 5248 suum
2161 5193 2516 5250 remisit.llic
2544 5195 2708 5262 igitur
2740 5208 2994 5248 reversus
3039 5193 3103 5245 ad
3162 5191 3531 5259 principatum

283 5283 381 5336 τὸν
413 5282 672 5351 βασιλέως
705 5285 960 5355 στρατὸν,
999 5286 1091 5338 καὶ
1125 5287 1363 5356 ἐρυμνὴν
1391 5285 1555 5340 οὖσαν
1602 5284 1699 5356 τὴν
1744 5285 1848 5355 χώ-

1962 5287 2522 5354 suum,exspectabat
2561 5286 2703 5354 regis
2753 5286 3054 5341 exercitum
3115 5281 3386 5337 hostiliter
3442 5278 3536 5331 ad-

1561 5401 1810 5464 Nolulte
1848 5391 2254 5477 marginales.

361 5503 474 5578 (ἔξ)
502 5501 685 5578 Sinam
720 5503 809 5578 alii
842 5515 1055 5570 vocant,
1094 5505 1186 5558 alii
1234 5504 1482 5564 Emam.
2042 5507 2152 5578 (60)
2183 5507 2666 5576 Sphetgradenses.

358 5565 475 5642 (59)
507 5565 929 5643 spbetgradum.

355 5695 407 5728 ’⁸
439 5693 509 5749 1η
543 5710 669 5762 uno,
695 5697 899 5765 μέντοι.
979 5698 1024 5730 ’⁸
1048 5696 1111 5751 In
1143 5700 1221 5755 αι.
1255 5701 1351 5755 ὑπ.

583 5792 850 5854 Parum.
887 5795 1000 5855 Gn.
1033 5793 1231 5859 CLIX.
3139 5779 3212 5842 η
