3984 6452
520 279 622 344 υτ
1634 261 1950 324 LAONICI
2005 259 2682 322 CliALCOCONDYL/E-
3641 265 3730 331 ut

521 402 761 450 euntem.
795 390 993 444 Verum
1051 399 1110 441 se
1156 384 1209 439 in
1255 382 1376 436 loco
1427 381 1643 435 tenebat
1695 378 2087 435 munitissimo.

2197 392 2296 443 ραν
2334 377 2583 443 κατεῖχεν
2613 373 2751 441 ἔχων
2786 390 2842 427 τε
2881 375 3110 443 στρατὸν
3141 376 3263 444 μεθ’
3299 366 3499 431 ἑαυτοῦ
3536 381 3619 433 τὸν
3643 385 3734 438 ἀπὸ

523 482 745 537 liabens
803 487 984 532 autem
1049 487 1234 530 secum
1282 469 1622 536 exercitum,
1665 484 1826 538 quem
1873 467 1942 522 de
1988 480 2088 521 sua

523 575 744 645 regione
776 569 1202 636 conscripserat,
1259 563 1362 618 iter
1418 577 1513 632 per
1563 570 1777 616 montes
1833 559 2086 614 faciebat.

524 665 736 721 Uxores
780 671 834 717 et
862 663 1064 715 liberos
1099 658 1150 711 in
1183 657 1301 710 loca
1351 653 1720 710 munitissima
1786 652 2085 720 deponens,

527 760 646 827 ipse
680 756 804 810 hinc
827 753 952 807 inde
978 765 1102 804 cum
1133 749 1378 804 exercitu
1417 744 1743 816 vagabatur,
1792 751 1849 796 nt
1904 741 2089 796 delen-

522 851 679 903 deret
711 845 1020 914 regionem:
1055 854 1384 908 semperque
1411 851 1654 907 praesens
1686 843 1806 890 erat
1859 832 2101 886 ubicun-t

523 955 630 1009 que
661 938 780 1006 ejus
809 948 976 1004 opera
1032 929 1476 986 desiderabatur.
1531 923 1596 976 Et
1644 922 1868 992 quidem
1922 919 2091 987 copia:

522 1031 804 1100 pedestres
845 1033 899 1078 et
925 1032 1211 1090 equestres
1265 1019 1321 1072 in
1371 1013 1667 1072 Scenderis
1706 1012 1870 1082 230
1915 1011 2091 1081 regio-

522 1137 641 1176 nem
690 1115 1064 1173 incursionem
1121 1110 1420 1172 faciebant,
1479 1107 1690 1176 praedas
1737 1118 1993 1174 pecorum
2037 1109 2093 1155 et

521 1213 748 1267 aliarum
781 1223 960 1263 rerum
1017 1219 1178 1274 agere
1213 1201 1355 1258 haud
1387 1199 1698 1256 cessabant.
1754 1196 1818 1250 Et
1876 1195 1966 1248 diu
2034 1194 2087 1248 in

519 1319 582 1358 ea
652 1309 964 1361 morantes,
1025 1294 1209 1348 omnia
1274 1289 1740 1360 corrumpebant,
1801 1302 1923 1340 cum
1982 1299 2088 1340 neu

521 1401 914 1451 cunctarentur
953 1387 1188 1444 aedificia
1219 1394 1273 1440 et
1310 1384 1462 1440 villas
1491 1381 1806 1439 incendere.
1847 1377 2087 1433 Tandem

521 1501 646 1543 cum
675 1484 810 1540 satis
842 1489 1090 1537 evastata
1119 1487 1264 1533 esset
1289 1475 1460 1546 regio,
1497 1473 1796 1529 exercitum
1838 1471 2087 1536 abduxit,

521 1592 644 1637 cum
674 1573 808 1629 nihil
866 1585 1000 1626 sane
1036 1567 1390 1622 memorabile
1441 1566 1799 1634 designasset.
1859 1561 2094 1616 St‘Cndc-

523 1682 610 1723 res
637 1665 853 1734 quidem
878 1675 1057 1715 arcem
1083 1659 1236 1728 juxta
1265 1657 1658 1726 Epidamnum,
1711 1670 1833 1723 qua:
1880 1658 2088 1721 spectat

523 1757 756 1825 Ionium,
789 1751 1173 1814 esmdilicavit.
1197 1751 1290 1804 Est
1319 1756 1501 1802 autem
1542 1762 1607 1801 eo
1643 1747 1743 1800 loci
1782 1744 2088 1802 Chersone-

523 1866 617 1904 sus
649 1856 704 1902 et
754 1847 994 1901 Isthmus
1053 1841 1256 1903 brevis,
1309 1839 1679 1908 complectens
1718 1836 1821 1894 tria
1879 1835 2088 1892 stadia;

511 1940 672 2002 ,hunc
707 1947 862 1990 muro
893 1946 1016 1987 cum
1049 1929 1402 1998 undiqnaque
1424 1934 1571 1984 esset
1620 1925 1924 1994 amplexus,
1981 1939 2089 1978 non

523 2041 726 2098 paucos
777 2026 1018 2080 Albanos
1083 2021 1134 2073 in
1181 2036 1300 2073 eatn
1354 2019 1630 2087 regionem
1682 2016 1976 2077 transtulit,
2033 2025 2090 2070 ut

525 2119 596 2174 ibi
622 2118 946 2174 habitarent.
983 2113 1249 2170 Prmterea
1285 2110 1474 2164 urbem
1506 2108 1800 2164 admodum
1847 2123 2090 2164 commu-

521 2210 679 2274 nivit,
715 2215 771 2261 ut
793 2205 985 2274 siquid
1021 2203 1142 2258 novi
1195 2202 1473 2271 ingrueret
1530 2197 1599 2254 ab
1626 2200 1770 2268 regis
1831 2199 2085 2255 exerciti-

522 2304 646 2366 bus,
677 2301 749 2354 ibi
805 2300 983 2368 potius
1032 2310 1195 2365 quam
1254 2293 1382 2348 alibi
1440 2292 1804 2361 obsideretur.
1853 2293 1987 2348 Nam
2039 2293 2084 2346 si

520 2407 628 2448 non
671 2402 850 2462 posset
904 2389 1180 2452 resistere,
1241 2395 1335 2438 aut
1381 2399 1475 2452 par
1524 2398 1644 2442 esse
1687 2384 1863 2452 copiis
1922 2386 2085 2456 regis,

519 2489 836 2555 superesset
868 2477 1202 2534 tutissimum
1235 2474 1515 2544 eﬂ‘ugium,
1570 2473 1826 2533 videlicet
1875 2483 1930 2528 ut
1962 2476 2088 2531 inde

523 2570 901 2642 seproriperct
952 2569 1007 2623 in
1057 2582 1231 2631 mare,
1273 2575 1328 2622 et
1371 2581 1480 2636 quo
1505 2566 1669 2620 vellet
1713 2564 2082 2634 aduavigaret.

2191 469 2288 537 τῆς
2314 470 2521 539 χώρας,
2546 469 2798 538 διῄειιδιὰ
2824 469 2932 520 τῶν
2960 469 3136 538 ὀρέων
3165 471 3396 542 περιιὼν
3425 473 3502 543 τῷ
3524 477 3733 546 στρατῷ.

2193 561 2300 624 Καὶ
2354 560 2453 622 τάς
2485 577 2544 612 τε
2597 561 2861 626 γυναῖκας
2918 561 3016 613 καὶ
3073 561 3270 625 παῖδας
3325 565 3384 626 ἐς
3436 565 3506 618 τὰ
3553 567 3738 637 ἐρυμνά

2191 651 2666 721 εἰσενεγκάμενος,
2701 652 2866 714 αὐτὸς
2914 652 3152 724 περιῄει,
3186 652 3323 722 ἔχων
3374 657 3507 727 περὶ
3533 661 3624 724 τὴν
3649 677 3735 723 φυ-

2190 740 2363 811 λακὴν
2393 745 2490 810 τῆς
2540 742 2742 812 χώρας,
2773 746 2895 797 ὅποι
2933 743 3042 800 δέοι
3091 747 3562 815 παραγενόμενος.
3601 751 3739 806 Κειὶὸ

2193 837 2295 904 μὲν
2351 839 2579 905 στρατὸς
2632 838 2725 890 καὶ
2778 841 2826 890 οἱ
2888 841 3220 909 ἱπποδρόμοι
3282 842 3597 910 ἐπέδραμον
3654 843 3739 911 τὴν

2191 925 2397 996 χώραν,
2431 929 2524 981 καὶ
2563 929 2830 994 ὑποζύγια
2882 931 3238 1001 ληῖπάμενος,
3269 935 3362 988 καὶ
3411 935 3604 1005 χρόνον
3640 938 3741 988 τινὰ

2193 1020 2384 1087 συχνὸν
2407 1019 2713 1088 διατρίψας,
2731 1023 2886 1094 ἐπῄει
2915 1027 3095 1078 πᾶσαν
3123 1027 3221 1091 τὴν
3252 1025 3441 1096 χώραν
3472 1028 3740 1096 ἐμπιπρῶν

2191 1113 2282 1166 καὶ
2331 1111 2679 1181 διαφθείρων.
2725 1115 2817 1180 Ὠς
2847 1115 2904 1168 δὲ
2954 1117 3155 1179 ἱκανῶς
3199 1112 3343 1188 εἶχεν
3393 1119 3545 1189 αὐτῷ
3580 1122 3634 1182 ἐς
3659 1121 3740 1189 τὴν

2191 1201 2290 1269 τῆς
2321 1201 2501 1272 χώρας
2545 1203 2865 1274 διαφθορὰν,
2902 1209 2929 1260 ὁ
2979 1209 3209 1277 στρατὸς
3242 1211 3580 1278 ἀπήλαυνεν,
3611 1212 3739 1263 οὐδέν

2191 1311 2273 1348 τοι
2338 1295 2500 1350 πλέον
2550 1295 3011 1366 διαπραξάμενος.
3061 1300 3119 1352 Ὀ
3169 1303 3269 1368 μὲν
3319 1298 3416 1355 οὖν
3464 1303 3741 1371 Σκενδέρης

2190 1386 2344 1448 οὗτος
2408 1386 2585 1458 ἄκραν
2625 1388 2725 1458 τὴν
2777 1392 2832 1451 ἐς
2865 1391 2967 1464 ,τὸν
3017 1391 3198 1446 Ἰόνιον
3250 1395 3382 1464 περὶ⁸
3437 1393 3740 1464 Ἐπίδαμνον

2190 1477 2476 1548 ᾠκοδόμει.
2516 1481 2862 1550 Χερρόνησος
2903 1481 2947 1535 δ’
2992 1485 3128 1551 ἐστὶ,
3158 1487 3254 1538 καὶ
3311 1488 3513 1554 ἱσθμδς
3561 1487 3738 1558 βραχὺς

2192 1570 2336 1639 ἀμφὶ
2375 1571 2501 1640 τρία
2551 1572 2776 1625 στάδιαο
2831 1573 3020 1627 τοῦτον
3081 1577 3341 1648 τειχίσας,
3396 1579 3652 1649 ἐσῴκιζεν
3696 1583 3738 1642 ἐς

2191 1662 2288 1730 τὴν
2317 1660 2502 1730 χώραν
2533 1662 2738 1733 ταύτην
2791 1666 2890 1717 οὐκ
2937 1666 3153 1734 ὀλίγους
3195 1670 3302 1722 τῶν
3346 1669 3636 1733 Ἀλϐανῶν,
3665 1671 3739 1723 καὶ

2189 1751 2454 1820 ἐκράτυνε
2486 1752 2585 1823 τὴν
2609 1755 2762 1808 πόλιν
2790 1756 2867 1818 ὡς
2897 1759 2960 1809 ἄν
2995 1776 3046 1809 τι
3073 1760 3337 1829 νεώτερον
3363 1761 3736 1830 καταλαμϐάνῃ

2188 1843 2348 1896 αὑτὸν
2372 1843 2480 1896 ἀπὸ
2509 1845 2614 1896 τῶν
2645 1844 2909 1913 βασιλέως
2939 1851 3189 1918 στρατῶν
3215 1850 3289 1911 ὡς
3319 1850 3520 1916 ἐπιὼν,
3553 1851 3734 1918 mitto?-

2191 1937 2338 1988 κοῖτο
2389 1937 2448 1987 ἐν
2496 1934 2670 2006 ταύτῃ
2719 1939 2788 2006 τῇ
2843 1940 3030 2010 χώρᾳ·
3067 1941 3289 1994 ἐπειδὰν
3320 1941 3378 1995 δὲ
3413 1945 3492 2012 μὴ
3521 1943 3733 2010 ἀντέχειν

2187 2020 2298 2086 οἷός
2353 2027 2402 2079 τ’
2455 2021 2513 2097 ᾖ,
2544 2027 2920 2098 ἐμϐησόμενος
2969 2031 3016 2062 ⁷⁸
3060 2034 3117 2098 ἐς
3171 2034 3267 2105 τὴν
3329 2034 3630 2100 θάλασσαν,
3658 2035 3731 2086 καὶ

2187 2115 2700 2188 ἀποπλευσούμενος
2785 2121 2847 2190 δὴ
2877 2125 3212 2194 προχωροίη.
3248 2125 3306 2179 Ὀ
3344 2126 3449 2195 μὲν
3477 2124 3570 2180 οὖν
3604 2144 3732 2194 στραο

2188 2207 2277 2270 τδς
2311 2209 2644 2281 ἀφικόμενος
2690 2215 2750 2276 ἐς
2774 2213 2868 2265 τὸν
2912 2214 3090 2285 χῶρον
3132 2214 3346 2277 τοῦτον,
3381 2220 3481 2271 καὶ
3513 2218 3729 2286 πειρασό-
3797 2217 3808 2228 “

2191 2317 2374 2368 μενος,
2427 2301 2502 2365 ὡς
2550 2302 2703 2356 οὐδὲν
2759 2305 2913 2380 σφίσι
2973 2307 3279 2376 προεχώρει
3326 2309 3361 2378 ἠ
3420 2309 3519 2376 τῆς
3563 2311 3731 2368 πόλεως

2187 2393 2423 2458 αἵρεσις,
2453 2394 2771 2464 ἀπήλαυνεν
2817 2398 2908 2449 ἐπ’
2939 2397 3114 2453 οἷκον.
3151 2397 3261 2452 Καὶ
3313 2400 3397 2468 τῷ
3436 2401 3546 2453 ἔτει
3589 2399 3730 2468 τούτῳ

2194 2480 2349 2532 οὐδέν
2417 2498 2501 2534 τοι
2555 2483 2716 2536 πλέον
2775 2485 2991 2550 ἐγένετο
3053 2485 3280 2555 βασιλέα
3355 2490 3646 2558 Μεχμέτην
3692 2489 3732 2548 ἐς

2195 2569 2549 2637 ἐκστρατείαν
2579 2571 2762 2643 φέρον.

523 2665 810 2726 Exercitus
851 2665 1014 2732 igitur
1046 2665 1188 2732 regis
1228 2677 1352 2718 cum
1412 2662 1738 2718 accessisset
1797 2660 1864 2714 ad
1919 2661 2078 2716 istaut
2121 2665 2426 2734 regionem,
2511 2683 2613 2723 nec
2680 2669 2870 2724 urbem
2925 2686 3089 2742 quam
3145 2678 3525 2745 oppugnabat.
3575 2689 3728 2745 capere

523 2773 731 2834 posset,
759 2763 978 2818 domum
1006 2773 1258 2815 reversus
1280 2766 1388 2814 est.

593 2857 704 2912 Isto
743 2869 886 2910 anno
919 2852 1111 2924 quoin
1182 2849 1436 2906 militiam
1468 2847 1747 2920 profectus
1783 2855 1902 2904 erat
1959 2861 2088 2904 con-

518 2962 602 3006 tra
631 2948 962 3004 Sccnderem
996 2943 1341 3010 Meclunetes,
1373 2940 1510 2996 nihil
1563 2941 1711 2995 aliud
1747 2950 1924 2998 actum
1983 2950 2086 2995 est.

2267 2849 2374 2902 Τοῦ
2408 2849 2451 2901 δ’
2480 2851 2875 2920 ἐπιγενομένου
2919 2851 3108 2921 θέρους
3160 2855 3476 2926 ἐπεπόμφει
3529 2855 3623 2925 μὲν
3661 2853 3728 2908 καὶ

2198 2939 2306 2996 τῶν
2335 2940 2514 3009 θυρῶν
2545 2941 2710 2994 αύτοῦ
2755 2943 2956 3011 ἄνδρας
2991 2942 3309 3007 ἐπιλέκτους
3343 2947 3437 2997 ἐπὶ
3474 2945 3599 3007 τοὺς
3626 2945 3727 2997 tino-

519 3044 823 3110 Appetente
858 3045 1041 3090 autem
1074 3042 1282 3116 aestate,
1314 3031 1458 3090 viros
1491 3031 1557 3084 de
1579 3029 1766 3104 januis
1813 3029 1929 3089 suis
1977 3030 2088 3100 pri-

2195 3032 2370 3094 τελεῖς
2414 3031 2581 3087 αὐτοῦ
2616 3033 2888 3102 ἡγεμόνας
2935 3051 2995 3086 τε
3025 3036 3120 3088 καὶ
3168 3035 3437 3104 βασιλεῖς,
3471 3034 3725 3092 ἐπικαλού-

520 3133 725 3190 marios
756 3129 905 3188 misit
932 3127 998 3182 ad
1029 3113 1303 3194 principes
1331 3133 1387 3176 et
1411 3137 1567 3191 reges
1593 3120 1938 3183 tributarias.
1958 3135 2094 3189 quos

521 3222 782 3279 evocabat
844 3218 912 3274 ad
968 3216 1260 3273 liberorum
1315 3227 1542 3282 suorum
1592 3213 2091 3276 circumcisionem,

524 3327 684 3384 quam
716 3307 1094 3386 purgationem
1129 3310 1348 3365 vocant.
1387 3302 1688 3360 Accersivit
1719 3312 1773 3358 et
1797 3303 1942 3368 regni
2007 3302 2092 3359 sui

526 3404 820 3474 principes,
858 3398 1074 3455 urbium
1131 3398 1440 3468 praefectos,
1478 3403 1724 3464 satrapas
1792 3395 2088 3466 ducesque,

524 3505 579 3550 et
611 3494 808 3548 milites
839 3497 1102 3559 qumquot
1139 3488 1392 3553 mercede
1429 3485 1687 3540 conducti
1724 3501 1888 3555 penes
1947 3488 2091 3542 hunc

525 3597 705 3651 regem
736 3577 1006 3649 stipendia
1041 3576 1329 3656 faciebant.
1384 3572 1519 3630 Cum
1580 3573 1646 3626 ad
1710 3588 1834 3628 eum
1900 3588 2092 3628 conve-

524 3676 733 3728 nissent
760 3670 1035 3725 exercitus
1079 3667 1515 3735 Adrianopolim,
1573 3665 2084 3732 eircumcisionem,

523 3779 685 3836 quam
723 3762 823 3832 ipsi
858 3760 1236 3830 purgationem
1277 3769 1491 3826 putant,
1526 3743 1836 3812 liberorum
1859 3771 2086 3811 suorum

521 3857 837 3928 peragebat.
880 3854 1101 3909 Munera
1128 3851 1378 3920 capiebat
1436 3849 1722 3920 magnifica
1789 3849 1856 3903 ab
1917 3848 2088 3918 magi-

522 3951 794 4006 stratibus
823 3955 877 4004 et
899 3944 1154 4015 satrapis.
1183 3945 1498 4004 Conventus
1517 3941 1606 3995 ille
1643 3939 2091 4008 frequentabatur

523 4052 681 4100 extra
711 4041 897 4094 urbem
931 4040 984 4092 in
1020 4051 1214 4102 campo
1244 4033 1396 4104 juxta
1434 4032 1703 4088 insulam:
1761 4045 1955 4084 omnes
1989 4031 2090 4082 sub

522 4133 645 4186 divo
677 4129 932 4198 agebant,
969 4134 1165 4193 praeter
1201 4138 1377 4192 regem
1414 4130 1469 4176 et
1529 4121 1819 4190 principes.
1882 4118 2091 4189 Nuptiae

524 4225 608 4277 ha:
639 4220 740 4290 (sic
768 4224 912 4274 enim
965 4214 1244 4284 appellant
1274 4199 1276 4202 ’
1313 4226 1531 4281 quoque
1591 4211 2088 4278 circumeisionem)

522 4316 824 4372 creduntur
872 4309 1005 4378 ipsis
1061 4307 1280 4376 Optima:
1332 4320 1520 4358 eorum
1581 4303 1824 4357 omnium
1855 4317 1973 4371 quae
2023 4303 2088 4356 ad

2199 3140 2360 3192 μενος
2405 3125 2462 3186 ἐς
2496 3123 2595 3191 τὴν
2636 3125 2743 3178 τῶν
2794 3124 3001 3183 παίδων
3041 3128 3209 3181 αὑτοῦ
3258 3129 3566 3198 κάθαρσιν·
3600 3143 3726 3196 μετε-

2197 3215 2446 3284 πέμπετο
2475 3213 2530 3268 δὲ
2561 3217 2654 3269 καὶ
2682 3218 2807 3280 τοὺς
2832 3217 2928 3286 τῆς
2957 3219 3133 3288 ἀρχῆς
3161 3219 3329 3274 αὑτοῦ
3357 3224 3620 3294 ἄρχοντας
3641 3217 3724 3270 τῶν

2197 3306 2402 3359 πόλεων
2431 3309 2524 3361 καὶ
2556 3308 2854 3378 ὑπάρχους,
2889 3312 2981 3365 καὶ
3024 3311 3148 3375 τούς
3178 3331 3233 3366 τε
3266 3319 3624 3384 στρατηγοὺς,
3653 3311 3724 3364 καὶ

2195 3397 2549 3466 στρατιώτας,
2589 3399 2705 3452 ὅσοι
2738 3401 2829 3452 ἐπὶ
2879 3400 3057 3471 μισθῷ
3094 3405 3490 3473 στρατεύονται
3521 3397 3726 3473 ἆμα“τῷ

2195 3485 2422 3555 βασιλεῖ.
2488 3488 2577 3550 Ὠς
2616 3489 2672 3542 δέ
2722 3489 2902 3558 παρῆν
2953 3492 3103 3559 αὐτῷ
3153 3494 3220 3544 τὰ
3268 3493 3648 3562 στρατεύματα
3685 3489 3726 3547 ἐς

2206 3576 2662 3646 Ἀδριανούπολιν,
2689 3579 2789 3648 τήν
2815 3596 2875 3632 τε
2911 3582 3238 3652 περιτομὴν,
3271 3585 3339 3652 ἦν
3361 3585 3426 3650 δὴ
3473 3581 3719 3649 νομίζουσι

2193 3669 2482 3744 κάθαρσιν,
2530 3671 2768 3723 ἐποιεῖτο
2820 3671 2928 3723 τῶν
2974 3673 3181 3726 παίδων
3237 3675 3430 3739 αὐτοῦ,
3478 3675 3568 3728 καὶ
3604 3671 3723 3738 δῶρα

2193 3763 2422 3832 προσῄει
2451 3761 2600 3830 αὐτῷ
2631 3763 2842 3829 μεγάλα
2875 3762 2980 3815 ὑπό
3001 3780 3058 3814 τε
3085 3763 3196 3817 τῶν
3223 3767 3502 3835 άρχάντων
3531 3758 3723 3817 καὶτῶν

2193 3851 2498 3921 ἡγεμόνων.
2543 3851 2601 3904 Ὀ
2633 3853 2820 3922 μέντοι
2866 3853 3124 3923 σύλλογος
3159 3858 3408 3924 ἐγεγόνει
3461 3855 3608 3916 ἐκτὸς
3648 3851 3722 3916 τῆς

2192 3943 2397 4005 πόλεως
2441 3944 2498 3994 ὲν
2531 3943 2609 4012 τῷ
2655 3945 2818 4012 πεδίῳ
2859 3947 3000 4001 κατὰ
3048 3946 3146 4017 τὴν
3203 3949 3390 4010 νῆσον.
3437 3945 3724 4014 ’Υπαίθριον

2189 4031 2247 4084 δὲ
2272 4032 2542 4084 διετέλουν
2573 4034 2713 4104 πλὴν
2745 4035 3011 4104 βασιλέως
3041 4055 3099 4090 τε
3125 4041 3219 4091 καὶ
3255 4043 3559 4109 ἡγεμόνων.
3599 4037 3652 4089 ’0
3679 4030 3721 4084 δὲ

2191 4121 2369 4189 γάμος
2421 4117 2571 4188 οὗτος
2614 4125 2895 4194 νομίζεται
2952 4127 3052 4195 μὲν
3084 4131 3379 4199 κράτιστος
3405 4132 3514 4184 τῶν
3559 4131 3610 4194 ἐς
3651 4125 3721 4176 τδν

2193 4209 2304 4278 βίον
2333 4211 2480 4278 σφίσι
2517 4216 2902 4283 περιοικόντων
2935 4218 3000 4272 ’⁷.
3038 4219 3148 4272 Καὶ
3178 4222 3402 4275 παιδιὰν
3437 4217 3721 4274 καθιστᾶσιν

2192 4302 2248 4351 ἐν
2277 4301 2449 4371 τούτῳ
2481 4305 2623 4356 κατὰ
2653 4304 2885 4376 δύναμιν
2918 4309 3170 4371 ἕκαστος.
3209 4311 3550 4365 Καθίσταντο
3576 4307 3626 4360 δὲ
3651 4303 3720 4356 καὶ

521 4412 686 4464 vitam
730 4403 1017 4476 pertinent.
1059 4396 1301 4467 Quilibet
1362 4395 1644 4450 contendit
1678 4395 1730 4447 in
1767 4393 1833 4447 iis
1887 4393 2087 4461 nuptiis

2191 4394 2248 4456 ἐς
2285 4394 2383 4462 τὴν
2407 4395 2514 4448 τῶν
2541 4394 2803 4462 βασιλέως
2839 4399 3038 4452 παίδων
3085 4405 3390 4474 περιτομὴν
3438 4393 3529 4456 καὶ
3573 4399 3721 4466 γάμον

522 4496 743 4566 aliquod
805 4504 1113 4564 proponere
1173 4487 1465 4540 ludicrum.
1501 4483 1614 4536 Nec
1650 4497 1819 4549 pauca
1882 4481 2086 4535 ludicra

520 4606 575 4644 in
615 4583 1036 4648 circumcisione
1066 4579 1339 4648 regiorum
1376 4575 1672 4630 liberorum
1727 4573 2085 4640 exhibentur:

522 4679 621 4732 viri
661 4676 851 4740 erecti,
915 4673 1235 4739 insistentes
1292 4667 1468 4737 equis,
1504 4665 1650 4719 nulla
1707 4673 1932 4719 externa
1987 4676 2087 4732 0pc

521 4788 580 4827 se
615 4776 884 4830 tenentes,
950 4770 1172 4819 manent
1233 4759 1468 4822 immoti,
1533 4758 1691 4827 equis
1751 4757 1804 4809 in
1864 4769 2085 4810 cursum

521 4859 729 4914 effusis.
769 4857 971 4910 Omitto
1017 4865 1478 4911 commemorares
1509 4844 1898 4901 funambulos:
1962 4859 2084 4898 nam

521 4955 575 5004 in
609 4950 707 5002 ista
736 4959 852 5001 arte
903 4945 1064 5000 Turci
1099 4943 1339 5012 reliquos
1399 4939 1658 4994 mortales
1715 4937 1870 5007 longe
1925 4951 2088 5005 supe-

519 5047 663 5098 rant.
731 5036 1006 5102 saltantes
1052 5033 1252 5094 etenim
1306 5030 1563 5084 incedunt
1625 5043 1718 5098 per
1747 5025 1906 5081 funes
1963 5040 2085 5080 sus-

522 5142 744 5197 penses,
775 5134 830 5180 et
858 5138 953 5193 per
1007 5138 1100 5178 eos
1160 5137 1380 5177 currere
1429 5128 1656 5189 possunt
1689 5132 1850 5186 quam
1885 5115 2086 5172 citissi«

520 5236 630 5278 me.
695 5218 984 5272 lunumera
1043 5214 1292 5282 quaedam
1346 5213 1450 5267 alia
1510 5209 1875 5265 admiratione
1925 5210 2086 5278 digna

520 5309 748 5372 faciunt,
782 5315 978 5361 euntes
1002 5316 1165 5369 super
1227 5301 1310 5356 his
1361 5316 1458 5369 per
1485 5299 1694 5368 gladius
1729 5296 1972 5361 strictos,
2033 5307 2085 5351 et

517 5399 838 5460 redeuntes.
871 5394 996 5451 Ilaec
1031 5392 1156 5464 quis
1191 5391 1436 5460 quotidie
1470 5397 1661 5443 cernat
1689 5388 1740 5439 iu
1779 5385 1897 5441 foro
1938 5387 2082 5457 quod

515 5490 789 5547 Tactalein
826 5491 1127 5554 nominant,
1157 5486 1245 5540 ubi
1276 5494 1329 5538 et
1363 5483 1667 5538 funauibuli
1724 5483 1932 5537 ludicra
1988 5496 2085 5540 sua

2191 4484 2363 4550 τόνδε,
2414 4486 2664 4540 παιδιάν·
2718 4487 2855 4541 ἄλλα
2908 4507 2967 4541 τε
3014 4491 3113 4543 οὐκ
3175 4494 3355 4562 ὀλίγα,
3393 4495 3487 4546 καὶ
3542 4490 3600 4560 δὴ
3645 4482 3719 4539 καὶ

2192 4575 2378 4644 ἄνδρες
2410 4575 2560 4647 ὀρθοὶ
2602 4578 2694 4630 ἐπὶ
2740 4579 2922 4632 ἵππων
2974 4584 3076 4638 ἀνά
3111 4587 3313 4652 κράτος
3352 4587 3650 4641 ἐλαύνοντες
3674 4580 3720 4635 ές

2192 4666 2282 4717 τὸν
2311 4667 2508 4736 δρόμον
2563 4671 2685 4731 τοὺς
2737 4671 2967 4737 ἵππους,
3001 4676 3095 4726 καὶ
3124 4676 3377 4744 οὐδαμῶς
3418 4672 3718 4742 ἐπισχόντες,

2193 4751 2410 4805 ἐπειδὰν
2439 4753 2649 4807 θέωσιν.
2696 4756 2902 4810 Ἐκεῖνο
2933 4763 3033 4827 μὲν
3081 4780 3164 4815 τοι
3209 4769 3445 4836 παρήσω
3469 4764 3570 4818 τῶν
3599 4771 3718 4825 σχοι·

2193 4842 2454 4909 νοῦατῶν,
2481 4845 2553 4907 ὡς
2588 4847 2725 4916 ὑπὲρ
2753 4852 2822 4902 τὰ
2855 4851 2987 4904 ἄλλα
3021 4855 3149 4925 γένη
3185 4857 3420 4928 Τοῧρκοι
3447 4852 3599 4908 δεινοί
3627 4849 3716 4900 εισι

2185 4932 2280 5002 τὴν
2315 4935 2508 5005 τέχνην
2539 4939 2759 5010 ταύτην,
2793 4941 2933 4995 ὥστε
2965 4946 3059 4998 καὶ
3087 4949 3491 5018 πεπεδημένους
3523 4937 3718 5009 πορεύε·

2189 5024 2314 5077 σθαι
2343 5027 2434 5078 ἐπὶ
2462 5027 2569 5079 τῶν
2601 5031 2871 5098 σχοινίων,
2903 5035 2995 5086 καὶ
3024 5038 3149 5100 τοὺς
3178 5028 3713 5109 ὀφθαλμοὺς,ύποθεῖν

2188 5116 2283 5168 ἐπὶ
2321 5116 2528 5170 τούτων
2566 5120 2639 5181 ὡς
2692 5121 2757 5173 ἂν
2814 5123 3078 5178 δύνωνται
3129 5129 3474 5198 ἰσχυρότατα,
3506 5125 3589 5178 καὶ
3634 5115 3711 5171 ἐπὶ

2190 5205 2393 5259 τούτων
2451 5209 2620 5280 μυρία
2682 5213 3083 5282 ἐργαζομένους
3133 5217 3410 5290 θαύματος
3463 5217 3597 5280 ἄξιαι
3634 5202 3709 5259 ἐπὶ

2192 5297 2361 5365 ξιφῶν
2417 5300 2652 5364 διιόντας
2708 5323 2767 5356 τε
2825 5310 2920 5359 καὶ
2976 5309 3497 5383 ὑποςτρεφομένους.
3549 5299 3706 5359 Ταῦτα

2193 5390 2378 5454 μέντοι
2424 5392 2545 5444 καθ’
2581 5394 2820 5465 ἑκάστην
2869 5399 2922 5461 ἐς
2954 5399 3054 5468 τὴν
3099 5399 3358 5470 Τακταλῆ
3391 5398 3582 5469 ἀγοράν
3621 5403 3704 5441 κα⁸

2191 5484 2459 5554 λουμένην
2489 5487 2586 5540 ἴδοι
2615 5490 2679 5543 ἄν
2707 5509 2786 5556 τις
2813 5495 3134 5566 γιγνόμενα,
3163 5499 3257 5551 καὶ
3298 5501 3420 5559 τοὺς
3460 5477 3698 5562 σγοινοσάο

1796 5578 2044 5638 Notnlee
2076 5580 2474 5658 marginales.

589 5693 634 5724 ⁷⁸
671 5693 1162 5762 ἐσόησὸμενος.8ἱο
1183 5691 1342 5747 etiam
1371 5689 1431 5741 R.
1509 5689 1551 5720 ⁷⁷
1589 5685 1995 5758 προσηκόντων.
2034 5683 2088 5739 In

2217 5703 2438 5757 περιηκ.
2475 5692 2524 5742 in
2555 5691 2630 5743 al.
2656 5699 2711 5742 ut
2744 5709 2788 5743 c.
