3984 6428
319 436 434 502 433

1368 453 1467 516 DE
1500 455 1759 517 REBUS‘
1782 453 2143 517 TURCICIS
2179 457 2323 522 LIB.
2359 462 2523 522 VIII.

3488 463 3593 524 434

326 557 593 646 τέτακται
647 557 704 617 ἐς
751 558 852 620 τὰς
907 563 1207 632 προσόδους
1252 566 1363 620 τῶν
1389 587 1465 623 ,τε
1497 572 1778 643 ἀρχόντων
1807 572 1907 626 καὶ

2038 571 2176 637 ginta
2206 577 2483 646 myriades
2537 592 2856 635 aureorum.
2912 576 3034 634 iiuc
3095 581 3307 634 aCCt'tlil
3362 556 3592 645 reditus.

331 646 434 739 τοῦ
465 645 751 739 βασιλέως.
785 650 945 721 Παρὰ
981 654 1037 707 δὲ
1071 657 1164 708 τδν
1192 658 1363 729 φόρον
1398 662 1599 731 δασμοί
1632 666 1773 717 είσιν
1801 664 1906 717 άνά

2038 679 2170 729 luem
2208 645 2462 735 inquilini
2494 670 2740 733 soluunt,
2768 669 2862 739 qui
2903 667 3193 725 admodum
3225 686 3455 739 magnus
3488 682 3595 735 est,

336 736 444 806 τὴν
494 738 764 808 Εὐρώπην
809 759 870 795 τε
923 746 1020 799 καὶ
1088 749 1297 803 Ἀσίαν·
1335 752 1776 825 ἀποτεταγμένοι
1830 756 1907 827 τῷ

345 829 559 899 βασιλεῖ
596 831 696 885 οὑκ
724 832 898 901 ὀλίγοι
933 837 1044 893 ἀπό
1086 856 1146 892 τε
1194 841 1303 895 τῶν
1335 844 1567 909 ίππὲων,
1601 848 1696 902 καὶ
1728 848 1909 917 καμή-

341 920 472 988 λων,
525 923 623 977 καὶ
682 925 952 994 ἡμιόνων,
1016 930 1111 983 καὶ
1174 932 1335 1002 βοῶν.
1391 937 1501 990 Καὶ
1557 937 1706 991 ἔστιν
1770 938 1912 1010 αὕτη

339 1014 609 1082 πρόσοδος
636 1017 782 1086 ἀμφὶ
830 1020 931 1083 τάς
968 1023 1265 1093 τριάκοντα
1300 1029 1590 1098 μυριάδας.
1631 1031 1755 1084 ’Err't
1786 1033 1914 1083 τού-

252 1162 271 1175 _
337 1120 455 1166 τοις
499 1106 557 1158 δὲ
606 1108 639 1177 η
691 1108 801 1162 τῶν
845 1111 1069 1168 ἐνοίκων
1100 1116 1360 1184 πρόσοδος
1391 1121 1603 1190 μεγάλη
1651 1121 1915 1190 τυγχάνει

336 1192 479 1251 οὖσα
509 1198 585 1265 τῷ
613 1198 824 1267 βασιλεῖ
852 1203 911 1255 ιν
938 1204 1099 1258 πέντε
1130 1208 1224 1261 καὶ
1256 1208 1428 1262 εἴκοσι
1458 1213 1743 1280 μυριάσιν.
1779 1213 1915 1266 ’Δπὸ

338 1287 401 1339 δὲ
435 1288 545 1339 τῶν
577 1287 671 1341 τοῦ
720 1289 986 1359 βασιλέως
1019 1294 1239 1364 φορσῶν
1272 1312 1333 1349 τε
1365 1298 1459 1349 καὶ
1502 1300 1793 1370 καμήλων,
1823 1301 1919 1354 καὶ

340 1378 610 1448 ⁴ἡμιόνων,
644 1381 933 1454 άπανταχῆ
981 1385 1080 1455 τῆς
1113 1386 1301 1457 χώρας
1349 1390 1765 1459 ἐπινεμομένων
1814 1392 1916 1445 αὑ·

340 1472 483 1535 τοῖς,
515 1472 657 1525 ιίσὶν
696 1474 841 1543 ἀμφὶ
885 1476 983 1538 τὰς
1029 1477 1191 1530 πέντε
1222 1479 1512 1549 μυριάδας.
1557 1482 1690 1535 ’Δπό
1719 1499 1778 1535 τε
1820 1484 1919 1552 τῆς

339 1562 459 1616 τῶν
506 1563 680 1618 ἄλλων
725 1566 1026 1636 προσόδιον,
1062 1569 1278 1638 προσίοι
1330 1569 1397 1624 ἂν
1441 1571 1591 1643 αύτῷ
1641 1575 1698 1636 ις
1746 1576 1920 1629 εῐκοσι

345 1656 641 1724 μυριάδας.
665 1659 772 1712 Καὶ
796 1659 904 1713 ἀπὸ
925 1660 1033 1713 τῶν
1060 1660 1366 1730 ἐμπορίων,
1393 1665 1489 1718 καὶ
1513 1665 1608 1718 τοῦ
1646 1668 1917 1736 πορθμοῦ,

340 1745 446 1797 καὶ
502 1745 799 1813 μετάλλων,
846 1749 942 1803 καὶ
988 1749 1216 1820 ὀρύζης,
1250 1755 1345 1805 καὶ
1398 1754 1625 1824 χαλκοῦ,
1652 1757 1746 1810 καὶ
1794 1775 1920 1811 στυ·

347 1838 623 1907 πτηριῶν,
652 1839 748 1891 καὶ
793 1842 1191 1911 πενταμοιρίας
1239 1842 1349 1895 τῶν
1400 1846 1774 1915 ἀνδραπόδων,
1828 1866 1923 1917 με·

343 1929 516 1995 γίστη
541 1928 607 1982 ἂν
651 1928 1026 1997 λογιζομένοις
1068 1924 1439 2006 εὑρίσκοιτοή
1467 1938 1750 2006 πρόσοδος.
1784 1939 1921 1992 Ἀπὸ

348 2022 539 2089 μέντοι
593 2021 690 2074 τοῦ
744 2022 992 2091 πορθμοῦ
1045 2026 1139 2078 καὶ
1196 2025 1304 2079 ἀπὸ
1358 2027 1538 2097 Φάρου
1571 2028 1618 2062 ⁸⁸
1646 2032 1703 2094 ἐς
1749 2031 1924 2084 εἴκοσι

348 2113 625 2182 μυριάδας
675 2114 914 2183 εὑρίσκω
964 2116 1501 2187 ἀναπυνθανόμενος.
1552 2121 1675 2175 Τῶν
1720 2122 1779 2175 δι
1827 2138 1925 2193 με·

346 2202 559 2256 τάλλων
605 2204 705 2257 οὐκ
759 2205 911 2276 ὀλίγη
974 2207 1125 2278 αύτῷ
1177 2209 1481 2278 ἐπιγίνεται
1541 2212 1834 2283 πρόσοδος,
1867 2215 1926 2278 ἐς

353 2294 493 2348 δόκα
517 2295 811 2366 μυριάδας.
849 2296 985 2351 Ἀπὸ
1015 2297 1072 2352 δὲ
1103 2298 1311 2371 ὀρύζης
1341 2303 1437 2356 καὶ
1470 2303 1581 2357 τῶν
1611 2304 1789 2360 ἄλλων
1817 2307 1928 2360 τῶν

354 2388 417 2449 ἐς
450 2387 546 2448 τὰς
576 2386 749 2457 θύρας
794 2388 1149 2458 τεταγμένων
1190 2392 1474 2461 προσόδων
1505 2393 1601 2446 τοῦ
1632 2381 1925 2464 βασιλέως,
1976 2402 1983 2409 “

351 2478 423 2540 ἃς
448 2477 513 2547 δὴ
565 2478 746 2532 Χάσια
801 2478 1081 2535 ποιοῦνται
1138 2481 1190 2535 οι
1237 2482 1346 2535 τῶν
1395 2482 1601 2554 θυρῶν,
1637 2487 1696 2550 ὲς
1754 2487 1928 2539 εἴκοσι

355 2569 628 2641 μυριάδας
674 2569 1045 2642 λογιζόμενος,
1079 2572 1182 2639 οὑκ
1238 2573 1668 2645 ἀποτυγχάνοιμ’
1717 2575 1784 2629 ἂν
1834 2576 1929 2628 τοῦ

350 2661 593 2725 εἰκότος.
624 2662 804 2716 Χάσια
864 2664 972 2733 γάρ
1036 2663 1139 2718 άνά
1186 2665 1287 2735 τὴν
1337 2665 1530 2720 Ἀσίαν
1567 2685 1626 2721 τε
1677 2669 1771 2721 καὶ
1824 2669 1929 2721 Εὑ-

355 2755 555 2822 ρὼπην
604 2750 757 2822 αὑτῷ
814 2753 890 2816 ὥς
948 2755 1183 2811 πλεῖστά
1217 2773 1278 2809 τε
1309 2761 1404 2812 καὶ
1452 2758 1675 2828 ἄριστα.
1709 2759 1932 2822 Τούτοις

349 2844 403 2897 δ’
435 2843 658 2897 ἔπεστιν
708 2843 859 2916 αὐτῷ
906 2847 935 2900 ό
983 2847 1095 2903 τῶν
1122 2848 1414 2920 ἡγεμόνων
1443 2864 1504 2903 τε
1543 2850 1639 2906 καὶ
1668 2849 1934 2919 βασιλέων

352 2936 544 3005 φόρος,
577 2936 688 2991 τῶν
747 2953 809 2990 τι
858 2938 1157 3009 ὁμοφύλων
1205 2943 1300 2996 καὶ
1368 2940 1687 3012 ἀλλοφύλων
1750 2941 1935 3012 σφίσιν

353 3024 747 3099 ἑπιγενόμενος
782 3031 841 3095 ἃς
873 3031 1008 3085 δέκα
1036 3032 1330 3102 μυριάδας.
1362 3034 1520 3089 οὕτω
1551 3035 1608 3088 δὲ
1634 3034 1831 3104 γένοιτ’
1867 3034 1936 3088 ἂν

355 3124 395 3189 ἢ
430 3120 689 3190 πρόσοδος
739 3121 817 3193 τῷ
848 3123 1080 3193 βασιλεῖ,
1109 3126 1210 3194 δση
1261 3126 1631 3196 παραγίνεται
1676 3125 1828 3197 αύτῷ
1878 3127 1933 3189 ἐς

2013 765 2069 811 et
2099 756 2292 825 viginti
2323 759 2569 829 quinque
2598 760 2874 831 myriades
2926 762 3333 831 complectitur.
3377 762 3463 816 Ah
3509 778 3598 817 ar-

2015 849 2217 929 mentis
2263 863 2558 917 equarum,
2598 849 2959 914 camelorum,
3022 858 3077 904 et
3124 850 3417 914 mulorum,
3477 865 3599 920 quae

2015 941 2157 1008 regis
2181 949 2336 1007 sunt,
2381 950 2435 996 et
2486 943 2730 1011 undique
2791 956 2890 1011 per
2943 941 3225 1010 regionem
3270 951 3594 1012 pascuntur,

2016 1030 2227 1085 reditus
2252 1031 2486 1092 accedit.
2514 1030 2675 1101 cujus
2717 1045 2931 1086 summa
2978 1039 3062 1086 est
3084 1031 3308 1086 circiter
3360 1032 3602 1102 quinque

2020 1124 2316 1196 myriades.
2337 1126 2379 1179 Α
2399 1126 2631 1197 reliquis
2656 1127 3130 1182 autem—reditibus
3153 1126 3355 1195 accipit
3374 1128 3601 1180 circiter

2018 1218 2210 1284 viginti
2248 1217 2542 1288 myriades.
2581 1216 2723 1284 Quin
2755 1219 2923 1271 etiam
2951 1231 3223 1272 maximus
3255 1218 3478 1272 reditus
3512 1232 3602 1270 ve-
3638 1256 3663 1266 -

2020 1308 2101 1362 nit
2134 1308 2202 1363 ab
2256 1309 2536 1378 emporiis,
2579 1310 2832 1379 trajectu,
2899 1308 3159 1374 metallis,
3220 1323 3409 1378 oryza,
3467 1322 3599 1371 aere,

2023 1398 2290 1459 alumine.
2309 1408 2365 1452 et
2388 1400 2578 1467 quinta
2600 1408 2756 1468 parte
2779 1400 3201 1469 mancipiorum.
3224 1398 3340 1453 Non
3366 1398 3597 1453 dubium

2022 1497 2108 1545 est
2137 1489 2271 1556 quin
2302 1491 2349 1544 is
2374 1489 2646 1547 maximus
2675 1491 2767 1552 sit.
2799 1493 2846 1544 si
2878 1492 3002 1559 quis
3030 1506 3154 1545 eum
3210 1490 3287 1545 'ad
3349 1490 3599 1545 calculos

2027 1587 2269 1635 revocet.
2303 1579 2621 1650 Traiectum
2646 1590 2703 1636 et
2734 1574 2970 1636 Pharum
3002 1581 3226 1636 circiter
3260 1581 3450 1649 viginti
3478 1595 3599 1649 my-
3702 1627 3721 1647 ,

2024 1667 2207 1723 riades
2238 1668 2593 1737 suppeditare
2649 1670 2911 1739 comperi.
2981 1669 3205 1727 Rcditus
3252 1670 3602 1725 metallorum

2024 1759 2115 1828 qui
2149 1774 2250 1814 nec
2272 1760 2386 1828 ipse
2420 1760 2668 1815 modicus
2691 1768 2795 1825 est,
2824 1761 3041 1829 attingit
3070 1762 3255 1816 decem
3307 1759 3602 1831 myriades.

2028 1848 2109 1903 Ab
2137 1863 2299 1920 oryza
2332 1856 2385 1902 et
2408 1849 2636 1918 reliquis
2688 1849 3062 1919 vectigalibus,
3087 1865 3208 1920 quae
3256 1849 3438 1920 ianuae
3466 1848 3611 1902 mili-

2027 1950 2108 1995 tes
2144 1940 2392 2013 exigunt,
2420 1949 2473 1994 et
2501 1940 2557 1995 in
2588 1939 2788 1995 Chasia
2814 1948 3129 2004 secernunt.
3176 1942 3385 1997 reditus
3448 1942 3605 1997 colli:

2026 2029 2195 2099 gitur,
2218 2030 2263 2083 si
2298 2029 2422 2098 quis
2454 2029 2725 2091 rationem
2771 2030 2945 2095 ineat,
2970 2032 3062 2100 qui
3096 2040 3243 2086 tenet
3265 2032 3461 2101 viginti
3493 2047 3609 2103 my—

2026 2120 2208 2175 riades
2245 2136 2259 2173 :
2292 2119 2525 2190 plurima
2558 2119 2702 2174 enim
2729 2119 2929 2176 Cbasia
2959 2128 3013 2175 et
3035 2121 3241 2189 optima
3300 2136 3399 2191 per
3429 2119 3607 2175 Euro-

2027 2224 2150 2278 para
2170 2222 2223 2265 et
2244 2210 2429 2265 Asiam
2459 2209 2753 2266 habentur.
2782 2209 2900 2264 Huc
2926 2210 3140 2267 accedit
3158 2211 3423 2266 tributum
3456 2212 3609 2280 prin-

2030 2302 2213 2371 cipum
2233 2311 2287 2357 et
2305 2316 2517 2373 regum,
2553 2301 2701 2372 quod
2728 2303 2970 2372 pendunt
2993 2308 3103 2357 tam
3136 2302 3409 2379 indigena
3434 2316 3602 2372 quam

2029 2394 2385 2466 aieinigenze;
2416 2393 2467 2449 id
2490 2394 2653 2451 habet
2673 2396 2892 2451 circiter
2914 2393 3418 2466 decemﬁmyriades.
3444 2394 3610 2450 Sum-

2031 2500 2117 2539 ma
2153 2486 2335 2554 itaque
2377 2484 2762 2541 universorum
2793 2485 3091 2550 redituum,
3116 2500 3261 2555 quos
3285 2486 3451 2540 modo
3484 2498 3603 2540 me-

2034 2579 2387 2645 moravimus,
2417 2586 2474 2634 et
2497 2577 2564 2633 ad
2594 2591 2777 2647 regem
2807 2584 2861 2632 et
2886 2577 2954 2631 ad
2973 2576 3157 2642 ianua
3213 2576 3416 2631 milites
3465 2573 3610 2629 reie-

2034 2679 2254 2735 runtur,
2282 2680 2337 2725 et
2359 2669 2425 2725 ad
2455 2669 2574 2739 ejus
2596 2668 2867 2725 Chasuam
2904 2668 3018 2740 (ﬁt)
3052 2668 3135 2723 sic
3198 2667 3428 2734 dictam,
3459 2680 3611 2722 com-

2035 2763 2288 2833 plectitur
2303 2762 2527 2817 circiter
2548 2761 2990 2832 quadringentae
3016 2759 3290 2831 myriades
3319 2772 3609 2814 aureorum

2036 2864 2325 2911 statcrum.
2353 2851 2453 2909 Est
2478 2858 2675 2922 praeter
2718 2860 3005 2906 enarratos
3060 2849 3269 2905 reditus
3318 2856 3376 2904 et
3440 2848 3611 2914 alius,

2037 2959 2200 3013 quem
2229 2943 2411 3000 ferunt
2442 2950 2689 3012 tempore
2741 2941 2933 2996 veris:
2970 2941 3189 3009 quando
3233 2939 3288 2992 in
3358 2938 3609 2992 militiam

2037 3036 2409 3111 proﬁciscitur
2435 3049 2554 3097 rex,
2587 3033 2869 3103 praesides,
2899 3031 3094 3096 duces,
3127 3029 3391 3102 pra-fecti,
3413 3028 3617 3084 solem-

2040 3131 2130 3188 nia
2154 3143 2381 3185 mnnera
2416 3141 2515 3197 pro
2546 3126 2889 3197 singularum
2927 3123 3253 3179 facultatum
3284 3124 3448 3177 modo
3479 3117 3613 3175 ασε-

355 3214 460 3275 τας
518 3211 707 3282 θύρας,
756 3216 850 3267 καὶ
902 3216 960 3278 ἒς
1020 3216 1113 3268 τὸν
1172 3217 1398 3271 Χασνάν
1450 3217 1792 3289 καλούμενον
1847 3217 1933 3271 τοῦ

2045 3230 2234 3277 rentes
2259 3237 2273 3286 ;
2298 3220 2345 3274 is
2373 3218 2584 3273 reditus
2611 3215 2946 3287 expeditioni
2980 3214 3234 3270 inservit.
3260 3212 3371 3272 Nec
3421 3223 3612 3270 tamen

362 3306 651 3375 βασιλέως,
692 3307 969 3375 ἀμφὶοτάς
1017 3310 1377 3378 τετρακοσίας
1411 3308 1681 3380 μυριάδας
1715 3309 1937 3381 χρυσίου

365 3401 673 3468 στατήρων.
706 3399 860 3452 Ἔστι
909 3399 966 3452 δὲ
1020 3403 1176 3472 παρά
1230 3401 1437 3465 ταύτας
1488 3401 1773 3472 πρόσοδος,
1803 3401 1938 3473 άλλη

372 3486 632 3555 βασιλέως
678 3487 788 3542 ἀπὸ
832 3489 942 3543 τῶν
995 3488 1297 3560 ἀρχόντων,
1323 3491 1484 3561 ἔαρος
1535 3490 1938 3562 ἐπιγινομένου,

373 3577 591 3631 ἐπειδάν
638 3579 909 3651 ἱξελαύνῃ
958 3579 1214 3651 βασιλεὺς
1258 3581 1676 3651 στρατηλατῶν,
1722 3582 1828 3636 ὑπό
1883 3599 1941 3635 τε

368 3668 482 3722 τῶν
525 3670 783 3739 ὑπάρχων
836 3687 896 3724 τε
952 3672 1048 3724 καὶ
1103 3671 1453 3742 στρατηγῶν,
1487 3672 1583 3726 καλ¹
1633 3674 1941 3743 ἡγεμόνων,

365 3763 464 3815 καὶ
498 3762 777 3833 ἀρχόντων
804 3762 955 3833 δῶρα
997 3763 1359 3833 νομιζόμενα,
1388 3766 1531 3819 κατὰ
1573 3764 1676 3835 τὴν
1704 3765 1940 3820 ἑκάστου

365 3854 635 3925 πρόσοδον
662 3853 740 3925 τῷ
771 3855 987 3925 βασιλεί
1011 3856 1066 3920 ἒς
1095 3857 1193 3926 τὴν
1222 3857 1495 3923 ἐξέλασιν.
1532 3859 1644 3911 Καὶ
1674 3858 1790 3913 ἔστι
1818 3860 1944 3928 μέν·

362 3963 452 4000 τοι
485 3945 710 4018 τοιαύτη
765 3931 1030 4016 πρόσοδος
1078 3948 1140 4000 οὐ
1190 3949 1526 4018 τεταγμένη.
1563 3948 1701 4003 ἀλλὰ
1751 3966 1945 4021 στοχα-

364 4038 618 4107 ζομένοις
654 4040 712 4100 ὲς
753 4038 927 4092 εἴκοσι
982 4039 1253 4110 μυριάδας
1291 4040 1486 4107 γένοιτ’
1530 4040 1597 4095 ἂν
1639 4042 1786 4110 αὑτῷ
1815 4044 1948 4112 χρή-

368 4124 544 4200 ματα.
580 4131 765 4184 Ταῦτα
823 4132 1012 4201 μέντοι
1061 4135 1119 4196 ἐς
1169 4134 1262 4187 τὸν
1292 4135 1512 4188 Χασνάν
1564 4135 1632 4189 τά
1684 4134 1946 4204 βασιλέως

366 4222 630 4292 χρήματα
678 4223 1070 4291 παραγίνεται,
1101 4223 1198 4292 ἀφ’
1244 4218 1320 4278 ὧν
1366 4224 1658 4295 μισθοῦται
1713 4227 1839 4291 τούς
1886 4245 1947 4282 τε

365 4312 656 4381 νεήλυδας,
694 4315 788 4366 καὶ
816 4313 945 4373 τοὺς
972 4314 1081 4367 τῶν
1110 4313 1296 4383 θυρῶν
1325 4316 1664 4386 Καρίπιδας,
1691 4318 1947 4375 Σιλικτά-

372 4405 552 4476 ριδας,
577 4404 1003 4481 ’ᾼλλοφατζίδας
1028 4424 1088 4461 τε
1112 4411 1208 4460 καὶ
1230 4407 1510 4476 Σπαχίδας
1543 4410 1945 4479 καλουμένους,

367 4493 471 4550 καὶ
505 4497 561 4559 ὲς
588 4495 715 4558 τους
744 4497 990 4560 λοιποὺς,
1026 4496 1142 4550 ὅσοι
1171 4496 1281 4550 τῶν
1316 4497 1500 4566 θυρῶν
1530 4498 1703 4564 ὄντες,
1740 4515 1947 4569 τριμη-

369 4591 524 4642 ναίον
568 4586 911 4658 λαμϐάνουσι
945 4587 1036 4639 τὸν
1076 4588 1286 4658 μισθόν.
1328 4590 1492 4643 Ἀνευ
1534 4588 1591 4642 δὲ
1619 4566 1949 4673 ταύτηςντόῦ
1987 4566 2028 4620 D

373 4677 642 4747 βασιλέως
675 4678 943 4749 προσόδου
994 4681 1045 4732 οι
1089 4679 1193 4732 άνά
1244 4679 1343 4747 τὴν
1385 4680 1559 4749 ἀρχὴν
1605 4679 1841 4751 ὕπαρχοί
1889 4697 1950 4734 τε

370 4769 472 4825 καὶ
497 4769 757 4842 ἄρχοντες
791 4771 884 4824 καὶ
924 4772 1245 4842 στρατηγοὶ,
1283 4772 1379 4850 καλ.
1419 4771 1722 4842 Τιμαράτοι
1754 4773 1950 4825 καλού-

374 4880 555 4931 μενοι,
595 4865 860 4933 μεγίστην
891 4863 1234 4933 ἀποφέρουσι
1281 4861 1381 4934 τὴν
1415 4863 1678 4932 πρόσοδον
1713 4864 1822 4917 ἀπὸ
1852 4864 1949 4933 τῆς

375 4953 647 5026 βασιλέως
684 4953 893 5026 χώρας.
921 4956 1032 5008 Καὶ
1079 4954 1392 5021 λογίζεσθαι
1428 4956 1530 5025 μὲν
1567 4956 1628 5008 ού
1678 4957 1818 5011 πάνυ
1856 4958 1952 5029 ῥᾴ-

2048 3313 2137 3367 bic
2169 3309 2374 3366 reditus
2397 3308 2451 3363 in
2476 3316 2686 3364 certum
2721 3322 3009 3362 numerum
3036 3306 3304 3378 redigitur
3343 3324 3357 3360 :
3422 3321 3615 3361 verum

2049 3403 2094 3457 si
2126 3403 2250 3471 quis
2284 3416 2397 3456 rem
2424 3399 2618 3455 sedulo
2640 3400 2900 3462 excutiat,
2937 3397 3174 3452 inveniet
3197 3399 3360 3453 istum
3386 3398 3616 3454 reditum

2048 3493 2331 3547 continere
2366 3490 2588 3545 circiter
2615 3489 2807 3558 viginti
2844 3487 3142 3557 myriades.
3178 3486 3268 3540 Ha:
3287 3486 3509 3556 quidem
3539 3502 3621 3538 rc-

2049 3583 2133 3654 gis
2157 3583 2401 3653 pecunia:
2429 3586 2849 3649 comportantur
2885 3576 2951 3632 ad
2983 3575 3281 3641 Chasnam,
3315 3591 3387 3634 ex
3418 3566 3621 3646 quibus

2050 3676 2247 3734 deinde
2280 3672 2611 3744 stipendium
2665 3670 2942 3738 accipiunt
2993 3666 3268 3737 peregrini
3322 3676 3376 3720 et
3435 3654 3622 3735 janum

2050 3768 2278 3833 milites,
2307 3764 2613 3836 Caripides,
2635 3761 3010 3825 Silictarides,
3030 3758 3463 3830 Allapbatzides,
3488 3758 3624 3827 Spa-

2053 3857 2264 3924 chides,
2295 3865 2351 3913 et
2383 3855 2583 3925 reliqui
2621 3852 2712 3923 qui
2747 3853 2815 3906 ad
2847 3852 3048 3921 januas
3084 3849 3382 3919 pertinent,
3436 3859 3489 3903 ct
3525 3850 3625 3902 tri-

2052 3959 2256 4006 mestre
2285 3946 2618 4018 stipendium
2660 3943 2960 4013 accipiunt.
2991 3941 3256 4011 Superest
3277 3948 3333 3994 et
3364 3939 3508 4001 alius
3537 3955 3625 3993 rc-

2054 4042 2221 4106 ditus,
2260 4053 2420 4110 quem
2474 4035 2811 4091 uberrimum
2867 4034 3091 4103 capiunt
3153 4046 3250 4102 per
3299 4018 3621 4086 universum

2056 4147 2281 4202 regnum
2316 4129 2612 4200 principes,
2644 4135 2700 4182 et
2737 4120 2929 4190 duces,
2954 4135 3009 4182 et
3031 4125 3085 4180 bi
3112 4125 3201 4196 qui
3236 4122 3503 4178 Timarati
3526 4138 3625 4176 vo—

2055 4233 2272 4281 cantur.
2307 4219 2469 4294 235
2508 4220 2558 4278 Is
2590 4220 2731 4275 rcdit
2766 4234 2830 4274 ex
2858 4218 3083 4289 regione
3107 4220 3274 4290 regis,
3306 4232 3406 4273 nec
3459 4214 3624 4269 facile

2056 4329 2085 4368 a
2118 4313 2312 4380 quovis
2343 4313 2450 4381 (sic
2469 4309 2614 4364 enim
2646 4308 2857 4378 accepi)
2880 4322 3044 4375 quam
3104 4322 3132 4361 a
3184 4307 3352 4375 regiis
3427 4305 3628 4363 scribis

2059 4405 2361 4475 computari
2385 4410 2580 4473 potest.
2609 4399 2830 4455 Summa
2857 4410 3037 4453 autem
3076 4399 3346 4453 reditunm
3383 4412 3522 4465 quos
3545 4399 3630 4451 vi-

2058 4497 2101 4549 ri
2138 4493 2442 4565 accipiunt,
2483 4489 2685 4560 quibus
2721 4500 2933 4542 nterces
2970 4486 3228 4540 ordinata
3252 4494 3338 4542 est
3380 4487 3449 4540 ab
3490 4487 3630 4552 regis

2059 4586 2304 4658 regione,
2334 4582 2575 4638 excurrit
2612 4594 2783 4649 usque
2810 4578 2875 4631 ad
2923 4576 3290 4643 nnningeutas
3354 4577 3632 4647 myriades

2058 4682 2202 4737 auri.
2239 4677 2337 4732 Hic
2365 4674 2575 4729 reditus
2605 4672 2649 4728 si
2676 4670 2906 4725 addatur
2933 4668 3010 4721 illi
3037 4668 3132 4737 qui
3191 4666 3258 4721 ad
3276 4666 3459 4738 ianum
3491 4667 3634 4720 mili-

2057 4784 2141 4830 tes
2170 4771 2438 4830 defertur,
2467 4766 2841 4820 universorum
2902 4760 3173 4814 rcdituum
3197 4761 3291 4829 qui
3355 4760 3421 4815 ad
3449 4758 3633 4829 ianuae

2062 4865 2267 4922 milites
2294 4868 2350 4916 ct
2378 4857 2444 4912 ad
2480 4854 2758 4927 principes
2793 4850 3059 4907 redeunt.»
3103 4865 3317 4906 summa
3365 4853 3635 4907 excrescit

2059 4970 2232 5027 usque
2257 4951 2325 5008 ad
2358 4949 2628 5022 myriades
2660 4945 2807 5000 mille
2857 4941 3379 5014 chuadringentas
3439 4956 3635 4997 aut-eq-

374 5045 494 5100 διον
553 5045 695 5117 πλὴν
726 5046 835 5100 τῶν
866 5045 960 5099 τοῦ
992 5046 1254 5115 βασιλέως
1288 5048 1751 5118 γραμματιστῶν.
1781 5040 1859 5120 ᾝ
1895 5051 1933 5102 δὲ

2062 5062 2180 5102 rum
2213 5050 2478 5100 staterum
2516 5038 2869 5092 Venetorum.
2905 5031 3119 5087 Tantus
3176 5030 3397 5103 quidem
3424 5029 3635 5086 reditus

376 5134 683 5206 ἐπυθόμην,
717 5136 925 5205 γένοιτο
953 5137 996 5190 δ’
1035 5137 1101 5191 ἀν
1133 5138 1397 5205 σύμπασα
1448 5138 1588 5212 αὕτη
1620 5141 1655 5210 η
1684 5140 1947 5210 πρόσοδος

2059 5139 2125 5193 ad
2158 5150 2337 5206 regem
2367 5139 2426 5186 et
2453 5128 2703 5186 subditos
2723 5126 2844 5196 ejus
2879 5123 3205 5180 refunditur.

372 5223 490 5279 τῶν
513 5227 743 5298 ἀνδρῶν,
769 5228 1113 5309 ὃσοιῖμισθὸν
1160 5229 1529 5300 λαμϐάνουσιν
1575 5205 1711 5285 ,ἀπὸ
1733 5205 1838 5302 τῆς
1868 5231 1963 5285 τοῦ
1991 5229 2256 5303 βασιλέως
2289 5220 2497 5295 χώρανέν
2544 5223 2603 5285 ἐς
2657 5215 2979 5280 δννακοεῖίας
3055 5214 3322 5287 μυριάδας
3387 5205 3634 5309 Χρυσίξδυ·
3726 5260 3732 5266 ~

391 5320 689 5392 Ἐνουμένη
728 5323 784 5376 δὲ
807 5301 947 5393 αὕτη
979 5326 1012 5393 η
1041 5324 1301 5395 πρόσοδος
1336 5327 1402 5395 τῇ
1440 5328 1701 5395 προτέρᾳ,
1728 5301 1849 5396 ἥτις
1876 5327 1935 5392 ἐς
1956 5301 2055 5390 τάς
2095 5322 2356 5394 βασιλέως
2401 5317 2760 5389 παραγίνεται
2811 5311 3005 5382 θύρας.
3044 5310 3243 5380 γένοιτ’
3270 5309 3337 5363 ἂν
3374 5301 3639 5377 σύμ-πάσα
3736 5314 3743 5320 ’

379 5413 417 5480 ἡ
444 5413 538 5482 τῆς
578 5411 841 5481 βασιλέως
910 5414 1091 5485 χώρας
1140 5415 1421 5485 πρόσοδος,
1484 5418 1582 5487 ὅση
1646 5417 1707 5479 ἐς
1791 5417 1916 5480 τοὺς
1955 5417 2219 5487 ἄρχοντας
2247 5408 2413 5465 αὑτοῦ
2462 5408 2796 5476 ἀφικνεῖται,
2828 5405 2922 5483 καὶ
2969 5405 3069 5474 ὅση
3110 5404 3165 5466 ἐς
3203 5401 3304 5465 τὰς
3358 5400 3550 5474 θύρας,
3581 5406 3638 5471 ἐς

380 5506 565 5579 χιλίας
608 5524 667 5561 τε
715 5507 807 5559 καὶ
874 5509 1233 5578 τετρακοσίας
1274 5507 1541 5577 μυριάδας
1592 5508 1828 5577 χρυσίου,
1869 5510 2144 5579 στατῆρας
2207 5506 2314 5558 τῶν
2345 5499 2651 5556 Ούενετῶν.
2685 5498 2831 5570 Αὕτη
2866 5498 2964 5568 μὲν
2998 5493 3282 5568 πρόσοδος,
3309 5496 3410 5551 ὅσα
3462 5513 3525 5566 γε
3581 5500 3640 5556 ἐς

384 5600 537 5672 ἡμᾶς
574 5596 796 5661 ειδέναι,
866 5599 1231 5666 παραγίνεται
1285 5597 1363 5667 τῷ
1422 5597 1807 5668 βασι).εἰ,·καὶ
1852 5604 1966 5665 τοῖς
2004 5602 2269 5671 ὑπηκόοις
2294 5596 2483 5653 αὑτοῦ.

1544 5732 1553 5737 -
1667 5694 1914 5757 Natalis
1947 5693 2348 5774 marginales.

467 5815 577 5881 (6M
609 5813 839 5875 Chasna,
866 5812 979 5868 sive
996 5813 1210 5881 Chasia,
1240 5830 1364 5870 nam
1394 5817 1449 5871 in
1483 5816 1672 5874 Graeco
1703 5821 1895 5876 variat.

466 5932 517 6010 ’3’
563 5929 740 5985 δαδου.
775 5927 839 5983 1η
865 5938 1082 5998 utroque
1117 5930 1250 5987 Cod.
