3984 6436
276 437 406 515 43⁵1

1373 453 1470 512 DE
1510 453 1762 512 REBUS
1801 452 2158 513 TURCICIS
2199 455 2347 516 LIB.
2385 457 2488 516 ΙΧ.

3433 455 3534 518 438

282 573 390 624 καὶ
421 568 792 638 Εὑρὼπης,τὸ
820 571 928 622 ἀπὸ
959 571 1254 634 Θετταλίας
1295 591 1349 625 τε
1379 573 1473 624 καὶ
1509 573 1875 636 Μακεδονίας,

1995 580 2034 626 :t
2093 571 2161 626 ab
2224 572 2414 624 hostili
2492 572 2822 627 incursione
2882 571 3220 625 defenderet.
3281 569 3378 623 llic
3433 574 3554 640 qui-

291 661 402 714 καὶ
430 657 566 729 ἔχων
595 667 685 712 καὶ
713 662 810 724 τὰς
844 662 1035 732 θύρας,
1069 665 1425 734 ἐστρατεύετο
1468 666 1560 717 ἐπὶ
1602 665 1880 717 Πελοπόν-

297 769 496 821 νησον.
545 751 626 812 Ὠς
682 753 739 804 δὲ
797 754 1066 817 εἰσέϐαλε,
1136 757 1230 809 καὶ
1295 758 1444 820 ἐντος
1507 758 1599 809 τοῦ
1666 757 1878 823 Ἰσθμοῦ

306 843 546 910 ἐγένετο,
578 844 900 897 ἀπελαύνων
928 848 1148 910 αὐτίκα,
1184 849 1282 915 τὴν
1328 849 1596 917 Κόρινθον
1628 849 1876 917 ἐπολιόρ-

302 951 416 986 κει.
452 933 684 1002 Περιιὼν
713 936 771 988 δὲ
802 938 1120 1003 ἐπεσκόπει,
1147 940 1222 1000 ὡς
1276 940 1342 992 ἂν
1389 941 1449 992 τὸ
1496 942 1674 1009 τεῖχος
1719 939 1882 992 καθε-

295 1022 413 1075 λὼν
440 1025 773 1094 τηλεϐόλοις,
804 1031 1116 1081 ἐσπεσείται
1166 1032 1224 1091 ἐς
1274 1016 1372 1097 τῆν
1425 1031 1581 1082 πόλιν
1639 1032 1755 1099 ἅμα
1803 1030 1881 1100 τῷ

297 1117 544 1185 στρατῷ.
576 1119 688 1172 Καὶ
714 1120 1040 1188 τηλεϐόλους
1069 1121 1169 1186 μὲν
1199 1122 1365 1174 αὐτοῦ
1401 1121 1675 1174 ποιεῖσθαι
1713 1123 1876 1174 κατέο

295 1209 452 1270 λιπε,
493 1211 589 1263 καὶ
629 1214 720 1263 τὸν
759 1213 932 1280 Ἐᾦον
995 1215 1229 1282 στρατὸν
1283 1217 1726 1284 περικαθήμενον
1784 1217 1882 1286 τὴν

297 1305 463 1358 πόλιν
492 1309 804 1374 πολιορκεῖν
827 1324 840 1337 ·
876 1311 1052 1362 ἐδόκει
1081 1311 1190 1378 γὰρ
1224 1311 1374 1381 αὐτῷ
1406 1313 1530 1374 τοὺς
1557 1310 1883 1380 τηλεϐόλους

296 1397 455 1467 αὐτῷ
485 1399 718 1453 ἐνταῦθα
765 1402 1060 1467 ποιεῖσθαι,
1088 1405 1178 1456 καὶ
1220 1404 1318 1473 τὴν
1348 1404 1507 1455 πόλιν
1556 1405 1674 1472 ἅμα
1717 1404 1885 1457 ἐκπο-

295 1489 764 1558 λιορκηθήσεσθαι
805 1493 986 1563 λιμῷο
1039 1498 1202 1559 αὐτος
1257 1497 1314 1549 δὲ
1364 1495 1514 1558 ἐντὸς
1564 1477 1660 1564 τῆς
1714 1495 1896 1548 Πελο-’

296 1583 574 1650 ποννήσου
612 1584 924 1652 γενόμενος,
961 1585 1048 1638 διὰ
1092 1587 1377 1646 Φλιοῦντος
1437 1589 1755 1658 ἐπορεύετο.
1794 1588 1886 1650 Ἐς

293 1671 359 1723 δὲ
419 1673 516 1741 τὴν
579 1675 842 1742 Κόρινθον
894 1680 942 1732 οί
979 1678 1242 1748 Ἕλληνες
1298 1679 1422 1732 οὔτε
1487 1681 1886 1750 ὲσεκομίσαντο

293 1764 395 1814 τὸν
427 1767 590 1828 σῖτον,
618 1765 700 1818 ὅτι
739 1768 814 1837 μὴ
861 1769 1062 1837 ὀλίγον,
1100 1773 1383 1841 Λουκάνης
1439 1773 1546 1841 γὰρ
1605 1768 1671 1844 ἦν
1717 1773 1887 1842 ἀρμοο

1985 662 2135 725 dem,
2201 662 2664 732 quemadmodum
2723 663 2986 723 iudicavi.
3033 665 3133 716 hoc
3190 663 3390 730 negotii
3450 663 3552 719 sibi

1985 752 2309 824 desumpsit.
2383 753 2522 817 Rex,
2573 765 2798 822 accepto
2823 754 3026 807 Asiano
3065 763 3117 806 et
3135 752 3374 808 Orientis
3401 768 3556 807 exen-

1986 848 2121 906 citu,
2196 861 2409 899 necnon
2492 845 2778 913 Ευιιοιιωο,
2832 859 2989 912 quem
3039 843 3109 898 ab
3165 843 3452 899 Thessalia
3501 856 3556 900 et

1986 937 2299 991 Macedonia
2360 938 2787 1005 conscripserat,
2826 949 2916 1006 _et
2968 935 3258 1006 jannarum
3335 937 3552 1000 robore,

1985 1038 2174 1082 centra
2210 1029 2654 1098 Peloponnesum
2709 1027 2986 1095 profectus
3019 1039 3124 1081 est.
3181 1028 3329 1082 Utin
3397 1026 3543 1080 l‘elo-

1989 1136 2289 1189 ponnesum
2348 1129 2401 1174 et
2444 1119 2588 1171 intra
2644 1118 2914 1173 Isthmum
2962 1120 3234 1189 pervenit,
3285 1119 3555 1174 continuo

1987 1211 2271 1265 obsidione
2373 1210 2735 1264 circumdedit
2812 1209 3154 1264 Corinthum.
3216 1208 3557 1263 Circumieus

1989 1312 2170 1357 autent
2230 1303 2532 1372 Spectabat,
2595 1317 2698 1368 qua
2752 1311 2908 1371 parte
2966 1318 3184 1355 murum
3241 1300 3559 1355 bomhardis

1989 1404 2273 1462 proruerat
2306 1412 2318 1446 :
2357 1402 2415 1447 ut
2450 1409 2514 1446 eo
2576 1391 2832 1459 disiecto,
2868 1391 3030 1446 simul
3063 1400 3195 1460 ;cum
3233 1393 3345 1446 Suis
3377 1393 3430 1445 in
3465 1406 3559 1443 ur-

1991 1485 2114 1539 bem
2153 1485 2482 1553 irrumperet
2528 1500 2624 1554 per
2694 1485 2810 1539 loca
2845 1485 3020 1537 ruinis
3059 1484 3320 1554 patentia.
3357 1481 3420 1536 Et
3440 1485 3562 1552 qui-

1989 1578 2112 1630 dem
2145 1592 2213 1630 eo
2263 1577 2369 1631 loci
2409 1576 2739 1632 bombardas
2803 1575 3035 1630 fundere
3097 1576 3304 1630 omisit.
3362 1575 3558 1628 Verum

1990 1671 2178 1738 jussit,
2241 1681 2297 1723 ut
2349 1670 2630 1724 exercitus
2663 1668 2962 1724 Orientalis
3026 1669 3238 1723 omnia
3277 1676 3432 1736 parte
3474 1681 3566 1720 ur-

1993 1765 2113 1816 bem
2172 1763 2624 1826 circumsederet,
2690 1778 2923 1832 eamque
2957 1762 3176 1816 tandem
3208 1760 3350 1814 fame
3387 1773 3565 1826 expu-

295 1854 441 1955 στῆς
477 1857 505 1908 ὁ
556 1857 1004 1928 Λακεδαιμόνιος,
1044 1861 1283 1924 ἀπόντος
1315 1864 1408 1915 τοῦ
1458 1864 1722 1927 Ἀσάνεω,
1759 1863 1883 1916 οὔτε

1995 1862 2207 1922 gnaret.
2262 1852 2396 1905 Nam
2434 1854 2566 1907 urbe
2618 1868 2680 1906 ea
2723 1863 2992 1921 occupata
3044 1853 3301 1920 sperabat
3345 1865 3404 1902 se
3453 1863 3567 1902 ma-

299 1940 362 1996 ἐς
394 1941 496 2009 τὴν
550 1943 796 2014 φυλακὴν
831 1949 927 2015 τῆς
964 1949 1171 2012 πόλεως
1199 1951 1438 2004 διέθεντο
1491 1953 1712 2020 ἱκανῶς,
1744 1953 1884 2006 ὥστε

295 2030 554 2100 ἀντέχειν
588 2036 680 2086 ἐπὶ
713 2037 905 2105 χρόνον
947 2039 1024 2108 τῷ
1076 2040 1344 2108 βασιλέως
1384 2043 1620 2112 στρατῷ.
1654 2044 1888 2113 ’Ᾱσάνης

303 2123 409 2191 μὲν
433 2119 525 2176 οῦν
550 2126 612 2178 οὑ
643 2129 822 2197 πολλῷ
852 2129 1104 2200 ὕστερον,
1132 2133 1208 2194 ὠς
1241 2135 1573 2188 ἐπυνθάνετο
1603 2136 1702 2204 τὴν
1730 2137 1886 2189 πόλιν

305 2217 716 2286 πολιορκεῖσθαι
749 2224 854 2276 ὑπο
907 2228 1001 2278 τοῦ
1044 2225 1300 2282 Ἀσιανοῦ
1333 2231 1722 2299 στρατοπέδου,
1746 2231 1886 2300 ἔχων

309 2311 438 2376 περὶ
476 2313 636 2364 αὑτὸν
673 2313 876 2383 ἄνδρας
928 2319 1171 2386 ἱκανοὺς,
1221 2320 1545 2390 ὁρμώμενος
1597 2323 1704 2375 ἀπὸ
1734 2323 1887 2374 Ναυ-

309 2401 468 2452 πλίου
509 2402 555 2434 ⁸⁷
587 2404 687 2474 τῆς
735 2406 1014 2466 Οὐενετῶν
1070 2413 1301 2475 πόλεως,
1339 2415 1429 2466 καὶ
1475 2415 1562 2468 διὰ
1605 2415 1886 2486 Θαλάσσης

305 2492 402 2543 ἐπὶ
433 2492 522 2544 τδν
549 2495 847 2566 Κεγχρεῶν
878 2499 1073 2570 λιμένα
1102 2503 1442 2572 ἀφικόμενος
1463 2507 1680 2572 νυκτὸς,
1707 2506 1888 2560 λαθὼν

301 2585 401 2637 τὸν
457 2588 691 2655 στρατὸν
737 2590 832 2642 τοῦ
869 2590 1161 2661 βασιλέως,
1195 2595 1424 2665 ισῆλθεν
1472 2597 1529 2659 ἐς
1574 2597 1674 2668 τὴν
1734 2597 1889 2650 πόλιν

303 2676 476 2741 αὐτός
506 2695 564 2731 τε
591 2682 682 2734 καὶ
713 2682 762 2734 οἱ
793 2683 931 2751 ἀμφ’
959 2685 1143 2749 αὑτὸν,
1178 2687 1273 2740 καί
1323 2705 1445 2741 τινα
1479 2687 1692 2759 βραχὺν
1743 2691 1889 2742 σῖτον

304 2768 748 2837 εἰσεκομίσαντο.
797 2771 1068 2838 Βασιλεὺς
1116 2778 1214 2845 μὲν
1247 2773 1338 2831 οῦν
1372 2781 1430 2842 ἐς
1455 2779 1723 2833 ⁶ιιλιοῦντα
1761 2781 1890 2849 ἀφι-

300 2857 561 2927 κόμενος,
579 2859 794 2930 Ταρσόν
822 2882 880 2918 τε
914 2867 1013 2934 τὴν
1041 2866 1303 2937 πολίχνην
1333 2870 1668 2940 ἐπολιόρκει.
1699 2870 1888 2941 Λοξίης

302 2949 365 3003 δὲ
417 2954 444 3005 6
487 2953 588 3022 τῆς
635 2954 924 3018 Φλιοῦντος
961 2958 1074 3010 τῶν
1107 2959 1382 3013 ’Δλϐανῶν
1425 2962 1733 3031 προεστὼς,
1765 2961 1890 3024 τούς

301 3059 367 3095 τε
424 3043 517 3096 ὑπ’
552 3045 699 3116 αὐτῷ
750 3047 928 3114 ὄντας,
961 3052 1056 3102 καὶ
1091 3053 1217 3115 τοὺς
1247 3054 1346 3121 τῆς
1373 3053 1660 3116 Φλιοῦντος
1689 3052 1890 3122 ἄνδρας

304 3139 765 3207 είσενεγκάμενος
805 3141 861 3204 ἒς
905 3159 959 3194 τι
1014 3146 1250 3218 ἐρυμνὸν
1285 3146 1342 3206 ἐς
1388 3147 1457 3198 τὰ
1514 3146 1749 3214 μάλιστα
1779 3163 1888 3215 χω-

1991 1947 2197 1998 ximum
2261 1945 2581 1998 bellicarum
2643 1944 3026 1998 machinarum
3098 1958 3197 1996 seu
3235 1940 3570 1996 bombarda-

1990 2050 2110 2087 rum
2169 2043 2490 2104 apparatum
2555 2033 2993 2102 acquisiturum.
3061 2031 3180 2102 Ipse
3240 2047 3362 2086 cum
3419 2031 3565 2084 intra

1987 2127 2427 2196 Peloponnesum
2487 2134 2842 2186 accessmset,
2911 2133 3060 2179 recta
3094 2138 3188 2192 per
3243 2122 3564 2176 Pbliuntem

1989 2221 2092 2273 iter
2147 2217 2408 2272 faciebat.
2462 2216 2641 2270 Graeci
2701 2223 2886 2270 autem
2935 2229 3004 2267 ne
3040 2214 3123 2268 vel
3155 2213 3426 2267 tantillum
3453 2211 3569 2266 fru-

1989 2311 2157 2365 menti
2209 2310 2530 2365 Corinthum
2596 2314 3012 2376 congesserant.
3061 2303 3199 2360 Nam
3277 2303 3562 2364 Lucanes,

1990 2402 2276 2472 praefectus
2340 2400 2667 2470 Spartanus,
2753 2399 2979 2454 absente
3057 2399 3236 2452 Asane
3305 2411 3426 2450 eam
3485 2410 3568 2450 re-

1989 2495 2170 2563 gebat.
2237 2493 2499 2547 l’raeterea
2563 2507 2665 2545 nec
2717 2492 2908 2544 urbem
2965 2491 3102 2544 satis
3164 2487 3441 2558 praesidiis
3500 2497 3554 2541 et

1989 2584 2421 2654 propugnaculis
2489 2584 2824 2646 munierant,
2863 2592 2922 2636 ut
2973 2583 3058 2636 vel
3117 2581 3270 2636 brevi
3325 2589 3571 2647 tempore

1991 2679 2250 2733 resistere
2295 2685 2520 2744 possent
2549 2679 2701 2745 regio
2747 2675 3044 2730 exercitui.
3118 2675 3330 2727 Asanes
3352 2669 3570 2738 quidem

1994 2773 2141 2828 haud
2178 2775 2354 2827 multo
2407 2783 2676 2840 postcum
2717 2772 3023 2841 accepisset
3075 2765 3575 2824 urbemobsidionc

1992 2865 2163 2934 premi
2207 2865 2278 2919 ab
2333 2866 2542 2919 Asiano
2598 2865 2874 2928 exercitu,
2929 2865 3141 2918 ducens
3201 2875 3389 2916 secum
3426 2859 3574 2912 viros

1992 2958 2280 3026 plurimos,
2350 2956 2632 3025 profectus
2715 2955 2948 3024 Nauplio
3004 2953 3342 3009 Venetorum
3404 2949 3572 3011 urbe,

1990 3059 2044 3106 et
2073 3049 2211 3104 mari
2245 3049 2301 3103 in
2329 3049 2771 3104 Cenchreensem
2822 3056 3040 3118 portum
3077 3045 3369 3108 advectus,
3401 3050 3570 3098 noctu

1996 3145 2282 3210 ingressus
2351 3152 2436 3196 est
2489 3143 2702 3206 urbem,
2743 3151 3034 3212 apportato
3070 3149 3379 3194 commeatu
3443 3153 3576 3191 sane

310 3228 470 3298 ρίον,
517 3233 967 3300 παρεσκευάζετο
1018 3235 1093 3297 ὡς
1152 3237 1554 3306 ἀμυνούμενος.
1615 3238 1720 3289 Τὸν
1781 3238 1889 3304 γάρ

1995 3233 2213 3301 exiguo,
2250 3233 2424 3286 inscio
2475 3233 2721 3287 exercitu
2759 3233 2928 3303 regis.
2987 3232 3100 3286 Rex
3147 3244 3284 3284 cum
3330 3229 3576 3282 venisset

308 3337 397 3371 τοι
427 3321 640 3391 Ταρσὸν
678 3326 705 3376 ό
741 3323 999 3394 βασιλεὺς
1047 3329 1435 3398 παρεστήσατο
1477 3327 1766 3398 ὁμολογίᾳ,
1799 3331 1891 3380 καὶ

313 3406 512 3469 παῖδας
541 3409 724 3463 λαϐὼν
759 3413 834 3475 ὡς
878 3415 1248 3483 τριακοσίους,
1280 3420 1373 3467 καὶ
1398 3416 1636 3486 ἄρχοντα
1665 3419 1892 3486 ἐπιστή-

318 3513 424 3559 σας
447 3503 554 3562 τοῖς
581 3503 636 3554 ὲν
667 3505 735 3574 τῇ
770 3504 924 3558 πόλει
954 3505 1152 3576 προῄει
1186 3506 1274 3560 διὰ
1302 3509 1406 3574 τῆς
1435 3508 1756 3578 μεσογαίου.
1788 3511 1892 3562 [Ιο-

321 3589 608 3657 ρευόμενος
637 3592 714 3655 δὲ,
746 3595 1010 3664 τρέπεται
1039 3597 1133 3648 hri
1162 3599 1262 3668 τὴν
1302 3597 1485 3662 πόλιν,
1517 3597 1551 3668 ἢ
1583 3597 1761 3652 κεῖται
1792 3599 1894 3652 ἐπὶ

315 3678 480 3748 ὅρους
511 3682 712 3752 ὑψηλοῦ
744 3701 802 3738 τε
835 3688 928 3740 καὶ
972 3688 1238 3758 ἑρυμνοῦ,
1275 3691 1331 3753 ἐς
1357 3690 1426 3760 ἢν
1470 3692 1658 3745 πολλοί
1693 3710 1752 3746 τε
1783 3693 1895 3747 τῶν

325 3773 598 3843 Ἑλλήνων
651 3775 771 3846 ἅμα
821 3780 914 3832 καὶ
974 3779 1252 3834 Ἀλϐανῶν
1304 3781 1732 3852 συλλεγόμενοι,
1789 3801 1897 3838 πα-

317 3860 719 3937 ρεσκευάζοντο
769 3871 845 3933 ὡς
904 3872 1418 3943 πολιορκησόμενοι.
1466 3876 1575 3928 Καὶ
1608 3875 1760 3928 ὕδατι
1798 3879 1898 3946 μὲν

316 3961 424 4014 οὐκ
479 3963 681 4042 ἐχρῆτο
734 3964 954 4033 ἀφθόνῳ
1012 3965 1046 4034 ἡ
1098 3965 1277 4031 πόλις,
1308 3966 1390 4018 ὅτι
1457 3967 1534 4036 μὴ
1585 3968 1742 4030 ἐκτὸς
1797 3970 1896 4039 τῆς

316 4053 555 4119 πόλεως,
585 4055 681 4123 ἀφ’
737 4048 798 4109 οῦ
849 4057 1172 4126 ὑδρεύεσθαι
1226 4057 1415 4128 ᾤοντο,
1466 4061 1557 4114 καὶ
1599 4061 1675 4130 μὴ
1738 4062 1900 4131 ἀφαι-

319 4148 654 4217 ρεθήσεσθαι
691 4150 796 4201 ὑπὸ
826 4150 932 4202 τῶν
967 4150 1270 4218 πολεμίων,
1315 4152 1769 4222 συμϐαλλομένου
1806 4154 1899 4207 τοῦ

316 4242 528 4310 χωρίου
577 4243 633 4304 ἐς
683 4242 744 4293 τὸ
786 4241 1102 4312 ἀμύνασθαι
1141 4244 1471 4313 ἰσχυρότατα
1521 4245 1794 4300 ἐντεῦθεν.
1839 4247 1899 4299 '0

323 4333 428 4401 μὲν
466 4326 558 4383 οῦν
610 4331 866 4401 βασιλεὺς
906 4333 1190 4397 ἀπελάσας
1226 4337 1325 4388 σὺν
1366 4339 1480 4398 τοῖς
1527 4337 1772 4406 νεήλυσι,
1805 4338 1899 4390 τοῦ

318 4441 382 4475 τε
422 4421 610 4485 ὓδατος
639 4424 1009 4493 ἐπεκράτησε,
1043 4428 1138 4478 καὶ
1186 4427 1567 4497 ἐξεπολιόρκει
1599 4429 1698 4498 τὴν
1725 4429 1900 4484 πόλιν.

320 4516 557 4581 Λέγεται
593 4516 647 4570 δὲ
693 4516 926 4568 ἐνταῦθα
957 4518 1086 4581 τοὺς
1124 4520 1182 4570 ἑν
1207 4520 1272 4588 τῇ
1305 4520 1457 4571 πόλει
1497 4521 1806 4582 κτείνοντας
1835 4525 1904 4574 τά

325 4608 598 4675 ὑποζύγια
625 4609 702 4677 τῷ
732 4609 925 4678 αἵματι
959 4611 1152 4678 φύρειν
1185 4627 1243 4663 τε
1287 4615 1354 4663 τά
1379 4611 1603 4676 ἄλφιτα,
1629 4614 1723 4664 καὶ
1757 4612 1907 4681 ἕψειν

322 4699 420 4753 τὸν
477 4700 662 4769 ἄρτον.
727 4701 817 4763 Ὠς
873 4700 929 4752 δὲ
990 4701 1135 4769 δίψει
1194 4700 1553 4770 συσχεθέντες
1604 4703 1661 4753 ἐν
1717 4703 1909 4772 ἀπόρῳ

323 4793 630 4861 ὲγέγνοντο,
655 4795 956 4862 ἐτράποντο
980 4795 1081 4861 μὲν
1107 4795 1200 4846 ἐπὶ
1230 4793 1544 4861 ὁμολογίαν.
1564 4794 1834 4847 Ἐνταῦθα
1859 4796 1906 4827 ⁸⁸

324 4883 736 4953 ὀλιγωροῦντων
765 4883 875 4936 τῶν
909 4885 1069 4952 ὲνατῇ
1138 4885 1288 4937 πόλει
1333 4888 1460 4954 περὶ
1499 4886 1608 4937 τῶν
1649 4886 1910 4952 φυλακῶν

324 4973 434 5042 τῆς
466 4973 674 5037 πόλεως
702 4973 790 5026 διὰ
840 4973 966 5036 τοὺς
1004 4975 1292 5042 πρέσϐεις,
1321 4974 1636 5036 κελεύοντες
1683 4978 1730 5028 οἱ
1782 4979 1905 5044 νεή-

324 5065 484 5130 λυδες
514 5067 821 5130 εἰσέπεσον,
857 5067 953 5121 καὶ
1008 5069 1314 5137 εἰσεχέοντο
1355 5070 1412 5129 ἐς
1446 5067 1548 5139 τὴν
1608 5068 1780 5128 πόλιν,
1813 5069 1908 5121 καὶ

327 5159 624 5226 κατέσχον,
655 5161 751 5212 καὶ
784 5159 881 5230 τήν
912 5177 973 5212 τε
1004 5158 1158 5214 πόλιν
1196 5161 1337 5214 κατὰ
1362 5160 1562 5226 κράτος
1599 5161 1904 5226 ἐξελόντες,

326 5249 879 5319 ἐξηνδραποδίσαντο.
913 5250 1069 5304 Μετὰ
1121 5251 1179 5304 δὲ
1240 5251 1413 5304 ταῦτα
1457 5255 1783 5322 ἀφικόμενοι
1817 5253 1908 5305 ἐπὶ

341 5338 608 5409 ’Δκριϐὴν
633 5339 808 5405 πόλιν,
844 5340 938 5393 καὶ
969 5340 1177 5411 ταύτην
1220 5342 1266 5374 ⁸⁸
1313 5342 1665 5396 ὑποστάντων
1709 5342 1819 5396 τῶν
1847 5343 1906 5394 ὲν

327 5433 400 5501 τῇ
433 5432 606 5496 πόλει,
646 5433 738 5485 καὶ
777 5433 876 5486 οὐκ
917 5432 1267 5499 ἐκλιπόντων,
1319 5434 1638 5496 ἐπελθόντες
1684 5437 1730 5488 οἱ
1777 5436 1908 5505 νεή-

1997 3323 2342 3388 Phliuntem,
2400 3322 2634 3379 Tarsum
2688 3325 2880 3379 urbem
2945 3323 3320 3395 oppugnabat.
3381 3321 3578 3376 νοτίοις

1996 3417 2108 3488 (66)
2158 3426 2365 3482 autem,
2407 3419 2501 3487 qui
2551 3419 2712 3488 jussu
2746 3419 3089 3474 Albanorum
3147 3414 3426 3471 Phliuntis
3458 3421 3578 3469 erat

1996 3509 2313 3580 pne-fectus,
2398 3524 2654 3577 eosquos
2729 3509 2967 3576 imperio
3047 3509 3292 3577 regebat,
3360 3520 3572 3560 necnon

1994 3601 2269 3656 Pbliuntis
2295 3599 2466 3664 cives,
2511 3601 2567 3654 in
2602 3601 2780 3654 locum
2817 3599 3106 3668 quemdam
3142 3598 3576 3658 munitissimum

1995 3693 2295 3755 contraxit,
2343 3699 2398 3747 et
2426 3695 2697 3746 statuebat
2749 3691 2858 3759 regi
2897 3690 3182 3744 resistere.
3215 3687 3449 3742 Tarsum
3479 3701 3576 3740 rex

1998 3790 2053 3842 in
2087 3786 2358 3842 ditionem
2435 3796 2728 3856 acceperat
2763 3801 2779 3838 :
2812 3793 2867 3838 et
2922 3799 3153 3839 sumens
3197 3783 3324 3837 inde
3377 3796 3579 3853 pueros

1997 3879 2218 3934 circiter
2254 3886 2558 3939 trecentos,
2612 3887 2667 3932 et
2712 3877 2930 3931 civibus
2972 3875 3306 3940 praefectum
3365 3873 3580 3929 consti-

1999 3979 2180 4036 tuens,
2237 3979 2380 4026 recta
2445 3983 2540 4039 per
2599 3968 3055 4023 mediterraneum
3094 3965 3371 4036 regionem
3428 3964 3582 4016 ince-

1999 4062 2180 4118 debat.
2255 4060 2516 4116 lncedens
2570 4059 2731 4129 237
2765 4069 2946 4113 autem
2993 4075 3114 4113 cum
3175 4056 3416 4126 agmine,
3453 4055 3581 4110 belli

2001 4156 2198 4212 molem
2231 4158 2428 4210 avertit
2469 4155 2524 4207 in
2564 4153 2783 4216 urbem,
2817 4168 2938 4221 qua:
2983 4151 3089 4208 sita
3155 4160 3241 4205 est
3292 4150 3347 4204 in
3397 4155 3585 4202 monte.

2000 4247 2224 4302 excelso
2250 4256 2303 4300 et
2332 4245 2572 4310 munito,
2606 4244 2660 4298 in
2713 4260 2876 4314 quam
2916 4244 3088 4298 Grazci
3143 4241 3356 4312 pariter
3397 4254 3450 4296 et
3489 4241 3586 4294 Al-

2003 4339 2129 4394 bani
2187 4338 2404 4408 plurimi
2467 4344 2837 4391 convenerant
2887 4336 3274 4398 ;obsitlionem
3314 4333 3458 4402 regis
3512 4333 3585 4385 ibi

2007 4431 2317 4486 toleraturi.
2356 4429 2593 4482 Maxima
2627 4427 2966 4494 urbishujus
2999 4434 3120 4480 erat
3140 4441 3298 4494 aqum
3336 4425 3587 4493 penuria.

1937 4520 2144 4609 DNam
2197 4527 2356 4575 extra
2419 4523 2609 4573 urbem
2652 4518 2774 4570 fons
2825 4523 2967 4576 erat,
3015 4528 3126 4582 quo
3168 4519 3427 4580 aquatum
3507 4510 3588 4563 ire

2013 4615 2283 4669 solebant.
2340 4610 2420 4666 Ne
2450 4609 2688 4680 aquandi
2732 4606 3054 4662 facultatem
3088 4604 3358 4658 adimeret
3389 4601 3586 4668 hostis,

2010 4721 2134 4759 eum
2169 4705 2350 4759 locum
2380 4702 2676 4757 admodum
2723 4696 3196 4752 communierant.
3254 4691 3371 4747 Rex
3423 4706 3584 4746 acce-

2011 4799 2147 4860 dens
2205 4796 2272 4850 ad
2316 4796 2459 4849 hanc
2509 4793 2702 4848 urbem
2757 4806 2884 4846 cum
2938 4785 3251 4858 peregrinis
3290 4784 3585 4848 militibus,

2010 4903 2152 4956 aqua
2211 4887 2439 4956 potitur,
2468 4893 2522 4940 et
2554 4885 2740 4938 urbem
2787 4880 3076 4934 obsidione
3133 4877 3332 4945 cingit.
3379 4872 3590 4930 Ferunt

2012 4977 2340 5046 oppidanos,
2401 4991 2526 5029 cum
2588 4988 2729 5042 aqua
2771 4971 3056 5035 deficeret,
3099 4968 3445 5033 interfecisse
3501 4965 3591 5035 juo

2015 5079 2220 5134 menta,
2271 5077 2326 5122 et
2351 5067 2730 5136 iumentorum
2787 5063 3064 5135 sanguine
3113 5061 3403 5129 subegisse
3449 5055 3585 5110 fari-

2017 5175 2162 5226 nam,
2197 5169 2249 5213 et
2283 5158 2409 5212 hinc
2464 5156 2686 5210 coxisse
2723 5171 2917 5224 panes.
2952 5153 3088 5207 Cum
3123 5163 3308 5207 autem
3337 5147 3581 5206 suavissi-

2017 5267 2100 5304 ma
2165 5256 2548 5320 premerentur
2618 5246 2737 5310 siti,
2805 5246 2958 5300 dubii
3018 5244 3150 5311 quid
3209 5247 3455 5312 agerent,
3518 5241 3585 5292 ad

2013 5333 2349 5398 deditione’n
2393 5347 2686 5410 cmpcrunt
2743 5339 2912 5392 animi
2960 5339 3255 5392 inclinare.
3312 5331 3589 5388 Miserum

2016 5435 2200 5503 itaque
2251 5433 2464 5504 legatos
2495 5432 2561 5486 ad
2617 5445 2829 5501 regem,
2889 5432 2982 5501 qui
3016 5437 3243 5484 orarent
3267 5438 3324 5481 nt
3347 5427 3402 5481 in
3435 5427 3589 5482 dedi-

1611 5549 1858 5611 Notulze
1901 5546 2306 5626 marginales.

409 5650 519 5722 (66)
555 5652 766 5719 Toclui,
797 5655 908 5710 sive
938 5655 1183 5728 Tliopize,
1219 5667 1273 5712 ut
1306 5657 1597 5714 Barletius.

415 5813 563 5887 "In_
615 5834 737 5887 uno,
800 5821 1128 5877 Νανπλοίο).

335 5886 496 5941 etiam
527 5885 594 5942 R.

1246 5822 1388 5876 "In
1461 5839 1560 5876 uno
1627 5821 1868 5888 additur,

2026 5810 2282 5886 πρέσϐεις
2351 5812 2599 5881 ἔπεμπον
2670 5812 2760 5863 ἐπὶ
2817 5805 3096 5880 ὁμολογίᾳ.

3209 5806 3251 5837 η
3289 5807 3474 5877 nam.
3503 5805 3592 5861 Si:
