3984 6424
142 412 257 477 Ml

1245 430 1346 490 DE
1388 431 1634 491 BEBUS
1671 433 2027 495 TURCICIS
2066 436 2208 498 LIB.
2254 440 2356 500 lX.

3328 449 3431 510 ΗΞ

147 525 306 588 λεως
362 530 456 581 ἐπὶ
506 533 716 600 χωρίου
759 538 997 609 ἐρυμνοῦ
1027 544 1190 597 πάνυ.
1225 546 1332 597 Καὶ
1363 547 1438 606 ὡς
1470 547 1571 598 οὐκ
1613 545 1759 614 εἶχον

1874 548 2069 603 Verum
2124 568 2398 613 reversus.
2439 555 2737 608 exercitum
2787 556 3035 610 movebat
3086 569 3275 614 contra
3321 561 3434 616 Mu-

151 618 214 670 οι
263 622 374 688 ’τῆς
424 624 626 690 πόλεως
657 628 1046 697 ὑδρεύσασθαι,
1082 635 1337 704 χαλεπῶς
1396 639 1497 708 ήδη
1559 639 1754 708 ἔφερον

159 710 279 778 τὴν
335 716 670 785 πολιορκίαν,
707 721 782 791 μὴ
832 723 944 777 άπδ
995 727 1269 794 φρεάτων,
1309 729 1400 780 καὶ
1450 731 1559 782 τῶν
1589 732 1647 781 ἐν
1691 735 1756 802 τῇ

171 803 350 856 ¹ιιόλει
383 807 479 860 οὐκ
520 809 824 877 ἐξεγένετο,
871 815 948 884 τῷ
992 818 1179 883 σφίσιν
1231 819 1453 889 ἀφθόνῳ
1498 823 1573 888 τῷ
1607 821 1761 874 ὕδατι

178 896 447 966 χρῆσθαι,
516 900 603 953 διὰ
658 904 719 956 τὸ
772 906 978 970 πλῆθος
1035 913 1142 961 τῶν
1191 928 1248 962 τε
1301 911 1600 980 ἀνθρώπων
1649 912 1766 982 ἅμα

176 988 278 1040 καὶ
327 988 658 1058 ὑποζυγίων.
705 997 858 1050 Ἐπεὶ
909 999 965 1051 δὲ
1017 1001 1279 1053 ἐπέλιπεν
1327 1003 1523 1065 αὐτοὺς
1557 1003 1658 1072 ἤδη
1702 1005 1763 1055 τὸ

171 1078 352 1148 ὕδωρ,
381 1084 475 1135 καὶ
522 1087 708 1154 πρινὴ.
739 1091 1100 1158 προσϐάλλειν
1131 1093 1208 1162 τῷ
1247 1095 1444 1162 τείχει,
1477 1095 1760 1163 ἐπεκηρυ-

168 1173 380 1226 κεύετο
413 1179 442 1228 ό
483 1179 584 1246 τῆς
618 1181 826 1244 πόλεως
872 1184 1078 1252 ἄρχων.
1109 1186 1201 1238 καὶ
1233 1185 1572 1250 ξυνέϐαινεν,
1602 1189 1687 1254 ἐφ’
1719 1179 1763 1253 ᾧ

169 1267 538 1333 παραδιδόναι
565 1271 665 1339 τὴν
693 1274 848 1324 πόλιν
880 1275 974 1326 καὶ
1004 1277 1200 1338 αὐτοὺς
1234 1275 1427 1329 παθεῖν
1458 1291 1472 1306 ·
1507 1276 1760 1344 βασιλεὺς

176 1359 285 1422 μὲν
334 1359 652 1431 ἐδωρήσατο
682 1366 1031 1435 Λεοδωρίκην
1071 1367 1160 1419 τὸν
1203 1367 1368 1420 παῖδα
1421 1369 1606 1429 αὑτοῦ,
1667 1373 1760 1423 καὶ

171 1451 389 1514 ἐξελὼν
427 1456 595 1508 αὐτὸν
625 1458 734 1510 ἁπδ
775 1460 873 1525 τῆς
906 1461 1137 1523 πόλεως,
1171 1462 1403 1530 ἤλαυνεν
1436 1461 1529 1514 ἐπὶ
1563 1464 1757 1532 Κόρινο

169 1543 296 1607 θον,
328 1547 425 1598 καὶ
453 1547 544 1600 ἐπὶ
575 1549 634 1602 τὸ
671 1550 916 1604 Ἀσιανδν
949 1555 1334 1620 στρατόπεδον.
1367 1556 1502 1625 Ἤδη
1543 1555 1654 1625 γὰρ
1690 1557 1759 1609 τὰ

115 1703 118 1706 ρ
173 1637 239 1697 ἐς
269 1637 406 1700 τοὺς
433 1640 758 1709 τηλεϐόλους
808 1645 958 1712 αὐτῷ
990 1647 1428 1714 παρεσκεύαστο,
1457 1648 1548 1701 καὶ
1575 1648 1757 1711 λίθους

169 1744 235 1778 τε
261 1728 377 1781 ἀπὸ
406 1730 507 1798 τῆς
537 1733 770 1796 παλαιᾶς
801 1736 1010 1798 πόλεως
1042 1737 1141 1805 τῆς
1171 1739 1438 1806 Κορίνθου
1463 1739 1760 1809 εὑράμενοι

170 1819 224 1870 οἱ
260 1820 363 1872 τοῦ
391 1821 674 1888 βασιλέως,
707 1827 1066 1894 ὲνετάμνοντο
1098 1829 1337 1892 ἱκανούς.

1864 639 2041 694 chlam
2069 639 2257 707 Tegea
2289 644 2508 696 urbem.”
2549 642 2682 696 Huic
2721 653 2951 712 praeerat
2991 648 3199 702 Asancs
3237 647 3432 703 Deme-

1872 731 2034 786 trius.
2100 732 2293 786 Castra
2362 734 2525 804 igitur
2557 734 2645 787 hic
2687 736 2867 802 posuit
2901 736 2974 802 in,
2999 736 3118 791 loco
3141 753 3341 808 aspero
3379 749 3432 794 et

1872 822 2042 878 invio.
2103 822 2248 878 Urbs
2287 837 2468 879 autem
2511 828 2803 894 prominet,
2857 829 2958 882 sila
3020 831 3072 896 ip
3133 841 3319 884 monte
3345 832 3436 885 lir-

1873 929 1962 966 mo
1991 923 2044 967 et
2114 917 2346 968 munito.
2407 914 2518 970 Nec
2577 933 2749 980 mora,
2815 920 3107 987 expediunt
3161 922 3335 974 scalas
3380 929 3435 976 et

1871 1005 2154 1059 machinas
2207 1005 2450 1070 bellicas,
2507 1008 2806 1073 urbemque
2869 1011 3430 1077 oppugnant:etiam

1874 1112 2094 1165 aquam,
2149 1113 2270 1166 quae
2313 1107 2431 1151 erat
2481 1108 2632 1151 extra
2699 1099 2886 1152 urbem
2933 1102 2984 1152 in
3017 1101 3136 1154 loco
3201 1099 3432 1165 munito,

1873 1188 2151 1251 obtinuit,
2202 1201 2261 1242 ut
2335 1189 2591 1257 oppidani
2651 1205 2759 1242 non
2814 1201 3039 1258 possent
3093 1192 3326 1259 amplius
3369 1207 3435 1244 eo

1865 1286 2123 1346 aquatum
2173 1278 2455 1332 accedere.
2506 1278 2642 1332 Cum
2673 1280 2817 1332 enim
2852 1278 2998 1332 urbis
3050 1281 3291 1335 obsessae
3346 1280 3432 1334 iu-

1866 1371 1998 1424 colae
2057 1370 2294 1436 aquandi
2325 1371 2538 1439 copiam
2583 1384 2690 1423 non
2733 1369 3016 1432 haberent,
3056 1371 3313 1440 puteique
3371 1385 3438 1424 ac

1867 1460 2044 1514 fontes
2088 1461 2216 1515 sicci
2253 1468 2455 1518 essent.
2498 1468 2743 1514 extrema
2771 1461 2837 1515 ab
2867 1461 3250 1515 obsidentibus
3291 1464 3433 1514 mala

1867 1554 2290 1622 experiebantur
2313 1554 2381 1606 ob
2406 1553 2689 1605 hominum
2723 1564 2887 1621 atque
2906 1555 3280 1622 jumentorum
3301 1554 3440 1607 mul-

1866 1645 2172 1698 titudinem.
2194 1643 2328 1700 Cum
2353 1644 2520 1713 igitur
2553 1659 2692 1714 aqua
2723 1645 2924 1709 desset,
2953 1647 3250 1714 prere-ctus
3286 1648 3440 1700 urbis

1874 1736 2204 1791 redditionis
2247 1737 2596 1790 conditiones
2632 1751 2726 1803 per
2765 1751 3068 1805 praconem
3130 1738 3443 1807 promulga-

1872 1829 1969 1883 vit.
2021 1828 2085 1881 Et
2116 1845 2206 1884 rex
2269 1832 2490 1899 quidem
2552 1831 2892 1886 Leodoricen
2949 1833 3120 1886 illium
3177 1849 3335 1886 suum
3376 1848 3442 1886 ex

173 1914 320 1968 urbe
379 1918 637 1974 eductum
705 1921 1026 1977 Corinthum
1097 1925 1244 1980 misit
1311 1937 1370 1982 ut
1437 1929 1494 1984 in
1553 1928 1753 1982 Asiana
1836 1935 2016 1982 castra
2061 1940 2122 1980 se
2187 1926 2480 1982 conferret.
2535 1925 2654 1980 Jam
2697 1931 2842 1981 enim
2903 1928 3005 1981 tela
3073 1928 3128 1981 in
3193 1935 3445 1996 promptu

170 2022 346 2065 erant
382 2014 597 2083 et'regii
635 2017 834 2070 milites
863 2018 1101 2085 lapidum
1136 2037 1276 2090 quos
1309 2023 1366 2078 in
1406 2025 1574 2079 veteri
1615 2023 1883 2080 Corintho
1904 2029 2241 2090 repererant,
2281 2021 2431 2089 jactu
2457 2036 2708 2091 magnam
2727 2030 2962 2091 stragem
2987 2021 3301 2074 ediderunt.

262 2103 359 2166 ’ος
390 2103 448 2156 δὲ
479 2105 750 2168 imum;
775 2110 1286 2178 ἐστρατοπεδεύετο,
1309 2116 1617 2186 προσέφερε
1655 2115 1756 2182 μὲν

1932 2113 2070 2164 Cum
2104 2119 2284 2164 autem
2321 2111 2638 2165 advenisset
2666 2127 2757 2165 rex
2791 2113 2854 2164 ad
2902 2112 3120 2175 urbem,
3150 2121 3205 2165 et
3235 2119 3446 2166 castra-

177 2195 392 2248 αὓτικα
435 2197 629 2263 λόγους
665 2200 746 2264 τῷ
795 2202 994 2276 Ἀσάνῃ
1022 2207 1048 2257 ὁ
1080 2205 1360 2275 βασιλεὺς,
1392 2207 1488 2259 καὶ
1535 2207 1760 2275 πέμψας

199 2289 418 2358 Ἰησοῦν
442 2291 533 2342 τὸν
560 2291 653 2344 τοῦ
695 2293 973 2360 Βρενέζεω
1008 2298 1198 2362 παῖδα,
1223 2299 1510 2365 ἐλλόγιμον
1543 2299 1673 2352 δντα
1704 2300 1762 2352 ὲν

184 2381 272 2449 τῷ
304 2385 668 2454 στρατοπέδῳ,
696 2386 794 2438 καὶ
836 2387 1081 2456 ἑρμηνέα
1116 2407 1173 2442 τε
1207 2390 1324 2459 ἅμα
1354 2390 1760 2457 αὐτῷ,ὲκέλευε

184 2480 534 2550 παραδοῦναι
596 2483 696 2552 τὴν
748 2483 930 2537 πόλιν.
988 2484 1201 2554 Ἰησοῦς
1256 2485 1356 2553 μὲν
1406 2483 1761 2552 ἀφικόμενος,

181 2573 350 2640 ελεγι
382 2574 556 2628 τοιάδε
582 2589 596 2604 ⁸
623 2576 824 2646 Ἀσάνη
859 2576 954 2630 καὶ
981 2576 1030 2628 οί
1064 2576 1332 2646 παρόντες
1355 2576 1640 2645 Ἕλληνες,
1663 2575 1762 2645 βα-

181 2664 379 2723 σιλεὺς
423 2665 550 2717 τάδε
598 2666 837 2734 πέμπων
880 2668 1027 2736 ἡμᾶς
1059 2666 1105 2698 ⁹¹
1135 2666 1306 2736 λέγει⁹
1333 2667 1410 2730 ὡς
1445 2668 1508 2721 σὺ
1543 2669 1600 2728 ις
1637 2667 1763 2730 τοὺς

181 2755 469 2824 Ἕλληνας
503 2756 660 2824 ἥκεις
689 2757 748 2819 ις
778 2758 846 2809 τὰ
897 2757 1092 2826 πρῶτα
1129 2757 1422 2822 συνέσεως,
1448 2758 1542 2811 καὶ
1579 2755 1766 2825 Ἐλλή-

181 2863 300 2899 νων
339 2847 573 2914 μάλιστα
616 2845 673 2899 δὲ
718 2844 982 2915 ἔμπειρος
1020 2841 1072 2899 ετ
1104 2847 1215 2900 τῶν
1251 2846 1518 2916 βασιλέως
1559 2846 1760 2916 θυρῶν.

1866 2211 2102 2255 metatus
2139 2210 2309 2264 essm,
2369 2201 2653 2255 cuufestim
2709 2201 3028 2268 legationem
3075 2199 3143 2253 ad
3201 2203 3438 2254 Asanem

1865 2293 2040 2348 misit.
2069 2293 2202 2345 Nam
2237 2291 2507 2360 irejussit
2533 2291 2601 2345 ad
2653 2289 3128 2345 AsanemJosuam
3189 2291 3444 2345 Breuezis

1867 2384 2063 2450 tilium,
2098 2385 2274 2438 virum
2310 2383 2658 2453 prudentem,
2684 2396 2749 2437 ex
2772 2385 2922 2438 omni
2955 2396 3178 2438 suorum
3214 2396 3444 2436 numero

1864 2493 1986 2531 cum
2021 2477 2317 2544 interprete
2368 2494 2382 2529 :
2433 2477 2594 2544 eique
2645 2477 2901 2544 praecepit
2961 2485 3018 2527 ut
3077 2483 3262 2544 ageret
3309 2488 3435 2528 cum

1865 2570 2062 2632 Asane,
2089 2568 2179 2638 qui
2221 2569 2415 2623 urbem
2450 2569 2715 2623 traderet.
2751 2566 2917 2622 Josue
2948 2566 3118 2636 igitur
3149 2566 3240 2620 ubi
3295 2566 3444 2620 venit

1865 2659 1931 2712 ad
1962 2659 2222 2724 Asanem,
2257 2658 2633 2728 hujuscemodi
2671 2658 2976 2712 orationem
3027 2668 3260 2710 exorsus
3316 2665 3400 2709 est
3429 2669 3446 2719 ;

1864 2750 2096 2816 Asanes,
2122 2760 2176 2805 et
2199 2750 2373 2806 Graeci
2397 2766 2612 2818 omnes,
2638 2760 2909 2821 quotquot
2931 2759 3128 2821 praesto
3155 2749 3315 2814 estis,
3345 2762 3440 2802 rex

1869 2842 2039 2897 misso
2076 2843 2252 2912 legato
2303 2844 2417 2898 haec
2440 2843 2598 2899 vobis
2655 2844 2901 2912 expromi
2946 2841 3144 2911 jubet:
3179 2840 3284 2906 Tu,
3350 2837 3448 2908 qui

183 2933 362 2992 Οῐσθα
392 2937 450 2989 δὲ
481 2937 576 2990 καὶ
626 2937 690 2990 σὺ
734 2937 937 3008 μᾶλλον
965 2939 1075 2991 τῶν
1117 2939 1319 3003 ἄλλων,
1358 2934 1470 3001 οἷος
1503 2937 1578 2991 ὢν
1610 2940 1638 2992 ό
1667 2939 1766 3008 βα-

1874 2936 2330 3004 prudentissimus
2363 2950 2422 2990 es
2442 2933 2762 2990 Graecorum
2790 2933 2975 2988 ‘etiam
3000 2934 3054 2987 iu
3101 2931 3169 2986 iis
3200 2945 3322 3000 qua:
3373 2930 3443 2983 ad

157 3025 375 3090 ’σιλεὺς
414 3019 592 3091 οὗτος,
625 3029 719 3080 καὶ
752 3027 846 3081 τοῦ
900 3025 1304 3097 Ὀτουμανίδων
1337 3031 1551 3097 γένους,
1597 3032 1690 3084 καὶ

1874 3028 2083 3082 Graecos
2118 3029 2407 3096 pertinent,
2437 3035 2695 3096 expertus
2739 3024 2930 3093 januz
2990 3023 3362 3086 milites.scis.
3393 3029 3452 3074 et

183 3123 257 3176 ἂν
291 3125 582 3192 ἀφίκηται,
618 3125 719 3176 οὐκ
767 3123 1160 3187 ἀπανίσταται,
1187 3125 1319 3192 πρὶν
1350 3126 1416 3180 ἂν
1446 3125 1767 3197 ὲκπορθήσῃ

1874 3123 2042 3193 magis
2098 3138 2260 3191 quam
2313 3123 2528 3191 reliqui,
2591 3122 2773 3191 qualis
2834 3130 3182 3191 quantusque
3235 3117 3306 3172 sit
3351 3129 3449 3169 rex

184 3217 290 3279 τὴν
323 3216 498 3268 πόλιν.
528 3216 766 3285 Παρέχει
798 3217 890 3269 οὖν
933 3234 1016 3270 σοι
1051 3217 1107 3269 ἐν
1155 3215 1233 3286 τῷ
1266 3215 1455 3283 τοιῷδε
1504 3217 1768 3271 κάλλιστα

188 3307 628 3377 καταλυσαμένῳ
685 3308 822 3378 πρὸς
859 3307 1089 3373 βασιλέα
1143 3311 1242 3378 τήν
1293 3325 1352 3360 τε
1397 3309 1553 3361 πόλιν
1608 3310 1765 3378 τήνδε

1870 3215 1961 3270 ille
2014 3214 2490 3272 Otomanidarum.
2544 3216 2882 3284 Quocunque
2911 3219 3286 3281 tempestatem
3322 3207 3449 3264 belli

1870 3308 2118 3371 verzerit,
2142 3307 2286 3361 haud
2309 3307 2462 3376 prius
2491 3308 2692 3362 bellum
2733 3307 2909 3374 ponit,
2942 3320 3106 3373 quam
3157 3303 3318 3356 urbes
3352 3316 3450 3354 ex-

195 3398 570 3464 παραδιδόναι,
600 3401 695 3452 καὶ
733 3398 920 3467 χώραν
952 3401 1019 3469 ἦν
1051 3398 1118 3451 ἂν
1149 3399 1306 3468 ὑμεῖς
1341 3398 1550 3452 ἕλοισθε
1581 3399 1766 3451 λαϐεῖν

1874 3400 2145 3468 pugnarit,
2165 3408 2218 3452 et
2238 3397 2461 3451 victoria
2485 3399 2687 3466 potitus
2716 3396 2899 3450 fuerit.
2919 3393 3236 3459 Cuiusmodi
3261 3402 3445 3445 autem

200 3491 357 3558 παρὰ
399 3487 675 3557 βασιλέως,
715 3489 1148 3558 ἀλλαξαμένους.
1182 3491 1291 3542 Καὶ
1323 3490 1389 3559 ἢν
1418 3490 1576 3542 τοῦτο
1603 3492 1764 3558 ποιή·

205 3580 657 3649 σῃς,ὲπιτήδειόν
706 3597 765 3633 τε
817 3581 881 3650 δὴ
929 3584 1109 3646 νομιεῖ
1161 3579 1436 3650 βασιλεὺς,
1487 3583 1584 3635 καὶ
1617 3581 1767 3645 ξένον

205 3672 445 3724 ποιεῖται
473 3672 559 3738 δὴ,
582 3671 721 3725 ὥστε
751 3671 979 3740 ὕστερον
1021 3673 1359 3725 καταθέσθαι
1396 3673 1556 3741 χάριν
1593 3672 1765 3740 αὐτῷ,

195 3764 286 3823 σοί
315 3781 373 3815 τε
404 3764 498 3815 καὶ
539 3766 655 3824 τοῖς
706 3765 919 3819 παισίν.
954 3766 1057 3816 Ἢν
1087 3765 1144 3817 δὲ
1178 3765 1252 3835 μὴ
1295 3765 1573 3834 παραδῷς,
1609 3761 1768 3818 οἶσθα

195 3852 302 3920 μὲν
336 3853 520 3917 αὐτος,
557 3854 621 3921 νὴ
654 3853 755 3922 τὴν
793 3854 1059 3923 βασιλέως
1095 3855 1294 3925 ψυχὴν,
1320 3857 1392 3917 ὡς
1435 3859 1533 3925 τήν
1573 3874 1632 3909 τε
1676 3857 1772 3910 πό-

190 3947 282 3998 λιν
331 3946 860 4016 ὲξανδραποδιεῖται,
905 3948 1000 4000 καὶ
1048 3948 1114 4019 δὴ
1149 3948 1274 4011 τοὺς
1312 3949 1475 4014 πέριξ
1523 3951 1772 4019 κακίστῳ

193 4037 514 4106 παραδώσει
566 4039 796 4110 ὀλέθρῳ.
825 4038 1013 4093 Ταῦτα
1070 4040 1172 4108 μὲν
1243 4040 1452 4108 Ἰησοῦς
1497 4041 1652 4106 ἔλεγε
1702 4041 1770 4094 δι’

193 4131 481 4199 ἑρμηνέως
500 4147 516 4162 ο
565 4132 796 4200 Ἀσάνης
825 4130 881 4184 δὲ
923 4132 1212 4184 ὑπολαϐὼν
1243 4133 1344 4200 ἔφη
1367 4150 1382 4162 ·
1417 4126 1484 4185 Ὦ
1514 4134 1615 4185 παῖ
1642 4133 1774 4202 Βρε-

193 4221 390 4285 νέζεω.
423 4222 763 4290 ἀπάγγειλον
794 4224 858 4291 δὴ
889 4223 966 4291 τῷ
996 4223 1230 4292 βασιλεῖ,
1255 4223 1328 4288 ὡς
1363 4225 1463 4292 τήν
1507 4241 1564 4276 τε
1595 4225 1774 4295 ψυχὴν

195 4310 367 4366 αὐτοῦ
416 4313 577 4382 ἴσμεν
627 4331 731 4367 που
762 4315 1151 4384 γενναιοτάτην
1185 4311 1353 4368 οὖσαν
1397 4317 1617 4368 πάντων
1667 4317 1776 4369 τῶν

196 4401 468 4470 πρότερον
496 4403 807 4472 γενομένων
833 4404 943 4459 ἀπὸ
969 4404 1079 4455 τῶν
1114 4404 1462 4473 ὐτουμάνων
1485 4405 1775 4473 βασιλέων,

196 4492 299 4544 καὶ
331 4493 430 4562 τήν
469 4510 528 4546 τε
579 4493 810 4563 δύναμιν
870 4493 1141 4564 μεγίστην
1186 4511 1245 4545 τε
1279 4493 1446 4547 οὖσαν
1475 4494 1581 4546 τῶν
1619 4497 1676 4546 ὲν
1711 4497 1776 4566 τῇ

199 4585 500 4654 οἰκουμένῃ
529 4601 540 4612 ·
570 4585 736 4638 παντί
769 4603 877 4638 που
913 4586 1018 4637 τῶν
1052 4584 1112 4637 εὖ
1158 4585 1379 4638 εἰδότων
1409 4587 1476 4638 τά
1516 4585 1779 4651 βασιλέως

205 4679 508 4747 πράγματα
545 4665 850 4748 κατάδηλον
876 4697 890 4710 ·
921 4683 1017 4733 καὶ
1060 4680 1232 4734 ταῦτα
1264 4681 1360 4750 μὲν
1395 4677 1783 4748 ξυνομολογοῦ-

1868 3490 2235 3546 conditionem
2273 3490 2430 3544 vobis
2461 3497 2745 3558 proponat,
2776 3487 2978 3541 audite.
3009 3487 3065 3540 Si
3093 3500 3277 3553 pacem
3309 3484 3456 3539 ieco-

1872 3583 1989 3637 ritis
2019 3597 2142 3636 cum
2176 3595 2320 3650 rege,
2357 3581 2644 3647 eidemque
2694 3580 2882 3632 urbem
2927 3589 3160 3632 vestram
3187 3577 3452 3644 permise-

1872 3673 2010 3735 ritis,
2037 3671 2310 3738 regionem
2332 3671 2910 3738 aliam,quamcunque
2933 3666 3234 3735 elegeritis,
3267 3679 3296 3717 a
3323 3680 3452 3735 rege

1872 3761 2172 3826 accipietis.
2197 3759 2254 3814 Si
2281 3760 2330 3814 in
2361 3760 2462 3813 huc
2489 3774 2692 3812 morem
2739 3758 2975 3826 gesseris
3009 3757 3121 3827 regi
3170 3756 3348 3810 amico
3393 3767 3452 3810 et

1873 3854 2108 3922 hospite,
2147 3863 2196 3906 te
2215 3851 2279 3906 ad
2303 3851 2522 3904 modum
2543 3849 2884 3903 familiariter
2903 3858 3080 3902 utetur
3117 3847 3454 3915 gratiamque

1874 3941 2037 4013 239
2067 3941 2161 3996 tibi
2215 3951 2269 3995 et
2323 3939 2479 3994 vobis
2510 3939 2769 3994 omnibus
2823 3937 3025 3993 referet
3081 3936 3453 3992 cumulatissi-

1875 4050 2037 4087 mam.
2081 4033 2136 4086 Si
2170 4043 2348 4086 autem
2382 4047 2575 4102 parere
2605 4031 2712 4100 regi
2752 4029 3028 4084 recusaris
3055 4069 3070 4093 ,
3103 4044 3199 4081 nec
3261 4028 3452 4082 urbem

1876 4122 2195 4186 tradideris,
2267 4122 2429 4188 scito,
2495 4121 2732 4174 animam
2789 4122 2929 4191 regis
2982 4119 3077 4174 tibi
3139 4117 3289 4187 juro,
3326 4133 3448 4172 eam

1879 4215 2027 4270 brevi
2060 4221 2114 4268 et
2159 4213 2338 4284 capiet
2391 4221 2446 4266 et
2505 4209 2651 4265 laede
2686 4210 2908 4279 diripiet
2940 4227 2954 4263 :
2991 4225 3086 4282 eos
3119 4207 3210 4278 qui
3245 4208 3331 4261 hic
3359 4223 3450 4262 as-

1878 4306 2107 4368 sistunt,
2138 4303 2538 4358 crudelissimae
2570 4302 2732 4356 morti
2765 4301 3043 4371 subjiciet.
3075 4299 3199 4354 llaec
3231 4299 3454 4368 quidem

1881 4398 2095 4451 locutus
2155 4405 2240 4451 est
2316 4411 2411 4463 per
2468 4395 2847 4462 interpretem.
2890 4395 3101 4446 Asanes
3139 4394 3318 4444 autem
3375 4407 3463 4446 re-

1882 4487 2183 4556 spondens,
2221 4485 2272 4538 in
2309 4485 2454 4538 hunc
2475 4483 2698 4538 modum
2734 4483 2894 4536 verba
2937 4483 3065 4537 fecit
3096 4500 3109 4535 :
3141 4482 3185 4534 Ο
3224 4481 3295 4534 tili
3326 4481 3461 4536 Bre-

1887 4579 2062 4640 nezis,
2113 4556 2557 4644 retiuutia'regi,
2591 4575 2734 4628 haud
2780 4574 2941 4628 nobis
2971 4572 3252 4627 occultum
3311 4586 3458 4638 esse,

1884 4671 2128 4725 animum
2181 4668 2301 4735 ejus
2348 4668 2717 4736 generositate
2747 4666 3017 4720 excellere
3053 4678 3246 4717 omnes
3277 4678 3457 4731 reges,

211 4769 312 4836 μέν
340 4787 394 4822 τε
425 4771 582 4824 αὐτοὶ
616 4770 698 4840 τῷ
731 4771 968 4840 βασιλεῖ,
999 4772 1074 4834 ὡς
1111 4771 1346 4841 μέγιστά
1378 4789 1439 4824 τε
1470 4767 1634 4824 εἶναι.
1669 4771 1768 4824 Καλ

1885 4770 2013 4830 quot
2040 4769 2149 4828 lunt
2175 4760 2243 4812 ab
2311 4757 2655 4814 Otomanidis
2694 4757 2960 4826 originem
2997 4765 3236 4809 traxere.
3262 4752 3464 4808 Poten-

205 4859 410 4928 ταύτην
443 4862 542 4930 μὲν
570 4860 662 4914 οὖν
711 4863 811 4933 τὴν
835 4863 989 4915 πόλιν
1016 4865 1176 4934 ὁρᾶτε
1205 4863 1379 4934 δήπου
1408 4862 1483 4925 ὡς
1515 4863 1571 4915 ὲν
1596 4861 1780 4932 ὀχυρῷ

205 4969 313 5004 που
340 4953 570 5005 οἰκεῖται
608 4953 798 5005 πασῶν
848 4954 914 5023 δὴ
967 4955 1208 5022 μάλιστα
1241 4955 1476 5019 πόλεων,
1514 4948 1589 5008 ὧν
1619 4957 1780 5024 ἡμεῖς

197 5047 382 5110 ἴσμεν.
422 5044 531 5097 Καὶ
566 5045 721 5098 αὐτοὶ
763 5045 812 5096 oi
857 5045 964 5098 ἀπὸ
1012 5047 1104 5097 τοῦ
1149 5047 1478 5116 Ὀτονμάνου
1513 5046 1781 5117 βασιλεῖς,

195 5133 300 5188 καὶ
332 5133 492 5197 αὐτὸς
519 5135 575 5186 δὲ
612 5133 869 5204 βασιλεὺς
891 5176 905 5199 ,
934 5135 992 5198 ἐξ
1021 5135 1144 5190 ὅτου
1177 5153 1239 5202 γε
1282 5137 1340 5198 ἐς
1368 5136 1467 5204 τὴν
1502 5135 1784 5204 βασιλείαν

197 5225 469 5294 κατέστη,
495 5226 705 5278 τοιάνδε
759 5226 914 5277 πόλιν
941 5225 1065 5279 οὔτε
1093 5228 1404 5295 πολιορκεῖν
1440 5226 1612 5292 ἐξεῖλε
1641 5227 1783 5279 κατὰ

198 5315 430 5386 κράτος,
463 5316 576 5368 ἀλλ’
599 5315 725 5368 οὔτε
754 5316 1034 5384 ἐξεγένετο
1072 5317 1164 5370 ἐπὶ
1197 5318 1410 5372 τοιάνδε
1437 5318 1594 5371 πόλιν
1623 5318 1784 5371 ἐλαύ-

196 5425 339 5461 νειν.
373 5405 570 5477 Ὁρᾶτε
592 5408 721 5477 γὰρ,
751 5409 824 5470 ὡς
852 5408 1040 5479 κύκλῳ
1071 5412 1104 5479 ὴ
1133 5410 1286 5473 πόλις
1313 5411 1526 5481 ὲρυμνή
1561 5428 1620 5464 τε
1651 5409 1784 5463 οὖσα

201 5502 266 5562 ἐς
296 5495 366 5550 τὰ
399 5497 656 5566 μάλιστα,
702 5498 876 5570 ταύτῃ
931 5502 1091 5568 μόνον
1145 5504 1383 5555 ποιεῖται
1422 5501 1521 5570 τὴν
1575 5503 1784 5555 εἴσοδον

203 5589 630 5660 τετειχισμένην
677 5589 826 5659 τρισί
872 5608 932 5644 τε
971 5592 1088 5662 ἅμα
1118 5593 1356 5663 τείχεσιν
1390 5594 1782 5665 ὀχυρωτάτοις,

1887 4855 2016 4908 tiam
2053 4850 2174 4920 ejus
2206 4864 2328 4905 esse
2365 4850 2419 4904 in
2451 4849 2585 4904 orbe
2617 4848 2936 4910 maximam,
2990 4857 3194 4899 norunt
3247 4859 3464 4907 omnes,

1884 4951 2155 5017 quotquot
2199 4956 2382 4995 rerum
2430 4941 2550 5008 ejus
2586 4938 2746 5009 periti
2811 4946 2939 4993 sunt
2971 4955 2986 4992 :
3023 4937 3189 4990 etiam
3252 4952 3353 4991 nos
3411 4943 3468 4990 et

1886 5032 2240 5108 agnoscimus
2273 5044 2327 5085 et
2349 5035 2678 5089 conﬁtemur
2705 5029 3003 5099 potentiam
3042 5028 3163 5097 ejus
3191 5043 3314 5082 esse
3353 5043 3470 5082 ma-

1889 5133 2110 5186 ximam.
2151 5130 2350 5185 Verum
2385 5127 2668 5180 enimvero
2715 5121 2942 5176 cernitis
2993 5121 3143 5175 urbis
3173 5119 3338 5187 hujus
3385 5119 3466 5172 si—

1891 5231 2026 5286 tum,
2051 5237 2213 5292 quam
2267 5228 2483 5281 natura,
2517 5224 2572 5268 et
2609 5220 2724 5267 arte
2754 5212 2826 5274 sit
2867 5213 3134 5274 munitus,
3159 5219 3217 5265 ut
3249 5225 3356 5264 non
3384 5209 3466 5263 {ao

1891 5313 1998 5366 cile
2037 5313 2283 5366 invenire
2331 5309 2402 5363 sit
2457 5306 2652 5359 urbem
2718 5317 2874 5372 atque
2931 5302 3222 5355 munitam.
3282 5296 3470 5366 Reges

1889 5401 2255 5466 Otomanidze,
2291 5414 2390 5454 nec
2421 5397 2586 5452 etiam
2629 5396 2747 5466 ipse
2781 5409 2897 5456 rex,
2921 5409 2984 5447 ex
3017 5405 3127 5462 quo
3156 5391 3208 5442 in
3240 5403 3466 5458 regnum

1895 5499 2000 5552 hoc
2038 5497 2327 5568 processit,
2370 5493 2537 5548 talem
2581 5489 2775 5545 urbem
2824 5502 3002 5556 neque
3053 5490 3464 5553 Oppugnarunt,

1892 5605 2067 5660 neque
2092 5593 2380 5658 ceperunt,
2418 5600 2520 5641 nec
2549 5582 2691 5639 bello
2715 5580 3052 5652 petiverunt.
3078 5574 3291 5632 Videtis
3315 5575 3461 5632 enim

1483 5731 1734 5792 Notulte
1769 5729 2164 5806 marginales.

287 5857 334 5893 θ’
370 5853 570 5925 λέγειν.
604 5853 668 5910 Β.
700 5865 754 5908 ut
791 5855 843 5908 in
873 5869 923 5908 c.
