  <div class='ocr_page' id='page_1' title='image "/cluster/home/n/w/nwhite01/storage/ocr_20150623/159/coo.31924054870641/234.png"; bbox 0 0 3984 6426; ppageno 0'>
   <div class='ocr_carea' id='block_1_1' title="bbox 82 311 212 374">
    <p class='ocr_par' dir='ltr' id='par_1_1' title="bbox 82 311 212 374">
     <span class='ocr_line' id='line_1_1' title="bbox 82 311 212 374; baseline 0.015 -2"><span class='ocrx_word' id='word_1_1' title='bbox 82 311 212 374; x_wconf 70' lang='grc'><strong>453</strong></span> 
     </span>
    </p>
   </div>
   <div class='ocr_carea' id='block_1_2' title="bbox 1175 308 2286 372">
    <p class='ocr_par' dir='ltr' id='par_1_2' title="bbox 1175 308 2286 372">
     <span class='ocr_line' id='line_1_2' title="bbox 1175 308 2286 372; baseline -0.004 0"><span class='ocrx_word' id='word_1_2' title='bbox 1175 313 1272 372; x_wconf 85' lang='lat' dir='ltr'><strong>DE</strong></span> <span class='ocrx_word' id='word_1_3' title='bbox 1312 309 1564 372; x_wconf 84' lang='lat' dir='ltr'><strong>REBUS</strong></span> <span class='ocrx_word' id='word_1_4' title='bbox 1601 308 1952 368; x_wconf 77' lang='lat' dir='ltr'><strong>TURCICIS</strong></span> <span class='ocrx_word' id='word_1_5' title='bbox 1995 309 2142 370; x_wconf 89' lang='lat' dir='ltr'><strong>LIB.</strong></span> <span class='ocrx_word' id='word_1_6' title='bbox 2187 308 2286 368; x_wconf 81' lang='lat' dir='ltr'><strong>IX.</strong></span> 
     </span>
    </p>
   </div>
   <div class='ocr_carea' id='block_1_3' title="bbox 3251 311 3356 374">
    <p class='ocr_par' dir='ltr' id='par_1_3' title="bbox 3251 311 3356 374">
     <span class='ocr_line' id='line_1_3' title="bbox 3251 311 3356 374; baseline 0 -1"><span class='ocrx_word' id='word_1_7' title='bbox 3251 311 3356 374; x_wconf 68' lang='grc' dir='ltr'><strong>ιξι</strong></span> 
     </span>
    </p>
   </div>
   <div class='ocr_carea' id='block_1_4' title="bbox 81 419 1686 493">
    <p class='ocr_par' dir='ltr' id='par_1_4' title="bbox 81 421 1686 492">
     <span class='ocr_line' id='line_1_4' title="bbox 81 421 1686 492; baseline -0.001 -17"><span class='ocrx_word' id='word_1_8' title='bbox 81 427 226 480; x_wconf 74' lang='grc' dir='ltr'>τόδε</span> <span class='ocrx_word' id='word_1_9' title='bbox 287 421 448 492; x_wconf 81' lang='grc' dir='ltr'>αὐτῷ</span> <span class='ocrx_word' id='word_1_10' title='bbox 501 422 611 475; x_wconf 84' lang='grc' dir='ltr'>τῶν</span> <span class='ocrx_word' id='word_1_11' title='bbox 656 422 1030 492; x_wconf 77' lang='grc' dir='ltr'><strong>πραγμάτιον,</strong></span> <span class='ocrx_word' id='word_1_12' title='bbox 1095 423 1686 490; x_wconf 71' lang='grc' dir='ltr'>παρασκευασάμενος,</span> 
     </span>
    </p>
   </div>
   <div class='ocr_carea' id='block_1_5' title="bbox 1790 419 3359 493">
    <p class='ocr_par' dir='ltr' id='par_1_5' title="bbox 1804 419 3359 493">
     <span class='ocr_line' id='line_1_5' title="bbox 1804 419 3359 493; baseline 0.006 -23"><span class='ocrx_word' id='word_1_13' title='bbox 1804 434 2024 487; x_wconf 75' lang='lat' dir='ltr'><strong>pergere</strong></span> <span class='ocrx_word' id='word_1_14' title='bbox 2052 433 2256 486; x_wconf 76' lang='lat' dir='ltr'><strong>regem.</strong></span> <span class='ocrx_word' id='word_1_15' title='bbox 2285 419 2497 474; x_wconf 80' lang='lat' dir='ltr'><strong>obviam</strong></span> <span class='ocrx_word' id='word_1_16' title='bbox 2519 435 2584 476; x_wconf 89' lang='lat' dir='ltr'><strong>ex</strong></span> <span class='ocrx_word' id='word_1_17' title='bbox 2622 421 2755 476; x_wconf 84' lang='lat' dir='ltr'><strong>urbe</strong></span> <span class='ocrx_word' id='word_1_18' title='bbox 2779 421 3099 490; x_wconf 87' lang='lat' dir='ltr'><strong>procedunt.</strong></span> <span class='ocrx_word' id='word_1_19' title='bbox 3139 425 3359 493; x_wconf 71' lang='lat' dir='ltr'><strong>regique</strong></span> 
     </span>
    </p>
   </div>
   <div class='ocr_carea' id='block_1_6' title="bbox 85 512 1690 586">
    <p class='ocr_par' dir='ltr' id='par_1_6' title="bbox 85 512 1690 586">
     <span class='ocr_line' id='line_1_6' title="bbox 85 512 1690 586; baseline -0.002 -18"><span class='ocrx_word' id='word_1_20' title='bbox 85 517 358 586; x_wconf 66' lang='grc' dir='ltr'>ἤλαυνεν</span> <span class='ocrx_word' id='word_1_21' title='bbox 399 514 494 572; x_wconf 78' lang='grc' dir='ltr'><strong>ἐπὶ</strong></span> <span class='ocrx_word' id='word_1_22' title='bbox 531 513 929 584; x_wconf 78' lang='grc' dir='ltr'>Σπενδερόσην,</span> <span class='ocrx_word' id='word_1_23' title='bbox 958 514 1034 577; x_wconf 84' lang='grc' dir='ltr'><strong>ὡς</strong></span> <span class='ocrx_word' id='word_1_24' title='bbox 1075 512 1273 579; x_wconf 76' lang='grc' dir='ltr'>ἐξελῶν</span> <span class='ocrx_word' id='word_1_25' title='bbox 1298 513 1440 566; x_wconf 81' lang='grc' dir='ltr'>κατὰ</span> <span class='ocrx_word' id='word_1_26' title='bbox 1471 512 1690 582; x_wconf 72' lang='grc' dir='ltr'>κράτοςο</span> 
     </span>
    </p>
   </div>
   <div class='ocr_carea' id='block_1_7' title="bbox 86 603 1694 676">
    <p class='ocr_par' dir='ltr' id='par_1_7' title="bbox 86 603 1694 676">
     <span class='ocr_line' id='line_1_7' title="bbox 86 603 1694 676; baseline -0.002 -16"><span class='ocrx_word' id='word_1_27' title='bbox 86 609 145 660; x_wconf 84' lang='grc' dir='ltr'><strong>οἱ</strong></span> <span class='ocrx_word' id='word_1_28' title='bbox 179 607 232 660; x_wconf 88' lang='grc' dir='ltr'>δ’</span> <span class='ocrx_word' id='word_1_29' title='bbox 280 608 344 658; x_wconf 83' lang='grc' dir='ltr'><strong>ὲν</strong></span> <span class='ocrx_word' id='word_1_30' title='bbox 374 608 443 675; x_wconf 84' lang='grc' dir='ltr'>τῇ</span> <span class='ocrx_word' id='word_1_31' title='bbox 480 606 634 657; x_wconf 83' lang='grc' dir='ltr'>πόλει</span> <span class='ocrx_word' id='word_1_32' title='bbox 676 604 1043 676; x_wconf 74' lang='grc' dir='ltr'>Σπενδερόόῃ,</span> <span class='ocrx_word' id='word_1_33' title='bbox 1100 603 1514 672; x_wconf 46' lang='grc' dir='ltr'>πυνθανόμεῆι.</span> <span class='ocrx_word' id='word_1_34' title='bbox 1539 604 1694 669; x_wconf 82' lang='grc' dir='ltr'>βασι-</span> 
     </span>
    </p>
   </div>
   <div class='ocr_carea' id='block_1_8' title="bbox 90 693 1698 763">
    <p class='ocr_par' dir='ltr' id='par_1_8' title="bbox 90 693 1698 763">
     <span class='ocr_line' id='line_1_8' title="bbox 90 693 1698 763; baseline -0.006 -12"><span class='ocrx_word' id='word_1_35' title='bbox 90 699 213 751; x_wconf 77' lang='grc' dir='ltr'>λέα.</span> <span class='ocrx_word' id='word_1_36' title='bbox 248 698 482 749; x_wconf 67' lang='grc' dir='ltr'>ἐπιόντα</span> <span class='ocrx_word' id='word_1_37' title='bbox 514 695 722 762; x_wconf 83' lang='grc' dir='ltr'>σφίσιν,</span> <span class='ocrx_word' id='word_1_38' title='bbox 777 695 1031 763; x_wconf 77' lang='grc' dir='ltr'><strong>ὑπήντων</strong></span> <span class='ocrx_word' id='word_1_39' title='bbox 1053 693 1199 762; x_wconf 88' lang='grc' dir='ltr'>αὐτῷ</span> <span class='ocrx_word' id='word_1_40' title='bbox 1245 695 1345 756; x_wconf 79' lang='grc' dir='ltr'>τὰς</span> <span class='ocrx_word' id='word_1_41' title='bbox 1401 695 1550 757; x_wconf 78' lang='grc' dir='ltr'>κλεῖς</span> <span class='ocrx_word' id='word_1_42' title='bbox 1604 693 1698 762; x_wconf 74' lang='grc' dir='ltr'><strong>φέ-</strong></span> 
     </span>
    </p>
   </div>
   <div class='ocr_carea' id='block_1_9' title="bbox 105 785 1694 857">
    <p class='ocr_par' dir='ltr' id='par_1_9' title="bbox 105 785 1694 857">
     <span class='ocr_line' id='line_1_9' title="bbox 105 785 1694 857; baseline -0.003 -16"><span class='ocrx_word' id='word_1_43' title='bbox 105 805 325 857; x_wconf 79' lang='grc' dir='ltr'>ροντες</span> <span class='ocrx_word' id='word_1_44' title='bbox 363 787 500 840; x_wconf 81' lang='grc' dir='ltr'>κατὰ</span> <span class='ocrx_word' id='word_1_45' title='bbox 561 787 662 854; x_wconf 80' lang='grc' dir='ltr'>τὴν</span> <span class='ocrx_word' id='word_1_46' title='bbox 695 785 836 840; x_wconf 83' lang='grc' dir='ltr'>ὁδόν.</span> <span class='ocrx_word' id='word_1_47' title='bbox 868 785 1134 847; x_wconf 76' lang='grc' dir='ltr'>Βασιλεὺς</span> <span class='ocrx_word' id='word_1_48' title='bbox 1164 787 1264 854; x_wconf 83' lang='grc' dir='ltr'>μὲν</span> <span class='ocrx_word' id='word_1_49' title='bbox 1299 786 1363 852; x_wconf 83' lang='grc' dir='ltr'>δὴ</span> <span class='ocrx_word' id='word_1_50' title='bbox 1401 786 1526 846; x_wconf 79' lang='grc' dir='ltr'>τοὺς</span> <span class='ocrx_word' id='word_1_51' title='bbox 1567 786 1694 853; x_wconf 85' lang='grc' dir='ltr'>Τρι-</span> 
     </span>
    </p>
   </div>
   <div class='ocr_carea' id='block_1_10' title="bbox 108 877 1694 947">
    <p class='ocr_par' dir='ltr' id='par_1_10' title="bbox 108 877 1694 947">
     <span class='ocr_line' id='line_1_10' title="bbox 108 877 1694 947; baseline -0.001 -17"><span class='ocrx_word' id='word_1_52' title='bbox 108 878 367 941; x_wconf 78' lang='grc' dir='ltr'>ϐαλλοὺς</span> <span class='ocrx_word' id='word_1_53' title='bbox 415 877 775 945; x_wconf 74' lang='grc' dir='ltr'>ἐθεράπευσε,</span> <span class='ocrx_word' id='word_1_54' title='bbox 859 878 1068 946; x_wconf 83' lang='grc' dir='ltr'><strong>χώραις</strong></span> <span class='ocrx_word' id='word_1_55' title='bbox 1133 878 1545 947; x_wconf 69' lang='grc' dir='ltr'>δωρησάμενος,</span> <span class='ocrx_word' id='word_1_56' title='bbox 1601 878 1694 929; x_wconf 79' lang='grc' dir='ltr'><strong>καὶ</strong></span> 
     </span>
    </p>
   </div>
   <div class='ocr_carea' id='block_1_11' title="bbox 111 966 1693 1040">
    <p class='ocr_par' dir='ltr' id='par_1_11' title="bbox 111 966 1693 1040">
     <span class='ocr_line' id='line_1_11' title="bbox 111 966 1693 1040; baseline -0.001 -20"><span class='ocrx_word' id='word_1_57' title='bbox 111 972 384 1040; x_wconf 76' lang='grc' dir='ltr'>χρήμασι</span> <span class='ocrx_word' id='word_1_58' title='bbox 428 971 553 1029; x_wconf 78' lang='grc' dir='ltr'>τοὺς</span> <span class='ocrx_word' id='word_1_59' title='bbox 599 968 850 1030; x_wconf 81' lang='grc' dir='ltr'>πολλοὺς,</span> <span class='ocrx_word' id='word_1_60' title='bbox 915 968 1007 1022; x_wconf 80' lang='grc' dir='ltr'>καὶ</span> <span class='ocrx_word' id='word_1_61' title='bbox 1065 967 1164 1037; x_wconf 78' lang='grc' dir='ltr'><strong>τὴν</strong></span> <span class='ocrx_word' id='word_1_62' title='bbox 1212 967 1308 1023; x_wconf 80' lang='grc' dir='ltr'>τοῦ</span> <span class='ocrx_word' id='word_1_63' title='bbox 1363 966 1693 1036; x_wconf 76' lang='grc' dir='ltr'><strong>Ἐλεαζάρου</strong></span> 
     </span>
    </p>
   </div>
   <div class='ocr_carea' id='block_1_12' title="bbox 106 1059 1697 1130">
    <p class='ocr_par' dir='ltr' id='par_1_12' title="bbox 106 1059 1697 1130">
     <span class='ocr_line' id='line_1_12' title="bbox 106 1059 1697 1130; baseline -0.001 -16"><span class='ocrx_word' id='word_1_64' title='bbox 106 1064 369 1130; x_wconf 82' lang='grc' dir='ltr'>γυναῖκα</span> <span class='ocrx_word' id='word_1_65' title='bbox 402 1061 738 1114; x_wconf 81' lang='grc' dir='ltr'><strong>ὑπόσπονδον</strong></span> <span class='ocrx_word' id='word_1_66' title='bbox 772 1061 982 1130; x_wconf 79' lang='grc' dir='ltr'>ἀφῆκεν</span> <span class='ocrx_word' id='word_1_67' title='bbox 1011 1061 1386 1130; x_wconf 75' lang='grc' dir='ltr'><strong>ἀποφέρεσθαι</strong></span> <span class='ocrx_word' id='word_1_68' title='bbox 1414 1060 1506 1110; x_wconf 78' lang='grc' dir='ltr'><strong>τὸν</strong></span> <span class='ocrx_word' id='word_1_69' title='bbox 1532 1059 1697 1112; x_wconf 84' lang='grc' dir='ltr'>πλοῦ-</span> 
     </span>
    </p>
   </div>
   <div class='ocr_carea' id='block_1_13' title="bbox 100 1153 1693 1224">
    <p class='ocr_par' dir='ltr' id='par_1_13' title="bbox 100 1153 1693 1224">
     <span class='ocr_line' id='line_1_13' title="bbox 100 1153 1693 1224; baseline -0.003 -17"><span class='ocrx_word' id='word_1_70' title='bbox 100 1174 206 1208; x_wconf 85' lang='grc' dir='ltr'><strong>τον</strong></span> <span class='ocrx_word' id='word_1_71' title='bbox 229 1156 433 1220; x_wconf 74' lang='grc' dir='ltr'>αὐτῆς,</span> <span class='ocrx_word' id='word_1_72' title='bbox 458 1155 771 1224; x_wconf 73' lang='grc' dir='ltr'><strong>οἰχομένην,</strong></span> <span class='ocrx_word' id='word_1_73' title='bbox 798 1155 890 1206; x_wconf 78' lang='grc' dir='ltr'><strong>καὶ</strong></span> <span class='ocrx_word' id='word_1_74' title='bbox 918 1153 1018 1220; x_wconf 76' lang='grc' dir='ltr'>τήν</span> <span class='ocrx_word' id='word_1_75' title='bbox 1039 1170 1099 1205; x_wconf 77' lang='grc' dir='ltr'><strong>ἰε</strong></span> <span class='ocrx_word' id='word_1_76' title='bbox 1144 1157 1386 1222; x_wconf 75' lang='grc' dir='ltr'>φρουρὰν</span> <span class='ocrx_word' id='word_1_77' title='bbox 1411 1154 1508 1204; x_wconf 75' lang='grc' dir='ltr'>σὺν</span> <span class='ocrx_word' id='word_1_78' title='bbox 1547 1153 1693 1222; x_wconf 86' lang='grc' dir='ltr'><strong>αὐτῴ</strong></span> 
     </span>
    </p>
   </div>
   <div class='ocr_carea' id='block_1_14' title="bbox 104 1243 1690 1315">
    <p class='ocr_par' dir='ltr' id='par_1_14' title="bbox 104 1243 1690 1315">
     <span class='ocr_line' id='line_1_14' title="bbox 104 1243 1690 1315; baseline -0.003 -17"><span class='ocrx_word' id='word_1_79' title='bbox 104 1247 426 1315; x_wconf 64' lang='grc' dir='ltr'>παρέλαϐες</span> <span class='ocrx_word' id='word_1_80' title='bbox 477 1247 585 1299; x_wconf 79' lang='grc' dir='ltr'>Καὶ</span> <span class='ocrx_word' id='word_1_81' title='bbox 639 1247 714 1306; x_wconf 81' lang='grc' dir='ltr'>ὡς</span> <span class='ocrx_word' id='word_1_82' title='bbox 760 1245 907 1314; x_wconf 87' lang='grc' dir='ltr'>αὐτῷ</span> <span class='ocrx_word' id='word_1_83' title='bbox 952 1243 1376 1314; x_wconf 78' lang='grc' dir='ltr'><strong>προσεχώρησεν</strong></span> <span class='ocrx_word' id='word_1_84' title='bbox 1418 1247 1450 1312; x_wconf 80' lang='grc' dir='ltr'>ἡ</span> <span class='ocrx_word' id='word_1_85' title='bbox 1500 1244 1690 1306; x_wconf 83' lang='grc' dir='ltr'><strong>πόλις,</strong></span> 
     </span>
    </p>
   </div>
   <div class='ocr_carea' id='block_1_15' title="bbox 101 1333 1694 1407">
    <p class='ocr_par' dir='ltr' id='par_1_15' title="bbox 101 1333 1694 1407">
     <span class='ocr_line' id='line_1_15' title="bbox 101 1333 1694 1407; baseline -0.001 -16"><span class='ocrx_word' id='word_1_86' title='bbox 101 1341 359 1407; x_wconf 54' lang='grc' dir='ltr'>ὥρμητο</span> <span class='ocrx_word' id='word_1_87' title='bbox 393 1338 492 1406; x_wconf 83' lang='grc' dir='ltr'>μὲν</span> <span class='ocrx_word' id='word_1_88' title='bbox 534 1339 590 1400; x_wconf 84' lang='grc' dir='ltr'>ὲς</span> <span class='ocrx_word' id='word_1_89' title='bbox 645 1337 1050 1405; x_wconf 78' lang='grc' dir='ltr'>Πελοπόννησον</span> <span class='ocrx_word' id='word_1_90' title='bbox 1087 1333 1514 1405; x_wconf 70' lang='grc' dir='ltr'>στρατεύεσθαιο</span> <span class='ocrx_word' id='word_1_91' title='bbox 1556 1337 1694 1404; x_wconf 76' lang='grc' dir='ltr'>μετὰ</span> 
     </span>
    </p>
   </div>
   <div class='ocr_carea' id='block_1_16' title="bbox 100 1427 1693 1498">
    <p class='ocr_par' dir='ltr' id='par_1_16' title="bbox 100 1427 1693 1498">
     <span class='ocr_line' id='line_1_16' title="bbox 100 1427 1693 1498; baseline -0.005 -14"><span class='ocrx_word' id='word_1_92' title='bbox 100 1434 164 1484; x_wconf 74' lang='grc' dir='ltr'>δὲ</span> <span class='ocrx_word' id='word_1_93' title='bbox 193 1431 548 1498; x_wconf 73' lang='grc' dir='ltr'><strong>ἀφικόμενος</strong></span> <span class='ocrx_word' id='word_1_94' title='bbox 582 1429 639 1490; x_wconf 70' lang='grc' dir='ltr'>ἐς</span> <span class='ocrx_word' id='word_1_95' title='bbox 671 1427 998 1492; x_wconf 78' lang='grc' dir='ltr'>Βυζάντιον,</span> <span class='ocrx_word' id='word_1_96' title='bbox 1028 1428 1122 1480; x_wconf 76' lang='grc' dir='ltr'>καὶ</span> <span class='ocrx_word' id='word_1_97' title='bbox 1157 1429 1212 1490; x_wconf 75' lang='grc' dir='ltr'>ἐς</span> <span class='ocrx_word' id='word_1_98' title='bbox 1243 1429 1342 1496; x_wconf 83' lang='grc' dir='ltr'>τὴν</span> <span class='ocrx_word' id='word_1_99' title='bbox 1375 1427 1560 1480; x_wconf 82' lang='grc' dir='ltr'>Ἀσίαν</span> <span class='ocrx_word' id='word_1_100' title='bbox 1577 1427 1693 1478; x_wconf 84' lang='grc' dir='ltr'>δια-</span> 
     </span>
    </p>
   </div>
   <div class='ocr_carea' id='block_1_17' title="bbox 104 1517 1690 1592">
    <p class='ocr_par' dir='ltr' id='par_1_17' title="bbox 104 1517 1690 1592">
     <span class='ocr_line' id='line_1_17' title="bbox 104 1517 1690 1592; baseline -0.004 -18"><span class='ocrx_word' id='word_1_101' title='bbox 104 1524 244 1586; x_wconf 74' lang='grc' dir='ltr'>ϐὰς,</span> <span class='ocrx_word' id='word_1_102' title='bbox 279 1522 518 1592; x_wconf 66' lang='grc' dir='ltr'>ἤλαυνεν</span> <span class='ocrx_word' id='word_1_103' title='bbox 555 1519 650 1572; x_wconf 72' lang='grc' dir='ltr'><strong>ἐπὶ</strong></span> <span class='ocrx_word' id='word_1_104' title='bbox 683 1518 1023 1588; x_wconf 81' lang='grc' dir='ltr'>Ἀμαστρον,</span> <span class='ocrx_word' id='word_1_105' title='bbox 1066 1519 1166 1588; x_wconf 77' lang='grc' dir='ltr'><strong>τὴν</strong></span> <span class='ocrx_word' id='word_1_106' title='bbox 1220 1517 1462 1571; x_wconf 83' lang='grc' dir='ltr'>Ἰανυϊων</span> <span class='ocrx_word' id='word_1_107' title='bbox 1515 1519 1690 1581; x_wconf 87' lang='grc' dir='ltr'>πόλιν,</span> 
     </span>
    </p>
   </div>
   <div class='ocr_carea' id='block_1_18' title="bbox 104 1605 1693 1677">
    <p class='ocr_par' dir='ltr' id='par_1_18' title="bbox 104 1605 1693 1677">
     <span class='ocr_line' id='line_1_18' title="bbox 104 1605 1693 1677; baseline -0.004 -14"><span class='ocrx_word' id='word_1_108' title='bbox 104 1612 209 1663; x_wconf 80' lang='grc' dir='ltr'><strong>ἐπὶ</strong></span> <span class='ocrx_word' id='word_1_109' title='bbox 262 1609 351 1675; x_wconf 82' lang='grc' dir='ltr'><strong>τῷ</strong></span> <span class='ocrx_word' id='word_1_110' title='bbox 383 1610 619 1677; x_wconf 79' lang='grc' dir='ltr'>Εὐξείνῳ</span> <span class='ocrx_word' id='word_1_111' title='bbox 667 1608 868 1677; x_wconf 84' lang='grc' dir='ltr'><strong>πόντῳ.</strong></span> <span class='ocrx_word' id='word_1_112' title='bbox 903 1609 964 1660; x_wconf 85' lang='grc' dir='ltr'><strong>Οἱ</strong></span> <span class='ocrx_word' id='word_1_113' title='bbox 1000 1606 1109 1676; x_wconf 81' lang='grc' dir='ltr'>γὰρ</span> <span class='ocrx_word' id='word_1_114' title='bbox 1166 1607 1379 1660; x_wconf 77' lang='grc' dir='ltr'>Ἰανυῖοι</span> <span class='ocrx_word' id='word_1_115' title='bbox 1431 1605 1693 1674; x_wconf 75' lang='grc' dir='ltr'>πρέσϐεις</span> 
     </span>
    </p>
   </div>
   <div class='ocr_carea' id='block_1_19' title="bbox 103 1693 1687 1769">
    <p class='ocr_par' dir='ltr' id='par_1_19' title="bbox 103 1693 1687 1769">
     <span class='ocr_line' id='line_1_19' title="bbox 103 1693 1687 1769; baseline -0.004 -15"><span class='ocrx_word' id='word_1_116' title='bbox 103 1701 472 1769; x_wconf 80' lang='grc' dir='ltr'>πέμψαντες,</span> <span class='ocrx_word' id='word_1_117' title='bbox 494 1697 719 1768; x_wconf 76' lang='grc' dir='ltr'><strong>ᾐτοῦντο</strong></span> <span class='ocrx_word' id='word_1_118' title='bbox 736 1700 834 1768; x_wconf 79' lang='grc' dir='ltr'><strong>τὴν</strong></span> <span class='ocrx_word' id='word_1_119' title='bbox 858 1698 1129 1766; x_wconf 84' lang='grc' dir='ltr'>Γαλατὶην</span> <span class='ocrx_word' id='word_1_120' title='bbox 1156 1699 1311 1750; x_wconf 80' lang='grc' dir='ltr'>πόλιν</span> <span class='ocrx_word' id='word_1_121' title='bbox 1325 1693 1491 1750; x_wconf 73' lang='grc' dir='ltr'>οὖσαν</span> <span class='ocrx_word' id='word_1_122' title='bbox 1516 1697 1687 1762; x_wconf 82' lang='grc' dir='ltr'>σφῶν,</span> 
     </span>
    </p>
   </div>
   <div class='ocr_carea' id='block_1_20' title="bbox 1801 508 3356 582">
    <p class='ocr_par' dir='ltr' id='par_1_20' title="bbox 1801 508 3356 582">
     <span class='ocr_line' id='line_1_20' title="bbox 1801 508 3356 582; baseline 0.003 -21"><span class='ocrx_word' id='word_1_123' title='bbox 1801 508 1854 563; x_wconf 92' lang='lat' dir='ltr'><strong>in</strong></span> <span class='ocrx_word' id='word_1_124' title='bbox 1881 509 2073 564; x_wconf 80' lang='lat' dir='ltr'><strong>itinere</strong></span> <span class='ocrx_word' id='word_1_125' title='bbox 2101 509 2278 563; x_wconf 83' lang='lat' dir='ltr'><strong>claves</strong></span> <span class='ocrx_word' id='word_1_126' title='bbox 2311 510 2548 564; x_wconf 85' lang='lat' dir='ltr'><strong>tradunt.</strong></span> <span class='ocrx_word' id='word_1_127' title='bbox 2578 510 2647 563; x_wconf 85' lang='lat' dir='ltr'><strong>At</strong></span> <span class='ocrx_word' id='word_1_128' title='bbox 2675 526 2768 565; x_wconf 91' lang='lat' dir='ltr'><strong>rex</strong></span> <span class='ocrx_word' id='word_1_129' title='bbox 2791 527 3014 565; x_wconf 82' lang='lat' dir='ltr'><strong>munera</strong></span> <span class='ocrx_word' id='word_1_130' title='bbox 3050 527 3246 582; x_wconf 74' lang='lat' dir='ltr'><strong>magna</strong></span> <span class='ocrx_word' id='word_1_131' title='bbox 3301 515 3356 566; x_wconf 88' lang='lat' dir='ltr'><strong>in</strong></span> 
     </span>
    </p>
   </div>
   <div class='ocr_carea' id='block_1_21' title="bbox 1799 597 3356 672">
    <p class='ocr_par' dir='ltr' id='par_1_21' title="bbox 1799 597 3356 672">
     <span class='ocr_line' id='line_1_21' title="bbox 1799 597 3356 672; baseline 0.002 -18"><span class='ocrx_word' id='word_1_132' title='bbox 1799 599 1900 654; x_wconf 85' lang='lat' dir='ltr'><strong>hos</strong></span> <span class='ocrx_word' id='word_1_133' title='bbox 1923 597 2193 653; x_wconf 81' lang='lat' dir='ltr'><strong>Triballos</strong></span> <span class='ocrx_word' id='word_1_134' title='bbox 2243 600 2494 665; x_wconf 74' lang='lat' dir='ltr'><strong>contulit,</strong></span> <span class='ocrx_word' id='word_1_135' title='bbox 2537 600 2802 670; x_wconf 87' lang='lat' dir='ltr'><strong>quosdam</strong></span> <span class='ocrx_word' id='word_1_136' title='bbox 2830 601 3045 670; x_wconf 82' lang='lat' dir='ltr'><strong>Opibus.</strong></span> <span class='ocrx_word' id='word_1_137' title='bbox 3092 605 3356 672; x_wconf 79' lang='lat' dir='ltr'><strong>quosdam</strong></span> 
     </span>
    </p>
   </div>
   <div class='ocr_carea' id='block_1_22' title="bbox 1797 689 3358 758">
    <p class='ocr_par' dir='ltr' id='par_1_22' title="bbox 1797 689 3358 758">
     <span class='ocr_line' id='line_1_22' title="bbox 1797 689 3358 758; baseline 0.003 -16"><span class='ocrx_word' id='word_1_138' title='bbox 1797 703 1927 743; x_wconf 85' lang='lat' dir='ltr'><strong>vero</strong></span> <span class='ocrx_word' id='word_1_139' title='bbox 1993 690 2301 758; x_wconf 72' lang='lat' dir='ltr'><strong>regionibus</strong></span> <span class='ocrx_word' id='word_1_140' title='bbox 2359 691 2583 744; x_wconf 87' lang='lat' dir='ltr'><strong>donans.</strong></span> <span class='ocrx_word' id='word_1_141' title='bbox 2654 689 2894 757; x_wconf 71' lang='lat' dir='ltr'><strong>Uxorem</strong></span> <span class='ocrx_word' id='word_1_142' title='bbox 2974 692 3214 752; x_wconf 81' lang='lat' dir='ltr'><strong>Eleazari</strong></span> <span class='ocrx_word' id='word_1_143' title='bbox 3303 695 3358 748; x_wconf 86' lang='lat' dir='ltr'><strong>in</strong></span> 
     </span>
    </p>
   </div>
   <div class='ocr_carea' id='block_1_23' title="bbox 1796 776 3358 854">
    <p class='ocr_par' dir='ltr' id='par_1_23' title="bbox 1796 776 3358 854">
     <span class='ocr_line' id='line_1_23' title="bbox 1796 776 3358 854; baseline 0.005 -24"><span class='ocrx_word' id='word_1_144' title='bbox 1796 776 1974 834; x_wconf 85' lang='lat' dir='ltr'><strong>fcedus</strong></span> <span class='ocrx_word' id='word_1_145' title='bbox 2009 789 2277 848; x_wconf 85' lang='lat' dir='ltr'><strong>receptam</strong></span> <span class='ocrx_word' id='word_1_146' title='bbox 2323 795 2517 850; x_wconf 89' lang='lat' dir='ltr'><strong>passus</strong></span> <span class='ocrx_word' id='word_1_147' title='bbox 2546 790 2628 836; x_wconf 91' lang='lat' dir='ltr'><strong>est</strong></span> <span class='ocrx_word' id='word_1_148' title='bbox 2651 782 2801 836; x_wconf 88' lang='lat' dir='ltr'><strong>abire</strong></span> <span class='ocrx_word' id='word_1_149' title='bbox 2825 781 3158 838; x_wconf 79' lang='lat' dir='ltr'><strong>auferentem</strong></span> <span class='ocrx_word' id='word_1_150' title='bbox 3227 799 3358 854; x_wconf 87' lang='lat' dir='ltr'><strong>opes</strong></span> 
     </span>
    </p>
   </div>
   <div class='ocr_carea' id='block_1_24' title="bbox 1796 869 3358 938">
    <p class='ocr_par' dir='ltr' id='par_1_24' title="bbox 1796 869 3358 938">
     <span class='ocr_line' id='line_1_24' title="bbox 1796 869 3358 938; baseline 0.003 -12"><span class='ocrx_word' id='word_1_151' title='bbox 1796 883 1927 926; x_wconf 84' lang='lat' dir='ltr'><strong>suas</strong></span> <span class='ocrx_word' id='word_1_152' title='bbox 1990 869 2230 938; x_wconf 87' lang='lat' dir='ltr'><strong>impune.</strong></span> <span class='ocrx_word' id='word_1_153' title='bbox 2265 871 2582 925; x_wconf 69' lang='lat' dir='ltr'><strong>Praesidium</strong></span> <span class='ocrx_word' id='word_1_154' title='bbox 2631 882 2810 928; x_wconf 84' lang='lat' dir='ltr'><strong>autem</strong></span> <span class='ocrx_word' id='word_1_155' title='bbox 2874 889 2982 931; x_wconf 85' lang='lat' dir='ltr'><strong>una</strong></span> <span class='ocrx_word' id='word_1_156' title='bbox 3026 888 3164 928; x_wconf 61' lang='lat' dir='ltr'><strong>cum</strong></span> <span class='ocrx_word' id='word_1_157' title='bbox 3224 876 3358 930; x_wconf 86' lang='lat' dir='ltr'><strong>urbe</strong></span> 
     </span>
    </p>
   </div>
   <div class='ocr_carea' id='block_1_25' title="bbox 1794 959 3358 1036">
    <p class='ocr_par' dir='ltr' id='par_1_25' title="bbox 1794 959 3358 1036">
     <span class='ocr_line' id='line_1_25' title="bbox 1794 959 3358 1036; baseline 0.004 -24"><span class='ocrx_word' id='word_1_158' title='bbox 1794 960 1957 1026; x_wconf 88' lang='lat' dir='ltr'><strong>cepit.</strong></span> <span class='ocrx_word' id='word_1_159' title='bbox 1984 959 2261 1030; x_wconf 80' lang='lat' dir='ltr'><strong>Occupata</strong></span> <span class='ocrx_word' id='word_1_160' title='bbox 2295 961 2396 1016; x_wconf 89' lang='lat' dir='ltr'><strong>ista</strong></span> <span class='ocrx_word' id='word_1_161' title='bbox 2451 965 2604 1027; x_wconf 88' lang='lat' dir='ltr'><strong>urbe,</strong></span> <span class='ocrx_word' id='word_1_162' title='bbox 2667 965 2849 1016; x_wconf 87' lang='lat' dir='ltr'><strong>animo</strong></span> <span class='ocrx_word' id='word_1_163' title='bbox 2895 962 3056 1036; x_wconf 65' lang='grc'><strong>245</strong></span> <span class='ocrx_word' id='word_1_164' title='bbox 3109 965 3358 1019; x_wconf 79' lang='lat' dir='ltr'><strong>volvebat</strong></span> 
     </span>
    </p>
   </div>
   <div class='ocr_carea' id='block_1_26' title="bbox 1795 1049 3360 1121">
    <p class='ocr_par' dir='ltr' id='par_1_26' title="bbox 1795 1049 3360 1121">
     <span class='ocr_line' id='line_1_26' title="bbox 1795 1049 3360 1121; baseline 0.003 -18"><span class='ocrx_word' id='word_1_165' title='bbox 1795 1051 2090 1106; x_wconf 88' lang='lat' dir='ltr'><strong>exercitum</strong></span> <span class='ocrx_word' id='word_1_166' title='bbox 2146 1062 2334 1106; x_wconf 87' lang='lat' dir='ltr'><strong>contra</strong></span> <span class='ocrx_word' id='word_1_167' title='bbox 2383 1049 2810 1121; x_wconf 87' lang='lat' dir='ltr'><strong>Peloponnesum</strong></span> <span class='ocrx_word' id='word_1_168' title='bbox 2855 1053 3071 1108; x_wconf 86' lang='lat' dir='ltr'><strong>ducere.</strong></span> <span class='ocrx_word' id='word_1_169' title='bbox 3122 1053 3360 1108; x_wconf 83' lang='lat' dir='ltr'><strong>Veniens</strong></span> 
     </span>
    </p>
   </div>
   <div class='ocr_carea' id='block_1_27' title="bbox 1795 1142 3356 1213">
    <p class='ocr_par' dir='ltr' id='par_1_27' title="bbox 1795 1142 3356 1213">
     <span class='ocr_line' id='line_1_27' title="bbox 1795 1142 3356 1213; baseline 0 -15"><span class='ocrx_word' id='word_1_170' title='bbox 1795 1154 1976 1198; x_wconf 88' lang='lat' dir='ltr'><strong>autem</strong></span> <span class='ocrx_word' id='word_1_171' title='bbox 2042 1142 2356 1213; x_wconf 82' lang='lat' dir='ltr'><strong>Byzantium</strong></span> <span class='ocrx_word' id='word_1_172' title='bbox 2401 1184 2416 1209; x_wconf 88' lang='lat'><strong>,</strong></span> <span class='ocrx_word' id='word_1_173' title='bbox 2487 1155 2541 1197; x_wconf 92' lang='lat' dir='ltr'><strong>et</strong></span> <span class='ocrx_word' id='word_1_174' title='bbox 2593 1145 2721 1200; x_wconf 90' lang='lat' dir='ltr'><strong>hinc</strong></span> <span class='ocrx_word' id='word_1_175' title='bbox 2777 1145 2990 1199; x_wconf 73' lang='lat' dir='ltr'><strong>solvens</strong></span> <span class='ocrx_word' id='word_1_176' title='bbox 3048 1146 3099 1198; x_wconf 90' lang='lat' dir='ltr'><strong>iu</strong></span> <span class='ocrx_word' id='word_1_177' title='bbox 3142 1146 3356 1212; x_wconf 80' lang='lat' dir='ltr'><strong>Asiam,</strong></span> 
     </span>
    </p>
   </div>
   <div class='ocr_carea' id='block_1_28' title="bbox 1795 1234 3355 1290">
    <p class='ocr_par' dir='ltr' id='par_1_28' title="bbox 1795 1234 3355 1290">
     <span class='ocr_line' id='line_1_28' title="bbox 1795 1234 3355 1290; baseline -0.001 0"><span class='ocrx_word' id='word_1_178' title='bbox 1795 1235 2127 1290; x_wconf 81' lang='lat' dir='ltr'><strong>exercitibus</strong></span> <span class='ocrx_word' id='word_1_179' title='bbox 2154 1234 2504 1290; x_wconf 83' lang='lat' dir='ltr'><strong>circumsedit</strong></span> <span class='ocrx_word' id='word_1_180' title='bbox 2549 1235 2858 1290; x_wconf 86' lang='lat' dir='ltr'><strong>Amastrum</strong></span> <span class='ocrx_word' id='word_1_181' title='bbox 2897 1236 3084 1289; x_wconf 83' lang='lat' dir='ltr'><strong>urbem</strong></span> <span class='ocrx_word' id='word_1_182' title='bbox 3113 1236 3355 1289; x_wconf 82' lang='lat' dir='ltr'><strong>Januen-</strong></span> 
     </span>
    </p>
   </div>
   <div class='ocr_carea' id='block_1_29' title="bbox 1793 1323 3356 1390">
    <p class='ocr_par' dir='ltr' id='par_1_29' title="bbox 1793 1323 3356 1390">
     <span class='ocr_line' id='line_1_29' title="bbox 1793 1323 3356 1390; baseline 0 -12"><span class='ocrx_word' id='word_1_183' title='bbox 1793 1325 1960 1390; x_wconf 85' lang='lat' dir='ltr'><strong>sium,</strong></span> <span class='ocrx_word' id='word_1_184' title='bbox 2019 1326 2179 1379; x_wconf 86' lang='lat' dir='ltr'><strong>sitam</strong></span> <span class='ocrx_word' id='word_1_185' title='bbox 2211 1326 2263 1378; x_wconf 91' lang='lat' dir='ltr'><strong>in</strong></span> <span class='ocrx_word' id='word_1_186' title='bbox 2296 1326 2432 1379; x_wconf 89' lang='lat' dir='ltr'><strong>mari</strong></span> <span class='ocrx_word' id='word_1_187' title='bbox 2473 1325 2706 1379; x_wconf 84' lang='lat' dir='ltr'><strong>Euxino.</strong></span> <span class='ocrx_word' id='word_1_188' title='bbox 2737 1327 2872 1378; x_wconf 85' lang='lat' dir='ltr'><strong>Nam</strong></span> <span class='ocrx_word' id='word_1_189' title='bbox 2932 1323 3230 1379; x_wconf 80' lang='lat' dir='ltr'><strong>Januenses</strong></span> <span class='ocrx_word' id='word_1_190' title='bbox 3254 1325 3356 1378; x_wconf 81' lang='lat' dir='ltr'><strong>nii-</strong></span> 
     </span>
    </p>
   </div>
   <div class='ocr_carea' id='block_1_30' title="bbox 1793 1415 3353 1485">
    <p class='ocr_par' dir='ltr' id='par_1_30' title="bbox 1793 1415 3353 1485">
     <span class='ocr_line' id='line_1_30' title="bbox 1793 1415 3353 1485; baseline -0.001 -13"><span class='ocrx_word' id='word_1_191' title='bbox 1793 1425 1976 1472; x_wconf 85' lang='lat' dir='ltr'><strong>serant</strong></span> <span class='ocrx_word' id='word_1_192' title='bbox 2023 1415 2228 1484; x_wconf 75' lang='lat' dir='ltr'><strong>legatos</strong></span> <span class='ocrx_word' id='word_1_193' title='bbox 2253 1417 2318 1469; x_wconf 86' lang='lat' dir='ltr'><strong>ad</strong></span> <span class='ocrx_word' id='word_1_194' title='bbox 2348 1431 2548 1485; x_wconf 78' lang='lat' dir='ltr'><strong>regem,</strong></span> <span class='ocrx_word' id='word_1_195' title='bbox 2578 1416 2806 1484; x_wconf 90' lang='lat' dir='ltr'><strong>petitum</strong></span> <span class='ocrx_word' id='word_1_196' title='bbox 2838 1417 3023 1471; x_wconf 85' lang='lat' dir='ltr'><strong>urbem</strong></span> <span class='ocrx_word' id='word_1_197' title='bbox 3088 1415 3353 1470; x_wconf 85' lang='lat' dir='ltr'><strong>Galatiam</strong></span> 
     </span>
    </p>
   </div>
   <div class='ocr_carea' id='block_1_31' title="bbox 1793 1505 3353 1577">
    <p class='ocr_par' dir='ltr' id='par_1_31' title="bbox 1793 1505 3353 1577">
     <span class='ocr_line' id='line_1_31' title="bbox 1793 1505 3353 1577; baseline -0.001 -17"><span class='ocrx_word' id='word_1_198' title='bbox 1793 1508 1935 1577; x_wconf 67' lang='lat' dir='ltr'><strong>(qua:</strong></span> <span class='ocrx_word' id='word_1_199' title='bbox 1962 1515 2015 1559; x_wconf 89' lang='lat' dir='ltr'><strong>et</strong></span> <span class='ocrx_word' id='word_1_200' title='bbox 2032 1505 2188 1573; x_wconf 88' lang='lat' dir='ltr'><strong>Pera)</strong></span> <span class='ocrx_word' id='word_1_201' title='bbox 2219 1520 2339 1574; x_wconf 67' lang='lat' dir='ltr'><strong>quae</strong></span> <span class='ocrx_word' id='word_1_202' title='bbox 2370 1507 2612 1574; x_wconf 88' lang='lat' dir='ltr'><strong>ipsorum</strong></span> <span class='ocrx_word' id='word_1_203' title='bbox 2640 1516 2807 1570; x_wconf 85' lang='lat' dir='ltr'><strong>esset,</strong></span> <span class='ocrx_word' id='word_1_204' title='bbox 2835 1521 2997 1576; x_wconf 91' lang='lat' dir='ltr'><strong>quam</strong></span> <span class='ocrx_word' id='word_1_205' title='bbox 3030 1508 3353 1575; x_wconf 84' lang='lat' dir='ltr'><strong>possideret,</strong></span> 
     </span>
    </p>
   </div>
   <div class='ocr_carea' id='block_1_32' title="bbox 1791 1595 3354 1667">
    <p class='ocr_par' dir='ltr' id='par_1_32' title="bbox 1791 1595 3354 1667">
     <span class='ocr_line' id='line_1_32' title="bbox 1791 1595 3354 1667; baseline 0 -16"><span class='ocrx_word' id='word_1_206' title='bbox 1791 1597 2042 1667; x_wconf 83' lang='lat' dir='ltr'><strong>quamvis</strong></span> <span class='ocrx_word' id='word_1_207' title='bbox 2089 1595 2290 1650; x_wconf 76' lang='lat' dir='ltr'><strong>fmdera</strong></span> <span class='ocrx_word' id='word_1_208' title='bbox 2330 1598 2767 1658; x_wconf 87' lang='lat' dir='ltr'><strong>intervenissent,</strong></span> <span class='ocrx_word' id='word_1_209' title='bbox 2787 1612 2885 1652; x_wconf 91' lang='lat' dir='ltr'><strong>nec</strong></span> <span class='ocrx_word' id='word_1_210' title='bbox 2929 1598 3104 1666; x_wconf 88' lang='lat' dir='ltr'><strong>aliqua</strong></span> <span class='ocrx_word' id='word_1_211' title='bbox 3155 1598 3354 1667; x_wconf 79' lang='lat' dir='ltr'><strong>injuria</strong></span> 
     </span>
    </p>
   </div>
   <div class='ocr_carea' id='block_1_33' title="bbox 1791 1687 3348 1757">
    <p class='ocr_par' dir='ltr' id='par_1_33' title="bbox 1791 1687 3348 1757">
     <span class='ocr_line' id='line_1_33' title="bbox 1791 1687 3348 1757; baseline -0.002 -11"><span class='ocrx_word' id='word_1_212' title='bbox 1791 1702 1916 1746; x_wconf 85' lang='lat' dir='ltr'><strong>eum</strong></span> <span class='ocrx_word' id='word_1_213' title='bbox 1945 1688 2274 1750; x_wconf 80' lang='lat' dir='ltr'><strong>aﬂ‘ecissent,</strong></span> <span class='ocrx_word' id='word_1_214' title='bbox 2297 1687 2560 1741; x_wconf 84' lang='lat' dir='ltr'><strong>foederum</strong></span> <span class='ocrx_word' id='word_1_215' title='bbox 2587 1689 2906 1755; x_wconf 85' lang='lat' dir='ltr'><strong>religionem</strong></span> <span class='ocrx_word' id='word_1_216' title='bbox 2934 1690 3348 1757; x_wconf 82' lang='lat' dir='ltr'><strong>abrumpentes.</strong></span> 
     </span>
    </p>
   </div>
   <div class='ocr_carea' id='block_1_34' title="bbox 104 1757 1686 1860">
    <p class='ocr_par' dir='ltr' id='par_1_34' title="bbox 104 1757 1684 1860">
     <span class='ocr_line' id='line_1_34' title="bbox 104 1757 1684 1860; baseline -0.003 -15"><span class='ocrx_word' id='word_1_217' title='bbox 104 1757 272 1844; x_wconf 74' lang='grc' dir='ltr'>οὐδὲν</span> <span class='ocrx_word' id='word_1_218' title='bbox 299 1757 646 1860; x_wconf 65' lang='grc' dir='ltr'>ἠδικηκότες,</span> <span class='ocrx_word' id='word_1_219' title='bbox 683 1757 801 1843; x_wconf 50' lang='grc' dir='ltr'>καὶ.</span> <span class='ocrx_word' id='word_1_220' title='bbox 839 1757 1342 1859; x_wconf 44' lang='grc' dir='ltr'>σπονδάςέχόντων</span> <span class='ocrx_word' id='word_1_221' title='bbox 1374 1789 1541 1856; x_wconf 77' lang='grc' dir='ltr'>αὐτῷ.</span> <span class='ocrx_word' id='word_1_222' title='bbox 1562 1757 1684 1842; x_wconf 39' lang='grc' dir='ltr'>’Καί</span> 
     </span>
    </p>
   </div>
   <div class='ocr_carea' id='block_1_35' title="bbox 1790 1757 3355 1860">
    <p class='ocr_par' dir='ltr' id='par_1_35' title="bbox 1790 1777 3355 1850">
     <span class='ocr_line' id='line_1_35' title="bbox 1790 1777 3355 1850; baseline 0.001 -18"><span class='ocrx_word' id='word_1_223' title='bbox 1790 1779 2047 1847; x_wconf 86' lang='lat' dir='ltr'><strong>Quamvis</strong></span> <span class='ocrx_word' id='word_1_224' title='bbox 2067 1787 2246 1832; x_wconf 88' lang='lat' dir='ltr'><strong>autem</strong></span> <span class='ocrx_word' id='word_1_225' title='bbox 2263 1780 2381 1846; x_wconf 84' lang='lat' dir='ltr'><strong>ejus</strong></span> <span class='ocrx_word' id='word_1_226' title='bbox 2397 1788 2574 1849; x_wconf 80' lang='lat' dir='ltr'><strong>partes</strong></span> <span class='ocrx_word' id='word_1_227' title='bbox 2592 1777 2848 1850; x_wconf 80' lang='lat' dir='ltr'><strong>Byzantio</strong></span> <span class='ocrx_word' id='word_1_228' title='bbox 2878 1790 3032 1850; x_wconf 88' lang='lat' dir='ltr'><strong>capto</strong></span> <span class='ocrx_word' id='word_1_229' title='bbox 3053 1782 3124 1833; x_wconf 88' lang='lat' dir='ltr'><strong>sit</strong></span> <span class='ocrx_word' id='word_1_230' title='bbox 3148 1790 3355 1844; x_wconf 85' lang='lat' dir='ltr'><strong>secuta,</strong></span> 
     </span>
    </p>
   </div>
   <div class='ocr_carea' id='block_1_36' title="bbox 109 1879 1682 1948">
    <p class='ocr_par' dir='ltr' id='par_1_36' title="bbox 109 1879 1682 1948">
     <span class='ocr_line' id='line_1_36' title="bbox 109 1879 1682 1948; baseline -0.002 -17"><span class='ocrx_word' id='word_1_231' title='bbox 109 1881 162 1931; x_wconf 81' lang='grc' dir='ltr'><strong>εί</strong></span> <span class='ocrx_word' id='word_1_232' title='bbox 215 1879 614 1948; x_wconf 79' lang='grc' dir='ltr'><strong>προσεχώρησε</strong></span> <span class='ocrx_word' id='word_1_233' title='bbox 666 1880 724 1932; x_wconf 80' lang='grc' dir='ltr'>δὲ</span> <span class='ocrx_word' id='word_1_234' title='bbox 773 1880 914 1933; x_wconf 76' lang='grc' dir='ltr'>κατὰ</span> <span class='ocrx_word' id='word_1_235' title='bbox 968 1881 1068 1948; x_wconf 81' lang='grc' dir='ltr'><strong>τὴν</strong></span> <span class='ocrx_word' id='word_1_236' title='bbox 1107 1879 1403 1944; x_wconf 73' lang='grc' dir='ltr'><strong>Βυζαντίου</strong></span> <span class='ocrx_word' id='word_1_237' title='bbox 1460 1879 1682 1941; x_wconf 77' lang='grc' dir='ltr'>ἅλωσιν,</span> 
     </span>
    </p>
   </div>
   <div class='ocr_carea' id='block_1_37' title="bbox 110 1970 1686 2042">
    <p class='ocr_par' dir='ltr' id='par_1_37' title="bbox 110 1970 1686 2042">
     <span class='ocr_line' id='line_1_37' title="bbox 110 1970 1686 2042; baseline -0.001 -18"><span class='ocrx_word' id='word_1_238' title='bbox 110 1974 314 2042; x_wconf 72' lang='grc' dir='ltr'>ἠξίουν</span> <span class='ocrx_word' id='word_1_239' title='bbox 340 1971 496 2034; x_wconf 79' lang='grc' dir='ltr'>αὖθις</span> <span class='ocrx_word' id='word_1_240' title='bbox 524 1972 709 2040; x_wconf 78' lang='grc' dir='ltr'>σφίσιν</span> <span class='ocrx_word' id='word_1_241' title='bbox 730 1971 1082 2040; x_wconf 78' lang='grc' dir='ltr'>ἀποδοθῆναι.</span> <span class='ocrx_word' id='word_1_242' title='bbox 1129 1971 1392 2034; x_wconf 78' lang='grc' dir='ltr'>Βασιλεὺς</span> <span class='ocrx_word' id='word_1_243' title='bbox 1443 1973 1540 2040; x_wconf 83' lang='grc' dir='ltr'>μὲν</span> <span class='ocrx_word' id='word_1_244' title='bbox 1574 1970 1686 2023; x_wconf 80' lang='grc' dir='ltr'>ὀὖν</span> 
     </span>
    </p>
   </div>
   <div class='ocr_carea' id='block_1_38' title="bbox 105 2061 1688 2134">
    <p class='ocr_par' dir='ltr' id='par_1_38' title="bbox 105 2061 1688 2134">
     <span class='ocr_line' id='line_1_38' title="bbox 105 2061 1688 2134; baseline -0.003 -16"><span class='ocrx_word' id='word_1_245' title='bbox 105 2067 488 2134; x_wconf 84' lang='grc' dir='ltr'>ἀπεκρίνατο,</span> <span class='ocrx_word' id='word_1_246' title='bbox 517 2065 592 2125; x_wconf 79' lang='grc' dir='ltr'>ὡς</span> <span class='ocrx_word' id='word_1_247' title='bbox 643 2061 768 2117; x_wconf 77' lang='grc' dir='ltr'>οὔτε</span> <span class='ocrx_word' id='word_1_248' title='bbox 817 2064 978 2125; x_wconf 78' lang='grc' dir='ltr'>αὐτὸς</span> <span class='ocrx_word' id='word_1_249' title='bbox 1012 2064 1249 2132; x_wconf 81' lang='grc' dir='ltr'><strong>ἀδικοίη,</strong></span> <span class='ocrx_word' id='word_1_250' title='bbox 1311 2061 1433 2115; x_wconf 80' lang='grc' dir='ltr'>οὕτε</span> <span class='ocrx_word' id='word_1_251' title='bbox 1487 2062 1688 2125; x_wconf 71' lang='grc' dir='ltr'>ἐλάσας</span> 
     </span>
    </p>
   </div>
   <div class='ocr_carea' id='block_1_39' title="bbox 108 2151 1686 2223">
    <p class='ocr_par' dir='ltr' id='par_1_39' title="bbox 108 2151 1686 2223">
     <span class='ocr_line' id='line_1_39' title="bbox 108 2151 1686 2223; baseline -0.003 -16"><span class='ocrx_word' id='word_1_252' title='bbox 108 2156 230 2207; x_wconf 69' lang='grc' dir='ltr'>ἕλοι</span> <span class='ocrx_word' id='word_1_253' title='bbox 275 2153 378 2223; x_wconf 83' lang='grc' dir='ltr'>τὴν</span> <span class='ocrx_word' id='word_1_254' title='bbox 405 2152 584 2208; x_wconf 81' lang='grc' dir='ltr'>πόλιν.</span> <span class='ocrx_word' id='word_1_255' title='bbox 611 2151 754 2204; x_wconf 82' lang='grc' dir='ltr'>Ἀλλ’</span> <span class='ocrx_word' id='word_1_256' title='bbox 793 2151 841 2204; x_wconf 72' lang='lat' dir='ltr'><strong>ot</strong></span> <span class='ocrx_word' id='word_1_257' title='bbox 875 2152 972 2220; x_wconf 81' lang='grc' dir='ltr'>τῆς</span> <span class='ocrx_word' id='word_1_258' title='bbox 1015 2152 1220 2212; x_wconf 86' lang='grc' dir='ltr'>πόλεως</span> <span class='ocrx_word' id='word_1_259' title='bbox 1253 2152 1532 2222; x_wconf 80' lang='grc' dir='ltr'>ἄρχοντες,</span> <span class='ocrx_word' id='word_1_260' title='bbox 1563 2154 1686 2218; x_wconf 71' lang='grc' dir='ltr'>ἀφι-</span> 
     </span>
    </p>
   </div>
   <div class='ocr_carea' id='block_1_40' title="bbox 114 2242 1686 2315">
    <p class='ocr_par' dir='ltr' id='par_1_40' title="bbox 114 2242 1686 2315">
     <span class='ocr_line' id='line_1_40' title="bbox 114 2242 1686 2315; baseline -0.002 -18"><span class='ocrx_word' id='word_1_261' title='bbox 114 2246 358 2312; x_wconf 77' lang='grc' dir='ltr'>κόμενοι</span> <span class='ocrx_word' id='word_1_262' title='bbox 381 2244 455 2305; x_wconf 85' lang='grc' dir='ltr'>ὼς</span> <span class='ocrx_word' id='word_1_263' title='bbox 483 2242 670 2306; x_wconf 81' lang='grc' dir='ltr'>αὐτὸν,</span> <span class='ocrx_word' id='word_1_264' title='bbox 705 2242 1030 2315; x_wconf 78' lang='grc' dir='ltr'>παρέδωκάν</span> <span class='ocrx_word' id='word_1_265' title='bbox 1066 2259 1126 2296; x_wconf 82' lang='grc' dir='ltr'><strong>τε</strong></span> <span class='ocrx_word' id='word_1_266' title='bbox 1191 2246 1350 2312; x_wconf 50' lang='lat' dir='ltr'><strong>carie,</strong></span> <span class='ocrx_word' id='word_1_267' title='bbox 1408 2243 1686 2308; x_wconf 74' lang='grc' dir='ltr'><strong>ἀξιοῦντες</strong></span> 
     </span>
    </p>
   </div>
   <div class='ocr_carea' id='block_1_41' title="bbox 117 2333 1685 2404">
    <p class='ocr_par' dir='ltr' id='par_1_41' title="bbox 117 2333 1685 2404">
     <span class='ocr_line' id='line_1_41' title="bbox 117 2333 1685 2404; baseline -0.003 -16"><span class='ocrx_word' id='word_1_268' title='bbox 117 2333 183 2391; x_wconf 83' lang='grc' dir='ltr'><strong>εὖ</strong></span> <span class='ocrx_word' id='word_1_269' title='bbox 249 2335 479 2404; x_wconf 78' lang='grc' dir='ltr'>πάσχειν</span> <span class='ocrx_word' id='word_1_270' title='bbox 512 2336 617 2387; x_wconf 85' lang='grc' dir='ltr'><strong>ὐπὸ</strong></span> <span class='ocrx_word' id='word_1_271' title='bbox 671 2335 958 2404; x_wconf 78' lang='grc' dir='ltr'>βασιλέως.</span> <span class='ocrx_word' id='word_1_272' title='bbox 994 2335 1103 2388; x_wconf 79' lang='grc' dir='ltr'>Καὶ</span> <span class='ocrx_word' id='word_1_273' title='bbox 1131 2335 1300 2404; x_wconf 82' lang='grc' dir='ltr'>ταύτῃ</span> <span class='ocrx_word' id='word_1_274' title='bbox 1355 2333 1685 2404; x_wconf 77' lang='grc' dir='ltr'>παραλαϐὼν</span> 
     </span>
    </p>
   </div>
   <div class='ocr_carea' id='block_1_42' title="bbox 117 2424 1685 2493">
    <p class='ocr_par' dir='ltr' id='par_1_42' title="bbox 117 2424 1685 2493">
     <span class='ocr_line' id='line_1_42' title="bbox 117 2424 1685 2493; baseline -0.003 -15"><span class='ocrx_word' id='word_1_275' title='bbox 117 2427 226 2493; x_wconf 79' lang='grc' dir='ltr'>τὴν</span> <span class='ocrx_word' id='word_1_276' title='bbox 269 2425 447 2489; x_wconf 82' lang='grc' dir='ltr'>πόλιν,</span> <span class='ocrx_word' id='word_1_277' title='bbox 479 2425 672 2476; x_wconf 81' lang='grc' dir='ltr'>οὐδένα</span> <span class='ocrx_word' id='word_1_278' title='bbox 693 2424 973 2492; x_wconf 68' lang='grc' dir='ltr'>ἠδικηκὼς</span> <span class='ocrx_word' id='word_1_279' title='bbox 1008 2425 1116 2492; x_wconf 79' lang='grc' dir='ltr'>είη.</span> <span class='ocrx_word' id='word_1_280' title='bbox 1158 2425 1256 2476; x_wconf 78' lang='grc' dir='ltr'><strong>Διὰ</strong></span> <span class='ocrx_word' id='word_1_281' title='bbox 1284 2424 1452 2475; x_wconf 79' lang='grc' dir='ltr'>ταῦτα</span> <span class='ocrx_word' id='word_1_282' title='bbox 1507 2424 1570 2492; x_wconf 81' lang='grc' dir='ltr'>δὴ</span> <span class='ocrx_word' id='word_1_283' title='bbox 1595 2424 1685 2475; x_wconf 77' lang='grc' dir='ltr'><strong>τόν</strong></span> 
     </span>
    </p>
   </div>
   <div class='ocr_carea' id='block_1_43' title="bbox 115 2514 1686 2586">
    <p class='ocr_par' dir='ltr' id='par_1_43' title="bbox 115 2514 1686 2586">
     <span class='ocr_line' id='line_1_43' title="bbox 115 2514 1686 2586; baseline -0.001 -16"><span class='ocrx_word' id='word_1_284' title='bbox 115 2519 369 2584; x_wconf 81' lang='grc' dir='ltr'>πόλεμον</span> <span class='ocrx_word' id='word_1_285' title='bbox 396 2515 852 2583; x_wconf 74' lang='grc' dir='ltr'><strong>ἀπαγγελλόντων</strong></span> <span class='ocrx_word' id='word_1_286' title='bbox 893 2517 1001 2566; x_wconf 85' lang='grc' dir='ltr'><strong>τῶν</strong></span> <span class='ocrx_word' id='word_1_287' title='bbox 1032 2514 1277 2568; x_wconf 82' lang='grc' dir='ltr'><strong>Ἰανυῖων</strong></span> <span class='ocrx_word' id='word_1_288' title='bbox 1335 2516 1480 2578; x_wconf 81' lang='grc' dir='ltr'><strong>τότε¹</strong></span> <span class='ocrx_word' id='word_1_289' title='bbox 1515 2516 1686 2586; x_wconf 70' lang='grc' dir='ltr'>ἤλαυ-</span> 
     </span>
    </p>
   </div>
   <div class='ocr_carea' id='block_1_44' title="bbox 114 2607 1678 2679">
    <p class='ocr_par' dir='ltr' id='par_1_44' title="bbox 114 2607 1678 2679">
     <span class='ocr_line' id='line_1_44' title="bbox 114 2607 1678 2679; baseline 0.001 -17"><span class='ocrx_word' id='word_1_290' title='bbox 114 2630 209 2664; x_wconf 88' lang='grc' dir='ltr'><strong>νεν</strong></span> <span class='ocrx_word' id='word_1_291' title='bbox 248 2611 346 2663; x_wconf 76' lang='grc' dir='ltr'><strong>ἐπὶ</strong></span> <span class='ocrx_word' id='word_1_292' title='bbox 384 2610 692 2678; x_wconf 72' lang='grc' dir='ltr'>’Ἄμαστριν</span> <span class='ocrx_word' id='word_1_293' title='bbox 713 2609 734 2639; x_wconf 69' lang='grc'>⁸</span> <span class='ocrx_word' id='word_1_294' title='bbox 763 2607 914 2661; x_wconf 87' lang='grc' dir='ltr'>πόλιν</span> <span class='ocrx_word' id='word_1_295' title='bbox 975 2609 1068 2660; x_wconf 77' lang='grc' dir='ltr'>ἐπὶ</span> <span class='ocrx_word' id='word_1_296' title='bbox 1101 2607 1176 2676; x_wconf 83' lang='grc' dir='ltr'>τῷ</span> <span class='ocrx_word' id='word_1_297' title='bbox 1211 2609 1446 2677; x_wconf 78' lang='grc' dir='ltr'><strong>Εὐξείνῳ</strong></span> <span class='ocrx_word' id='word_1_298' title='bbox 1479 2609 1678 2679; x_wconf 82' lang='grc' dir='ltr'><strong>πόντῳ.</strong></span> 
     </span>
    </p>
   </div>
   <div class='ocr_carea' id='block_1_45' title="bbox 124 2698 1685 2771">
    <p class='ocr_par' dir='ltr' id='par_1_45' title="bbox 124 2698 1685 2771">
     <span class='ocr_line' id='line_1_45' title="bbox 124 2698 1685 2771; baseline -0.003 -13"><span class='ocrx_word' id='word_1_299' title='bbox 124 2703 412 2768; x_wconf 77' lang='grc' dir='ltr'>Ἐλαύνων</span> <span class='ocrx_word' id='word_1_300' title='bbox 434 2701 515 2763; x_wconf 66' lang='grc' dir='ltr'><strong>δὲ,</strong></span> <span class='ocrx_word' id='word_1_301' title='bbox 550 2701 783 2769; x_wconf 75' lang='grc' dir='ltr'>ἐφέρετο</span> <span class='ocrx_word' id='word_1_302' title='bbox 831 2699 930 2769; x_wconf 74' lang='grc' dir='ltr'>μὲν</span> <span class='ocrx_word' id='word_1_303' title='bbox 960 2698 1157 2771; x_wconf 83' lang='grc' dir='ltr'>χαλκὸν</span> <span class='ocrx_word' id='word_1_304' title='bbox 1193 2699 1422 2755; x_wconf 79' lang='grc' dir='ltr'>ἄπλετον</span> <span class='ocrx_word' id='word_1_305' title='bbox 1451 2701 1546 2754; x_wconf 65' lang='grc' dir='ltr'>ἐπὶ</span> <span class='ocrx_word' id='word_1_306' title='bbox 1574 2701 1685 2754; x_wconf 85' lang='grc' dir='ltr'>τῶν</span> 
     </span>
    </p>
   </div>
   <div class='ocr_carea' id='block_1_46' title="bbox 111 2790 1686 2865">
    <p class='ocr_par' dir='ltr' id='par_1_46' title="bbox 111 2790 1686 2865">
     <span class='ocr_line' id='line_1_46' title="bbox 111 2790 1686 2865; baseline -0.004 -16"><span class='ocrx_word' id='word_1_307' title='bbox 111 2795 389 2865; x_wconf 82' lang='grc' dir='ltr'>καμήλων</span> <span class='ocrx_word' id='word_1_308' title='bbox 412 2793 506 2845; x_wconf 76' lang='grc' dir='ltr'><strong>καὶ</strong></span> <span class='ocrx_word' id='word_1_309' title='bbox 539 2791 872 2859; x_wconf 80' lang='grc' dir='ltr'>ὑποζυγίων·</span> <span class='ocrx_word' id='word_1_310' title='bbox 903 2792 1068 2861; x_wconf 75' lang='grc' dir='ltr'>ἧγετο</span> <span class='ocrx_word' id='word_1_311' title='bbox 1101 2791 1156 2844; x_wconf 69' lang='grc' dir='ltr'>δὲ</span> <span class='ocrx_word' id='word_1_312' title='bbox 1187 2793 1279 2844; x_wconf 80' lang='grc' dir='ltr'>καὶ</span> <span class='ocrx_word' id='word_1_313' title='bbox 1331 2791 1420 2843; x_wconf 73' lang='grc' dir='ltr'><strong>τὸν</strong></span> <span class='ocrx_word' id='word_1_314' title='bbox 1453 2791 1560 2843; x_wconf 79' lang='grc' dir='ltr'>ἀπὸ</span> <span class='ocrx_word' id='word_1_315' title='bbox 1588 2790 1686 2859; x_wconf 83' lang='grc' dir='ltr'>τῆς</span> 
     </span>
    </p>
   </div>
   <div class='ocr_carea' id='block_1_47' title="bbox 125 2871 1687 2956">
    <p class='ocr_par' dir='ltr' id='par_1_47' title="bbox 125 2871 1687 2956">
     <span class='ocr_line' id='line_1_47' title="bbox 125 2871 1687 2956; baseline -0.004 -13"><span class='ocrx_word' id='word_1_316' title='bbox 125 2890 320 2951; x_wconf 78' lang='grc' dir='ltr'>Ἀσίας</span> <span class='ocrx_word' id='word_1_317' title='bbox 355 2887 610 2956; x_wconf 85' lang='grc' dir='ltr'>στρατόν.</span> <span class='ocrx_word' id='word_1_318' title='bbox 652 2871 739 2946; x_wconf 82' lang='grc' dir='ltr'>Ὣς</span> <span class='ocrx_word' id='word_1_319' title='bbox 777 2885 834 2938; x_wconf 76' lang='grc' dir='ltr'>δὲ</span> <span class='ocrx_word' id='word_1_320' title='bbox 857 2886 1185 2953; x_wconf 83' lang='grc' dir='ltr'>ἀφικόμενος</span> <span class='ocrx_word' id='word_1_321' title='bbox 1229 2883 1536 2952; x_wconf 78' lang='grc' dir='ltr'>ἐπολιόρκει</span> <span class='ocrx_word' id='word_1_322' title='bbox 1589 2883 1687 2950; x_wconf 77' lang='grc' dir='ltr'>τὴν</span> 
     </span>
    </p>
   </div>
   <div class='ocr_carea' id='block_1_48' title="bbox 115 2973 1682 3048">
    <p class='ocr_par' dir='ltr' id='par_1_48' title="bbox 115 2973 1682 3048">
     <span class='ocr_line' id='line_1_48' title="bbox 115 2973 1682 3048; baseline -0.004 -14"><span class='ocrx_word' id='word_1_323' title='bbox 115 2984 301 3044; x_wconf 79' lang='grc' dir='ltr'>πόλιν,</span> <span class='ocrx_word' id='word_1_324' title='bbox 331 2978 754 3048; x_wconf 81' lang='grc' dir='ltr'>προσεχώρησεν</span> <span class='ocrx_word' id='word_1_325' title='bbox 782 2977 816 3048; x_wconf 80' lang='grc' dir='ltr'><strong>ἠ</strong></span> <span class='ocrx_word' id='word_1_326' title='bbox 849 2977 1000 3038; x_wconf 85' lang='grc' dir='ltr'>πόλις</span> <span class='ocrx_word' id='word_1_327' title='bbox 1034 2975 1181 3044; x_wconf 86' lang='grc' dir='ltr'>αὐτῷ</span> <span class='ocrx_word' id='word_1_328' title='bbox 1221 2975 1346 3028; x_wconf 77' lang='grc' dir='ltr'>καθ’</span> <span class='ocrx_word' id='word_1_329' title='bbox 1373 2973 1682 3043; x_wconf 76' lang='grc' dir='ltr'>ὁμολογίαν.</span> 
     </span>
    </p>
   </div>
   <div class='ocr_carea' id='block_1_49' title="bbox 1789 1868 3354 1938">
    <p class='ocr_par' dir='ltr' id='par_1_49' title="bbox 1789 1868 3354 1938">
     <span class='ocr_line' id='line_1_49' title="bbox 1789 1868 3354 1938; baseline 0 -16"><span class='ocrx_word' id='word_1_330' title='bbox 1789 1879 1966 1922; x_wconf 91' lang='lat' dir='ltr'><strong>tamen</strong></span> <span class='ocrx_word' id='word_1_331' title='bbox 1982 1881 2098 1921; x_wconf 84' lang='lat' dir='ltr'><strong>eam</strong></span> <span class='ocrx_word' id='word_1_332' title='bbox 2117 1869 2438 1922; x_wconf 78' lang='lat' dir='ltr'><strong>sihirestitui</strong></span> <span class='ocrx_word' id='word_1_333' title='bbox 2455 1869 2699 1923; x_wconf 87' lang='lat' dir='ltr'><strong>orabant.</strong></span> <span class='ocrx_word' id='word_1_334' title='bbox 2717 1869 2827 1922; x_wconf 79' lang='lat' dir='ltr'><strong>Rex</strong></span> <span class='ocrx_word' id='word_1_335' title='bbox 2848 1868 3034 1938; x_wconf 81' lang='lat' dir='ltr'><strong>legatis</strong></span> <span class='ocrx_word' id='word_1_336' title='bbox 3056 1870 3354 1937; x_wconf 80' lang='lat' dir='ltr'><strong>reSpOtidit,</strong></span> 
     </span>
    </p>
   </div>
   <div class='ocr_carea' id='block_1_50' title="bbox 1787 1957 3356 2024">
    <p class='ocr_par' dir='ltr' id='par_1_50' title="bbox 1787 1957 3356 2024">
     <span class='ocr_line' id='line_1_50' title="bbox 1787 1957 3356 2024; baseline -0.001 -10"><span class='ocrx_word' id='word_1_337' title='bbox 1787 1974 1845 2014; x_wconf 88' lang='lat' dir='ltr'><strong>se</strong></span> <span class='ocrx_word' id='word_1_338' title='bbox 1862 1960 2059 2014; x_wconf 90' lang='lat' dir='ltr'><strong>nullam</strong></span> <span class='ocrx_word' id='word_1_339' title='bbox 2081 1957 2322 2012; x_wconf 86' lang='lat' dir='ltr'><strong>fraudem</strong></span> <span class='ocrx_word' id='word_1_340' title='bbox 2343 1958 2798 2024; x_wconf 74' lang='lat' dir='ltr'><strong>Galatiaefecisse,</strong></span> <span class='ocrx_word' id='word_1_341' title='bbox 2823 1975 2919 2014; x_wconf 91' lang='lat' dir='ltr'><strong>nec</strong></span> <span class='ocrx_word' id='word_1_342' title='bbox 2937 1961 3206 2014; x_wconf 72' lang='lat' dir='ltr'><strong>exercitus</strong></span> <span class='ocrx_word' id='word_1_343' title='bbox 3225 1973 3356 2014; x_wconf 84' lang='lat' dir='ltr'><strong>con-</strong></span> 
     </span>
    </p>
   </div>
   <div class='ocr_carea' id='block_1_51' title="bbox 1788 2049 3356 2118">
    <p class='ocr_par' dir='ltr' id='par_1_51' title="bbox 1788 2049 3356 2118">
     <span class='ocr_line' id='line_1_51' title="bbox 1788 2049 3356 2118; baseline 0.001 -16"><span class='ocrx_word' id='word_1_344' title='bbox 1788 2057 1868 2102; x_wconf 88' lang='lat' dir='ltr'><strong>tra</strong></span> <span class='ocrx_word' id='word_1_345' title='bbox 1889 2062 2007 2101; x_wconf 88' lang='lat' dir='ltr'><strong>eam</strong></span> <span class='ocrx_word' id='word_1_346' title='bbox 2034 2049 2286 2113; x_wconf 85' lang='lat' dir='ltr'><strong>movisse,</strong></span> <span class='ocrx_word' id='word_1_347' title='bbox 2313 2063 2410 2102; x_wconf 88' lang='lat' dir='ltr'><strong>nec</strong></span> <span class='ocrx_word' id='word_1_348' title='bbox 2429 2050 2592 2101; x_wconf 91' lang='lat' dir='ltr'><strong>etiam</strong></span> <span class='ocrx_word' id='word_1_349' title='bbox 2611 2063 2730 2102; x_wconf 89' lang='lat' dir='ltr'><strong>eam</strong></span> <span class='ocrx_word' id='word_1_350' title='bbox 2751 2050 2805 2103; x_wconf 88' lang='lat' dir='ltr'><strong>vi.</strong></span> <span class='ocrx_word' id='word_1_351' title='bbox 2823 2065 3172 2118; x_wconf 66' lang='lat' dir='ltr'><strong>expugnasse</strong></span> <span class='ocrx_word' id='word_1_352' title='bbox 3206 2067 3220 2103; x_wconf 87' lang='lat'><strong>:</strong></span> <span class='ocrx_word' id='word_1_353' title='bbox 3252 2066 3356 2103; x_wconf 75' lang='lat' dir='ltr'><strong>ve—</strong></span> 
     </span>
    </p>
   </div>
   <div class='ocr_carea' id='block_1_52' title="bbox 1786 2137 3354 2208">
    <p class='ocr_par' dir='ltr' id='par_1_52' title="bbox 1786 2137 3354 2208">
     <span class='ocr_line' id='line_1_52' title="bbox 1786 2137 3354 2208; baseline -0.001 -14"><span class='ocrx_word' id='word_1_354' title='bbox 1786 2154 1904 2194; x_wconf 85' lang='lat' dir='ltr'><strong>rum</strong></span> <span class='ocrx_word' id='word_1_355' title='bbox 1929 2139 2076 2192; x_wconf 88' lang='lat' dir='ltr'><strong>urbis</strong></span> <span class='ocrx_word' id='word_1_356' title='bbox 2095 2137 2330 2207; x_wconf 69' lang='lat' dir='ltr'><strong>prmfecti</strong></span> <span class='ocrx_word' id='word_1_357' title='bbox 2355 2139 2726 2203; x_wconf 85' lang='lat' dir='ltr'><strong>advenientes,</strong></span> <span class='ocrx_word' id='word_1_358' title='bbox 2753 2145 3071 2208; x_wconf 88' lang='lat' dir='ltr'><strong>semetipsos</strong></span> <span class='ocrx_word' id='word_1_359' title='bbox 3088 2153 3141 2194; x_wconf 91' lang='lat' dir='ltr'><strong>et</strong></span> <span class='ocrx_word' id='word_1_360' title='bbox 3165 2143 3354 2194; x_wconf 85' lang='lat' dir='ltr'><strong>urbem</strong></span> 
     </span>
    </p>
   </div>
   <div class='ocr_carea' id='block_1_53' title="bbox 1785 2230 3355 2300">
    <p class='ocr_par' dir='ltr' id='par_1_53' title="bbox 1785 2230 3355 2300">
     <span class='ocr_line' id='line_1_53' title="bbox 1785 2230 3355 2300; baseline -0.001 -15"><span class='ocrx_word' id='word_1_361' title='bbox 1785 2231 1913 2285; x_wconf 87' lang='lat' dir='ltr'><strong>mihi</strong></span> <span class='ocrx_word' id='word_1_362' title='bbox 1936 2230 2220 2290; x_wconf 81' lang='lat' dir='ltr'><strong>tradidere,</strong></span> <span class='ocrx_word' id='word_1_363' title='bbox 2243 2245 2299 2284; x_wconf 83' lang='lat' dir='ltr'><strong>tit</strong></span> <span class='ocrx_word' id='word_1_364' title='bbox 2326 2232 2456 2300; x_wconf 91' lang='lat' dir='ltr'><strong>quid</strong></span> <span class='ocrx_word' id='word_1_365' title='bbox 2486 2230 2608 2284; x_wconf 84' lang='lat' dir='ltr'><strong>boui</strong></span> <span class='ocrx_word' id='word_1_366' title='bbox 2629 2233 2827 2298; x_wconf 78' lang='lat' dir='ltr'><strong>potius,</strong></span> <span class='ocrx_word' id='word_1_367' title='bbox 2853 2246 3010 2298; x_wconf 87' lang='lat' dir='ltr'><strong>quam</strong></span> <span class='ocrx_word' id='word_1_368' title='bbox 3035 2232 3182 2294; x_wconf 85' lang='lat' dir='ltr'><strong>mali,</strong></span> <span class='ocrx_word' id='word_1_369' title='bbox 3205 2246 3235 2284; x_wconf 89' lang='lat' dir='ltr'><strong>a</strong></span> <span class='ocrx_word' id='word_1_370' title='bbox 3266 2246 3355 2284; x_wconf 82' lang='lat' dir='ltr'><strong>me</strong></span> 
     </span>
    </p>
   </div>
   <div class='ocr_carea' id='block_1_54' title="bbox 1785 2321 3351 2392">
    <p class='ocr_par' dir='ltr' id='par_1_54' title="bbox 1785 2321 3351 2392">
     <span class='ocr_line' id='line_1_54' title="bbox 1785 2321 3351 2392; baseline -0.002 -16"><span class='ocrx_word' id='word_1_371' title='bbox 1785 2332 2120 2392; x_wconf 83' lang='lat' dir='ltr'><strong>paterentur.</strong></span> <span class='ocrx_word' id='word_1_372' title='bbox 2144 2321 2203 2375; x_wconf 86' lang='lat' dir='ltr'><strong>In</strong></span> <span class='ocrx_word' id='word_1_373' title='bbox 2230 2322 2371 2376; x_wconf 87' lang='lat' dir='ltr'><strong>hunc</strong></span> <span class='ocrx_word' id='word_1_374' title='bbox 2394 2321 2612 2375; x_wconf 91' lang='lat' dir='ltr'><strong>modum</strong></span> <span class='ocrx_word' id='word_1_375' title='bbox 2648 2322 2780 2377; x_wconf 85' lang='lat' dir='ltr'><strong>urbe</strong></span> <span class='ocrx_word' id='word_1_376' title='bbox 2822 2323 2922 2376; x_wconf 90' lang='lat' dir='ltr'><strong>ista</strong></span> <span class='ocrx_word' id='word_1_377' title='bbox 2959 2323 3160 2392; x_wconf 66' lang='lat' dir='ltr'><strong>potitus</strong></span> <span class='ocrx_word' id='word_1_378' title='bbox 3207 2337 3351 2386; x_wconf 82' lang='lat' dir='ltr'><strong>sum,</strong></span> 
     </span>
    </p>
   </div>
   <div class='ocr_carea' id='block_1_55' title="bbox 1785 2413 3350 2482">
    <p class='ocr_par' dir='ltr' id='par_1_55' title="bbox 1785 2413 3350 2482">
     <span class='ocr_line' id='line_1_55' title="bbox 1785 2413 3350 2482; baseline 0.003 -18"><span class='ocrx_word' id='word_1_379' title='bbox 1785 2429 1882 2468; x_wconf 87' lang='lat' dir='ltr'><strong>nec</strong></span> <span class='ocrx_word' id='word_1_380' title='bbox 1916 2415 2166 2482; x_wconf 86' lang='lat' dir='ltr'><strong>cuiquam</strong></span> <span class='ocrx_word' id='word_1_381' title='bbox 2199 2413 2450 2476; x_wconf 89' lang='lat' dir='ltr'><strong>injttriam</strong></span> <span class='ocrx_word' id='word_1_382' title='bbox 2483 2413 2979 2469; x_wconf 74' lang='lat' dir='ltr'><strong>intuliJanuenses</strong></span> <span class='ocrx_word' id='word_1_383' title='bbox 3012 2427 3190 2467; x_wconf 89' lang='lat' dir='ltr'><strong>autem</strong></span> <span class='ocrx_word' id='word_1_384' title='bbox 3225 2429 3350 2468; x_wconf 77' lang='lat' dir='ltr'><strong>cunt</strong></span> 
     </span>
    </p>
   </div>
   <div class='ocr_carea' id='block_1_56' title="bbox 1785 2503 3351 2574">
    <p class='ocr_par' dir='ltr' id='par_1_56' title="bbox 1785 2503 3351 2574">
     <span class='ocr_line' id='line_1_56' title="bbox 1785 2503 3351 2574; baseline 0.003 -18"><span class='ocrx_word' id='word_1_385' title='bbox 1785 2504 1892 2572; x_wconf 70' lang='lat' dir='ltr'><strong>regi</strong></span> <span class='ocrx_word' id='word_1_386' title='bbox 1912 2512 2130 2572; x_wconf 87' lang='lat' dir='ltr'><strong>propter</strong></span> <span class='ocrx_word' id='word_1_387' title='bbox 2148 2503 2306 2565; x_wconf 77' lang='lat' dir='ltr'><strong>istam</strong></span> <span class='ocrx_word' id='word_1_388' title='bbox 2327 2504 2512 2558; x_wconf 87' lang='lat' dir='ltr'><strong>urbem</strong></span> <span class='ocrx_word' id='word_1_389' title='bbox 2533 2505 2731 2558; x_wconf 88' lang='lat' dir='ltr'><strong>bellum</strong></span> <span class='ocrx_word' id='word_1_390' title='bbox 2757 2506 3072 2569; x_wconf 82' lang='lat' dir='ltr'><strong>indicerent,</strong></span> <span class='ocrx_word' id='word_1_391' title='bbox 3094 2507 3206 2573; x_wconf 85' lang='lat' dir='ltr'><strong>ipse</strong></span> <span class='ocrx_word' id='word_1_392' title='bbox 3227 2521 3351 2574; x_wconf 88' lang='lat' dir='ltr'><strong>pro-</strong></span> 
     </span>
    </p>
   </div>
   <div class='ocr_carea' id='block_1_57' title="bbox 1787 2592 3348 2660">
    <p class='ocr_par' dir='ltr' id='par_1_57' title="bbox 1787 2592 3348 2660">
     <span class='ocr_line' id='line_1_57' title="bbox 1787 2592 3348 2660; baseline 0.003 -15"><span class='ocrx_word' id='word_1_393' title='bbox 1787 2592 1958 2648; x_wconf 87' lang='lat' dir='ltr'><strong>fectus</strong></span> <span class='ocrx_word' id='word_1_394' title='bbox 1977 2602 2215 2646; x_wconf 80' lang='lat' dir='ltr'><strong>estconti</strong></span> <span class='ocrx_word' id='word_1_395' title='bbox 2231 2609 2259 2645; x_wconf 91' lang='lat' dir='ltr'><strong>a</strong></span> <span class='ocrx_word' id='word_1_396' title='bbox 2280 2594 2466 2647; x_wconf 87' lang='lat' dir='ltr'><strong>urbem</strong></span> <span class='ocrx_word' id='word_1_397' title='bbox 2485 2594 2799 2660; x_wconf 69' lang='lat' dir='ltr'><strong>Amastrin],</strong></span> <span class='ocrx_word' id='word_1_398' title='bbox 2819 2594 2884 2648; x_wconf 88' lang='lat' dir='ltr'><strong>ad</strong></span> <span class='ocrx_word' id='word_1_399' title='bbox 2907 2609 3053 2649; x_wconf 85' lang='lat' dir='ltr'><strong>mare</strong></span> <span class='ocrx_word' id='word_1_400' title='bbox 3076 2595 3348 2650; x_wconf 80' lang='lat' dir='ltr'><strong>Euxinum</strong></span> 
     </span>
    </p>
   </div>
   <div class='ocr_carea' id='block_1_58' title="bbox 1787 2684 3360 2755">
    <p class='ocr_par' dir='ltr' id='par_1_58' title="bbox 1787 2684 3360 2755">
     <span class='ocr_line' id='line_1_58' title="bbox 1787 2684 3360 2755; baseline 0.001 -15"><span class='ocrx_word' id='word_1_401' title='bbox 1787 2686 1971 2741; x_wconf 85' lang='lat' dir='ltr'><strong>sitam.</strong></span> <span class='ocrx_word' id='word_1_402' title='bbox 1990 2685 2046 2739; x_wconf 88' lang='lat' dir='ltr'><strong>In</strong></span> <span class='ocrx_word' id='word_1_403' title='bbox 2073 2684 2216 2740; x_wconf 85' lang='lat' dir='ltr'><strong>hanc</strong></span> <span class='ocrx_word' id='word_1_404' title='bbox 2240 2684 2638 2754; x_wconf 75' lang='lat' dir='ltr'><strong>expeditionem</strong></span> <span class='ocrx_word' id='word_1_405' title='bbox 2666 2687 2956 2755; x_wconf 85' lang='lat' dir='ltr'><strong>plurimum</strong></span> <span class='ocrx_word' id='word_1_406' title='bbox 2980 2690 3100 2748; x_wconf 67' lang='lat' dir='ltr'><strong>aeris</strong></span> <span class='ocrx_word' id='word_1_407' title='bbox 3128 2691 3360 2748; x_wconf 76' lang='lat' dir='ltr'><strong>vehebat</strong></span> 
     </span>
    </p>
   </div>
   <div class='ocr_carea' id='block_1_59' title="bbox 1787 2777 3355 2847">
    <p class='ocr_par' dir='ltr' id='par_1_59' title="bbox 1787 2777 3355 2847">
     <span class='ocr_line' id='line_1_59' title="bbox 1787 2777 3355 2847; baseline 0.001 -13"><span class='ocrx_word' id='word_1_408' title='bbox 1787 2779 2008 2834; x_wconf 86' lang='lat' dir='ltr'><strong>camelis</strong></span> <span class='ocrx_word' id='word_1_409' title='bbox 2029 2787 2080 2832; x_wconf 89' lang='lat' dir='ltr'><strong>et</strong></span> <span class='ocrx_word' id='word_1_410' title='bbox 2099 2777 2380 2847; x_wconf 90' lang='lat' dir='ltr'><strong>jumentis.</strong></span> <span class='ocrx_word' id='word_1_411' title='bbox 2399 2778 2596 2833; x_wconf 86' lang='lat' dir='ltr'><strong>Contra</strong></span> <span class='ocrx_word' id='word_1_412' title='bbox 2630 2781 2784 2832; x_wconf 84' lang='lat' dir='ltr'><strong>istam</strong></span> <span class='ocrx_word' id='word_1_413' title='bbox 2809 2780 2995 2833; x_wconf 85' lang='lat' dir='ltr'><strong>urbem</strong></span> <span class='ocrx_word' id='word_1_414' title='bbox 3017 2781 3178 2833; x_wconf 88' lang='lat' dir='ltr'><strong>etiam</strong></span> <span class='ocrx_word' id='word_1_415' title='bbox 3201 2781 3355 2836; x_wconf 79' lang='lat' dir='ltr'><strong>Asia-</strong></span> 
     </span>
    </p>
   </div>
   <div class='ocr_carea' id='block_1_60' title="bbox 1787 2870 3354 2939">
    <p class='ocr_par' dir='ltr' id='par_1_60' title="bbox 1787 2870 3354 2939">
     <span class='ocr_line' id='line_1_60' title="bbox 1787 2870 3354 2939; baseline 0.003 -15"><span class='ocrx_word' id='word_1_416' title='bbox 1787 2882 1920 2924; x_wconf 88' lang='lat' dir='ltr'><strong>num</strong></span> <span class='ocrx_word' id='word_1_417' title='bbox 1967 2872 2269 2923; x_wconf 89' lang='lat' dir='ltr'><strong>exercitum</strong></span> <span class='ocrx_word' id='word_1_418' title='bbox 2323 2870 2710 2928; x_wconf 79' lang='lat' dir='ltr'><strong>ductavit.Ubi</strong></span> <span class='ocrx_word' id='word_1_419' title='bbox 2755 2871 2821 2926; x_wconf 85' lang='lat' dir='ltr'><strong>ad</strong></span> <span class='ocrx_word' id='word_1_420' title='bbox 2869 2873 3057 2939; x_wconf 83' lang='lat' dir='ltr'><strong>urbem</strong></span> <span class='ocrx_word' id='word_1_421' title='bbox 3109 2876 3354 2937; x_wconf 80' lang='lat' dir='ltr'><strong>advenit.</strong></span> 
     </span>
    </p>
   </div>
   <div class='ocr_carea' id='block_1_61' title="bbox 1787 2961 3350 3029">
    <p class='ocr_par' dir='ltr' id='par_1_61' title="bbox 1787 2961 3350 3029">
     <span class='ocr_line' id='line_1_61' title="bbox 1787 2961 3350 3029; baseline 0.008 -21"><span class='ocrx_word' id='word_1_422' title='bbox 1787 2973 2018 3029; x_wconf 80' lang='lat' dir='ltr'><strong>eamque</strong></span> <span class='ocrx_word' id='word_1_423' title='bbox 2047 2974 2356 3028; x_wconf 73' lang='lat' dir='ltr'><strong>expugnare</strong></span> <span class='ocrx_word' id='word_1_424' title='bbox 2409 2961 2620 3027; x_wconf 87' lang='lat' dir='ltr'><strong>institit,</strong></span> <span class='ocrx_word' id='word_1_425' title='bbox 2669 2961 2957 3018; x_wconf 85' lang='lat' dir='ltr'><strong>confestim</strong></span> <span class='ocrx_word' id='word_1_426' title='bbox 3019 2964 3350 3020; x_wconf 88' lang='lat' dir='ltr'><strong>deditionem</strong></span> 
     </span>
    </p>
   </div>
   <div class='ocr_carea' id='block_1_62' title="bbox 117 3049 1686 3161">
    <p class='ocr_par' dir='ltr' id='par_1_62' title="bbox 117 3063 1682 3140">
     <span class='ocr_line' id='line_1_62' title="bbox 117 3063 1682 3140; baseline -0.006 -15"><span class='ocrx_word' id='word_1_427' title='bbox 117 3069 465 3140; x_wconf 80' lang='grc' dir='ltr'>Παραλαϐὼν</span> <span class='ocrx_word' id='word_1_428' title='bbox 489 3067 546 3120; x_wconf 78' lang='grc' dir='ltr'>δὲ</span> <span class='ocrx_word' id='word_1_429' title='bbox 569 3068 664 3138; x_wconf 77' lang='grc' dir='ltr'><strong>τὴν</strong></span> <span class='ocrx_word' id='word_1_430' title='bbox 696 3066 872 3130; x_wconf 88' lang='grc' dir='ltr'>πόλιν,</span> <span class='ocrx_word' id='word_1_431' title='bbox 899 3065 960 3118; x_wconf 77' lang='grc' dir='ltr'>τὸ</span> <span class='ocrx_word' id='word_1_432' title='bbox 986 3065 1087 3133; x_wconf 73' lang='grc' dir='ltr'><strong>μὲν</strong></span> <span class='ocrx_word' id='word_1_433' title='bbox 1113 3066 1296 3135; x_wconf 78' lang='grc' dir='ltr'>τρίτον</span> <span class='ocrx_word' id='word_1_434' title='bbox 1317 3066 1483 3132; x_wconf 72' lang='grc' dir='ltr'>μέρος</span> <span class='ocrx_word' id='word_1_435' title='bbox 1515 3063 1682 3118; x_wconf 83' lang='grc' dir='ltr'>αὐτοῦ</span> 
     </span>
    </p>
   </div>
   <div class='ocr_carea' id='block_1_63' title="bbox 1790 3049 3352 3161">
    <p class='ocr_par' dir='ltr' id='par_1_63' title="bbox 1791 3049 3352 3124">
     <span class='ocr_line' id='line_1_63' title="bbox 1791 3049 3352 3124; baseline 0.006 -23"><span class='ocrx_word' id='word_1_436' title='bbox 1791 3049 1920 3103; x_wconf 90' lang='lat' dir='ltr'><strong>l&#39;ecit</strong></span> <span class='ocrx_word' id='word_1_437' title='bbox 1954 3052 2366 3106; x_wconf 89' lang='lat' dir='ltr'><strong>conditionibus</strong></span> <span class='ocrx_word' id='word_1_438' title='bbox 2399 3055 2746 3124; x_wconf 86' lang='lat' dir='ltr'><strong>quibusdam.</strong></span> <span class='ocrx_word' id='word_1_439' title='bbox 2775 3054 2887 3110; x_wconf 80' lang='lat' dir='ltr'><strong>Rex</strong></span> <span class='ocrx_word' id='word_1_440' title='bbox 2949 3057 3136 3110; x_wconf 89' lang='lat' dir='ltr'><strong>urbem</strong></span> <span class='ocrx_word' id='word_1_441' title='bbox 3187 3057 3352 3110; x_wconf 85' lang='lat' dir='ltr'><strong>istam</strong></span> 
     </span>
    </p>
   </div>
   <div class='ocr_carea' id='block_1_64' title="bbox 115 3160 1684 3232">
    <p class='ocr_par' dir='ltr' id='par_1_64' title="bbox 115 3160 1684 3232">
     <span class='ocr_line' id='line_1_64' title="bbox 115 3160 1684 3232; baseline -0.008 -12"><span class='ocrx_word' id='word_1_442' title='bbox 115 3164 446 3220; x_wconf 83' lang='grc' dir='ltr'>καταλιπὼν</span> <span class='ocrx_word' id='word_1_443' title='bbox 475 3166 533 3216; x_wconf 80' lang='grc' dir='ltr'><strong>ὲν</strong></span> <span class='ocrx_word' id='word_1_444' title='bbox 555 3165 620 3232; x_wconf 80' lang='grc' dir='ltr'>τῇ</span> <span class='ocrx_word' id='word_1_445' title='bbox 650 3162 826 3227; x_wconf 87' lang='grc' dir='ltr'>πόλει,</span> <span class='ocrx_word' id='word_1_446' title='bbox 861 3162 961 3225; x_wconf 84' lang='grc' dir='ltr'>τὰς</span> <span class='ocrx_word' id='word_1_447' title='bbox 995 3160 1089 3215; x_wconf 83' lang='grc' dir='ltr'>δύο</span> <span class='ocrx_word' id='word_1_448' title='bbox 1125 3160 1323 3228; x_wconf 80' lang='grc' dir='ltr'>μοίρας</span> <span class='ocrx_word' id='word_1_449' title='bbox 1349 3160 1574 3226; x_wconf 84' lang='grc' dir='ltr'>ἀγαγὼν</span> <span class='ocrx_word' id='word_1_450' title='bbox 1589 3160 1684 3226; x_wconf 82' lang='grc' dir='ltr'>τῆς</span> 
     </span>
    </p>
   </div>
   <div class='ocr_carea' id='block_1_65' title="bbox 116 3251 1686 3324">
    <p class='ocr_par' dir='ltr' id='par_1_65' title="bbox 116 3251 1686 3324">
     <span class='ocr_line' id='line_1_65' title="bbox 116 3251 1686 3324; baseline -0.006 -12"><span class='ocrx_word' id='word_1_451' title='bbox 116 3259 357 3320; x_wconf 84' lang='grc' dir='ltr'>πόλεως,</span> <span class='ocrx_word' id='word_1_452' title='bbox 422 3257 480 3320; x_wconf 73' lang='grc' dir='ltr'>ἐς</span> <span class='ocrx_word' id='word_1_453' title='bbox 539 3254 836 3318; x_wconf 72' lang='grc' dir='ltr'>Βυζάντιον</span> <span class='ocrx_word' id='word_1_454' title='bbox 894 3253 1192 3324; x_wconf 77' lang='grc' dir='ltr'>κατῴκισε.</span> <span class='ocrx_word' id='word_1_455' title='bbox 1255 3253 1362 3306; x_wconf 83' lang='grc' dir='ltr'>Καί</span> <span class='ocrx_word' id='word_1_456' title='bbox 1396 3269 1546 3314; x_wconf 81' lang='grc' dir='ltr'>τινας</span> <span class='ocrx_word' id='word_1_457' title='bbox 1579 3251 1686 3304; x_wconf 84' lang='grc' dir='ltr'>τῶν</span> 
     </span>
    </p>
   </div>
   <div class='ocr_carea' id='block_1_66' title="bbox 120 3341 1685 3416">
    <p class='ocr_par' dir='ltr' id='par_1_66' title="bbox 120 3341 1685 3416">
     <span class='ocr_line' id='line_1_66' title="bbox 120 3341 1685 3416; baseline -0.008 -13"><span class='ocrx_word' id='word_1_458' title='bbox 120 3351 337 3404; x_wconf 85' lang='grc' dir='ltr'>παίδων</span> <span class='ocrx_word' id='word_1_459' title='bbox 368 3349 534 3402; x_wconf 84' lang='grc' dir='ltr'>αὐτοῦ</span> <span class='ocrx_word' id='word_1_460' title='bbox 563 3348 659 3416; x_wconf 79' lang='grc' dir='ltr'>τῆς</span> <span class='ocrx_word' id='word_1_461' title='bbox 693 3347 907 3408; x_wconf 85' lang='grc' dir='ltr'>πόλεως</span> <span class='ocrx_word' id='word_1_462' title='bbox 956 3344 1272 3412; x_wconf 79' lang='grc' dir='ltr'>ἐξελόμενος</span> <span class='ocrx_word' id='word_1_463' title='bbox 1322 3341 1521 3410; x_wconf 78' lang='grc' dir='ltr'>ἑαυτῷ,</span> <span class='ocrx_word' id='word_1_464' title='bbox 1564 3345 1685 3392; x_wconf 69' lang='lat' dir='ltr'><strong>exo-</strong></span> 
     </span>
    </p>
   </div>
   <div class='ocr_carea' id='block_1_67' title="bbox 129 3434 1685 3509">
    <p class='ocr_par' dir='ltr' id='par_1_67' title="bbox 129 3434 1685 3509">
     <span class='ocr_line' id='line_1_67' title="bbox 129 3434 1685 3509; baseline -0.002 -19"><span class='ocrx_word' id='word_1_465' title='bbox 129 3441 322 3509; x_wconf 82' lang='grc' dir='ltr'>μίζετο</span> <span class='ocrx_word' id='word_1_466' title='bbox 364 3439 446 3491; x_wconf 65' lang='grc' dir='ltr'><strong>ἐπ’</strong></span> <span class='ocrx_word' id='word_1_467' title='bbox 505 3438 680 3492; x_wconf 78' lang='grc' dir='ltr'>οἴκου.</span> <span class='ocrx_word' id='word_1_468' title='bbox 718 3437 888 3491; x_wconf 84' lang='grc' dir='ltr'>Ἔνθα</span> <span class='ocrx_word' id='word_1_469' title='bbox 933 3437 999 3507; x_wconf 78' lang='grc' dir='ltr'>δὴ</span> <span class='ocrx_word' id='word_1_470' title='bbox 1054 3435 1200 3504; x_wconf 88' lang='grc' dir='ltr'>αὐτῷ</span> <span class='ocrx_word' id='word_1_471' title='bbox 1267 3435 1563 3502; x_wconf 77' lang='grc' dir='ltr'>ἠγγέλλετο</span> <span class='ocrx_word' id='word_1_472' title='bbox 1615 3434 1685 3487; x_wconf 82' lang='grc' dir='ltr'>τὰ</span> 
     </span>
    </p>
   </div>
   <div class='ocr_carea' id='block_1_68' title="bbox 128 3525 1685 3598">
    <p class='ocr_par' dir='ltr' id='par_1_68' title="bbox 128 3525 1685 3598">
     <span class='ocr_line' id='line_1_68' title="bbox 128 3525 1685 3598; baseline -0.004 -16"><span class='ocrx_word' id='word_1_473' title='bbox 128 3527 398 3584; x_wconf 79' lang='grc' dir='ltr'>Χασάνεω</span> <span class='ocrx_word' id='word_1_474' title='bbox 475 3528 774 3597; x_wconf 79' lang='grc' dir='ltr'>πράγματα</span> <span class='ocrx_word' id='word_1_475' title='bbox 856 3529 1055 3598; x_wconf 79' lang='grc' dir='ltr'>χωρεῖν</span> <span class='ocrx_word' id='word_1_476' title='bbox 1130 3527 1224 3578; x_wconf 71' lang='grc' dir='ltr'><strong>ἐπὶ</strong></span> <span class='ocrx_word' id='word_1_477' title='bbox 1303 3525 1476 3594; x_wconf 79' lang='grc' dir='ltr'>μέσης</span> <span class='ocrx_word' id='word_1_478' title='bbox 1508 3528 1528 3556; x_wconf 84' lang='grc'>⁸</span> <span class='ocrx_word' id='word_1_479' title='bbox 1597 3526 1685 3577; x_wconf 83' lang='grc' dir='ltr'>δυ-</span> 
     </span>
    </p>
   </div>
   <div class='ocr_carea' id='block_1_69' title="bbox 127 3615 1686 3688">
    <p class='ocr_par' dir='ltr' id='par_1_69' title="bbox 127 3615 1686 3688">
     <span class='ocr_line' id='line_1_69' title="bbox 127 3615 1686 3688; baseline -0.001 -20"><span class='ocrx_word' id='word_1_480' title='bbox 127 3620 352 3688; x_wconf 81' lang='grc' dir='ltr'>νάμεως</span> <span class='ocrx_word' id='word_1_481' title='bbox 410 3619 498 3670; x_wconf 74' lang='grc' dir='ltr'>καὶ</span> <span class='ocrx_word' id='word_1_482' title='bbox 578 3618 944 3687; x_wconf 77' lang='grc' dir='ltr'>Ἐρξιγάνην,</span> <span class='ocrx_word' id='word_1_483' title='bbox 1009 3619 1078 3671; x_wconf 72' lang='grc' dir='ltr'>τὰ</span> <span class='ocrx_word' id='word_1_484' title='bbox 1170 3617 1473 3686; x_wconf 73' lang='grc' dir='ltr'>’Δρμενίων</span> <span class='ocrx_word' id='word_1_485' title='bbox 1532 3615 1686 3686; x_wconf 83' lang='grc' dir='ltr'>βασί-</span> 
     </span>
    </p>
   </div>
   <div class='ocr_carea' id='block_1_70' title="bbox 123 3704 1680 3776">
    <p class='ocr_par' dir='ltr' id='par_1_70' title="bbox 123 3704 1680 3776">
     <span class='ocr_line' id='line_1_70' title="bbox 123 3704 1680 3776; baseline -0.001 -18"><span class='ocrx_word' id='word_1_486' title='bbox 123 3708 269 3760; x_wconf 84' lang='grc' dir='ltr'>λεια.</span> <span class='ocrx_word' id='word_1_487' title='bbox 321 3704 472 3757; x_wconf 78' lang='grc' dir='ltr'>’Λλλὰ</span> <span class='ocrx_word' id='word_1_488' title='bbox 503 3704 672 3757; x_wconf 79' lang='grc' dir='ltr'>ταῦτα</span> <span class='ocrx_word' id='word_1_489' title='bbox 710 3706 807 3775; x_wconf 76' lang='grc' dir='ltr'>μὲν</span> <span class='ocrx_word' id='word_1_490' title='bbox 839 3704 1064 3775; x_wconf 72' lang='grc' dir='ltr'>ὕστερον</span> <span class='ocrx_word' id='word_1_491' title='bbox 1120 3705 1197 3775; x_wconf 83' lang='grc' dir='ltr'>τῷ</span> <span class='ocrx_word' id='word_1_492' title='bbox 1225 3705 1333 3758; x_wconf 72' lang='grc' dir='ltr'>ἔτει</span> <span class='ocrx_word' id='word_1_493' title='bbox 1361 3706 1537 3776; x_wconf 79' lang='grc' dir='ltr'>τούτῳ</span> <span class='ocrx_word' id='word_1_494' title='bbox 1565 3705 1680 3770; x_wconf 86' lang='grc' dir='ltr'><strong>ὲγέ-</strong></span> 
     </span>
    </p>
   </div>
   <div class='ocr_carea' id='block_1_71' title="bbox 118 3812 265 3850">
    <p class='ocr_par' dir='ltr' id='par_1_71' title="bbox 118 3812 265 3850">
     <span class='ocr_line' id='line_1_71' title="bbox 118 3812 265 3850; baseline -0.014 0"><span class='ocrx_word' id='word_1_495' title='bbox 118 3812 265 3850; x_wconf 75' lang='grc' dir='ltr'>νετο.</span> 
     </span>
    </p>
   </div>
   <div class='ocr_carea' id='block_1_72' title="bbox 191 3885 1685 3955">
    <p class='ocr_par' dir='ltr' id='par_1_72' title="bbox 191 3885 1685 3955">
     <span class='ocr_line' id='line_1_72' title="bbox 191 3885 1685 3955; baseline 0 -17"><span class='ocrx_word' id='word_1_496' title='bbox 191 3885 411 3938; x_wconf 75' lang='grc' dir='ltr'>Βασιλεῖ</span> <span class='ocrx_word' id='word_1_497' title='bbox 455 3886 638 3952; x_wconf 81' lang='grc' dir='ltr'>μέντοι</span> <span class='ocrx_word' id='word_1_498' title='bbox 668 3886 1005 3950; x_wconf 78' lang='grc' dir='ltr'>ἐξελαύνοντι</span> <span class='ocrx_word' id='word_1_499' title='bbox 1031 3885 1140 3938; x_wconf 78' lang='grc' dir='ltr'>ἀπὸ</span> <span class='ocrx_word' id='word_1_500' title='bbox 1169 3886 1596 3955; x_wconf 79' lang='grc' dir='ltr'>Πελοποννήσου,</span> <span class='ocrx_word' id='word_1_501' title='bbox 1626 3888 1685 3948; x_wconf 76' lang='grc' dir='ltr'>ἐς</span> 
     </span>
    </p>
   </div>
   <div class='ocr_carea' id='block_1_73' title="bbox 119 3977 1684 4046">
    <p class='ocr_par' dir='ltr' id='par_1_73' title="bbox 119 3977 1684 4046">
     <span class='ocr_line' id='line_1_73' title="bbox 119 3977 1684 4046; baseline 0.002 -16"><span class='ocrx_word' id='word_1_502' title='bbox 119 3979 218 4040; x_wconf 73' lang='grc' dir='ltr'><strong>τὰς</strong></span> <span class='ocrx_word' id='word_1_503' title='bbox 250 3978 422 4046; x_wconf 72' lang='grc' dir='ltr'>θύρις</span> <span class='ocrx_word' id='word_1_504' title='bbox 451 3979 680 4046; x_wconf 80' lang='grc' dir='ltr'>ἀφίκετο</span> <span class='ocrx_word' id='word_1_505' title='bbox 703 3980 729 4030; x_wconf 86' lang='grc' dir='ltr'>ὁ</span> <span class='ocrx_word' id='word_1_506' title='bbox 757 3977 1024 4045; x_wconf 76' lang='grc' dir='ltr'>βασιλέως</span> <span class='ocrx_word' id='word_1_507' title='bbox 1072 3977 1300 4044; x_wconf 79' lang='grc' dir='ltr'>ἀδελφὸς</span> <span class='ocrx_word' id='word_1_508' title='bbox 1334 3979 1684 4046; x_wconf 68' lang='grc' dir='ltr'><strong>Τραπεζοῦν⁴</strong></span> 
     </span>
    </p>
   </div>
   <div class='ocr_carea' id='block_1_74' title="bbox 122 4069 1681 4139">
    <p class='ocr_par' dir='ltr' id='par_1_74' title="bbox 122 4069 1681 4139">
     <span class='ocr_line' id='line_1_74' title="bbox 122 4069 1681 4139; baseline 0 -17"><span class='ocrx_word' id='word_1_509' title='bbox 122 4088 216 4132; x_wconf 87' lang='grc' dir='ltr'><strong>τος</strong></span> <span class='ocrx_word' id='word_1_510' title='bbox 251 4069 432 4133; x_wconf 73' lang='grc' dir='ltr'>Δαϐὶδ,</span> <span class='ocrx_word' id='word_1_511' title='bbox 461 4071 552 4122; x_wconf 88' lang='grc' dir='ltr'><strong>τόν</strong></span> <span class='ocrx_word' id='word_1_512' title='bbox 575 4085 634 4122; x_wconf 87' lang='grc' dir='ltr'><strong>τε</strong></span> <span class='ocrx_word' id='word_1_513' title='bbox 669 4070 835 4139; x_wconf 83' lang='grc' dir='ltr'>φόρον</span> <span class='ocrx_word' id='word_1_514' title='bbox 876 4070 1088 4139; x_wconf 81' lang='grc' dir='ltr'><strong>ὲπέχων</strong></span> <span class='ocrx_word' id='word_1_515' title='bbox 1115 4071 1159 4133; x_wconf 79' lang='grc'>⁸,</span> <span class='ocrx_word' id='word_1_516' title='bbox 1197 4072 1290 4124; x_wconf 71' lang='grc' dir='ltr'><strong>καὶ</strong></span> <span class='ocrx_word' id='word_1_517' title='bbox 1323 4070 1421 4131; x_wconf 82' lang='grc' dir='ltr'>τὰς</span> <span class='ocrx_word' id='word_1_518' title='bbox 1455 4069 1681 4132; x_wconf 76' lang='grc' dir='ltr'>σπονδὰς</span> 
     </span>
    </p>
   </div>
   <div class='ocr_carea' id='block_1_75' title="bbox 121 4150 1684 4231">
    <p class='ocr_par' dir='ltr' id='par_1_75' title="bbox 121 4150 1684 4231">
     <span class='ocr_line' id='line_1_75' title="bbox 121 4150 1684 4231; baseline 0.001 -18"><span class='ocrx_word' id='word_1_519' title='bbox 121 4161 392 4229; x_wconf 80' lang='grc' dir='ltr'>ἐμπεδῶν.</span> <span class='ocrx_word' id='word_1_520' title='bbox 428 4150 617 4228; x_wconf 77' lang='grc' dir='ltr'>υίγὰρ</span> <span class='ocrx_word' id='word_1_521' title='bbox 665 4161 924 4229; x_wconf 81' lang='grc' dir='ltr'>Κολχίδος</span> <span class='ocrx_word' id='word_1_522' title='bbox 977 4161 1221 4230; x_wconf 85' lang='grc' dir='ltr'>βασιλεῖς</span> <span class='ocrx_word' id='word_1_523' title='bbox 1276 4163 1524 4230; x_wconf 78' lang='grc' dir='ltr'>λέγονται</span> <span class='ocrx_word' id='word_1_524' title='bbox 1586 4162 1684 4231; x_wconf 83' lang='grc' dir='ltr'>μὲν</span> 
     </span>
    </p>
   </div>
   <div class='ocr_carea' id='block_1_76' title="bbox 121 4250 1686 4323">
    <p class='ocr_par' dir='ltr' id='par_1_76' title="bbox 121 4250 1686 4323">
     <span class='ocr_line' id='line_1_76' title="bbox 121 4250 1686 4323; baseline 0.001 -19"><span class='ocrx_word' id='word_1_525' title='bbox 121 4253 378 4321; x_wconf 77' lang='grc' dir='ltr'>γενέσθαι</span> <span class='ocrx_word' id='word_1_526' title='bbox 405 4255 670 4322; x_wconf 82' lang='grc' dir='ltr'>πρότερον</span> <span class='ocrx_word' id='word_1_527' title='bbox 701 4250 995 4315; x_wconf 71' lang='grc' dir='ltr'>Βυζαντίου</span> <span class='ocrx_word' id='word_1_528' title='bbox 1047 4251 1308 4320; x_wconf 77' lang='grc' dir='ltr'>βασιλεῖς,</span> <span class='ocrx_word' id='word_1_529' title='bbox 1337 4253 1433 4321; x_wconf 79' lang='grc' dir='ltr'><strong>τῆς</strong></span> <span class='ocrx_word' id='word_1_530' title='bbox 1461 4255 1686 4323; x_wconf 76' lang='grc' dir='ltr'>Κομνηο</span> 
     </span>
    </p>
   </div>
   <div class='ocr_carea' id='block_1_77' title="bbox 118 4341 1682 4412">
    <p class='ocr_par' dir='ltr' id='par_1_77' title="bbox 118 4341 1682 4412">
     <span class='ocr_line' id='line_1_77' title="bbox 118 4341 1682 4412; baseline -0.001 -14"><span class='ocrx_word' id='word_1_531' title='bbox 118 4346 232 4398; x_wconf 78' lang='grc' dir='ltr'>νῶν</span> <span class='ocrx_word' id='word_1_532' title='bbox 261 4343 460 4406; x_wconf 72' lang='grc' dir='ltr'>οἰκίαςο</span> <span class='ocrx_word' id='word_1_533' title='bbox 494 4345 715 4406; x_wconf 81' lang='grc' dir='ltr'>τούτους</span> <span class='ocrx_word' id='word_1_534' title='bbox 747 4341 792 4394; x_wconf 81' lang='grc' dir='ltr'>δ’</span> <span class='ocrx_word' id='word_1_535' title='bbox 815 4342 889 4408; x_wconf 84' lang='grc' dir='ltr'>ὼς</span> <span class='ocrx_word' id='word_1_536' title='bbox 922 4344 1179 4396; x_wconf 78' lang='grc' dir='ltr'>ἐκπεσεῖν</span> <span class='ocrx_word' id='word_1_537' title='bbox 1214 4343 1315 4412; x_wconf 79' lang='grc' dir='ltr'><strong>τῆς</strong></span> <span class='ocrx_word' id='word_1_538' title='bbox 1379 4344 1682 4412; x_wconf 76' lang='grc' dir='ltr'>βασιλείας,</span> 
     </span>
    </p>
   </div>
   <div class='ocr_carea' id='block_1_78' title="bbox 1791 3141 3348 3216">
    <p class='ocr_par' dir='ltr' id='par_1_78' title="bbox 1791 3141 3348 3216">
     <span class='ocr_line' id='line_1_78' title="bbox 1791 3141 3348 3216; baseline 0.006 -22"><span class='ocrx_word' id='word_1_539' title='bbox 1791 3142 1843 3194; x_wconf 92' lang='lat' dir='ltr'><strong>in</strong></span> <span class='ocrx_word' id='word_1_540' title='bbox 1873 3141 2207 3208; x_wconf 85' lang='lat' dir='ltr'><strong>deditionem</strong></span> <span class='ocrx_word' id='word_1_541' title='bbox 2233 3146 2560 3216; x_wconf 84' lang='lat' dir='ltr'><strong>suscipiens,</strong></span> <span class='ocrx_word' id='word_1_542' title='bbox 2594 3157 2801 3216; x_wconf 82' lang='lat' dir='ltr'><strong>partem</strong></span> <span class='ocrx_word' id='word_1_543' title='bbox 2825 3148 3110 3204; x_wconf 85' lang='lat' dir='ltr'><strong>hominum</strong></span> <span class='ocrx_word' id='word_1_544' title='bbox 3137 3150 3348 3205; x_wconf 85' lang='lat' dir='ltr'><strong>tertiam</strong></span> 
     </span>
    </p>
   </div>
   <div class='ocr_carea' id='block_1_79' title="bbox 1791 3233 3350 3311">
    <p class='ocr_par' dir='ltr' id='par_1_79' title="bbox 1791 3233 3350 3311">
     <span class='ocr_line' id='line_1_79' title="bbox 1791 3233 3350 3311; baseline 0.01 -25"><span class='ocrx_word' id='word_1_545' title='bbox 1791 3233 1843 3286; x_wconf 93' lang='lat' dir='ltr'><strong>in</strong></span> <span class='ocrx_word' id='word_1_546' title='bbox 1875 3248 1940 3288; x_wconf 88' lang='lat' dir='ltr'><strong>ea</strong></span> <span class='ocrx_word' id='word_1_547' title='bbox 1966 3237 2210 3304; x_wconf 83' lang='lat' dir='ltr'><strong>reliquit,</strong></span> <span class='ocrx_word' id='word_1_548' title='bbox 2250 3238 2487 3307; x_wconf 83' lang='lat' dir='ltr'><strong>reliquas</strong></span> <span class='ocrx_word' id='word_1_549' title='bbox 2513 3239 2649 3293; x_wconf 86' lang='lat' dir='ltr'><strong>duas</strong></span> <span class='ocrx_word' id='word_1_550' title='bbox 2689 3249 2874 3310; x_wconf 83' lang='lat' dir='ltr'><strong>partes</strong></span> <span class='ocrx_word' id='word_1_551' title='bbox 2925 3242 3263 3311; x_wconf 79' lang='lat' dir='ltr'><strong>Byzantium,</strong></span> <span class='ocrx_word' id='word_1_552' title='bbox 3291 3254 3350 3302; x_wconf 79' lang='lat' dir='ltr'><strong>ut</strong></span> 
     </span>
    </p>
   </div>
   <div class='ocr_carea' id='block_1_80' title="bbox 1789 3325 3350 3405">
    <p class='ocr_par' dir='ltr' id='par_1_80' title="bbox 1789 3325 3350 3405">
     <span class='ocr_line' id='line_1_80' title="bbox 1789 3325 3350 3405; baseline 0.01 -28"><span class='ocrx_word' id='word_1_553' title='bbox 1789 3325 1863 3378; x_wconf 89' lang='lat' dir='ltr'><strong>ibi</strong></span> <span class='ocrx_word' id='word_1_554' title='bbox 1891 3327 2220 3393; x_wconf 84' lang='lat' dir='ltr'><strong>habitarent,</strong></span> <span class='ocrx_word' id='word_1_555' title='bbox 2258 3331 2670 3398; x_wconf 83' lang='lat' dir='ltr'><strong>transportavit.</strong></span> <span class='ocrx_word' id='word_1_556' title='bbox 2704 3332 2906 3386; x_wconf 84' lang='lat' dir='ltr'><strong>Deinde</strong></span> <span class='ocrx_word' id='word_1_557' title='bbox 2927 3335 3136 3405; x_wconf 70' lang='lat' dir='ltr'><strong>eligens</strong></span> <span class='ocrx_word' id='word_1_558' title='bbox 3189 3351 3350 3404; x_wconf 86' lang='lat' dir='ltr'><strong>quos-</strong></span> 
     </span>
    </p>
   </div>
   <div class='ocr_carea' id='block_1_81' title="bbox 1788 3417 3352 3494">
    <p class='ocr_par' dir='ltr' id='par_1_81' title="bbox 1788 3417 3352 3494">
     <span class='ocr_line' id='line_1_81' title="bbox 1788 3417 3352 3494; baseline 0.008 -24"><span class='ocrx_word' id='word_1_559' title='bbox 1788 3421 1913 3472; x_wconf 84' lang='lat' dir='ltr'><strong>dam</strong></span> <span class='ocrx_word' id='word_1_560' title='bbox 1941 3417 2179 3473; x_wconf 87' lang='lat' dir='ltr'><strong>civitatis</strong></span> <span class='ocrx_word' id='word_1_561' title='bbox 2215 3419 2379 3488; x_wconf 86' lang='lat' dir='ltr'><strong>hujus</strong></span> <span class='ocrx_word' id='word_1_562' title='bbox 2411 3434 2633 3488; x_wconf 77' lang='lat' dir='ltr'><strong>pueros,</strong></span> <span class='ocrx_word' id='word_1_563' title='bbox 2660 3435 2784 3475; x_wconf 90' lang='lat' dir='ltr'><strong>cum</strong></span> <span class='ocrx_word' id='word_1_564' title='bbox 2840 3424 2908 3478; x_wconf 90' lang='lat' dir='ltr'><strong>iis</strong></span> <span class='ocrx_word' id='word_1_565' title='bbox 2954 3425 3178 3482; x_wconf 86' lang='lat' dir='ltr'><strong>domum</strong></span> <span class='ocrx_word' id='word_1_566' title='bbox 3227 3441 3352 3494; x_wconf 88' lang='lat' dir='ltr'><strong>pro-</strong></span> 
     </span>
    </p>
   </div>
   <div class='ocr_carea' id='block_1_82' title="bbox 1791 3507 3352 3585">
    <p class='ocr_par' dir='ltr' id='par_1_82' title="bbox 1791 3507 3352 3585">
     <span class='ocr_line' id='line_1_82' title="bbox 1791 3507 3352 3585; baseline 0.011 -29"><span class='ocrx_word' id='word_1_567' title='bbox 1791 3507 1962 3562; x_wconf 81' lang='lat' dir='ltr'><strong>iectus</strong></span> <span class='ocrx_word' id='word_1_568' title='bbox 1989 3517 2093 3564; x_wconf 86' lang='lat' dir='ltr'><strong>est.</strong></span> <span class='ocrx_word' id='word_1_569' title='bbox 2118 3507 2328 3566; x_wconf 82' lang='lat' dir='ltr'><strong>Interea</strong></span> <span class='ocrx_word' id='word_1_570' title='bbox 2353 3510 2634 3568; x_wconf 76' lang='lat' dir='ltr'><strong>nuntiatur</strong></span> <span class='ocrx_word' id='word_1_571' title='bbox 2685 3511 2954 3570; x_wconf 84' lang='lat' dir='ltr'><strong>Chasauis</strong></span> <span class='ocrx_word' id='word_1_572' title='bbox 2983 3517 3096 3585; x_wconf 77' lang='lat'><strong>(75)</strong></span> <span class='ocrx_word' id='word_1_573' title='bbox 3126 3533 3213 3572; x_wconf 82' lang='lat' dir='ltr'><strong>res</strong></span> <span class='ocrx_word' id='word_1_574' title='bbox 3236 3534 3352 3572; x_wconf 85' lang='lat' dir='ltr'><strong>ma-</strong></span> 
     </span>
    </p>
   </div>
   <div class='ocr_carea' id='block_1_83' title="bbox 1791 3602 3352 3680">
    <p class='ocr_par' dir='ltr' id='par_1_83' title="bbox 1791 3602 3352 3680">
     <span class='ocr_line' id='line_1_83' title="bbox 1791 3602 3352 3680; baseline 0.01 -28"><span class='ocrx_word' id='word_1_575' title='bbox 1791 3602 1935 3660; x_wconf 82' lang='lat' dir='ltr'><strong>xima</strong></span> <span class='ocrx_word' id='word_1_576' title='bbox 1954 3614 2167 3656; x_wconf 88' lang='lat' dir='ltr'><strong>sumere</strong></span> <span class='ocrx_word' id='word_1_577' title='bbox 2195 3603 2536 3662; x_wconf 87' lang='lat' dir='ltr'><strong>incrementa</strong></span> <span class='ocrx_word' id='word_1_578' title='bbox 2595 3619 2831 3675; x_wconf 88' lang='lat' dir='ltr'><strong>eumque</strong></span> <span class='ocrx_word' id='word_1_579' title='bbox 2856 3623 3080 3677; x_wconf 77' lang='lat' dir='ltr'><strong>pergere</strong></span> <span class='ocrx_word' id='word_1_580' title='bbox 3123 3610 3352 3680; x_wconf 75' lang='lat' dir='ltr'><strong>Erziga-</strong></span> 
     </span>
    </p>
   </div>
   <div class='ocr_carea' id='block_1_84' title="bbox 1793 3691 3345 3767">
    <p class='ocr_par' dir='ltr' id='par_1_84' title="bbox 1793 3691 3345 3767">
     <span class='ocr_line' id='line_1_84' title="bbox 1793 3691 3345 3767; baseline 0.01 -22"><span class='ocrx_word' id='word_1_581' title='bbox 1793 3709 1913 3747; x_wconf 89' lang='lat' dir='ltr'><strong>nam</strong></span> <span class='ocrx_word' id='word_1_582' title='bbox 1936 3691 2073 3765; x_wconf 67' lang='lat'><strong>(74),</strong></span> <span class='ocrx_word' id='word_1_583' title='bbox 2121 3694 2483 3752; x_wconf 86' lang='lat' dir='ltr'><strong>Armenorum</strong></span> <span class='ocrx_word' id='word_1_584' title='bbox 2532 3700 2684 3767; x_wconf 76' lang='lat' dir='ltr'><strong>regni</strong></span> <span class='ocrx_word' id='word_1_585' title='bbox 2706 3702 2914 3755; x_wconf 87' lang='lat' dir='ltr'><strong>sedem.</strong></span> <span class='ocrx_word' id='word_1_586' title='bbox 2975 3703 3173 3762; x_wconf 76' lang='lat' dir='ltr'><strong>Verum</strong></span> <span class='ocrx_word' id='word_1_587' title='bbox 3230 3705 3345 3764; x_wconf 68' lang='lat' dir='ltr'><strong>haec</strong></span> 
     </span>
    </p>
   </div>
   <div class='ocr_carea' id='block_1_85' title="bbox 1787 3773 2821 3863">
    <p class='ocr_par' dir='ltr' id='par_1_85' title="bbox 1787 3773 2821 3863">
     <span class='ocr_line' id='line_1_85' title="bbox 1787 3773 2821 3863; baseline 0.006 -23"><span class='ocrx_word' id='word_1_588' title='bbox 1787 3789 2002 3858; x_wconf 84' lang='lat' dir='ltr'><strong>quidem</strong></span> <span class='ocrx_word' id='word_1_589' title='bbox 2035 3790 2282 3857; x_wconf 84' lang='lat' dir='ltr'><strong>sequenti</strong></span> <span class='ocrx_word' id='word_1_590' title='bbox 2309 3806 2452 3846; x_wconf 90' lang='lat' dir='ltr'><strong>anno</strong></span> <span class='ocrx_word' id='word_1_591' title='bbox 2479 3795 2776 3863; x_wconf 71' lang='lat' dir='ltr'><strong>contigere.</strong></span> <span class='ocrx_word' id='word_1_592' title='bbox 2817 3773 2821 3777; x_wconf 42' lang='grc'><em>’</em></span> 
     </span>
    </p>
   </div>
   <div class='ocr_carea' id='block_1_86' title="bbox 1855 3877 3342 3958">
    <p class='ocr_par' dir='ltr' id='par_1_86' title="bbox 1855 3877 3342 3958">
     <span class='ocr_line' id='line_1_86' title="bbox 1855 3877 3342 3958; baseline 0.007 -24"><span class='ocrx_word' id='word_1_593' title='bbox 1855 3877 1991 3938; x_wconf 87' lang='lat' dir='ltr'><strong>Cum</strong></span> <span class='ocrx_word' id='word_1_594' title='bbox 2020 3896 2117 3936; x_wconf 85' lang='lat' dir='ltr'><strong>rex</strong></span> <span class='ocrx_word' id='word_1_595' title='bbox 2161 3883 2228 3935; x_wconf 89' lang='lat' dir='ltr'><strong>ab</strong></span> <span class='ocrx_word' id='word_1_596' title='bbox 2261 3881 2632 3952; x_wconf 85' lang='lat' dir='ltr'><strong>Peloponneso</strong></span> <span class='ocrx_word' id='word_1_597' title='bbox 2663 3887 2718 3940; x_wconf 93' lang='lat' dir='ltr'><strong>in</strong></span> <span class='ocrx_word' id='word_1_598' title='bbox 2759 3887 2905 3940; x_wconf 86' lang='lat' dir='ltr'><strong>illam</strong></span> <span class='ocrx_word' id='word_1_599' title='bbox 2940 3891 3342 3958; x_wconf 80' lang='lat' dir='ltr'><strong>expeditionem</strong></span> 
     </span>
    </p>
   </div>
   <div class='ocr_carea' id='block_1_87' title="bbox 1789 3973 3345 4051">
    <p class='ocr_par' dir='ltr' id='par_1_87' title="bbox 1789 3973 3345 4051">
     <span class='ocr_line' id='line_1_87' title="bbox 1789 3973 3345 4051; baseline 0.008 -24"><span class='ocrx_word' id='word_1_600' title='bbox 1789 3974 1915 4039; x_wconf 88' lang='lat' dir='ltr'><strong>iret,</strong></span> <span class='ocrx_word' id='word_1_601' title='bbox 1951 3975 2017 4030; x_wconf 87' lang='lat' dir='ltr'><strong>ad</strong></span> <span class='ocrx_word' id='word_1_602' title='bbox 2037 3973 2234 4042; x_wconf 86' lang='lat' dir='ltr'><strong>januas</strong></span> <span class='ocrx_word' id='word_1_603' title='bbox 2259 3978 2402 4030; x_wconf 83' lang='lat' dir='ltr'><strong>venit</strong></span> <span class='ocrx_word' id='word_1_604' title='bbox 2424 3978 2566 4046; x_wconf 76' lang='lat' dir='ltr'><strong>regis</strong></span> <span class='ocrx_word' id='word_1_605' title='bbox 2579 3979 2748 4034; x_wconf 84' lang='lat' dir='ltr'><strong>frater</strong></span> <span class='ocrx_word' id='word_1_606' title='bbox 2777 3978 3131 4051; x_wconf 82' lang='lat' dir='ltr'><strong>Trapezuntis</strong></span> <span class='ocrx_word' id='word_1_607' title='bbox 3155 3984 3345 4045; x_wconf 84' lang='lat' dir='ltr'><strong>David.</strong></span> 
     </span>
    </p>
   </div>
   <div class='ocr_carea' id='block_1_88' title="bbox 1791 4067 3346 4136">
    <p class='ocr_par' dir='ltr' id='par_1_88' title="bbox 1791 4067 3346 4136">
     <span class='ocr_line' id='line_1_88' title="bbox 1791 4067 3346 4136; baseline 0.009 -16"><span class='ocrx_word' id='word_1_608' title='bbox 1791 4067 2048 4120; x_wconf 86' lang='lat' dir='ltr'><strong>tributum</strong></span> <span class='ocrx_word' id='word_1_609' title='bbox 2088 4067 2288 4136; x_wconf 85' lang='lat' dir='ltr'><strong>ferens,</strong></span> <span class='ocrx_word' id='word_1_610' title='bbox 2322 4080 2376 4124; x_wconf 90' lang='lat' dir='ltr'><strong>et</strong></span> <span class='ocrx_word' id='word_1_611' title='bbox 2428 4070 2629 4131; x_wconf 85' lang='lat' dir='ltr'><strong>foedera</strong></span> <span class='ocrx_word' id='word_1_612' title='bbox 2665 4073 2891 4131; x_wconf 86' lang='lat' dir='ltr'><strong>faciens.</strong></span> <span class='ocrx_word' id='word_1_613' title='bbox 2917 4075 3050 4132; x_wconf 84' lang='lat' dir='ltr'><strong>Nam</strong></span> <span class='ocrx_word' id='word_1_614' title='bbox 3070 4079 3346 4134; x_wconf 79' lang='lat' dir='ltr'><strong>Colchidis</strong></span> 
     </span>
    </p>
   </div>
   <div class='ocr_carea' id='block_1_89' title="bbox 1786 4160 3346 4237">
    <p class='ocr_par' dir='ltr' id='par_1_89' title="bbox 1786 4160 3346 4237">
     <span class='ocr_line' id='line_1_89' title="bbox 1786 4160 3346 4237; baseline 0.01 -27"><span class='ocrx_word' id='word_1_615' title='bbox 1786 4171 1944 4228; x_wconf 75' lang='lat' dir='ltr'><strong>reges</strong></span> <span class='ocrx_word' id='word_1_616' title='bbox 1986 4160 2234 4218; x_wconf 90' lang='lat' dir='ltr'><strong>feruntur</strong></span> <span class='ocrx_word' id='word_1_617' title='bbox 2256 4178 2409 4235; x_wconf 74' lang='lat' dir='ltr'><strong>reges</strong></span> <span class='ocrx_word' id='word_1_618' title='bbox 2438 4167 2567 4220; x_wconf 86' lang='lat' dir='ltr'><strong>olim</strong></span> <span class='ocrx_word' id='word_1_619' title='bbox 2596 4165 3048 4237; x_wconf 79' lang='lat' dir='ltr'><strong>Byzantiifuisse,</strong></span> <span class='ocrx_word' id='word_1_620' title='bbox 3074 4172 3238 4226; x_wconf 86' lang='lat' dir='ltr'><strong>nati&#39;e</strong></span> <span class='ocrx_word' id='word_1_621' title='bbox 3262 4171 3346 4226; x_wconf 83' lang='lat' dir='ltr'><strong>fa-</strong></span> 
     </span>
    </p>
   </div>
   <div class='ocr_carea' id='block_1_90' title="bbox 1787 4249 3345 4332">
    <p class='ocr_par' dir='ltr' id='par_1_90' title="bbox 1787 4249 3345 4332">
     <span class='ocr_line' id='line_1_90' title="bbox 1787 4249 3345 4332; baseline 0.009 -32"><span class='ocrx_word' id='word_1_622' title='bbox 1787 4249 1934 4304; x_wconf 89' lang='lat' dir='ltr'><strong>milia</strong></span> <span class='ocrx_word' id='word_1_623' title='bbox 1973 4249 2393 4314; x_wconf 84' lang='lat' dir='ltr'><strong>Comnenorum.</strong></span> <span class='ocrx_word' id='word_1_624' title='bbox 2416 4252 2479 4306; x_wconf 89' lang='lat' dir='ltr'><strong>Hi</strong></span> <span class='ocrx_word' id='word_1_625' title='bbox 2502 4266 2680 4310; x_wconf 88' lang='lat' dir='ltr'><strong>autem</strong></span> <span class='ocrx_word' id='word_1_626' title='bbox 2705 4273 2828 4312; x_wconf 90' lang='lat' dir='ltr'><strong>cum</strong></span> <span class='ocrx_word' id='word_1_627' title='bbox 2843 4260 3165 4314; x_wconf 89' lang='lat' dir='ltr'><strong>exciderunt</strong></span> <span class='ocrx_word' id='word_1_628' title='bbox 3181 4276 3345 4332; x_wconf 76' lang='lat' dir='ltr'><strong>regno</strong></span> 
     </span>
    </p>
   </div>
   <div class='ocr_carea' id='block_1_91' title="bbox 1785 4341 3344 4421">
    <p class='ocr_par' dir='ltr' id='par_1_91' title="bbox 1785 4341 3344 4421">
     <span class='ocr_line' id='line_1_91' title="bbox 1785 4341 3344 4421; baseline 0.006 -24"><span class='ocrx_word' id='word_1_629' title='bbox 1785 4341 2403 4413; x_wconf 78' lang='lat' dir='ltr'><strong>Constantinopolitano,</strong></span> <span class='ocrx_word' id='word_1_630' title='bbox 2421 4347 2688 4402; x_wconf 85' lang='lat' dir='ltr'><strong>lsaacinm</strong></span> <span class='ocrx_word' id='word_1_631' title='bbox 2705 4351 2848 4419; x_wconf 76' lang='lat' dir='ltr'><strong>regis</strong></span> <span class='ocrx_word' id='word_1_632' title='bbox 2867 4351 3034 4405; x_wconf 87' lang='lat' dir='ltr'><strong>tilium</strong></span> <span class='ocrx_word' id='word_1_633' title='bbox 3049 4352 3344 4421; x_wconf 71' lang='lat' dir='ltr'><strong>fugientem</strong></span> 
     </span>
    </p>
   </div>
   <div class='ocr_carea' id='block_1_92' title="bbox 134 4431 1686 4512">
    <p class='ocr_par' dir='ltr' id='par_1_92' title="bbox 134 4431 1680 4502">
     <span class='ocr_line' id='line_1_92' title="bbox 134 4431 1680 4502; baseline -0.001 -12"><span class='ocrx_word' id='word_1_634' title='bbox 134 4437 401 4490; x_wconf 83' lang='grc' dir='ltr'>Ίσαάκιον</span> <span class='ocrx_word' id='word_1_635' title='bbox 428 4436 515 4494; x_wconf 81' lang='grc' dir='ltr'><strong>τὸν</strong></span> <span class='ocrx_word' id='word_1_636' title='bbox 547 4434 711 4487; x_wconf 84' lang='grc' dir='ltr'>παῖδα</span> <span class='ocrx_word' id='word_1_637' title='bbox 735 4431 830 4487; x_wconf 81' lang='grc' dir='ltr'>τοῦ</span> <span class='ocrx_word' id='word_1_638' title='bbox 886 4433 1152 4502; x_wconf 80' lang='grc' dir='ltr'>βασιλέως</span> <span class='ocrx_word' id='word_1_639' title='bbox 1203 4434 1558 4502; x_wconf 81' lang='grc' dir='ltr'>διαφυγόντα,</span> <span class='ocrx_word' id='word_1_640' title='bbox 1593 4453 1680 4490; x_wconf 79' lang='grc' dir='ltr'>τε·</span> 
     </span>
    </p>
   </div>
   <div class='ocr_carea' id='block_1_93' title="bbox 1790 4431 3347 4512">
    <p class='ocr_par' dir='ltr' id='par_1_93' title="bbox 1790 4433 3347 4512">
     <span class='ocr_line' id='line_1_93' title="bbox 1790 4433 3347 4512; baseline 0.008 -28"><span class='ocrx_word' id='word_1_641' title='bbox 1790 4441 1940 4500; x_wconf 88' lang='lat' dir='ltr'><strong>patre</strong></span> <span class='ocrx_word' id='word_1_642' title='bbox 1977 4433 2299 4504; x_wconf 87' lang='lat' dir='ltr'><strong>interempto</strong></span> <span class='ocrx_word' id='word_1_643' title='bbox 2322 4450 2353 4490; x_wconf 87' lang='lat' dir='ltr'><strong>a</strong></span> <span class='ocrx_word' id='word_1_644' title='bbox 2375 4440 2593 4505; x_wconf 88' lang='lat' dir='ltr'><strong>populo,</strong></span> <span class='ocrx_word' id='word_1_645' title='bbox 2616 4450 2833 4506; x_wconf 87' lang='lat' dir='ltr'><strong>propter</strong></span> <span class='ocrx_word' id='word_1_646' title='bbox 2854 4443 3037 4495; x_wconf 83' lang='lat' dir='ltr'><strong>odium</strong></span> <span class='ocrx_word' id='word_1_647' title='bbox 3054 4458 3164 4512; x_wconf 92' lang='lat' dir='ltr'><strong>quo</strong></span> <span class='ocrx_word' id='word_1_648' title='bbox 3189 4446 3242 4496; x_wconf 86' lang='lat' dir='ltr'><strong>in</strong></span> <span class='ocrx_word' id='word_1_649' title='bbox 3263 4445 3347 4512; x_wconf 89' lang='lat' dir='ltr'><strong>ip-</strong></span> 
     </span>
    </p>
   </div>
   <div class='ocr_carea' id='block_1_94' title="bbox 123 4521 1682 4595">
    <p class='ocr_par' dir='ltr' id='par_1_94' title="bbox 123 4521 1682 4595">
     <span class='ocr_line' id='line_1_94' title="bbox 123 4521 1682 4595; baseline 0.001 -18"><span class='ocrx_word' id='word_1_650' title='bbox 123 4526 483 4595; x_wconf 74' lang='grc' dir='ltr'>λευτήσαντος</span> <span class='ocrx_word' id='word_1_651' title='bbox 515 4523 620 4576; x_wconf 80' lang='grc' dir='ltr'><strong>ὐπὸ</strong></span> <span class='ocrx_word' id='word_1_652' title='bbox 651 4521 826 4593; x_wconf 81' lang='grc' dir='ltr'>δήμου</span> <span class='ocrx_word' id='word_1_653' title='bbox 854 4523 948 4576; x_wconf 80' lang='grc' dir='ltr'><strong>τοῦ</strong></span> <span class='ocrx_word' id='word_1_654' title='bbox 996 4525 1206 4592; x_wconf 81' lang='grc' dir='ltr'>πατρὸς</span> <span class='ocrx_word' id='word_1_655' title='bbox 1255 4525 1445 4592; x_wconf 82' lang='grc' dir='ltr'>αὐτοῦ,</span> <span class='ocrx_word' id='word_1_656' title='bbox 1489 4526 1578 4578; x_wconf 77' lang='grc' dir='ltr'>διὰ</span> <span class='ocrx_word' id='word_1_657' title='bbox 1620 4526 1682 4579; x_wconf 80' lang='grc' dir='ltr'><strong>τὸ</strong></span> 
     </span>
    </p>
   </div>
   <div class='ocr_carea' id='block_1_95' title="bbox 128 4613 1684 4686">
    <p class='ocr_par' dir='ltr' id='par_1_95' title="bbox 128 4613 1684 4686">
     <span class='ocr_line' id='line_1_95' title="bbox 128 4613 1684 4686; baseline -0.001 -17"><span class='ocrx_word' id='word_1_658' title='bbox 128 4619 283 4686; x_wconf 73' lang='grc' dir='ltr'>ἔχθος</span> <span class='ocrx_word' id='word_1_659' title='bbox 315 4617 374 4669; x_wconf 80' lang='grc' dir='ltr'>τὸ</span> <span class='ocrx_word' id='word_1_660' title='bbox 405 4615 544 4686; x_wconf 80' lang='grc' dir='ltr'>πρὸς</span> <span class='ocrx_word' id='word_1_661' title='bbox 575 4615 766 4680; x_wconf 72' lang='grc' dir='ltr'>αὐτὸν,</span> <span class='ocrx_word' id='word_1_662' title='bbox 790 4613 1032 4684; x_wconf 66' lang='grc' dir='ltr'>οἴχεσθαι</span> <span class='ocrx_word' id='word_1_663' title='bbox 1068 4617 1162 4668; x_wconf 68' lang='grc' dir='ltr'><strong>ἐπὶ</strong></span> <span class='ocrx_word' id='word_1_664' title='bbox 1186 4615 1282 4685; x_wconf 78' lang='grc' dir='ltr'><strong>τὴν</strong></span> <span class='ocrx_word' id='word_1_665' title='bbox 1309 4615 1545 4684; x_wconf 77' lang='grc' dir='ltr'>Κολχίδα</span> <span class='ocrx_word' id='word_1_666' title='bbox 1575 4617 1684 4686; x_wconf 85' lang='grc' dir='ltr'>χώ-</span> 
     </span>
    </p>
   </div>
   <div class='ocr_carea' id='block_1_96' title="bbox 135 4706 1683 4778">
    <p class='ocr_par' dir='ltr' id='par_1_96' title="bbox 135 4706 1683 4778">
     <span class='ocr_line' id='line_1_96' title="bbox 135 4706 1683 4778; baseline -0.001 -18"><span class='ocrx_word' id='word_1_667' title='bbox 135 4726 256 4778; x_wconf 76' lang='grc' dir='ltr'>ραν,</span> <span class='ocrx_word' id='word_1_668' title='bbox 285 4709 373 4760; x_wconf 75' lang='grc' dir='ltr'>καὶ</span> <span class='ocrx_word' id='word_1_669' title='bbox 400 4708 492 4760; x_wconf 71' lang='grc' dir='ltr'><strong>ἐπὶ</strong></span> <span class='ocrx_word' id='word_1_670' title='bbox 514 4708 612 4776; x_wconf 74' lang='grc' dir='ltr'>τὴν</span> <span class='ocrx_word' id='word_1_671' title='bbox 645 4706 1058 4776; x_wconf 77' lang='grc' dir='ltr'>Τραπεζοῦντα.</span> <span class='ocrx_word' id='word_1_672' title='bbox 1094 4706 1454 4776; x_wconf 68' lang='grc' dir='ltr'>Ἀφικομένου</span> <span class='ocrx_word' id='word_1_673' title='bbox 1497 4707 1554 4758; x_wconf 75' lang='grc' dir='ltr'>δὲ</span> <span class='ocrx_word' id='word_1_674' title='bbox 1597 4709 1683 4759; x_wconf 83' lang='grc' dir='ltr'><strong>ὲν-</strong></span> 
     </span>
    </p>
   </div>
   <div class='ocr_carea' id='block_1_97' title="bbox 133 4789 1684 4868">
    <p class='ocr_par' dir='ltr' id='par_1_97' title="bbox 133 4789 1684 4868">
     <span class='ocr_line' id='line_1_97' title="bbox 133 4789 1684 4868; baseline 0 -18"><span class='ocrx_word' id='word_1_675' title='bbox 133 4799 320 4862; x_wconf 80' lang='grc' dir='ltr'><strong>ταῦθα,</strong></span> <span class='ocrx_word' id='word_1_676' title='bbox 354 4799 685 4868; x_wconf 80' lang='grc' dir='ltr'>καταστῆναι</span> <span class='ocrx_word' id='word_1_677' title='bbox 709 4798 818 4852; x_wconf 87' lang='grc' dir='ltr'><strong>ἀπὸ</strong></span> <span class='ocrx_word' id='word_1_678' title='bbox 848 4789 954 4850; x_wconf 79' lang='grc' dir='ltr'><strong>τῶν</strong></span> <span class='ocrx_word' id='word_1_679' title='bbox 987 4798 1298 4868; x_wconf 76' lang='grc' dir='ltr'>ἐπιχωρίων</span> <span class='ocrx_word' id='word_1_680' title='bbox 1328 4800 1422 4851; x_wconf 74' lang='grc' dir='ltr'><strong>ἐπὶ</strong></span> <span class='ocrx_word' id='word_1_681' title='bbox 1447 4799 1544 4868; x_wconf 74' lang='grc' dir='ltr'>τὴν</span> <span class='ocrx_word' id='word_1_682' title='bbox 1586 4800 1684 4866; x_wconf 73' lang='grc' dir='ltr'>τῆς</span> 
     </span>
    </p>
   </div>
   <div class='ocr_carea' id='block_1_98' title="bbox 139 4889 1682 4961">
    <p class='ocr_par' dir='ltr' id='par_1_98' title="bbox 139 4889 1682 4961">
     <span class='ocr_line' id='line_1_98' title="bbox 139 4889 1682 4961; baseline -0.002 -17"><span class='ocrx_word' id='word_1_683' title='bbox 139 4891 384 4961; x_wconf 79' lang='grc' dir='ltr'>Κολχίδος</span> <span class='ocrx_word' id='word_1_684' title='bbox 415 4890 737 4960; x_wconf 78' lang='grc' dir='ltr'>ἠγεμονίαν,</span> <span class='ocrx_word' id='word_1_685' title='bbox 759 4891 854 4943; x_wconf 78' lang='grc' dir='ltr'>καὶ</span> <span class='ocrx_word' id='word_1_686' title='bbox 879 4890 975 4960; x_wconf 77' lang='grc' dir='ltr'>τὴν</span> <span class='ocrx_word' id='word_1_687' title='bbox 1013 4889 1296 4959; x_wconf 82' lang='grc' dir='ltr'>βασιλείαν</span> <span class='ocrx_word' id='word_1_688' title='bbox 1325 4892 1682 4958; x_wconf 83' lang='grc' dir='ltr'>μετενεγκεῖν</span> 
     </span>
    </p>
   </div>
   <div class='ocr_carea' id='block_1_99' title="bbox 132 4977 1682 5050">
    <p class='ocr_par' dir='ltr' id='par_1_99' title="bbox 132 4977 1682 5050">
     <span class='ocr_line' id='line_1_99' title="bbox 132 4977 1682 5050; baseline -0.001 -17"><span class='ocrx_word' id='word_1_689' title='bbox 132 4982 223 5034; x_wconf 80' lang='grc' dir='ltr'>ἐπὶ</span> <span class='ocrx_word' id='word_1_690' title='bbox 243 4981 337 5050; x_wconf 82' lang='grc' dir='ltr'><strong>τὴν</strong></span> <span class='ocrx_word' id='word_1_691' title='bbox 357 4979 750 5050; x_wconf 77' lang='grc' dir='ltr'>Τραπεζοῦντα</span> <span class='ocrx_word' id='word_1_692' title='bbox 779 4981 880 5049; x_wconf 85' lang='grc' dir='ltr'><strong>τῆς</strong></span> <span class='ocrx_word' id='word_1_693' title='bbox 924 4980 1201 5050; x_wconf 86' lang='grc' dir='ltr'>Κολχίδος.</span> <span class='ocrx_word' id='word_1_694' title='bbox 1238 4980 1349 5033; x_wconf 78' lang='grc' dir='ltr'>Καὶ</span> <span class='ocrx_word' id='word_1_695' title='bbox 1376 4981 1485 5032; x_wconf 77' lang='grc' dir='ltr'><strong>ἀπὸ</strong></span> <span class='ocrx_word' id='word_1_696' title='bbox 1526 4977 1682 5032; x_wconf 82' lang='grc' dir='ltr'>τοῦδε</span> 
     </span>
    </p>
   </div>
   <div class='ocr_carea' id='block_1_100' title="bbox 127 5071 1681 5145">
    <p class='ocr_par' dir='ltr' id='par_1_100' title="bbox 127 5071 1681 5145">
     <span class='ocr_line' id='line_1_100' title="bbox 127 5071 1681 5145; baseline -0.001 -19"><span class='ocrx_word' id='word_1_697' title='bbox 127 5074 429 5145; x_wconf 71' lang='grc' dir='ltr'>βασιλεύειν</span> <span class='ocrx_word' id='word_1_698' title='bbox 454 5072 692 5125; x_wconf 78' lang='grc' dir='ltr'>ἐνταῦθα</span> <span class='ocrx_word' id='word_1_699' title='bbox 718 5072 840 5125; x_wconf 76' lang='grc' dir='ltr'>ἐστε</span> <span class='ocrx_word' id='word_1_700' title='bbox 891 5071 977 5140; x_wconf 72' lang='grc' dir='ltr'><strong>ἐφ’</strong></span> <span class='ocrx_word' id='word_1_701' title='bbox 1043 5073 1188 5140; x_wconf 74' lang='grc' dir='ltr'>ἡμᾶς</span> <span class='ocrx_word' id='word_1_702' title='bbox 1243 5071 1681 5139; x_wconf 81' lang='grc' dir='ltr'>διαγενομένους,</span> 
     </span>
    </p>
   </div>
   <div class='ocr_carea' id='block_1_101' title="bbox 128 5161 1678 5232">
    <p class='ocr_par' dir='ltr' id='par_1_101' title="bbox 128 5161 1678 5232">
     <span class='ocr_line' id='line_1_101' title="bbox 128 5161 1678 5232; baseline -0.003 -13"><span class='ocrx_word' id='word_1_703' title='bbox 128 5165 394 5232; x_wconf 80' lang='grc' dir='ltr'>Ἕλληνάς</span> <span class='ocrx_word' id='word_1_704' title='bbox 424 5181 481 5217; x_wconf 88' lang='grc' dir='ltr'><strong>τε</strong></span> <span class='ocrx_word' id='word_1_705' title='bbox 512 5164 674 5226; x_wconf 76' lang='grc' dir='ltr'>ὄντας</span> <span class='ocrx_word' id='word_1_706' title='bbox 707 5163 769 5215; x_wconf 82' lang='grc' dir='ltr'><strong>τὸ</strong></span> <span class='ocrx_word' id='word_1_707' title='bbox 799 5163 974 5230; x_wconf 74' lang='grc' dir='ltr'>γένος,</span> <span class='ocrx_word' id='word_1_708' title='bbox 1024 5165 1117 5215; x_wconf 79' lang='grc' dir='ltr'><strong>καὶ</strong></span> <span class='ocrx_word' id='word_1_709' title='bbox 1148 5163 1214 5215; x_wconf 80' lang='grc' dir='ltr'>τὰ</span> <span class='ocrx_word' id='word_1_710' title='bbox 1265 5161 1372 5231; x_wconf 71' lang='grc' dir='ltr'><strong>ἢθη</strong></span> <span class='ocrx_word' id='word_1_711' title='bbox 1426 5178 1484 5214; x_wconf 83' lang='grc' dir='ltr'><strong>τε</strong></span> <span class='ocrx_word' id='word_1_712' title='bbox 1539 5161 1678 5229; x_wconf 74' lang='grc' dir='ltr'>ἅμα,</span> 
     </span>
    </p>
   </div>
   <div class='ocr_carea' id='block_1_102' title="bbox 126 5242 1681 5326">
    <p class='ocr_par' dir='ltr' id='par_1_102' title="bbox 126 5242 1681 5326">
     <span class='ocr_line' id='line_1_102' title="bbox 126 5242 1681 5326; baseline -0.005 -16"><span class='ocrx_word' id='word_1_713' title='bbox 126 5260 218 5310; x_wconf 74' lang='grc' dir='ltr'>καὶ</span> <span class='ocrx_word' id='word_1_714' title='bbox 245 5257 341 5326; x_wconf 80' lang='grc' dir='ltr'><strong>τὴν</strong></span> <span class='ocrx_word' id='word_1_715' title='bbox 388 5255 574 5323; x_wconf 70' lang='grc' dir='ltr'>φωνὴν</span> <span class='ocrx_word' id='word_1_716' title='bbox 603 5253 963 5325; x_wconf 82' lang='grc' dir='ltr'>προϊεμένους</span> <span class='ocrx_word' id='word_1_717' title='bbox 1025 5242 1374 5322; x_wconf 79' lang='grc' dir='ltr'>Ἑλληνικήν.</span> <span class='ocrx_word' id='word_1_718' title='bbox 1432 5253 1537 5306; x_wconf 74' lang='grc' dir='ltr'><strong>Καὶ</strong></span> <span class='ocrx_word' id='word_1_719' title='bbox 1560 5255 1681 5304; x_wconf 83' lang='grc' dir='ltr'>ἐπι-</span> 
     </span>
    </p>
   </div>
   <div class='ocr_carea' id='block_1_103' title="bbox 125 5345 1678 5420">
    <p class='ocr_par' dir='ltr' id='par_1_103' title="bbox 125 5345 1678 5420">
     <span class='ocr_line' id='line_1_103' title="bbox 125 5345 1678 5420; baseline -0.003 -18"><span class='ocrx_word' id='word_1_720' title='bbox 125 5349 324 5420; x_wconf 78' lang='grc' dir='ltr'>ταμίας</span> <span class='ocrx_word' id='word_1_721' title='bbox 352 5350 450 5417; x_wconf 78' lang='grc' dir='ltr'>μὲν</span> <span class='ocrx_word' id='word_1_722' title='bbox 480 5347 754 5402; x_wconf 82' lang='grc' dir='ltr'>ποιεῖσθαι</span> <span class='ocrx_word' id='word_1_723' title='bbox 789 5348 923 5417; x_wconf 84' lang='grc' dir='ltr'>πρός</span> <span class='ocrx_word' id='word_1_724' title='bbox 950 5363 1008 5398; x_wconf 85' lang='grc' dir='ltr'><strong>τε</strong></span> <span class='ocrx_word' id='word_1_725' title='bbox 1040 5347 1165 5409; x_wconf 82' lang='grc' dir='ltr'>τοὺς</span> <span class='ocrx_word' id='word_1_726' title='bbox 1201 5346 1430 5416; x_wconf 82' lang='grc' dir='ltr'>ὁμόρους</span> <span class='ocrx_word' id='word_1_727' title='bbox 1463 5345 1678 5418; x_wconf 81' lang='grc' dir='ltr'>Βαρδὰ-</span> 
     </span>
    </p>
   </div>
   <div class='ocr_carea' id='block_1_104' title="bbox 1790 4524 3340 4600">
    <p class='ocr_par' dir='ltr' id='par_1_104' title="bbox 1790 4524 3340 4600">
     <span class='ocr_line' id='line_1_104' title="bbox 1790 4524 3340 4600; baseline 0.01 -26"><span class='ocrx_word' id='word_1_728' title='bbox 1790 4537 1908 4575; x_wconf 88' lang='lat' dir='ltr'><strong>sum</strong></span> <span class='ocrx_word' id='word_1_729' title='bbox 1935 4524 2266 4590; x_wconf 81' lang='lat' dir='ltr'><strong>ferebantur,</strong></span> <span class='ocrx_word' id='word_1_730' title='bbox 2285 4527 2553 4584; x_wconf 79' lang='lat' dir='ltr'><strong>abiissein</strong></span> <span class='ocrx_word' id='word_1_731' title='bbox 2574 4529 2831 4588; x_wconf 79' lang='lat' dir='ltr'><strong>Colchida</strong></span> <span class='ocrx_word' id='word_1_732' title='bbox 2849 4540 2902 4583; x_wconf 89' lang='lat' dir='ltr'><strong>et</strong></span> <span class='ocrx_word' id='word_1_733' title='bbox 2920 4529 3340 4600; x_wconf 81' lang='lat' dir='ltr'><strong>Trapezuntem.</strong></span> 
     </span>
    </p>
   </div>
   <div class='ocr_carea' id='block_1_105' title="bbox 1791 4611 3344 4693">
    <p class='ocr_par' dir='ltr' id='par_1_105' title="bbox 1791 4611 3344 4693">
     <span class='ocr_line' id='line_1_105' title="bbox 1791 4611 3344 4693; baseline 0.008 -26"><span class='ocrx_word' id='word_1_734' title='bbox 1791 4611 1946 4668; x_wconf 80' lang='lat' dir='ltr'><strong>Hunc</strong></span> <span class='ocrx_word' id='word_1_735' title='bbox 1987 4616 2357 4684; x_wconf 81' lang='lat' dir='ltr'><strong>advenientem</strong></span> <span class='ocrx_word' id='word_1_736' title='bbox 2382 4620 2652 4680; x_wconf 77' lang='lat' dir='ltr'><strong>Colchidis</strong></span> <span class='ocrx_word' id='word_1_737' title='bbox 2675 4621 2864 4680; x_wconf 82' lang='lat' dir='ltr'><strong>incon</strong></span> <span class='ocrx_word' id='word_1_738' title='bbox 2888 4624 3078 4676; x_wconf 89' lang='lat' dir='ltr'><strong>ducem</strong></span> <span class='ocrx_word' id='word_1_739' title='bbox 3104 4641 3344 4693; x_wconf 86' lang='lat' dir='ltr'><strong>pronun-</strong></span> 
     </span>
    </p>
   </div>
   <div class='ocr_carea' id='block_1_106' title="bbox 1789 4709 3338 4782">
    <p class='ocr_par' dir='ltr' id='par_1_106' title="bbox 1789 4709 3338 4782">
     <span class='ocr_line' id='line_1_106' title="bbox 1789 4709 3338 4782; baseline 0.006 -20"><span class='ocrx_word' id='word_1_740' title='bbox 1789 4709 2008 4770; x_wconf 82' lang='lat' dir='ltr'><strong>tiarunt.</strong></span> <span class='ocrx_word' id='word_1_741' title='bbox 2047 4718 2101 4762; x_wconf 92' lang='lat' dir='ltr'><strong>et</strong></span> <span class='ocrx_word' id='word_1_742' title='bbox 2131 4710 2329 4765; x_wconf 79' lang='lat' dir='ltr'><strong>exinde</strong></span> <span class='ocrx_word' id='word_1_743' title='bbox 2379 4727 2602 4780; x_wconf 79' lang='lat' dir='ltr'><strong>regnum</strong></span> <span class='ocrx_word' id='word_1_744' title='bbox 2627 4713 2903 4770; x_wconf 78' lang='lat' dir='ltr'><strong>Colchidis</strong></span> <span class='ocrx_word' id='word_1_745' title='bbox 2938 4713 3338 4782; x_wconf 84' lang='lat' dir='ltr'><strong>Trapezuntem</strong></span> 
     </span>
    </p>
   </div>
   <div class='ocr_carea' id='block_1_107' title="bbox 1790 4800 3345 4874">
    <p class='ocr_par' dir='ltr' id='par_1_107' title="bbox 1790 4800 3345 4874">
     <span class='ocr_line' id='line_1_107' title="bbox 1790 4800 3345 4874; baseline 0.006 -21"><span class='ocrx_word' id='word_1_746' title='bbox 1790 4800 2086 4854; x_wconf 84' lang='lat' dir='ltr'><strong>contraxit.</strong></span> <span class='ocrx_word' id='word_1_747' title='bbox 2119 4802 2196 4853; x_wconf 84' lang='lat' dir='ltr'><strong>Ex</strong></span> <span class='ocrx_word' id='word_1_748' title='bbox 2226 4815 2292 4854; x_wconf 87' lang='lat' dir='ltr'><strong>eo</strong></span> <span class='ocrx_word' id='word_1_749' title='bbox 2321 4802 2447 4855; x_wconf 74' lang='lat' dir='ltr'><strong>inde</strong></span> <span class='ocrx_word' id='word_1_750' title='bbox 2492 4813 2732 4871; x_wconf 82' lang='lat' dir='ltr'><strong>tempore</strong></span> <span class='ocrx_word' id='word_1_751' title='bbox 2781 4807 2868 4862; x_wconf 82' lang='lat' dir='ltr'><strong>hic</strong></span> <span class='ocrx_word' id='word_1_752' title='bbox 2907 4817 3217 4874; x_wconf 77' lang='lat' dir='ltr'><strong>regnantes.</strong></span> <span class='ocrx_word' id='word_1_753' title='bbox 3276 4813 3345 4863; x_wconf 85' lang='lat' dir='ltr'><strong>ad</strong></span> 
     </span>
    </p>
   </div>
   <div class='ocr_carea' id='block_1_108' title="bbox 1790 4895 3345 4965">
    <p class='ocr_par' dir='ltr' id='par_1_108' title="bbox 1790 4895 3345 4965">
     <span class='ocr_line' id='line_1_108' title="bbox 1790 4895 3345 4965; baseline 0.005 -18"><span class='ocrx_word' id='word_1_754' title='bbox 1790 4898 1977 4947; x_wconf 88' lang='lat' dir='ltr'><strong>nostra</strong></span> <span class='ocrx_word' id='word_1_755' title='bbox 2011 4906 2181 4960; x_wconf 83' lang='lat' dir='ltr'><strong>usque</strong></span> <span class='ocrx_word' id='word_1_756' title='bbox 2208 4901 2456 4961; x_wconf 86' lang='lat' dir='ltr'><strong>tempora</strong></span> <span class='ocrx_word' id='word_1_757' title='bbox 2486 4895 2772 4960; x_wconf 57' lang='lat' dir='ltr'><strong>durarunt,</strong></span> <span class='ocrx_word' id='word_1_758' title='bbox 2794 4898 3122 4956; x_wconf 65' lang='lat' dir='ltr'><strong>exsistentes</strong></span> <span class='ocrx_word' id='word_1_759' title='bbox 3149 4898 3345 4965; x_wconf 70' lang='lat' dir='ltr'><strong>Graeci,</strong></span> 
     </span>
    </p>
   </div>
   <div class='ocr_carea' id='block_1_109' title="bbox 1791 4983 3344 5053">
    <p class='ocr_par' dir='ltr' id='par_1_109' title="bbox 1791 4983 3344 5053">
     <span class='ocr_line' id='line_1_109' title="bbox 1791 4983 3344 5053; baseline 0.008 -18"><span class='ocrx_word' id='word_1_760' title='bbox 1791 4997 1973 5037; x_wconf 88' lang='lat' dir='ltr'><strong>mores</strong></span> <span class='ocrx_word' id='word_1_761' title='bbox 2003 4983 2350 5053; x_wconf 74' lang='lat' dir='ltr'><strong>linguamque</strong></span> <span class='ocrx_word' id='word_1_762' title='bbox 2389 4983 2700 5039; x_wconf 67' lang='lat' dir='ltr'><strong>Graecorum</strong></span> <span class='ocrx_word' id='word_1_763' title='bbox 2735 4989 3052 5050; x_wconf 82' lang='lat' dir='ltr'><strong>retinentes.</strong></span> <span class='ocrx_word' id='word_1_764' title='bbox 3091 4988 3344 5051; x_wconf 74' lang='lat' dir='ltr'><strong>Alliaita-</strong></span> 
     </span>
    </p>
   </div>
   <div class='ocr_carea' id='block_1_110' title="bbox 1789 5073 3343 5148">
    <p class='ocr_par' dir='ltr' id='par_1_110' title="bbox 1789 5073 3343 5148">
     <span class='ocr_line' id='line_1_110' title="bbox 1789 5073 3343 5148; baseline 0.007 -22"><span class='ocrx_word' id='word_1_765' title='bbox 1789 5084 1895 5127; x_wconf 89' lang='lat' dir='ltr'><strong>tem</strong></span> <span class='ocrx_word' id='word_1_766' title='bbox 1947 5073 2250 5142; x_wconf 84' lang='lat' dir='ltr'><strong>junxerunt</strong></span> <span class='ocrx_word' id='word_1_767' title='bbox 2275 5090 2398 5128; x_wconf 89' lang='lat' dir='ltr'><strong>cum</strong></span> <span class='ocrx_word' id='word_1_768' title='bbox 2426 5076 2681 5130; x_wconf 87' lang='lat' dir='ltr'><strong>Barbaris</strong></span> <span class='ocrx_word' id='word_1_769' title='bbox 2704 5076 2970 5141; x_wconf 84' lang='lat' dir='ltr'><strong>finitimis,</strong></span> <span class='ocrx_word' id='word_1_770' title='bbox 3007 5095 3144 5148; x_wconf 88' lang='lat' dir='ltr'><strong>quos</strong></span> <span class='ocrx_word' id='word_1_771' title='bbox 3175 5082 3343 5137; x_wconf 79' lang='lat' dir='ltr'><strong>Albos</strong></span> 
     </span>
    </p>
   </div>
   <div class='ocr_carea' id='block_1_111' title="bbox 1791 5167 3342 5245">
    <p class='ocr_par' dir='ltr' id='par_1_111' title="bbox 1791 5167 3342 5245">
     <span class='ocr_line' id='line_1_111' title="bbox 1791 5167 3342 5245; baseline 0.008 -27"><span class='ocrx_word' id='word_1_772' title='bbox 1791 5167 2149 5222; x_wconf 87' lang='lat' dir='ltr'><strong>Probatantes</strong></span> <span class='ocrx_word' id='word_1_773' title='bbox 2194 5170 2500 5223; x_wconf 86' lang='lat' dir='ltr'><strong>nominant.</strong></span> <span class='ocrx_word' id='word_1_774' title='bbox 2540 5170 2715 5223; x_wconf 87' lang='lat' dir='ltr'><strong>Etiam</strong></span> <span class='ocrx_word' id='word_1_775' title='bbox 2760 5188 2882 5226; x_wconf 91' lang='lat' dir='ltr'><strong>eum</strong></span> <span class='ocrx_word' id='word_1_776' title='bbox 2916 5173 3148 5228; x_wconf 89' lang='lat' dir='ltr'><strong>Temiris</strong></span> <span class='ocrx_word' id='word_1_777' title='bbox 3176 5192 3342 5245; x_wconf 87' lang='lat' dir='ltr'><strong>nepo-</strong></span> 
     </span>
    </p>
   </div>
   <div class='ocr_carea' id='block_1_112' title="bbox 1790 5257 3344 5336">
    <p class='ocr_par' dir='ltr' id='par_1_112' title="bbox 1790 5257 3344 5336">
     <span class='ocr_line' id='line_1_112' title="bbox 1790 5257 3344 5336; baseline 0.007 -26"><span class='ocrx_word' id='word_1_778' title='bbox 1790 5257 1951 5322; x_wconf 87' lang='lat' dir='ltr'><strong>tibus,</strong></span> <span class='ocrx_word' id='word_1_779' title='bbox 1981 5261 2072 5328; x_wconf 90' lang='lat' dir='ltr'><strong>qui</strong></span> <span class='ocrx_word' id='word_1_780' title='bbox 2119 5261 2228 5314; x_wconf 78' lang='lat' dir='ltr'><strong>nati</strong></span> <span class='ocrx_word' id='word_1_781' title='bbox 2267 5270 2423 5316; x_wconf 87' lang='lat' dir='ltr'><strong>erant</strong></span> <span class='ocrx_word' id='word_1_782' title='bbox 2455 5264 2521 5332; x_wconf 83' lang='lat' dir='ltr'><strong>ab</strong></span> <span class='ocrx_word' id='word_1_783' title='bbox 2555 5261 2772 5319; x_wconf 81' lang='lat' dir='ltr'><strong>Tzokiis</strong></span> <span class='ocrx_word' id='word_1_784' title='bbox 2799 5273 2853 5321; x_wconf 91' lang='lat' dir='ltr'><strong>et</strong></span> <span class='ocrx_word' id='word_1_785' title='bbox 2883 5266 3235 5336; x_wconf 81' lang='lat' dir='ltr'><strong>Caraisuphis</strong></span> <span class='ocrx_word' id='word_1_786' title='bbox 3279 5269 3344 5321; x_wconf 83' lang='lat' dir='ltr'><strong>li-</strong></span> 
     </span>
    </p>
   </div>
   <div class='ocr_carea' id='block_1_113' title="bbox 1788 5347 3343 5428">
    <p class='ocr_par' dir='ltr' id='par_1_113' title="bbox 1788 5347 3343 5428">
     <span class='ocr_line' id='line_1_113' title="bbox 1788 5347 3343 5428; baseline 0.008 -27"><span class='ocrx_word' id='word_1_787' title='bbox 1788 5347 1954 5416; x_wconf 84' lang='lat' dir='ltr'><strong>beris,</strong></span> <span class='ocrx_word' id='word_1_788' title='bbox 1981 5349 2212 5409; x_wconf 76' lang='lat' dir='ltr'><strong>afﬁnitas</strong></span> <span class='ocrx_word' id='word_1_789' title='bbox 2254 5353 2585 5420; x_wconf 85' lang='lat' dir='ltr'><strong>intercessit,</strong></span> <span class='ocrx_word' id='word_1_790' title='bbox 2619 5371 2685 5409; x_wconf 88' lang='lat' dir='ltr'><strong>ne</strong></span> <span class='ocrx_word' id='word_1_791' title='bbox 2714 5359 2861 5428; x_wconf 77' lang='lat' dir='ltr'><strong>regio</strong></span> <span class='ocrx_word' id='word_1_792' title='bbox 2896 5357 3109 5413; x_wconf 80' lang='lat' dir='ltr'><strong>illorum</strong></span> <span class='ocrx_word' id='word_1_793' title='bbox 3150 5358 3220 5412; x_wconf 85' lang='lat' dir='ltr'><strong>ab</strong></span> <span class='ocrx_word' id='word_1_794' title='bbox 3253 5359 3343 5413; x_wconf 86' lang='lat' dir='ltr'><strong>bis</strong></span> 
     </span>
    </p>
   </div>
   <div class='ocr_carea' id='block_1_114' title="bbox 1383 5458 2069 5538">
    <p class='ocr_par' dir='ltr' id='par_1_114' title="bbox 1383 5458 2069 5538">
     <span class='ocr_line' id='line_1_114' title="bbox 1383 5458 2069 5538; baseline 0.01 -19"><span class='ocrx_word' id='word_1_795' title='bbox 1383 5458 1630 5522; x_wconf 69' lang='lat' dir='ltr'><strong>Notulm</strong></span> <span class='ocrx_word' id='word_1_796' title='bbox 1663 5463 2069 5538; x_wconf 80' lang='lat' dir='ltr'><strong>marginales.</strong></span> 
     </span>
    </p>
   </div>
   <div class='ocr_carea' id='block_1_115' title="bbox 204 5588 1108 5662">
    <p class='ocr_par' dir='ltr' id='par_1_115' title="bbox 204 5588 1108 5662">
     <span class='ocr_line' id='line_1_115' title="bbox 204 5588 1108 5662; baseline -0.003 -19"><span class='ocrx_word' id='word_1_797' title='bbox 204 5593 301 5662; x_wconf 73' lang='grc'><strong>173)</strong></span> <span class='ocrx_word' id='word_1_798' title='bbox 330 5592 496 5658; x_wconf 85' lang='lat' dir='ltr'><strong>Quem</strong></span> <span class='ocrx_word' id='word_1_799' title='bbox 541 5588 870 5644; x_wconf 73' lang='lat' dir='ltr'><strong>Usancassan</strong></span> <span class='ocrx_word' id='word_1_800' title='bbox 897 5602 1108 5644; x_wconf 81' lang='lat' dir='ltr'><strong>vocant.</strong></span> 
     </span>
    </p>
   </div>
   <div class='ocr_carea' id='block_1_116' title="bbox 1849 5590 2404 5665">
    <p class='ocr_par' dir='ltr' id='par_1_116' title="bbox 1849 5590 2404 5665">
     <span class='ocr_line' id='line_1_116' title="bbox 1849 5590 2404 5665; baseline 0.011 -21"><span class='ocrx_word' id='word_1_801' title='bbox 1849 5590 1956 5659; x_wconf 70' lang='grc'><strong>(74)</strong></span> <span class='ocrx_word' id='word_1_802' title='bbox 1986 5592 2072 5648; x_wconf 78' lang='lat' dir='ltr'><strong>Al.</strong></span> <span class='ocrx_word' id='word_1_803' title='bbox 2103 5591 2404 5665; x_wconf 80' lang='lat' dir='ltr'><strong>Alsengam.</strong></span> 
     </span>
    </p>
   </div>
   <div class='ocr_carea' id='block_1_117' title="bbox 231 5701 1686 5783">
    <p class='ocr_par' dir='ltr' id='par_1_117' title="bbox 231 5701 1664 5776">
     <span class='ocr_line' id='line_1_117' title="bbox 231 5701 1664 5776; baseline -0.004 -14"><span class='ocrx_word' id='word_1_804' title='bbox 231 5711 251 5740; x_wconf 71' lang='grc'>⁸</span> <span class='ocrx_word' id='word_1_805' title='bbox 279 5707 339 5762; x_wconf 80' lang='lat' dir='ltr'><strong>In</strong></span> <span class='ocrx_word' id='word_1_806' title='bbox 355 5724 481 5774; x_wconf 78' lang='lat' dir='ltr'><strong>uno,</strong></span> <span class='ocrx_word' id='word_1_807' title='bbox 514 5706 850 5776; x_wconf 77' lang='grc' dir='ltr'>Ἀμαστρον.</span> <span class='ocrx_word' id='word_1_808' title='bbox 872 5706 926 5759; x_wconf 79' lang='lat' dir='ltr'><strong>in</strong></span> <span class='ocrx_word' id='word_1_809' title='bbox 950 5705 1020 5760; x_wconf 82' lang='lat' dir='ltr'><strong>al.</strong></span> <span class='ocrx_word' id='word_1_810' title='bbox 1058 5713 1114 5756; x_wconf 82' lang='lat' dir='ltr'><strong>ut</strong></span> <span class='ocrx_word' id='word_1_811' title='bbox 1139 5721 1187 5757; x_wconf 84' lang='lat' dir='ltr'><strong>c.</strong></span> <span class='ocrx_word' id='word_1_812' title='bbox 1266 5705 1284 5736; x_wconf 87' lang='lat'><strong>&#39;</strong></span> <span class='ocrx_word' id='word_1_813' title='bbox 1313 5701 1580 5774; x_wconf 82' lang='grc' dir='ltr'>μεγάλης,</span> <span class='ocrx_word' id='word_1_814' title='bbox 1611 5705 1664 5758; x_wconf 81' lang='lat' dir='ltr'><strong>in</strong></span> 
     </span>
    </p>
   </div>
   <div class='ocr_carea' id='block_1_118' title="bbox 1790 5701 3228 5783">
    <p class='ocr_par' dir='ltr' id='par_1_118' title="bbox 1790 5709 3228 5783">
     <span class='ocr_line' id='line_1_118' title="bbox 1790 5709 3228 5783; baseline 0.007 -23"><span class='ocrx_word' id='word_1_815' title='bbox 1790 5721 1830 5773; x_wconf 70' lang='lat'><strong>7,</strong></span> <span class='ocrx_word' id='word_1_816' title='bbox 1861 5709 2273 5778; x_wconf 75' lang='lat' dir='ltr'><strong>superscriptum</strong></span> <span class='ocrx_word' id='word_1_817' title='bbox 2315 5711 2605 5782; x_wconf 77' lang='grc' dir='ltr'>μεγάλαις.</span> <span class='ocrx_word' id='word_1_818' title='bbox 2683 5716 2703 5747; x_wconf 79' lang='grc'><strong><em>⁵</em></strong></span> <span class='ocrx_word' id='word_1_819' title='bbox 2731 5711 2799 5767; x_wconf 86' lang='lat' dir='ltr'><strong>In</strong></span> <span class='ocrx_word' id='word_1_820' title='bbox 2825 5726 2950 5779; x_wconf 82' lang='lat' dir='ltr'><strong>uno,</strong></span> <span class='ocrx_word' id='word_1_821' title='bbox 2983 5711 3228 5783; x_wconf 70' lang='grc' dir='ltr'>ἐπάγων.</span> 
     </span>
    </p>
   </div>
  </div>
