3984 6418
397 312 504 376 vi)

1566 317 1876 377 LAONlCl
1910 318 2582 382 CHALCOCONDYLE

3563 321 3667 385 460

395 432 559 496 igitur
582 438 661 482 est
688 427 1002 481 incendium
1026 440 1280 496 magnum
1310 428 1363 479 in
1391 427 1516 495 ejus
1542 430 1709 481 dumo
1736 446 1750 480 :
1779 437 1833 482 et
1865 442 1964 480 non

2079 428 2198 500 ὥρᾳ
2250 432 2638 497 μεσονυκτίου.
2678 434 2742 487 Οί
2798 435 2854 488 δὲ
2889 437 2947 489 ἐν
2988 438 3053 506 τῇ
3116 436 3292 498 πόλει,
3338 434 3672 505 νομίσαντες

391 535 455 574 ea
488 519 650 574 domo
684 534 745 575 se
771 517 948 573 tenuit
987 519 1326 585 incendium,
1356 519 1449 575 sed
1488 520 1542 572 in
1575 520 1760 574 vicina
1789 520 1977 574 omnia

388 621 677 680 evagatum
710 621 815 664 est.
851 606 1037 664 Noctis
1059 618 1243 663 autem
1276 621 1397 666 erat
1434 611 1701 679 medium,
1732 626 1863 667 cum
1895 611 1979 664 in-

389 707 641 761 cendium
673 705 802 758 illud
831 705 1063 758 salviret.
1086 704 1192 770 Qui
1220 714 1373 759 erant
1405 704 1458 758 in
1489 705 1625 759 urbe
1668 744 1684 769 ,
1708 705 1980 774 putabant

388 795 753 867 proditionem
787 810 930 857 esse,
958 810 1125 863 quam
1160 794 1561 849 subornassent
1589 795 1666 849 illi
1707 795 1801 865 qui
1839 810 1970 865 gra—

394 890 709 944 tilicandum
742 888 1040 943 censebant
1074 887 1265 958 Zychi.
1300 889 1539 944 Proinde
1578 904 1771 945 omnes
1805 888 1981 957 magi-

389 994 619 1047 stratus,
684 998 896 1037 necnon
926 982 1157 1043 subditi.
1199 984 1465 1037 continuo
1498 981 1683 1052 l'ugam
1743 980 1977 1052 ingressi

386 1087 539 1141 sunt,
595 1076 783 1131 relicto
833 1074 1045 1130 Joanne
1080 1075 1203 1130 solo
1254 1090 1379 1130 cum
1410 1073 1738 1144 quibusdam
1760 1076 1979 1130 circiter

387 1169 808 1238 quinquaginta.
839 1168 953 1222 Rex
979 1168 1149 1239 igitur
1176 1176 1286 1222 tota
1324 1183 1390 1222 ea
1424 1177 1585 1224 nocte
1615 1168 1804 1223 obibat
1841 1169 1969 1223 dili-

388 1273 574 1331 genter
596 1262 836 1331 vigilias,
868 1271 923 1315 et
946 1260 1333 1315 considerabat
1379 1271 1590 1329 portas.
1647 1258 1808 1315 Mane
1831 1252 1977 1315 venit

389 1354 597 1425 Zyehes
623 1364 683 1409 ut
723 1356 913 1408 urbem
948 1351 1169 1408 illicoin
1198 1368 1355 1407 suam
1395 1352 1659 1407 ditionem
1683 1351 1975 1423 redigeret.

389 1447 590 1503 Verum
622 1462 682 1501 re
716 1446 917 1501 infectu
955 1446 1115 1510 abiit,
1167 1460 1405 1517 pergens
1437 1445 1493 1499 in
1522 1444 1975 1505 Mesuchaldiutn.

387 1538 537 1609 Fuga
578 1537 749 1608 igitur
787 1536 894 1591 sibi
927 1535 1329 1591 consuluerunt
1382 1549 1575 1591 onmes
1609 1536 1973 1605 magistratus

387 1630 562 1695 urbis,
586 1628 806 1698 quidam
835 1628 999 1692 mari,
1023 1626 1245 1698 quidam
1274 1640 1404 1683 vero
1427 1635 1598 1695 terra,
1629 1637 1691 1683 ut
1716 1628 1971 1684 venirent

388 1724 442 1776 in
477 1721 706 1777 lberiam
741 1722 806 1775 ad
842 1719 1071 1791 Caspios
1095 1729 1312 1774 montes
1367 1720 1551 1775 sitam.
1588 1720 1695 1788 Qui
1722 1738 1848 1776 curn
1881 1737 1971 1778 re-

388 1824 736 1870 verterentur
766 1815 981 1869 tandem
1022 1813 1447 1884 Trapezuntem,
1474 1817 1711 1871 abeunte
1765 1813 1968 1888 Zyche,

386 1908 699 1978 opprobriis
728 1908 1082 1977 replebantur
1111 1907 1181 1960 ab
1217 1922 1363 1977 rege,
1416 1907 1510 1978 qui
1538 1922 1636 1962 eos
1668 1905 1966 1963 identidem

388 2001 619 2055 vocabat
650 2000 967 2064 muliebres,
1001 1999 1212 2065 molles,
1244 2000 1517 2066 imbelles,
1539 2012 1593 2056 et
1642 2000 1833 2070 patriae
1858 2013 1981 2055 suae

384 2092 714 2163 proditores.
760 2090 885 2146 llaec
931 2092 1158 2161 quidem
1218 2090 1361 2146 facta
1416 2103 1546 2148 sunt
1594 2090 1966 2162 Trapezunte.

383 2183 710 2239 AtAmasi-e
748 2183 1065 2251 prafectus,
1103 2179 1352 2238 Chiteres
1382 2181 1626 2246 nomine,
1668 2180 1971 2250 expeditio-

381 2294 508 2334 nem
543 2278 844 2346 ingressus,
879 2270 1062 2331 subito
1113 2272 1519 2344 Trapezuntem
1556 2275 1870 2344 oppressit:
1914 2281 1970 2328 et

383 2390 477 2428 νος
504 2374 685 2443 quiin
728 2370 849 2425 t‘oro
879 2380 934 2425 et
967 2369 1124 2425 urbis
1180 2369 1318 2424 vicis
1385 2376 1566 2436 erant,
1614 2368 1836 2423 circiter
1881 2367 1967 2423 bis

385 2466 555 2531 inille,
587 2464 1029 2534 comprehendit.
1079 2462 1216 2518 Cum
1264 2471 1446 2517 autem
1477 2462 1611 2515 urbs
1658 2460 1772 2532 jam
1820 2471 1967 2517 esset

378 2557 774 2628 propemodum
829 2556 1070 2621 deserta,
1121 2554 1281 2625 cujus
1315 2569 1482 2611 causa
1510 2564 1633 2609 erat
1661 2554 1965 2610 saevissima

382 2649 723 2722 pestilentia.
769 2649 994 2719 jamque
1046 2656 1455 2717 exspectarent,
1512 2644 1558 2699 si
1596 2647 1758 2701 modo
1793 2646 1965 2702 hostis

380 2744 689 2806 accederet,
721 2757 782 2798 se
808 2752 1026 2809 captum
1054 2739 1118 2794 iri
1146 2756 1161 2798 :
1193 2754 1287 2794 rex
1317 2738 1472 2793 urbis
1503 2736 1742 2793 Joannes
1770 2741 1965 2807 opibus

377 2836 584 2899 eﬂ‘ecit,
624 2846 684 2890 ut
716 2850 809 2891 rex
846 2833 1180 2889 Mechmetes
1200 2833 1393 2886 urbem
1435 2845 1555 2884 eam
1617 2831 1962 2888 tributariam

372 2934 649 2998 acciperet
665 2938 720 2986 et
739 2929 1010 2997 captivos,
1032 2941 1173 2997 quos
1192 2923 1569 2993 Chiterempes
1589 2922 1703 2993 (78)
1724 2925 1964 2978 abduxe-

378 3033 485 3092 rat,
521 3022 790 3078 redderet.
821 3019 1065 3074 Joannes
1093 3033 1223 3073 vero
1249 3016 1601 3086 promittebat
1621 3031 1682 3071 se
1708 3017 1963 3087 deinceps

2084 515 2228 575 εἶναι
2267 524 2565 592 προδοσίαν
2597 527 2708 579 ἀπὸ
2760 529 2870 581 τῶν
2898 530 3071 596 ὲντὺς,
3104 530 3173 583 τὰ
3207 531 3346 601 πρὸς
3381 531 3545 601 χάριν
3571 531 3671 584 τοῦ

2084 614 2257 684 Ζύχη,
2287 616 2519 686 ἔφευγον
2545 619 2592 650 ¹⁶
2622 621 3038 687 ἁπαξάπαντες,
3098 623 3367 693 ἄρχοντές
3416 640 3476 677 τε
3525 621 3672 693 ὁμοῦ

2086 713 2182 764 καὶ
2210 712 2532 782 ἀρχόμενοι,
2559 714 3087 785 ἐγκαταλειφθέντος
3149 718 3317 781 μόνου
3369 717 3464 771 τοῦ
3514 718 3675 786 βασι-

2084 804 2221 867 λέως
2265 796 2519 861 Ἰωάννου
2557 809 2697 877 μετᾶ
2748 811 2843 863 καί
2874 828 3041 866 τινων
3076 810 3343 883 μερικῶν,
3376 812 3509 866 ὡσεὶ
3541 829 3681 865 πεν-

2084 898 2350 967 τήκοντα.
2392 900 2666 972 Διήρχετο
2715 901 2850 971 γοῦν
2881 905 2910 957 ὁ
2948 903 3209 975 βασιλεὺς
3243 905 3334 959 διὰ
3358 906 3543 977 πάσης
3566 906 3673 975 τῆς

2083 989 2280 1051 νυκτὸς
2307 989 2379 1044 τά
2404 991 2562 1063 τείχη
2590 991 2691 1060 τῆς
2720 994 2955 1058 πόλεως,
2993 996 3087 1049 καὶ
3118 995 3222 1060 τὰς
3253 995 3434 1061 πύλας
3468 998 3673 1067 αὐτῆς.

2080 1074 2255 1134 Ἦλθε
2289 1080 2472 1137 τοίνυν
2505 1086 2567 1138 ἑν
2595 1086 2674 1157 τῷ
2705 1086 2854 1153 πρωῒ
2880 1089 2977 1141 καὶ
3020 1090 3047 1141 ὁ
3081 1089 3286 1161 Ζύχης,
3315 1090 3392 1155 ὡς
3414 1084 3675 1162 εἴρηται,

2083 1173 2164 1235 είς
2186 1174 2248 1225 τὸ
2272 1177 2414 1245 τάχα
2450 1176 2822 1248 ἐπιλήψεσθαι
2854 1181 2959 1249 τὴν
2993 1182 3409 1251 Τραπεζοῦντα,
3460 1184 3521 1250 ὃς
3571 1186 3671 1239 καὶ

2081 1267 2324 1337 ἀπῆλθεν
2347 1270 2654 1342 ἄπρακτος,
2704 1272 3060 1345 διερχόμενος
3096 1279 3155 1330 ἐν
3201 1280 3313 1341 τοῖς
3374 1280 3673 1349 Μεσοχαλ-

2078 1359 2235 1423 δίοις.
2274 1362 2521 1432 Ἐφυγον
2548 1364 2684 1433 γοῦν
2722 1367 3118 1434 ἁπαξάπαντες
3147 1369 3438 1440 ἄρχοντες,
3465 1372 3517 1424 oi
3566 1371 3672 1441 μὲν

2078 1451 2169 1505 διά
2218 1452 2444 1522 πλοίων,
2474 1457 2526 1509 οἱ
2560 1456 2621 1511 δὲ
2645 1457 2736 1511 διὰ
2768 1457 2964 1531 ξηρᾶς,
3015 1461 3105 1515 ἐπ’
3145 1462 3360 1517 ὲλεύσει
3393 1464 3495 1533 τῆς
3517 1465 3673 1538 161;—
3739 1490 3747 1495 ~

2079 1546 2225 1615 ρίας,
2255 1547 2306 1600 οἳ
2329 1549 2423 1602 καὶ
2458 1548 2708 1615 ἐλθόντες
2741 1550 2995 1622 ὕστερον,
3027 1555 3320 1621 διαϐάντες
3366 1556 3461 1611 τοῦ
3491 1561 3671 1630 Ζόχη,

2077 1639 2136 1689 ἐν
2170 1636 2578 1709 Τραπεζοῦντι,
2634 1643 2977 1710 ὼνειδίζοντο
3011 1649 3166 1717 παρὰ
3223 1651 3318 1703 τοῦ
3370 1651 3672 1723 βασιλέως,

2078 1732 2457 1800 γυναικωτοὺς
2482 1734 2779 1791 ἀποκαλῶν
2813 1739 3041 1806 αὐτοὺς,
3071 1745 3169 1794 καὶ
3220 1744 3537 1816 ἀνάνδρους,
3566 1749 3673 1801 καὶ

2077 1825 2345 1889 προδότας
2372 1826 2475 1897 τῆς
2509 1829 2768 1899 πατρίδος
2814 1830 3019 1889 αὐτῶν.
3057 1835 3167 1888 Καὶ
3198 1823 3379 1891 ταῦτα
3432 1840 3534 1907 μὲν
3571 1842 3673 1909 γέ-

2074 1934 2233 1985 γονεν
2260 1919 2319 1971 ἂν
2354 1919 2760 1990 Τραπεζοῦντι.
2802 1923 2860 1978 '0
2888 1924 2947 1978 δὲ
2977 1927 3078 1996 τῆς
3108 1927 3380 1998 Ἀμασίας
3413 1930 3672 2005 ὕπαρχος

2078 2011 2327 2081 Χιτήρης
2352 2011 2608 2081 ὀνόματι,
2641 2017 3145 2092 στρατευσάμενος,
3199 2023 3297 2075 καὶ
3327 2022 3482 2092 ἄφνω
3511 2026 3672 2081 ἐπει-

2075 2102 2297 2156 σπεσὼν
2346 2105 2404 2158 ὲν
2432 2090 2838 2176 Τραπεζοῦντι,
2872 2108 3001 2173 τούς
3039 2128 3099 2165 τε
3129 2113 3190 2167 ἐν
3216 2117 3282 2184 τῇ
3337 2090 3534 2185 erepo},
3567 2117 3671 2172 καὶ

2070 2196 2130 2247 ὲν
2161 2194 2395 2265 χώραις,
2426 2199 2555 2260 τοὺς
2584 2199 2645 2251 ὲν
2671 2201 2739 2270 τῇ
2770 2200 2929 2254 πόλει
2959 2203 3062 2256 οὐκ
3088 2204 3308 2274 ὀλίγους
3341 2202 3669 2277 συνέλαὸεν,

2073 2287 2129 2350 ὲς
2159 2287 2461 2357 δισχιλίους
2488 2290 2617 2353 τοὺς
2640 2294 2858 2357 πάντας
2914 2296 3264 2366 γενομένους.
3308 2300 3417 2352 Καὶ
3447 2303 3671 2373 ἐρήμου

2069 2377 2170 2449 ἤδη
2198 2378 2369 2450 οὔσης
2394 2380 2500 2449 τῆς
2538 2383 2750 2445 πόλεως
2778 2386 2844 2456 τῇ
2875 2386 2972 2441 τοῦ
3002 2388 3194 2459 λοιμοῦ
3226 2390 3342 2463 βίᾳ,
3368 2395 3461 2445 καὶ
3483 2410 3668 2462 προσ.

2067 2471 2297 2540 δοκίμου
2336 2472 2674 2539 ἁλώσεσθαι,
2702 2476 3154 2550 διαπραξάμενος
3185 2486 3469 2554 χρήμασιν
3501 2488 3528 2538 ὁ
3560 2488 3670 2556 τῆς

2069 2564 2277 2652 πολεως
2338 2565 2596 2635 βασιλεὺς
2643 2569 2921 2642 Ἰωάννης,
2972 2574 3119 2627 ὥστε
3171 2564 3451 2646 ὑπὸφορον
3501 2577 3668 2652 ,ἔχειν

2070 2651 2169 2722 τὴν
2197 2653 2353 2707 πόλιν
2388 2656 2656 2728 Μεχμέτῃ
2686 2659 2762 2728 τῷ
2788 2660 3003 2728 βασιλεί
3027 2663 3125 2717 τοῦ
3175 2666 3392 2727 λοιποῦ.
3418 2651 3547 2732 τοῦς
3599 2686 3663 2722 τε

2069 2744 2486 2814 αἰχμαλώτους,
2551 2747 2644 2810 οὓς
2704 2750 2867 2804 ἔλαϐε
2910 2754 3286 2827 Χιτιρμπέης,
3324 2759 3664 2832 ἀποδοθῆναί

2065 2841 2137 2900 οἱ,
2169 2839 2269 2891 καὶ
2293 2840 2461 2892 αὐτὸν
2497 2842 2730 2913 ἡσυχίαν
2759 2846 2940 2914 ἄγειν,
2996 2849 3282 2918 ἀπάγοντα
3331 2853 3409 2922 τῷ
3440 2851 3666 2922 βασιλεῖ

2067 2929 2254 2997 φόρον,
2281 2929 2577 3002 δισχιλίους
2613 2937 2931 3006 χρυσίνους.
2964 2939 3239 3013 ’Ὑστερον
3290 2946 3476 3013 μέντοι
3508 2948 3608 3000 καὶ
3631 2947 3662 3000 ὁ

2067 3020 2322 3093 βασιλεὺς
2379 3025 2635 3096 Ἰωάννης
2697 3029 2989 3085 ἀπέστειλε
3038 3035 3132 3088 τὸν
3182 3038 3351 3093 αὐτοῦ
3416 3039 3660 3110 ἀδελφὸν

375 3120 589 3173 nullum
621 3118 889 3172 initurum
921 3115 1147 3175 bellum,
1189 3125 1377 3167 verum
1410 3110 1554 3165 bona
1592 3108 1696 3163 ﬁde
1723 3122 1959 3178 quotan-

2072 3114 2235 3168 Δαὸὶδ
2259 3117 2530 3190 δεσπότην
2561 3121 2637 3185 ὡς
2663 3123 2755 3175 τὸν
2797 3124 3053 3196 βασιλέα,
3082 3132 3177 3182 καὶ
3209 3128 3363 3199 ἠξίου
3388 3150 3445 3185 τε
3468 3108 3665 3189 τοῦτον

376 3214 461 3266 nis
479 3214 585 3267 duo
620 3210 788 3264 millia
821 3223 1115 3264 aureorum
1148 3207 1338 3261 tributi
1372 3206 1595 3260 nomine
1630 3221 1951 3275 pensurum.

371 3303 611 3360 Joannes
638 3320 726 3358 rex
786 3303 1006 3357 fratrem
1057 3315 1218 3355 suum
1254 3299 1517 3353 Davidem
1564 3299 1854 3368 despotatn
1882 3301 1950 3353 ad

2063 3211 2334 3277 ἐμπεδοῦν
2383 3214 2483 3276 τὰς
2555 3219 2794 3282 σπονδάς
2822 3236 2836 3250 ·
2868 3219 2896 3273 ὃ
2947 3222 3043 3276 καὶ
3082 3223 3308 3292 γέγονεν
3363 3228 3456 3281 ἐπὶ
3488 3229 3664 3296 φόρον

2061 3303 2354 3371 χρυσίνους
2385 3303 2725 3379 τρισχιλίους
2758 3312 2823 3368 ⁸⁷.

375 3415 555 3470 regem
611 3399 776 3464 misit,
823 3407 881 3451 ut
946 3396 1123 3452 itedus
1185 3394 1462 3465 praedictis
1539 3394 1949 3452 conditionibus
1990 3411 2310 3470 pangerent.
2352 3401 2509 3469 Quud
2530 3414 2583 3460 et
2624 3406 2836 3462 factum
2883 3420 2987 3475 est,
3044 3427 3233 3469 verum
3301 3423 3362 3471 ut
3410 3414 3660 3473 Joannes

370 3492 654 3548 annuatim
685 3491 876 3544 tributi
905 3491 1128 3544 nomine
1152 3490 1389 3544 solveret
1413 3489 1517 3543 tria
1552 3490 1722 3543 millia
1759 3506 2080 3545 aureorum.

446 3588 616 3641 Iberia
653 3582 882 3637 finitima
902 3594 988 3636 est
1015 3580 1297 3637 Colchidis
1331 3581 1566 3653 regioni,
1603 3582 1836 3651 ejusque
1869 3597 1957 3636 re-

372 3697 467 3752 ges
517 3680 658 3733 haud
712 3684 839 3731 sunt
876 3675 1148 3730 instrenui
1184 3682 1238 3728 et
1279 3674 1611 3744 ingenerosi.
1645 3674 1960 3745 Porrigitur

373 3780 555 3826 autem
579 3772 734 3823 abeo
768 3769 888 3822 loco
913 3767 1003 3836 qui
1038 3764 1213 3834 Bathy
1256 3766 1482 3832 dicitur,
1515 3774 1570 3821 et
1624 3768 1695 3821 ab
1722 3764 1959 3822 Phaside

372 3862 538 3918 ﬂuvio
572 3876 750 3932 usque
781 3859 1116 3924 Cbaltzichi,
1161 3873 1283 3929 qua:
1312 3859 1559 3928 pertinet
1596 3857 1662 3912 ad
1691 3859 1955 3912 ditionem

371 3956 631 4025 Gurguri,
671 3953 845 4020 Corii,
898 3952 1168 4015 Caebetii,
1204 3958 1260 4005 et
1308 3948 1602 4020 Typblisii.
1650 3947 1823 4003 Urbes
1872 3949 1957 4003 hae

373 4051 696 4118 propinquae
723 4057 852 4102 sunt
876 4030 1170 4100 Smna‘chio
1209 4084 1223 4107 ,
1262 4058 1427 4112 quam
1465 4044 1658 4099 urbem
1689 4053 1875 4098 tenent
1901 4054 1958 4097 et

375 4145 627 4197 incolunt
677 4140 847 4196 ΤωὋί
892 4156 906 4192 :
950 4140 1055 4193 sub
1113 4139 1349 4206 quorum
1417 4145 1692 4205 potestate
1751 4146 1957 4205 degunt

372 4235 669 4306 separatim
705 4233 851 4288 infra
884 4231 1233 4286 Cliacherutn
1260 4235 1449 4287 urbem
1494 4231 1549 4285 in
1584 4230 1801 4301 regione
1836 4244 1953 4282 ma-

369 4331 590 4393 ritima,
626 4325 1009 4396 Sebastopolis
1043 4322 1419 4380 Minceliorum
1456 4322 1573 4394 (79)
1604 4331 1659 4380 et
1690 4323 1953 4376 Dadianni

2152 3583 2214 3639 'H
2272 3586 2326 3640 δὲ
2371 3586 2579 3658 ἰϐηρία
2613 3595 2893 3665 προσεχής
2946 3597 3066 3652 ἐστι
3116 3602 3183 3672 τῇ
3245 3603 3346 3671 τῆς
3392 3605 3660 3677 Κολχίδος

2069 3674 2246 3748 χώρᾳ,
2276 3680 2373 3731 καὶ
2413 3683 2462 3734 οἱ
2498 3681 2740 3750 βασιλεῖς
2775 3688 2985 3742 τούτων
3007 3692 3110 3744 οὐκ
3162 3696 3400 3761 ἀγενεῖς.
3458 3674 3656 3770 Διῆκει

2065 3768 2121 3820 δὲ
2152 3772 2185 3839 ἡ
2216 3770 2370 3841 χώρα
2391 3773 2501 3826 ἀπὸ
2529 3776 2624 3828 τοῦ
2658 3777 2804 3831 eaeo
2837 3779 3159 3850 λεγομένου,
3196 3787 3291 3838 καὶ
3336 3790 3445 3841 ἀπὸ
3493 3768 3661 3846 eaut-

2067 3862 2155 3925 δος
2188 3866 2439 3935 ποταμοῦ
2473 3868 2580 3929 ἕως
2623 3870 2917 3943 Χαλτζιχὶ,
2952 3877 2985 3945 ὴ
3048 3877 3143 3930 τοῦ
3201 3879 3513 3952 Γοργούρου
3549 3886 3660 3939 αῦ-

2068 3959 2305 4025 Οεντεία,
2333 3965 2429 4016 καὶ
2460 3965 2687 4033 Κυρίου,
2713 3968 2810 4021 καὶ
2842 3970 3138 4040 Καχετίου,
3175 3974 3271 4027 καὶ
3329 3974 3655 4045 Τυφλισίου,

2069 4053 2341 4124 σύνεγγυς
2409 4056 2567 4112 οὖσαι
2623 4063 2679 4115 αἱ
2744 4062 2926 4128 πόλεις
2986 4063 3147 4119 αὗται
3198 4068 3294 4120 τοῦ
3343 4068 3655 4141 Σαμαχίου,

2066 4148 2330 4215 Τούρκων
2358 4153 2657 4207 οἰκούντων
2677 4157 2737 4208 ὲν
2764 4157 2914 4227 αὐτῷ
2947 4161 3042 4212 καὶ
3066 4160 3325 4231 ἐχόντων,
3361 4163 3534 4234 χωρὶς
3550 4166 3655 4220 κά-

2064 4241 2239 4293 τωθεν
2268 4242 2363 4295 τοῦ
2399 4245 2674 4316 Καχετίου
2707 4251 2940 4316 πόλεως,
2979 4253 3075 4306 τοῦ
3129 4256 3189 4306 ὲν
3218 4257 3653 4331 παραθαλασσίᾳ

2065 4332 2160 4384 καὶ
2207 4331 2309 4401 τῆς
2381 4335 2843 4406 Σεϐαστοπόλεως
2905 4345 3223 4413 Μιγκελίων
3280 4348 3378 4401 τοῦ
3428 4350 3655 4405 Δαδιάν-

371 4421 716 4491 metrOpolis,
751 4418 971 4484 Mamia,
1004 4417 1385 4481 Seniantaula,
1417 4416 1585 4484 Gulii,
1610 4425 1664 4471 et
1705 4418 1827 4470 alia:
1864 4431 1945 4468 ur~

2072 4439 2158 4475 νου
2188 4424 2231 4457 ¹⁹
2266 4426 2585 4503 αὖθεντείᾳ,
2614 4436 2709 4488 καὶ
2742 4436 2964 4504 Μαμία,
2992 4441 3089 4494 καὶ
3119 4441 3510 4509 Σαμανταύλα,
3554 4446 3654 4500 καὶ

248 4552 265 4571 .
371 4516 466 4568 bes
499 4512 809 4567 maritimae.
834 4507 973 4564 Nam
998 4509 1230 4564 urbibus
1254 4508 1562 4578 superioris
1601 4507 1793 4562 Iberia:
1822 4521 1952 4560 con-

370 4606 586 4661 termini
617 4614 746 4659 sunt
777 4603 957 4666 Alani,
988 4600 1196 4668 Hunni,
1243 4609 1299 4655 et
1330 4601 1516 4656 Embi.
1564 4597 1763 4654 Verum
1796 4597 1954 4651 Alani

373 4696 487 4767 (80)
512 4696 581 4750 ad
626 4696 932 4751 Caucasum
984 4709 1163 4763 usque
1209 4709 1270 4748 se
1320 4694 1668 4757 extendunt,
1716 4693 1808 4761 qui
1844 4706 1955 4759 prie

371 4788 597 4858 reliquis
654 4788 931 4843 habentur
997 4787 1105 4841 viri
1161 4786 1457 4841 fortissimi
1505 4796 1563 4841 et
1627 4786 1952 4840 bellicarum

371 4896 557 4936 rerum
590 4883 934 4951 peritissimi.
968 4879 1221 4954 2491ιὶ
1244 4881 1547 4936 coniiciunt
1573 4881 1776 4935 loricas
1809 4882 1951 4950 epti-

370 4992 510 5032 mas.
567 4976 891 5046 Sequuntur
952 4978 1280 5046 religionem
1326 4964 1544 5029 Domini
1588 4975 1780 5028 -llOsll'i
1820 4972 1951 5029 Jesu

365 5070 598 5125 Christi.
651 5068 862 5140 Lingua
917 5079 1152 5123 utuntur
1192 5069 1483 5137 peculiari.
1534 5071 1701 5121 Arma
1750 5069 1959 5122 habent

369 5182 490 5234 quae
513 5180 577 5219 ex
610 5178 718 5221 tere
749 5170 962 5230 parant,
998 5171 1052 5215 ct
1094 5162 1322 5215 Alanica
1371 5161 1754 5214 nominantur.
1806 5159 1951 5225 Quin

367 5270 419 5311 et
452 5260 555 5327 ipsi
590 5258 728 5312 lberi
760 5265 910 5309 sunt.
942 5253 1095 5309 Unde
1124 5270 1309 5308 autem
1361 5258 1414 5308 in
1454 5256 1614 5308 istaut
1670 5269 1950 5322 regionem

2065 4514 2103 4565 Γ
2105 4518 2316 4589 ουρίας,
2367 4523 2462 4574 καὶ
2519 4525 2629 4577 τῶν
2659 4527 2840 4581 ἄλλων
2889 4530 3000 4583 τῶν
3044 4534 3509 4602 παραθαλασσίων
3545 4541 3654 4592 πό-

2061 4607 2220 4665 λεων.
2273 4614 2408 4668 Ἀπὸ
2441 4617 2554 4689 γὰρ
2583 4621 2693 4673 τῶν
2722 4622 2938 4683 πόλεων
2989 4626 3092 4695 τῆς
3146 4628 3356 4683 ἄνωθεν
3404 4631 3654 4703 Ἰϐηρίας

2062 4702 2291 4795 εἰᾲσίᾲκαὶ
2318 4708 2366 4759 oi
2409 4708 2629 4765 Ἀλανοὶ
2663 4713 2881 4785 ὅμοροι,
2933 4718 3029 4771 καὶ
3066 4712 3248 4785 υῦνοι,
3298 4726 3393 4777 καὶ
3428 4724 3649 4795 Ἐμόοί.

2061 4792 2123 4861 0i
2151 4792 2208 4845 δὲ
2252 4794 2473 4850 ’Λλανοὶ
2526 4800 2779 4854 δοκοῦσιν
2839 4798 2983 4858 εἶναι
3044 4807 3150 4860 ὑπὸ
3192 4812 3287 4861 τὸν
3350 4792 3653 4878 Retinet-rev
3698 4817 3705 4821 ’

2063 4888 2492 4955 παρατείναντες
2520 4892 2691 4960 οὗτοι,
2721 4897 2815 4949 καὶ
2834 4898 2891 4958 ἐς
2919 4898 2989 4952 τὰ
3043 4899 3283 4969 μάλιστα
3318 4903 3513 4974 ἄνδρες
3552 4921 3650 4959 vo-

2062 4978 2349 5050 μιζόμενοι
2378 4985 2449 5071 τὰ
2485 4987 2729 5058 πολέμια
2753 4992 3064 5062 κράτιστοι,
3092 4994 3379 5061 ποιοῦντες
3407 4998 3650 5070 λωρίκια

2060 5071 2341 5143 ἐξαίρετα.
2370 5077 2757 5136 Πολιτεύονται
2797 5083 2853 5136 δὲ
2893 5085 3043 5139 οὗτοι
3068 5090 3126 5150 ἐς
3147 5088 3246 5158 τὴν
3274 5088 3367 5141 τοῦ
3434 5091 3651 5159 Κυρίου

2036 5166 2227 5234 ἡμῶν
2283 5169 2463 5240 Ἰησοῦ
2514 5173 2759 5246 Χριστοῦ
2814 5175 3139 5247 θρησκείαν.
3189 5183 3536 5255 Διαχρῶνται
3590 5187 3653 5240 δὲ

2061 5259 2214 5326 φωνῇ
2252 5257 2361 5327 ἰδίᾳ
2396 5261 2458 5314 τὸ
2483 5264 2772 5335 παράπαν,
2810 5267 2906 5319 καὶ
2933 5268 3073 5321 ὅπλα
3101 5269 3654 5340 ἐπιτηδεύουσινάπὸ

1642 5373 1892 5434 Νοιυιω
1953 5373 2363 5450 marginales.

437 5477 548 5550 (73)
570 5480 947 5550 Cliitet‘begns.

437 5549 546 5617 (79)
582 5549 1031 5622 Mengreliorum.

436 5718 480 5751 "
513 5716 576 5773 In
608 5734 736 5781 uno,
766 5720 986 5786 ἔφυγον.

1561 6069 1583 6097 S

2062 5478 2456 5620 prﬁt‘lliﬂAlani,
2487 5486 2655 5554 quiet
2707 5489 2927 5558 Albani,
2981 5501 3036 5547 et
3097 5491 3410 5564 Georgiani,
3468 5495 3648 5554 lberis

1099 5717 1140 5748 ¹⁷
1175 5715 1319 5777 Ἕως
1351 5708 1851 5800 ὧδενὲτέρουξοκεί
1883 5716 1964 5767 καῖ

2097 5722 2386 5780 Λαονίκου.
2428 5725 2717 5796 ﬂuensque
2755 5728 2985 5785 alterius
3014 5729 3299 5800 cujusdam
3341 5707 3646 5790 «sccide-

366 5797 473 5851 tztr,
519 5806 621 5844 non
650 5784 896 5844 Laonict.
973 5791 1016 5822 ³⁸
1041 5788 1103 5844 In
1130 5805 1256 5853 uno,
1297 5784 1594 5857 Χαλτζιχέζ
1678 5784 1720 5816 ¹⁹
1757 5788 1964 5839 Δαόιαια
