3984 6456
376 428 485 510 ni

1436 419 1534 494 DE
1567 414 1824 493 REBUS
1851 414 2211 488 TURCICIS
2247 422 2396 484 LIB.
2438 422 2538 483 1x.

3544 406 3649 476 478

371 554 792 624 Πελοποννήσῳ.
817 551 924 605 Καὶ
947 547 1289 618 Σαλμενίιιην
1335 546 1652 601 ἔπελαύνων
1711 541 1961 610 ἐπολιόρ-

2085 550 2294 593 nunera
2321 536 2375 591 in
2416 534 2579 589 istum
2616 532 2793 585 ‘vi'rum
2829 527 3224 599 congerebant.
3283 523 3647 580 Salmenicam

368 668 479 712 κει,
513 648 707 713 λόγους
752 660 812 696 τε
839 639 1165 710 προσφέρων
1211 627 1475 700 ἐπιεικεῖς
1497 637 1577 697 είς
1603 633 1699 703 τὴν
1725 630 1961 715 παράδο-

377 759 483 796 σιν.
510 731 677 794 Οὗτοι
713 734 814 801 μὶν
856 734 958 788 οὐκ
1005 723 1285 786 ἐπείθοντο
1310 746 1325 763 ⁸
1384 727 1585 795 συνέϐη
1627 727 1683 779 δὲ
1735 724 1964 788 ’ὕστερον

386 833 544 900 ἀσινῆ
568 828 889 892 omanem
922 827 988 878 ἐκ
1035 820 1135 893 τῆς
1184 821 1535 892 ἀκροπόλεως
1594 818 1797 884 ταύτης
1841 817 1963 870 Ἐλο

392 926 558 994 λήνων
597 922 865 991 ἄρχοντα,
888 916 1138 971 ἐνιαυτὸν
1170 913 1553 983 ἐπιμείναντα,
1611 908 1965 991 γενναιότατα

395 1016 700 1069 ὑποστάντα
733 1011 824 1064 τδν
848 1008 988 1081 πρὸς
1019 1005 1244 1076 βασιλέα
1274 1004 1532 1072 πόλεμον.
1552 1002 1713 1054 Ὥστε
1741 996 1964 1069 Maxim-

393 1109 598 1180 μούτην
629 1106 723 1158 τὸν
757 1103 852 1157 τοῦ
885 1096 1148 1172 βασιλέως
1177 1098 1331 1154 οἴκου
1366 1096 1631 1167 ἡγεμόνα,
1670 1092 1839 1162 φάναι
1876 1090 1969 1144 ἐπὶ

383 1200 562 1270 τούτῳ
594 1197 801 1267 τάνδρὶ,
840 1212 918 1257 ως
964 1196 1021 1255 ις
1050 1191 1454 1259 Πελοπόννησον
1480 1185 1750 1254 τοσαύτην
1781 1181 1968 1259 χώραν

385 1294 736 1362 ἀφικόμενος,
783 1285 1091 1355 ἀνδράποδα
1137 1283 1239 1352 μὲν
1288 1280 1464 1333 πολλὰ
1503 1278 1737 1348 εὕροιτο,
1800 1275 1971 1345 ἄνδρα

384 1385 445 1440 δὲ
474 1384 682 1452 μηδένα
712 1382 794 1433 ὅτι
832 1379 905 1446 μὴ
939 1375 1199 1430 τοιοῦτον.
1235 1373 1494 1437 Βασιλεὺς
1544 1371 1641 1439 μὲν
1677 1370 1798 1421 τότε
1826 1368 1970 1435 ἀμφὶ

386 1478 504 1536 τοῖς
529 1472 823 1543 βασιλείοις
848 1466 939 1541 ἦν’
969 1468 1171 1534 Θωμᾶς
1195 1466 1254 1519 δὲ
1294 1467 1358 1519 ἐκ
1391 1464 1490 1533 τῆς
1538 1461 1969 1529 Πελοποινήσου,

391 1570 491 1622 καὶ
523 1566 847 1633 Ἐπίδαυρον
877 1559 1228 1632 παραλαϐὼν,
1261 1557 1491 1627 ἀφίκετο
1519 1558 1613 1610 ἐπὶ
1656 1556 1971 1623 Κέρκυραν,

393 1662 493 1715 καὶ
517 1657 764 1713 ἐκϐαλὼν
793 1656 1055 1724 γυναῖκάς
1088 1670 1146 1707 τε
1170 1652 1265 1707 καὶ
1294 1654 1512 1713 παῖδας,
1537 1649 1691 1703 ἔπλει
1718 1650 1808 1700 ἐπὶ
1847 1650 1977 1702 Ἰτα-

394 1757 518 1809 λίαν
556 1754 707 1822 παρὰ
734 1752 824 1805 τὸν
842 1752 950 1804 τῶν
977 1750 1273 1819 Ῥωμαίων
1292 1747 1572 1818 ἀρχιερέα.
1598 1743 1976 1819 Καὶιπρὲσϐυν

395 1851 508 1904 ἀπὸ
538 1846 834 1917 Κερκύρας
869 1846 944 1907 ὼς
992 1842 1218 1912 βασιλέα
1241 1840 1457 1909 ἔπεμπε
1514 1840 1880 1911 πειρώμενος,
1926 1836 1975 1889 εί

398 1943 493 1996 καὶ
550 1939 697 2008 αὐτῷ
746 1937 932 2007 χώραν
988 1935 1159 2003 ἑπιδῷ
1203 1932 1494 1987 ὁποιανοῦν
1547 1933 1644 2001 τῆς
1708 1928 1976 2000 Εὐρώπης

392 2034 686 2105 παράλιον,
713 2030 855 2084 ὥστε
883 2020 1352 2099 τὴνλΕπίδαυρον
1381 2024 1719 2096 παραδοῦναι
1752 2023 1831 2093 τῷ
1880 2020 1977 2092 βα-

396 2131 560 2183 σιλεῖ.
598 2128 702 2179 Τὸν
731 2126 830 2194 μὲν
857 2122 950 2176 οὖν
986 2121 1228 2191 πρέσϐυν
1268 2117 1575 2181 συλλαϐὼν,
1611 2120 1669 2170 ἐν
1705 2118 1892 2178 πέδαις
1919 2132 1978 2168 τε

403 2221 719 2290 ἐποιήσατο,
754 2219 849 2270 καὶ
876 2216 937 2269 οὐ
981 2215 1162 2282 πολλῷ
1207 2213 1440 2284 ὕστερον
1494 2212 1707 2280 ἀφῆκεν
1765 2209 1977 2277 ἀϐλαϐῆ

407 2312 651 2365 ἀπιέναι.
687 2309 1041 2379 ’Δφικόμενος
1072 2306 1127 2359 δὲ
1154 2306 1355 2375 Θωμᾶς
1396 2306 1424 2357 ὁ
1453 2302 1679 2374 ἡγεμὼν
1700 2304 1848 2373 παρὰ
1884 2292 1978 2356 τὸν

409 2401 691 2471 ἀρχιερέα,
712 2402 805 2469 τὴν
829 2400 1039 2455 δίαιταν
1062 2395 1208 2466 εἶχεν
1239 2398 1300 2449 ὲκ
1324 2395 1538 2460 τούτου,
1577 2392 1980 2467 ἑξακισχιλίους

408 2493 635 2564 χρυσίου
663 2492 752 2545 τοῦ
770 2492 919 2553 ἔτους
946 2491 1241 2560 στατῆρας.

471 2758 578 2815 Τοῦ
599 2760 656 2813 δὲ
704 2759 1086 2828 ἐπιγινομένου
1111 2754 1323 2832 Θέρους,
1351 2756 1425 2819 ὡς
1457 2740 1518 2809 το
1545 2756 1643 2828 ἔαρ
1665 2757 1979 2825 ἐπεγένετο,

395 2852 758 2922 ἱστρατεὺετο
793 2852 1088 2921 Μεχμέτης
1114 2851 1207 2902 ἐπὶ
1254 2849 1344 2901 τὸν
1383 2849 1748 2921 Κασταμόνης
1799 2866 1859 2901 τε
1890 2852 1985 2905 καὶ

394 2932 649 3018 Σινώπης
706 2943 956 3018 ἡγεμόνα
990 2982 1005 3009 ,
1055 2942 1444 3011 αἰτιασάμενος
1499 2942 1582 2994 ὅτι
1626 2939 1853 3012 Χασάνῃ
1909 2941 1985 3009 τῷ

399 3040 613 3110 Πακρῷ
644 3037 951 3108 ἐπιτήδειός
988 3053 1048 3088 τε
1075 3031 1165 3108 ἦν,
1199 3036 1292 3088 καὶ
1326 3033 1498 3088 ἐδόκει
1532 3033 1597 3088 ἂν
1648 3035 1985 3104 μεταστῆναι

401 3132 521 3200 μετ’
547 3127 713 3184 αὑτοῦ
745 3129 837 3180 ἐπὶ
862 3127 961 3195 τὴν
992 3125 1296 3195 Μεχμέτεω
1338 3124 1545 3197 χώραν,
1586 3127 1808 3180 ἐπιόντα
1862 3126 1980 3194 ἅμα

2065 643 2284 702 quoque
2298 627 2546 684 exercitu
2571 622 2932 680 circumsedit
2956 639 2969 676 :
3004 628 3260 691 etequas
3282 617 3651 681 conditiones,

2064 726 2271 796 quibus
2295 722 2550 794 oppidani
2578 720 2771 776 ‘urbem
2806 718 3092 780 dederent,
3119 713 3341 770 Obtulit.
3377 710 3652 767 Caeterum

2067 819 2328 891 oppidani
2356 833 2450 874 eas
2479 815 2832 871 conditiones
2856 825 3135 881 respuere,
3160 823 3262 863 nec
3323 806 3390 859 iis
3443 804 3655 859 obtem-

2070 927 2263 982 perare
2283 912 2601 965 voluerunt.
2616 906 3057 977 Contigitautem
3083 898 3456 972 postmodum.
3477 906 3535 950 ut
3554 894 3658 948 iiu-

2070 1014 2281 1075 puneet
2300 1000 2689 1058 ilhcsusexirct
2709 999 2777 1053 ab
2800 1013 2926 1054 arce
2946 998 3048 1051 ista
3070 994 3385 1051 Griecoruui
3414 992 3545 1052 dux,
3564 990 3656 1056 qui

2070 1113 2163 1168 per
2188 1110 2393 1151 annum
2420 1095 2495 1150 ibi
2528 1100 2825 1154 manserat,
2849 1105 3009 1160 quam
3035 1086 3333 1142 fortissime
3350 1093 3404 1137 et
3430 1095 3661 1153 genero-

2074 1189 2295 1244 sissime
2318 1187 2605 1243 sustinens
2647 1184 2850 1240 bellum
2877 1181 3022 1254 quod
3057 1179 3124 1235 nl)
3152 1195 3277 1249 rege
3300 1174 3657 1230 inferebatur.

2071 1277 2203 1333 Nam
2229 1275 2421 1332 Machu
2431 1285 2599 1331 metes
2617 1274 2779 1347 regia:
2798 1274 2996 1328 domus
3014 1271 3265 1340 princeps
3284 1269 3351 1323 de
3370 1269 3476 1321 isto
3494 1263 3661 1334 258

2070 1374 2191 1425 viro
2222 1369 2384 1424 talem
2416 1367 2709 1423 sententim
2757 1364 3022 1435 protulit:
3057 1354 3188 1416 Veni
3223 1360 3276 1413 in
3328 1358 3635 1423 Peloponnc

2072 1468 2218 1530 sum,
2237 1478 2357 1534 qua:
2380 1461 2679 1518 admodum
2696 1472 2894 1530 magna
2911 1459 3063 1528 regio
3086 1465 3191 1519 est,
3210 1465 3264 1509 et
3280 1451 3550 1521 mancipia
3578 1465 3662 1505 re-

2073 1558 2188 1628 peri
2206 1557 2439 1629 plurima
2477 1575 2491 1612 :
2526 1555 2735 1611 nullum
2764 1568 2897 1610 vero
2928 1553 3104 1608 virum
3132 1558 3325 1621 praeter
3346 1547 3528 1601 istum.
3548 1543 3660 1599 Rex

2075 1667 2140 1708 ea
2161 1658 2486 1722 tempestate
2520 1650 2574 1704 in
2617 1649 2767 1718 regia
2811 1646 2941 1702 sede
2961 1644 3304 1700 versabatur.
3332 1641 3571 1693 Thomas
3596 1638 3667 1689 ah

2079 1743 2459 1815 Peloponneso
2491 1740 2791 1813 profectus,
2828 1748 2885 1794 et
2942 1736 3280 1807 Epidaurum
3351 1744 3663 1790 assumens,

2081 1837 2313 1894 accessit
2348 1837 2416 1892 ad
2440 1837 2734 1906 Corcyram
2768 1852 2783 1889 :
2816 1842 2871 1888 et
2898 1832 3090 1901 ejectis
3157 1827 3283 1882 inde
3344 1822 3669 1879 mulieribus

2082 1942 2137 1987 et
2166 1931 2378 1997 liberis,
2411 1930 2705 2002 navigabat
2727 1929 2779 1982 in
2809 1927 3019 1983 Italiam
3049 1924 3118 1979 ad
3156 1921 3468 1978 Romanum
3491 1916 3668 1987 ponti-

2082 2027 2261 2083 ficem.
2296 2024 2443 2082 Misit
2470 2039 2688 2095 quoque
2717 2024 2953 2093 legatum
2985 2018 3052 2073 ad
3107 2031 3310 2086 regem,
3363 2009 3666 2083 periculum

2083 2116 2324 2173 facturus
2348 2132 2476 2171 num
2503 2115 2725 2171 reddere
2743 2113 2848 2168 sibi
2873 2112 3035 2167 vellet
3049 2126 3147 2179 pro
3176 2106 3474 2177 Epidauro,
3499 2117 3664 2174 quam

2083 2209 2294 2264 tradere
2324 2208 2562 2272 volebat,
2599 2206 2880 2276 regionem
2915 2216 3134 2257 omnem
3173 2200 3406 2269 Eumpae
3457 2194 3669 2251 mariti-

2083 2317 2252 2357 mam.
2293 2299 2406 2357 Rex
2434 2301 2673 2369 legatum
2712 2299 2879 2352 istum
2910 2293 3406 2365 comprehendi.et
3437 2290 3490 2343 in
3551 2289 3669 2343 vin-

2081 2395 2205 2452 eula
2229 2395 2353 2449 duci
2381 2392 2562 2462 jubet.
2589 2391 2698 2446 Nec
2731 2401 2912 2447 tamen
2950 2388 3123 2442 multo
3154 2394 3279 2456 post
3320 2399 3446 2438 eum
3495 2381 3668 2435 invio-

2082 2488 2250 2542 latum
2285 2496 2339 2542 et
2370 2486 2599 2541 illaesum
2636 2484 2866 2538 dimisit.
2900 2474 3143 2536 Thomas
3177 2478 3398 2533 veniens
3448 2476 3517 2531 ad
3561 2472 3671 2528 Ro—

2083 2595 2307 2634 manum
2342 2578 2676 2647 pontificem,
2703 2576 2847 2645 apud
2901 2592 3027 2635 eum
3075 2574 3283 2629 victum
3342 2569 3555 2635 habuit,
3616 2569 3671 2625 et

2083 2670 2381 2742 quotannis
2397 2686 2488 2726 sex
2520 2671 2668 2725 mille
2688 2679 2920 2724 stateres
2947 2667 3153 2737 argenti
3187 2665 3325 2739 (88).

2153 2764 2456 2834 Insequenti
2478 2772 2686 2828 mstate,
2709 2762 2800 2817 ubi
2830 2762 3081 2833 apparuit
3106 2776 3220 2824 ver,
3269 2754 3673 2827 expeditionem

2084 2856 2319 2927 sump~it
2345 2854 2678 2911 Mechmetes
2718 2864 2909 2911 contra
2947 2855 3295 2910 Custamonre
3353 2863 3409 2908 et
3458 2852 3676 2920 Siuopzc

2089 2951 2413 3021 principem.
2440 2948 2579 3004 lluic
2608 2948 2775 3003 dabat
2803 2947 3020 3002 crimini
3055 2946 3381 3007 amicitiam,
3414 2959 3576 3012 quam
3599 2941 3674 2997 fe-

2088 3049 2238 3095 cerat
2259 3055 2382 3094 cum
2413 3038 2663 3095 Chasane
2686 3037 2908 3106 Longo;
2942 3046 3202 3107 prieterea
3231 3036 3376 3107 quod
3421 3036 3672 3105 parabat,

2087 3133 2323 3190 Chasani
2352 3133 2666 3203 adjunctus,
2709 3130 3080 3187 incursionem
3111 3129 3289 3184 facere
3321 3130 3373 3182 in
3403 3144 3559 3183 suam
3585 3144 3673 3181 re-

397 3222 593 3293 ὲδιείνῳ
629 3219 1040 3291 στρατεύεσθαι.
1072 3218 1301 3286 Λέγεται
1340 3217 1436 3285 μὲν
1470 3218 1535 3288 δὴ
1582 3220 1673 3270 καὶ
1721 3219 1875 3281 ἄλλα,
1905 3218 1980 3280 ὡς

2085 3224 2325 3294 gionem,
2344 3239 2595 3279 unacqu
2616 3238 2682 3277 eo
2709 3222 2985 3278 hostiliter
3013 3221 3302 3276 accedens.
3329 3218 3600 3273 Feruntur
3622 3221 3678 3272 et

396 3317 427 3369 ὀ
482 3313 766 3384 Ἀμάρλεω
797 3311 1045 3381 ἀδελφὸς,
1108 3310 1401 3382 διατρίϐων
1456 3312 1515 3362 ἐν
1559 3312 1681 3374 ταῖς
1721 3311 1983 3379 βασιλέως

399 3406 617 3473 θύραις,
647 3404 1005 3456 συνεϐούλευε
1042 3402 1275 3474 βασιλεῖ,
1310 3402 1706 3475 στρατεύεσθαι
1754 3402 1849 3456 ἐπὶ
1892 3405 1985 3457 τὸν

401 3496 655 3564 ἀδελφόν.
692 3493 994 3564 Πληρώσας
1023 3492 1078 3545 δὲ
1116 3490 1248 3553 ναῦς
1293 3489 1454 3546 πλοῖά
1484 3508 1542 3543 τε
1597 3490 1692 3542 καὶ
1739 3491 1983 3561 τριήρεις

401 3590 547 3657 ἀμφὶ
578 3587 644 3639 τὰ
676 3585 1009 3655 πεντήκοντα
1043 3583 1138 3636 καί
1159 3582 1355 3636 ἑκατὸν
1388 3583 1529 3634 κατᾶ
1562 3580 1858 3645 Θάλασσαν,
1890 3583 1984 3635 καὶ

399 3680 567 3742 αὐτὸς
596 3678 786 3741 διαϐάς
820 3678 877 3739 ἐς
901 3675 999 3747 τὴν
1025 3676 1237 3740 Ἀσίαν,
1268 3673 1576 3745 ἐκομίζετο,
1590 3673 1730 3744 πεζῇ
1772 3673 1859 3727 διὰ
1887 3673 1986 3742 τῆς

400 3772 635 3844 ἠπείρου
668 3786 682 3801 ⁸
715 3773 809 3826 καὶ
838 3775 865 3825 ὁ
898 3772 1084 3834 στόλος
1124 3770 1275 3842 αὑτῷ
1309 3771 1397 3825 διὰ
1445 3770 1720 3837 Θαλάσσης
1756 3771 1813 3823 ἐν
1867 3767 1986 3839 χρῷ

403 3866 743 3935 παραλαϐὼν
769 3864 867 3936 τὴν
906 3863 1115 3931 Ἀσίαν,
1143 3865 1200 3926 ἐς
1230 3862 1259 3916 ὃ
1285 3863 1513 3933 ἀφίκετο
1558 3862 1651 3915 ἐπὶ
1712 3858 1982 3931 Σινώπην.

405 3955 841 4023 Καὶὸβασιλεὺς
881 3952 1354 4023 στρατευσάμενος
1392 3953 1480 4006 διὰ
1543 3953 1640 4022 τῆς
1695 3952 1989 4020 Κασταμο-

396 4050 529 4117 ’νίης
550 4049 776 4111 πόλεως,
801 4046 1115 4113 διελαύνων,
1146 4046 1376 4115 ἀφίκετο
1408 4047 1502 4099 ἐπὶ
1524 4032 1798 4117 Σινώπην.
1828 4045 1985 4099 Ἔστι

405 4143 456 4196 δ’
490 4143 524 4212 ἠ
559 4141 711 4204 πόλις
732 4140 868 4212 αὕτη
897 4140 1234 4210 προκειμένη
1269 4140 1397 4209 περὶ
1427 4139 1517 4193 τὸν
1558 4136 1810 4204 Εὔξεινον
1854 4136 1988 4190 πόν-

406 4252 520 4288 τον.
545 4233 806 4285 Διατείνει
835 4233 890 4284 δὲ
913 4232 1264 4303 Χερρόνησος
1294 4229 1427 4304 οὖσα
1448 4231 1503 4294 ἐς
1541 4231 1641 4300 τὴν
1685 4229 1985 4293 Θάλασσαν,

408 4326 505 4380 ἐπί
534 4323 781 4385 σταδίους
811 4322 983 4376 εἴκοσι
1013 4321 1110 4374 καὶ
1143 4320 1306 4384 ἑπτὰ,
1330 4321 1423 4373 καὶ
1448 4320 1601 4390 παρᾶ
1659 4319 1739 4387 τῷ
1785 4317 1989 4389 Ἰσθμῷ

407 4418 695 4484 οἰκεῖταιὴ
730 4414 908 4480 πόλις,
938 4414 1022 4484 ἐφ’
1046 4413 1284 4485 ἑκάτερα
1320 4411 1522 4482 ἔχουσα
1556 4411 1657 4482 τὴν
1690 4411 1984 4477 Θάλασσαν,

410 4512 508 4563 καὶ
536 4509 730 4577 λιμένα
752 4506 1018 4575 αὐτοφυῆ.
1058 4505 1125 4558 Ἦ
1181 4506 1238 4558 δὲ
1292 4506 1552 4558 ἐπέκεινα
1596 4504 1697 4573 τῆς
1756 4504 1986 4566 πόλεως,

2086 3315 2194 3369 alia
2231 3331 2247 3368 :
2279 3313 2533 3369 videlicet
2555 3314 2806 3368 Amarles
2831 3313 2999 3367 frater
3016 3327 3184 3384 agens
3212 3314 3264 3366 in
3294 3312 3476 3383 ianuis
3506 3312 3673 3382 regis,

2086 3404 2199 3476 regi
2230 3419 2340 3459 non
2369 3405 2609 3460 cessavit
2638 3404 2896 3468 suadere,
2927 3415 2987 3460 ut
3014 3403 3171 3460 fratri
3199 3421 3302 3460 suo
3332 3404 3535 3460 bellum
3586 3407 3670 3458 iu-

2086 3494 2315 3550 diceret.
2343 3493 2585 3566 lmplens
2614 3495 2781 3566 igitur
2814 3511 2908 3549 rex
2950 3510 3119 3550 naves
3147 3504 3203 3550 et
3234 3495 3487 3551 triremes
3513 3495 3676 3552 circi—

2085 3592 2170 3642 ter
2196 3587 2593 3657 quinquaginta
2624 3595 2678 3641 et
2708 3596 2951 3651 centmn,
2978 3603 3099 3641 eam
3143 3587 3375 3643 classem
3399 3587 3534 3642 mari
3549 3603 3674 3657 pro-

2087 3677 2379 3734 factionem
2401 3677 2579 3733 facere
2594 3678 2780 3749 jussit.
2805 3676 2924 3748 Ipse
2945 3694 3072 3732 vero
3098 3681 3370 3733 transiens
3401 3681 3454 3735 in
3482 3681 3668 3733 Asiam

2088 3769 2291 3825 itinere
2324 3769 2586 3840 pedestri,
2622 3785 2718 3840 per
2738 3771 3115 3835 continentem
3139 3770 3445 3826 incedebat.
3468 3770 3679 3827 Classis

2090 3864 2237 3934 regia
2270 3861 2414 3918 Asiae
2444 3870 2598 3916 oram
2629 3861 2869 3926 tenebat,
2897 3862 3070 3916 donec
3128 3861 3340 3917 veniret
3390 3861 3679 3933 Sinopam.

2087 3952 2275 4011 ,λιιι-εχ
2306 3950 2409 4006 iter
2436 3949 2646 4009 faciens
2690 3963 2787 4023 per
2845 3950 3231 4006 Castamonam
3298 3952 3488 4006 urbem
3551 3970 3675 4008 rum

2088 4044 2361 4112 exercitu,
2390 4046 2609 4099 tandem
2644 4044 2892 4116 pervenit
2911 4042 3197 4114 Siuopam.
3225 4042 3368 4101 Urbs
3397 4044 3510 4101 haec
3544 4062 3682 4117 prm-

2087 4138 2231 4211 jacet
2267 4138 2480 4195 Euxino
2505 4138 2702 4203 Ponto,
2743 4127 3091 4205 extenditse,
3141 4157 3265 4197 cum
3321 4145 3393 4198 sit
3444 4142 3681 4198 Cherso-

2090 4250 2281 4305 nesus,
2310 4234 2363 4288 in
2397 4250 2545 4288 mare
2574 4234 2769 4289 stadiis
2797 4233 2989 4303 viginti
3022 4245 3228 4305 septem
3262 4254 3274 4289 :
3309 4248 3365 4290 ct
3396 4238 3447 4289 in
3481 4236 3685 4291 Isthmo

2091 4327 2194 4381 sita
2230 4323 2549 4381 est.llortis
2573 4335 2627 4380 et
2684 4326 2976 4382 arboribus
3029 4328 3293 4399 abundat.
3348 4326 3573 4384 Plantas
3633 4340 3688 4383 et

2092 4418 2320 4472 arbores
2354 4417 2609 4487 producit
2634 4418 2956 4487 omnigenus
2987 4427 3096 4472 tam
3134 4430 3467 4483 mansuetas.
3517 4436 3685 4491 quam

2094 4509 2398 4564 silvestres.
2440 4509 2653 4565 Nomen
2685 4510 2805 4578 ejus
2840 4520 2923 4565 est
2965 4509 3266 4580 Pordapas.
3299 4510 3439 4567 Sunt
3466 4513 3541 4567 ibi
3587 4515 3687 4569 da-

410 4602 523 4653 ἕσω
570 4599 907 4651 διατείνουσα
959 4596 1327 4667 Χερρόνησος.
1370 4595 1551 4665 διήκει
1600 4596 1692 4648 ἐπὶ
1738 4595 1981 4658 σταδίους

2097 4603 2373 4657 mularum
2401 4613 2456 4658 et
2483 4604 2726 4670 leporum
2764 4604 2991 4657 vivaria.
3027 4602 3135 4657 Nec
3161 4603 3495 4658 desuutaliae
3534 4605 3681 4673 ferae,

416 4694 639 4744 εἴκοσιν.
672 4690 965 4759 Ἔμπλεω;
1003 4689 1060 4743 δέ
1090 4691 1205 4741 ἐστι
1235 4687 1587 4757 παραδείσων
1627 4705 1685 4740 τε
1724 4689 1819 4742 καὶ
1866 4688 1989 4741 δέν-

416 4781 558 4848 δρων
584 4780 966 4841 παντοδαπῶν,
1016 4779 1241 4849 ἡμέρων
1270 4797 1329 4832 τε
1364 4779 1457 4833 καὶ
1511 4779 1740 4848 ἀγρίων,
1786 4780 1993 4851 Πόρδα-

417 4889 522 4935 πας
553 4872 597 4903 ⁸ο
632 4872 1031 4941 ὀνομαζομένη,
1059 4872 1263 4941 ἔχουσά
1322 4888 1382 4924 τε
1427 4869 1576 4935 ἐντὸς
1621 4870 1887 4942 δορκάδας
1920 4867 1989 4939 ⁸⁸,

414 4963 658 5033 λαγωούς
683 4982 764 5029 τε,
797 4964 891 5017 καὶ
922 4962 1037 5016 ἄλλ’
1067 4964 1203 5018 ἄττα
1237 4964 1600 5032 κυνηγέσιμα.
1664 4964 1729 5016 Ἠ
1758 4964 1816 5017 δὲ
1840 4964 1991 5029 πόλις

412 5056 628 5125 ἐρυμνὴ
667 5056 764 5125 μὲν
798 5055 914 5108 ἐστι
962 5054 1048 5122 ἐφ’
1083 5053 1318 5124 ἑκάτερα
1370 5056 1469 5125 τῆς
1506 5055 1785 5122 Θαλάσσης
1834 5057 1893 5121 ἐς
1927 5058 1995 5111 τὰ

416 5149 680 5220 μάλιστα,
722 5147 1194 5220 περικαλλεστάτη
1225 5166 1285 5201 τε
1315 5149 1408 5202 καὶ
1435 5148 1634 5220 ὡραία,
1670 5150 1778 5203 ἀπὸ
1811 5150 1866 5204 δὲ
1897 5151 1996 5219 τῆς

411 5242 646 5311 ἠπείρου
675 5243 859 5311 ἀνέχει
910 5242 1009 5312 μὲν
1034 5239 1068 5309 ἡ
1101 5241 1254 5302 πόλις
1298 5242 1391 5294 ἐπὶ
1432 5242 1607 5310 ἀκτήν
1643 5260 1766 5295 τινα
1797 5258 1812 5272 ·
1849 5243 1883 5313 ἡ
1937 5243 1997 5297 δὲ

415 5335 528 5386 ἀπὸ
555 5335 652 5405 τῆς
685 5335 1034 5406 Χερρονήσου
1057 5340 1211 5411 χώρα
1240 5337 1339 5405 τῆς
1392 5334 1602 5397 πόλεως
1657 5333 1873 5403 πεδεινή
1907 5351 1994 5400 τε,

418 5425 517 5478 καὶ
549 5420 636 5478 οἷα
667 5427 1034 5496 προσϐάλλειν
1066 5433 1144 5501 τῷ
1168 5416 1347 5500 ’τείχει
1378 5429 1453 5490 ὡς
1522 5425 1713 5496 ῥᾷστα.
1768 5422 1995 5494 Maxen-

2092 4709 2231 4765 quas
2254 4695 2439 4749 venari
2476 4696 2745 4752 solemus.
2775 4695 2914 4751 Urbs
2944 4695 3245 4749 admodum
3300 4698 3507 4751 munita
3560 4710 3682 4767 est;

2095 4803 2221 4842 nam
2258 4789 2518 4858 utrinque
2540 4788 2676 4843 mari
2717 4791 2975 4861 cingitur,
3006 4804 3129 4843 cum
3184 4790 3256 4842 sit
3321 4790 3570 4859 speciosa
3631 4802 3687 4847 ct

2095 4881 2351 4954 pulchra.
2383 4881 2465 4937 Ab
2493 4883 2808 4937 continente
2828 4881 3001 4950 vergit
3038 4881 3246 4936 urbsea
3272 4880 3325 4937 in
3360 4882 3538 4938 locqu
3575 4901 3689 4937 aru-

2099 4987 2319 5026 nosum.
2351 4969 2427 5027 Ea
2458 4988 2591 5027 vero
2618 4973 2769 5041 regio
2792 4988 2914 5043 quze
2947 4974 2999 5026 iu
3035 4971 3446 5028 Chersonesum
3493 4977 3684 5042 pandi-

2101 5074 2213 5127 tur,
2239 5066 2565 5134 campestris
2592 5073 2673 5119 est
2702 5082 2717 5119 :
2750 5076 2810 5119 et
2842 5064 2969 5118 hinc
2999 5064 3157 5119 facile
3194 5066 3344 5121 urbis
3373 5068 3569 5120 muenia
3595 5085 3686 5133 τις-

2099 5154 2249 5223 gredi
2281 5154 2425 5208 licet.
2469 5154 2838 5209 Machumetcs
2867 5152 3143 5223 profectus
3174 5154 3242 5208 ad
3263 5156 3449 5209 urbem
3503 5156 3683 5219 istam,

2097 5250 2225 5297 ante
2264 5244 2556 5297 adventum
2590 5243 2735 5312 regis
2783 5250 2838 5297 in
2895 5241 3198 5299 Turcorum
3235 5256 3438 5308 castra,
3498 5246 3683 5316 hujus-

2097 5336 2245 5389 modi
2278 5326 2581 5389 orationem
2608 5350 2732 5389 cum
2767 5335 2994 5391 lsmaele
3054 5336 3314 5393 habuisse
3381 5336 3553 5390 fertur
3586 5354 3600 5389 :
3641 5337 3684 5391 0

2099 5427 2173 5482 [ili
2212 5428 2535 5495 Scenderis,
2563 5440 2620 5485 tu
2652 5430 2875 5502 quidem
2911 5446 2974 5485 cx
3003 5429 3202 5487 illustri
3222 5429 3507 5501 Tyriorum
3566 5426 3683 5501 (ϐω

1730 5587 1978 5651 Notulte
2022 5589 2436 5668 marginales.

495 5723 605 5791 (88)
650 5723 732 5781 ΑΙ.
767 5724 917 5781 Auri.

507 5882 551 5914 ⁸ο
586 5884 898 5952 Πρόδαπας,
924 5883 977 5938 in
1010 5881 1077 5938 Β.
1113 5892 1168 5937 ut
1192 5881 1246 5936 in
1270 5898 1317 5937 c.
1392 5881 1434 5914 "
1462 5880 1733 5950 Ζορκάδια
1760 5879 1814 5934 in
1846 5886 2023 5949 utroqs

2178 5714 2289 5790 (89)
2324 5716 2653 5775 Turcorum.
