3984 6428
399 341 499 402 481

1424 341 1525 400 DE
1567 331 1818 398 REBUS
1862 328 2226 391 TURCICIS
2271 330 2420 395 LIB.
2466 330 2569 391 IX.

3566 328 3669 389 £822

473 458 585 513 Καὶ
612 457 682 526 δὴ
734 455 829 510 καὶ
860 453 1213 525 Κασταμώνη
1246 454 1400 516 πόλις
1454 451 1729 519 εὐδαίμων
1766 445 1980 515 ὲρυμνή

2159 441 2220 495 Et
2250 458 2383 497 sane
2408 444 2743 497 Castamona
2775 441 2904 494 urbs
2938 447 3053 494 erat
3088 439 3342 506 opulenta
3398 448 3448 491 et
3484 439 3534 491 in
3562 442 3672 506 pri--

396 571 457 607 τε
490 554 550 613 ἐς
596 553 669 605 τὰ
705 551 962 621 μάλιστα.
1006 549 1097 612 Ἐς
1145 548 1214 619 ἣν
1270 547 1508 615 γυναῖκά
1555 561 1614 595 τε
1650 545 1744 596 καὶ
1780 539 1978 600 παῖδας

393 642 722 710 ὑπεξέθετο.
774 641 884 695 Καὶ
941 640 1104 701 αὐτὸς
1158 636 1607 708 παρεσκευάζετο
1660 636 1719 686 ἐν
1769 632 1987 699 Σινώπῃ

400 733 932 805 πολιορκησόμενος.
976 732 1041 785 ἰι
1071 732 1128 785 δὲ
1180 730 1334 802 χώρα
1370 728 1511 799 αῦτη
1551 728 1648 780 τοῦ
1680 723 1989 795 Ἰσμαήλεω

403 834 631 902 ἄρχεται
680 827 787 894 μὲν
840 827 951 880 ἀπὸ
996 827 1095 895 τῆς
1156 827 1213 888 ἐς
1264 824 1360 876 τὸν
1416 822 1617 875 Πόντον
1657 819 1992 891 Ἡρακλείας

662 918 756 972 τοῦ
804 917 1092 987 βασιλέως,
1139 916 1397 969 διατείνει
1435 914 1490 966 δὲ
1534 913 1623 965 διὰ
1654 911 1751 963 τοῦ
1785 911 1989 963 Πόντου

405 1012 461 1073 ἐς
488 1012 590 1081 τὴν
616 1009 993 1076 Παφλαγόνων
1018 1008 1227 1076 χώραν,
1262 1008 1355 1058 καὶ
1386 1008 1481 1059 ἐπὶ
1505 1004 1602 1074 τὴν
1630 1000 1990 1070 Τουργούτεω

403 1104 608 1177 χώραν.
659 1093 1000 1171 Ὀλὸιωτάτη
1032 1100 1090 1151 δὲ
1129 1094 1289 1163 οὖσα,
1322 1097 1588 1169 πρόσοδον
1639 1096 1753 1165 ἔχει
1793 1097 1850 1157 ἐς
1892 1095 1990 1155 τὰς

402 1201 580 1252 εἴκοσι
649 1195 926 1267 μυριάδας
993 1194 1254 1263 χρυσίους
1311 1192 1405 1245 τοῦ
1474 1192 1631 1253 ἔτους
1689 1187 1990 1257 στατῆρας

400 1290 623 1345 Χαλκδν
676 1287 758 1350 δὲ,
791 1287 868 1350 ὡς
914 1287 1011 1339 καὶ
1046 1285 1233 1338 ἄλλοθί
1275 1303 1369 1355 μοι
1400 1283 1494 1337 τοῦ
1537 1282 1729 1351 λόγου,
1763 1279 1921 1350 φέρει
1954 1281 1988 1348 ή

399 1383 558 1455 χώρα
588 1379 734 1450 αῦτη
778 1381 913 1451 μόνη
949 1379 1057 1432 τῶν
1102 1380 1161 1431 ὲν
1200 1380 1268 1448 τῇ
1306 1377 1465 1448 Ἀσίᾳ
1488 1390 1503 1404 ’
1535 1373 1739 1446 χαλκὸν
1769 1372 1825 1426 δὲ
1856 1370 1992 1424 κάλ-

398 1478 588 1530 λιστον
634 1474 776 1545 μετά
823 1490 887 1542 γε
947 1473 1040 1524 τὸν
1099 1471 1342 1539 Ἰϐηρίας
1390 1469 1617 1539 χαλκὸν,
1671 1466 1769 1534 ἀφ’
1811 1461 1874 1520 οῦ
1927 1464 1991 1533 δὴ

402 1569 641 1640 προσῄει
686 1565 766 1637 τῷ
817 1565 1029 1636 βασιλεῖ
1056 1565 1309 1626 ἐπέτειος
1346 1564 1513 1632 φόρος
1562 1560 1791 1632 χρυσίου
1828 1560 1992 1610 πέντε

407 1662 680 1734 μυριάδες
737 1660 1051 1727 στατήρων.
1097 1657 1261 1709 [Ιλοῖα
1304 1656 1363 1708 δὲ
1414 1653 1553 1723 ἐπῆν
1588 1655 1647 1705 ὲν
1692 1650 1772 1722 τῷ
1800 1649 1986 1718 λιμένι

403 1759 504 1827 τῆς
555 1754 811 1824 Σινώπης
854 1754 991 1805 ἄλλα
1040 1769 1124 1815 τε,
1180 1751 1274 1803 καὶ
1331 1747 1463 1811 ναῦς
1525 1745 1859 1817 στρογγύλη,
1920 1743 1989 1813 ήν

407 1847 839 1919 ἐναυπηγήσατο
873 1845 1170 1914 Ἱσμαήλης
1202 1842 1502 1895 ἐνακοσίων
1547 1839 1727 1892 πίθων
1749 1838 1818 1890 ⁸⁸.
1850 1838 1993 1891 Ταύ-

405 1960 510 2013 την
560 1942 662 2013 μὲν
707 1939 801 1994 οὖν
850 1943 907 2003 ἐς
955 1938 1253 2003 Βυζάντιον
1479 1936 1542 2004 δὴ
1593 1935 1686 2011 καὶ
1738 1933 1994 2004 βασιλεὺς

403 2037 779 2108 ἐναυπηγεῖτο
807 2033 941 2087 ναῦν
977 2033 1245 2101 μεγίστην
1277 2030 1342 2098 δή
1371 2030 1481 2083 τῶν
1509 2028 1732 2082 πώποτε
1758 2027 1993 2096 γενομέ-

406 2150 519 2188 νων
548 2132 689 2185 νεῶν
733 2128 872 2201 μετα
916 2144 980 2194 γε
1009 2127 1110 2195 τὴν
1140 2124 1449 2186 υῦενετών,
1477 2122 1572 2175 καὶ
1603 2120 1870 2190 βασιλέως
1897 2118 1993 2171 τοῦ

412 2221 863 2294 Ταρακωνησίων
893 2220 1213 2288 Ἀλφόνσου.
1260 2217 1553 2284 Ἀλφόνσος
1586 2215 1697 2285 γὰρ
1733 2214 1800 2283 δὴ
1839 2213 1992 2283 πρῶ-

417 2333 513 2374 τος
556 2313 687 2367 ναῦν
721 2314 1141 2381 ιναυπηγήσατο
1172 2308 1345 2361 πίθων
1391 2307 1465 2368 ὼς
1511 2303 1990 2375 τετρακισχιλίων,

422 2408 522 2460 καὶ
550 2406 771 2474 ὕστερόν
797 2422 855 2459 τε
903 2406 937 2474 ή
988 2401 1267 2456 Ούενετῶν
1301 2399 1476 2463 πόλις,
1514 2399 1637 2449 ἐπεί
1688 2414 1744 2450 τε
1795 2396 1990 2465 εἰρήνη

421 2502 640 2568 ἐγένετο
694 2504 837 2566 σφισι
900 2496 1048 2564 πρὸξ
1096 2494 1187 2547 τὸν
1241 2492 1510 2561 Διγυρίας
1555 2490 1841 2560 τύραννον,
1895 2490 1994 2543 καὶ

419 2593 790 2664 Ταρακὼνων,
837 2588 1296 2658 ἐναυπηγήσαντο
1345 2586 1439 2638 καὶ
1490 2584 1646 2636 αὐτοὶ
1694 2581 1825 2645 ναῦς
1876 2581 1994 2647 δύο,

416 2690 685 2758 μεγίστας
723 2685 789 2753 δὴ
835 2682 1068 2736 ἁπασῶν
1092 2680 1203 2731 τῶν
1233 2678 1552 2747 γενομένων
1588 2676 1749 2729 νεῶν.
1779 2676 1844 2728 Δί
1892 2674 1995 2743 μὲν

410 2781 479 2850 δὴ
531 2776 628 2829 τοῦ
676 2772 1029 2844 Ταρακώνων
1079 2769 1346 2840 βασιλέως
1400 2767 1549 2836 νῆες,
1584 2766 1689 2819 ὑπὸ
1724 2765 1994 2835 μεγέθους

412 2871 600 2940 σφίσιν
633 2870 827 2930 αὐταῖς
867 2865 1233 2935 ἐμπεσοῦσαι,
1265 2862 1643 2933 διεφθάρησαν
1691 2862 1748 2911 ὲν
1794 2859 1871 2928 τῷ
1915 2858 1997 2913 λι-

412 2966 561 3036 μένι,
592 2963 688 3016 καὶ
721 2963 821 3015 οὐκ
869 2959 1115 3029 ἔφθησαν
1162 2954 1463 3009 ὲκπλεῦσαί
1497 2970 1613 3017 ποι,
1644 2954 1701 3016 ὲς
1754 2951 1996 3018 πέλαγος
2026 3012 2033 3025 ἱ

411 3057 731 3128 γενόμεναι.
790 3051 1054 3113 Βασιλεὺς
1114 3048 1172 3101 δὲ
1231 3047 1329 3100 καὶ
1380 3045 1546 3107 αὐτὸς
1585 3043 1996 3128 πυνθανόμενος

2091 539 2194 589 mis
2227 537 2456 591 munita.
2507 536 2672 606 260
2708 535 2764 589 In
2797 537 2935 588 hanc
2993 536 3248 603 princeps
3302 535 3674 586 collocaverat

2091 645 2317 684 uxorem
2350 639 2407 685 ct
2448 630 2669 684 liberos.
2706 629 2822 698 Ipse
2876 646 3004 682 vero
3037 631 3386 681 obsidium-tn
3450 625 3672 693 Sinopm

2092 724 2328 777 tolerare
2371 723 2609 777 volebat.
2667 721 2834 789 Regio
2877 734 3055 773 :ililt'lll
3093 721 3341 773 lsznaelis
3376 721 3571 789 incipit
3600 720 3670 775 ab

2093 817 2231 870 urbe
2282 814 2441 869 Ponti
2478 814 2768 877 Heraclea,
2831 830 2953 883 qua:
2995 816 3140 882 regis
3179 823 3300 874 est;
3342 814 3574 883 porrigit
3606 828 3669 868 se

2094 924 2189 978 per
2218 909 2449 962 Pontum
2487 922 2661 977 usque
2702 908 2766 960 ad
2795 906 3242 976 Paphlagoniam,
3273 916 3325 959 el.
3356 907 3421 960 atl
3452 905 3667 976 Turgu-

2093 999 2163 1052 tis
2214 1001 2515 1066 regionem.
2549 997 2688 1052 Cum
2741 1007 2921 1050 autem
2976 997 3173 1065 opibus
3208 1013 3302 1066 per
3347 1014 3407 1051 sc
3452 997 3522 1050 sit
3573 999 3670 1051 llo-

2092 1093 2428 1155 t'enlissitna,
2461 1102 2698 1148 attamen
2763 1096 2995 1146 reditum
3052 1094 3212 1147 habet
3254 1109 3523 1156 annuum,
3569 1094 3665 1162 qui

2092 1185 2301 1253 praebet
2326 1186 2544 1240 circiter
2569 1186 2759 1256 viginti
2793 1186 3065 1255 myriadcs
3091 1196 3354 1241 stateram
3381 1198 3669 1256 argenteo-

2094 1290 2213 1331 rum
2247 1276 2479 1347 (90-91).
2512 1274 2638 1330 Sola
2685 1276 2785 1331 ista
2833 1279 2975 1331 Asiae
3012 1277 3160 1344 regio
3190 1292 3265 1331 aes
3298 1277 3422 1343 fert,
3447 1289 3505 1332 ut
3540 1278 3668 1331 alibi

2080 1369 2506 1447 adnotavimus.
2543 1367 2644 1424 [Es
2675 1380 2861 1424 autem
2888 1372 2989 1425 hoc
3011 1371 3309 1424 secundum
3367 1371 3557 1426 iberia:
3595 1388 3671 1426 :es

2095 1462 2366 1531 optimum
2406 1462 2746 1531 perhibetur.
2795 1464 2868 1518 Ex
2891 1480 2956 1518 eo
2986 1465 3285 1531 quotannis
3344 1467 3532 1519 tributi
3576 1480 3676 1518 nn-

2098 1555 2246 1610 mine
2273 1554 2475 1624 accipit
2500 1569 2593 1610 rex
2627 1555 2874 1625 quinque
2904 1557 3180 1627 myriadcs
3225 1566 3490 1611 stateram
3529 1559 3670 1612 auri.

2096 1644 2273 1703 Naves
2307 1648 2555 1716 plurima:
2587 1649 2805 1705 stabant
2863 1648 2917 1702 in
2967 1658 3125 1718 portu
3181 1648 3494 1719 Sinopensi,
3531 1653 3673 1704 inter

2094 1756 2236 1811 quas
2263 1752 2381 1797 erat
2401 1742 2657 1808 rotunda,
2682 1757 2844 1812 quam
2873 1753 3218 1797 exstruxerat
3237 1745 3450 1799 lsmael.
3485 1744 3555 1797 Ea
3583 1761 3674 1797 ca-

2097 1834 2280 1904 piebat
2322 1834 2468 1888 dolia
2499 1834 2851 1904 noningenta.
2878 1832 3028 1888 llauc
3067 1834 3390 1904 Byzantium
3421 1835 3670 1889 abduxit.

2096 1925 2273 1981 Etiam
2317 1942 2408 1982 rex
2464 1941 2754 1997 paraverat
2804 1944 2998 1982 navem
3050 1944 3173 1997 qua:
3225 1942 3289 1981 ea
3326 1938 3669 1997 tempestate,

2094 2022 2334 2089 exceptis
2384 2021 2714 2075 Venetorum
2765 2022 3019 2083 navibus,
3062 2030 3117 2075 ct
3150 2021 3411 2091 Alphonsi
3471 2020 3672 2075 Tarra-

2094 2115 2417 2169 conensium
2464 2114 2610 2184 regis
2696 2115 2843 2176 navi,
2882 2115 3118 2168 maxima
3171 2123 3312 2169 erat.
3360 2115 3674 2185 Alphonsns

2094 2207 2295 2262 ctenim
2316 2207 2527 2276 primus
2560 2206 2850 2260 fabricavit
2882 2221 3076 2260 navem
3115 2221 3370 2276 capacem
3401 2208 3672 2261 doliorum

2094 2311 2332 2371 quatuor
2373 2299 2626 2354 millium.
2659 2299 2992 2353 Venetorum
3023 2299 3158 2354 urbs
3184 2299 3407 2363 deinde,
3430 2300 3523 2353 ubi
3568 2316 3673 2368 pax

2094 2410 2219 2451 cum
2256 2393 2492 2463 Liguriae
2528 2403 2761 2463 lyrannt)
2792 2391 3112 2453 intervenit,
3157 2406 3324 2445 naves
3357 2391 3673 2445 aedificavit.

2096 2488 2270 2542 Etiam
2308 2485 2803 2541 Tarraconensinm
2845 2498 2937 2537 rex
2979 2485 3289 2551 composuit
3318 2497 3485 2538 naves
3514 2483 3674 2548 duas,

2095 2595 2219 2649 qua:
2243 2574 2621 2647 magnitudine
2643 2564 2990 2629 antecessere
3022 2589 3189 2629 naves
3208 2589 3399 2629 omnes
3429 2589 3551 2644 quae
3569 2589 3673 2626 un-

2095 2688 2261 2743 quam
2325 2671 2498 2725 fuere.
2530 2670 2601 2722 At
2643 2667 3143 2723 'l‘arraconensium
3181 2666 3328 2737 regis
3379 2681 3568 2731 nares,
3616 2666 3671 2720 in

2096 2784 2217 2823 sese
2247 2765 2573 2826 incidentes.
2611 2780 2725 2833 pra:
2769 2761 3143 2831 magnitudine
3170 2763 3224 2815 in
3257 2773 3416 2832 portu
3453 2760 3668 2815 confra-

2096 2872 2199 2917 ctae
2230 2867 2379 2925 sunt,
2404 2873 2508 2915 nec
2539 2858 2593 2911 in
2626 2871 2778 2911 mare
2805 2855 3000 2910 deduci
3034 2866 3278 2925 potuere.
3316 2853 3428 2909 Rex
3461 2851 3676 2909 Turco-

2096 2970 2218 3009 rum
2248 2953 2362 3008 haec
2383 2952 2637 3013 audiens,
2655 2958 2712 3004 et
2730 2951 2846 3019 ipse
2872 2947 3163 3002 fabricavit
3187 2963 3379 3001 navem
3400 2947 3673 3002 doliorum

2099 3046 2268 3101 trium
2320 3043 2552 3099 millium
2589 3056 2872 3113 capacem.
2933 3038 3045 3095 Nec
3099 3039 3272 3092 multo
3313 3047 3433 3106 post
3472 3038 3680 3091 interiit

410 3152 609 3215 ταῦτα,
680 3147 1051 3214 ἐναυπηγεῖτο
1101 3143 1234 3196 ναῦν
1288 3141 1365 3204 ὠς
1422 3139 1741 3211 τρισχιλίων
1797 3126 1995 3191 πίθων.

2103 3155 2164 3194 ea
2201 3147 2421 3209 propter
2454 3137 2582 3191 mali
2625 3135 3080 3207 magnitudinem.
3122 3131 3256 3187 Nam
3287 3141 3573 3204 postquam
3624 3132 3680 3185 iu

416 3244 527 3299 Καὶ
576 3242 642 3295 οὐ
707 3240 891 3309 πολλῷ
947 3238 1177 3308 ὕστερον
1229 3234 1335 3289 ὑπὸ
1389 3232 1659 3305 μεγέθους
1714 3229 1809 3283 τοῦ
1848 3227 1999 3282 ἱστοῦ

410 3338 696 3392 ἀπώλετο·
732 3336 823 3386 ὅτε
885 3330 1076 3384 καθότι
1134 3330 1195 3393 ἐς
1248 3329 1349 3396 τὴν
1400 3323 1533 3377 ναῦν
1577 3321 1856 3393 ἠνεῴχθη,
1903 3323 2002 3376 καὶ

411 3434 609 3487 ἄντλον
636 3430 679 3462 ⁷⁵⁷
708 3427 1010 3498 ποιουμένη
1043 3423 1213 3477 πολὺν
1244 3422 1340 3474 ἐπὶ
1387 3417 1586 3490 συχνόν
1632 3434 1754 3471 τινα
1783 3418 1999 3488 χρόνον,

409 3529 487 3591 ὡς
518 3526 743 3596 ἐξέχυτο
772 3522 880 3574 ὑπὸ
910 3514 1283 3589 τετρακοσίων
1311 3511 1667 3580 τεταγμένων
1714 3511 1772 3571 ἐς
1814 3507 1998 3573 τοῦτο,

417 3621 564 3693 μετὰ
591 3617 768 3672 ταῦτα
793 3614 992 3669 κατέδυ
1017 3608 1156 3678 αὑτὴ
1186 3610 1243 3661 ἐν
1270 3605 1350 3676 τῷ
1375 3604 1577 3674 λιμένι,
1598 3604 1692 3654 καὶ
1720 3599 2001 3670 ἠφανίσθη

413 3714 527 3767 ὑπὸ
574 3711 872 3778 θαλάσσης.
912 3705 1024 3758 Καὶ
1063 3704 1093 3755 ὁ
1126 3698 1433 3769 ναύκληρος
1477 3697 1578 3765 τῆς
1606 3694 1732 3765 νηὸς
1763 3692 1997 3762 ἀπέδρα,

416 3810 602 3871 δείσας
633 3803 862 3875 βασιλέα
886 3796 1206 3869 Μεχμάτην.
1248 3792 1411 3847 Ἀλλὰ
1449 3789 1610 3843 τοῦτο
1642 3791 1741 3860 μὲν
1771 3787 2001 3854 ὕστερον

414 3905 653 3969 ἐγένετο.

487 3997 625 4050 Τότε
654 3994 711 4047 δὲ
739 3990 996 4063 βασιλεὺς
1037 3983 1378 4057 παραλαϐὼν
1420 3981 1523 4053 τὴν
1564 3978 1871 4050 Ἰσμαήλεω
1903 3974 1999 4031 τοῦ

415 4090 728 4158 Σκενδέρεω
780 4083 989 4156 χώραν,
1023 4084 1137 4135 ῐετο
1194 4077 1364 4148 ὁμόσε
1424 4076 1519 4129 ἐπὶ
1585 4074 1847 4142 Χασανην
1908 4071 2001 4124 τὸν

413 4183 667 4254 Μακρὸν,
698 4180 793 4233 καὶ
844 4177 938 4230 ἐπὶ
966 4172 1224 4244 Κολχίδα,
1252 4170 1328 4233 ὡς
1379 4167 1742 4237 καθαιρήσων
1773 4163 1999 4235 βασιλέα

410 4280 517 4347 τῆς
562 4272 998 4347 Τραπεζοῦντος,
1026 4266 1086 4329 ὃς
1136 4263 1464 4334 ἐπιτηδείως
1506 4260 1648 4331 ἔχων
1675 4259 1768 4312 τὸν
1818 4258 2002 4313 Xsed-

412 4390 541 4444 νην,
573 4371 670 4424 καὶ
714 4363 952 4435 συνήθης
987 4360 1305 4431 γενόμενος,
1339 4357 1435 4410 καὶ
1470 4354 1676 4425 μᾶλλον
1704 4355 1731 4405 ό
1762 4352 1999 4421 ἁδελφὸς

411 4463 586 4520 αὑτοῦ
622 4458 878 4532 βασιλεὺς
935 4454 1212 4523 Ἰωάννης,
1250 4449 1345 4504 καὶ
1388 4447 1551 4510 αὐτὸς
1603 4446 1859 4517 βασιλεὺς
1889 4449 1997 4498 Δα-

415 4556 527 4615 6ιδ.
559 4553 769 4620 ἐξέδοτο
808 4551 866 4609 ἐς
912 4548 1094 4615 γάμον
1132 4543 1411 4611 θυγατέρα
1454 4538 1729 4603 Ἰωάννου,
1772 4538 1870 4591 καὶ
1897 4541 1999 4589 Δα-

417 4649 507 4702 διδ
552 4642 804 4713 ἀνεψιὰν,
832 4639 1063 4708 Χασάνῃ
1115 4634 1193 4705 τῷ
1227 4630 1462 4702 Μακρῷ.
1517 4630 1628 4684 Καὶ
1677 4629 2000 4700 προσεδεῖτο

422 4738 680 4813 βασιλεὺς
729 4732 895 4788 Δασὶδ
952 4731 1044 4782 τὸν
1102 4727 1384 4795 Χασάνην,
1445 4722 1853 4793 διαπράξασθαι
1907 4722 2003 4775 τὸν

423 4832 681 4901 Χασάνην
706 4830 764 4890 ἐς
790 4826 891 4901 τὸν
922 4821 1153 4895 βασιλέα
1200 4818 1529 4889 Μεχμέτην,
1567 4815 1662 4868 τοῦ
1697 4814 1887 4867 λοιποῦ
1926 4816 2003 4884 μὴ

427 4894 664 4996 ἁπάγειν
716 4894 810 4976 cui
841 4921 1007 4991 φόρον
1054 4916 1155 4987 τῆς
1187 4909 1607 4984 Τραπεζοῦντος
1643 4909 1780 4981 πρὸς
1813 4909 2000 4973 αὐτὸν,

418 5021 558 5076 ἀλλὰ
620 5017 804 5090 ζητῶν
865 5013 1068 5086 μᾶλλον
1126 5004 1572 5080 ἁποχαρίσασθαι
1624 5003 1704 5074 τῷ
1770 5002 2000 5074 Χασάνῃ

416 5110 675 5184 βασιλεὺς
712 5104 1033 5177 Μεχμέτης.
1074 5100 1138 5153 Οί
1170 5097 1271 5169 μὲν
1306 5094 1399 5150 οῦν
1432 5095 1702 5149 Χασάνεω
1736 5092 2002 5164 πρέσϐεις

415 5182 481 5265 ἧς
532 5196 757 5269 βασιλέα
814 5192 1162 5264 ἀφικόμενοι,
1212 5186 1522 5254 διελέγοντο
1575 5186 1673 5255 μὲν
1725 5185 1818 5236 καὶ
1866 5182 2005 5237 ἄλλα

416 5290 777 5365 ὕπερηφανῆ,
808 5289 868 5341 ὲν
911 5286 971 5340 δὲ
1012 5286 1080 5356 τῇ
1126 5282 1220 5336 καὶ
1248 5278 1368 5334 τόδε
1414 5278 1603 5348 ὴξίουν
1652 5278 1838 5346 σφίσιν
1871 5278 2006 5344 ἀφε-

417 5387 611 5456 θῆναι,
635 5384 727 5438 τὸν
754 5382 851 5452 τῆς
884 5378 1148 5448 Κολχίδος
1179 5372 1368 5448 χώρας
1413 5372 1602 5443 φόρον.
1633 5368 1873 5431 Τούτους
1904 5369 2005 5436 μὲν

2104 3247 2297 3289 navem
2335 3232 2627 3302 adaptatus
2685 3238 2790 3296 est,
2845 3237 2901 3284 et
2949 3229 3175 3299 quidam
3229 3241 3349 3282 eam
3396 3226 3683 3280 haurirent

2103 3335 2351 3396 tempore
2374 3325 2561 3394 longo,
2589 3323 2807 3379 tandem
2835 3321 2927 3376 ubi
2954 3322 3225 3377 exhausta
3253 3328 3340 3376 est
3371 3336 3401 3374 a
3419 3319 3683 3389 quadrin-

2102 3420 2284 3490 gentis
2313 3417 2515 3488 quibus
2552 3417 2603 3470 id
2627 3415 2836 3485 negmii
2882 3414 3071 3468 datum
3102 3425 3244 3478 erat,
3284 3414 3337 3467 in
3369 3413 3491 3482 ipso
3523 3423 3683 3482 portu

2103 3513 2389 3568 submersa
2418 3519 2474 3566 et
2506 3510 2643 3564 mari
2674 3510 2890 3564 obtecta
2919 3517 3037 3562 est.“
3057 3506 3221 3560 Navis
3253 3515 3434 3560 autem
3480 3507 3685 3575 guber-

2103 3614 2263 3663 nator
2285 3605 2520 3674 aufugit,
2554 3603 2756 3657 timens
2790 3614 2974 3669 regem
3011 3598 3395 3653 Mecbmetem.
3432 3598 3539 3652 Sed
3570 3600 3686 3654 hac

2101 3703 2341 3775 quidem
2369 3699 2680 3757 succedenti
2712 3708 2957 3766 tempore
2986 3693 3328 3751 acciderunt.

2176 3976 2292 4031 Rex
2333 3972 2499 4041 igitur
2536 3969 2640 4026 sub
2673 3967 2815 4023 idem
2847 3974 3066 4036 tempus
3093 3977 3371 4030 occupans
3400 3961 3681 4031 regionem

2104 4062 2373 4126 ismaelis,
2399 4059 2496 4132 qui
2538 4057 2811 4114 Sccndcre
2841 4065 2993 4126 patre
3021 4063 3189 4109 natus
3211 4063 3352 4113 erat,
3380 4062 3527 4106 recta
3560 4067 3685 4121 pro-

2105 4160 2278 4215 fectus
2298 4163 2384 4210 est
2404 4160 2600 4209 contra
2630 4151 2940 4206 Cbasanem
2971 4147 3219 4217 Longum
3254 4158 3308 4201 et
3341 4158 3533 4201 contra
3561 4147 3687 4201 Col-

2103 4252 2288 4315 chida,
2328 4258 2386 4304 ut
2416 4246 2715 4303 debellaret
2769 4259 2953 4315 regem
2988 4241 3377 4312 Trapezuutis,
3427 4241 3517 4313 qui
3560 4250 3686 4296 erat

2105 4346 2318 4400 anticus
2346 4339 2711 4398 etfamiliaris
2736 4336 3029 4393 Cbasanis.
3064 4334 3121 4389 ltt
3182 4336 3373 4405 primis
3404 4346 3583 4389 autem
3619 4350 3686 4389 eo

2105 4437 2448 4497 familiariter
2469 4432 2726 4489 utebatur
2755 4430 2927 4485 frater
2957 4429 3077 4497 ejus
3112 4426 3376 4481 Joannes.
3415 4427 3686 4495 Ipseque-

2105 4551 2212 4603 que
2246 4546 2343 4587 rex
2387 4526 2561 4583 David
2614 4541 2770 4580 suam
2815 4522 3203 4579 consobrinam
3244 4519 3383 4590 (9i),
3415 4535 3537 4588 qua:
3565 4527 3688 4572 erat

2105 4622 2337 4679 Joannis
2362 4620 2495 4685 ﬁlia,
2516 4617 2756 4673 Cltasani
2784 4615 2968 4685 Longo
2992 4613 3047 4666 in
3073 4611 3486 4666 matrimonium
3517 4612 3689 4665 collu-

2109 4719 2276 4774 cavit.
2309 4715 2421 4771 Rex
2454 4713 2623 4768 David
2650 4710 2866 4782 regavit
2887 4708 3218 4772 Chasanem,
3242 4714 3302 4758 ut
3319 4702 3423 4759 sibi
3449 4704 3692 4759 eﬂicerct

2111 4812 2255 4881 apud
2283 4821 2491 4877 regem,
2525 4820 2593 4861 ne
2628 4806 2684 4859 in
2731 4814 3010 4873 posterum
3061 4798 3328 4853 tributum
3361 4793 3507 4849 ferre
3530 4810 3691 4864 coge-

2115 4916 2269 4963 retur
2298 4903 2368 4958 ad
2410 4904 2589 4971 ipsum
2620 4896 3009 4967 Trapezuntis,
3049 4894 3142 4947 sed
3185 4891 3360 4961 magis
3412 4890 3695 4960 quatrebat

2104 4997 2403 5071 gratificari
2439 4992 2676 5050 Cltasani
2708 5007 2802 5045 rex
2853 4987 3207 5042 Mecium-tes.
3237 4986 3509 5041 Craterum
3548 4983 3695 5038 Cha-

2108 5093 2260 5148 sanis
2297 5087 2459 5161 legati
2491 5101 2616 5143 cutn
2656 5087 2936 5138 venissent
2968 5080 3034 5133 ad
3073 5095 3281 5149 regem,
3315 5079 3467 5133 inter
3493 5089 3691 5133 caetera

2108 5184 2473 5255 loquebantur
2503 5178 2749 5233 fastuosa
2785 5194 2800 5228 :
2836 5172 3192 5241 postulabant
3214 5186 3440 5242 quoque
3472 5169 3575 5225 sibi
3606 5183 3695 5223 re-

2113 5277 2254 5331 mitti
2289 5284 2346 5329 et
2369 5269 2646 5326 Colchidis
2673 5266 2964 5321 tributum.
2998 5264 3113 5318 Rex
3138 5265 3242 5319 bos
3268 5262 3553 5318 dimittens
3591 5261 3695 5313 mi-

2117 5370 2340 5428 nitando
2375 5385 2390 5422 :
2418 5364 2577 5435 261
2608 5361 2761 5416 Haud
2784 5362 2980 5423 inuito,
3005 5358 3202 5428 inquit,
3236 5366 3359 5426 post
3386 5364 3569 5409 vestro
3602 5367 3695 5423 pc—

1714 5536 1960 5599 Notulaa
2012 5534 2418 5613 marginales.

497 5677 720 5751 (90—9!)
748 5673 838 5732 Αι.
863 5686 1185 5737 aureorum,

2194 5663 2306 5737 (92)
2351 5661 2664 5733 Despinam.

495 5844 542 5877 “
572 5841 729 5897 Deest
764 5836 901 5909 forte
934 5832 1217 5905 ἀπήγαγε,
1246 5837 1340 5887 aut
1378 5828 1484 5887 tale
1517 5828 1666 5901 quid.
1689 5825 1756 5884 In
1791 5824 1857 5884 Β.
1888 5828 1996 5884 uia

2100 5827 2284 5884 lacuna
2312 5835 2413 5881 est.
2492 5826 2535 5859 "
2562 5821 2816 5879 Ἀντλον.
2846 5818 2907 5873 Ii.
2940 5826 2995 5873 ut
3030 5816 3083 5869 in
3111 5831 3164 5872 ε.
