3984 6428
375 349 487 414 £85

1420 340 1521 401 DE
1557 336 1813 399 ΚΕΒυὸ
1852 335 2214 397 TURCICIS
2245 334 2396 396 LIB.
2441 332 2550 395 1X.

3539 325 3651 392 486

365 471 546 524 λιστα.
589 463 810 531 Πέφυκε
840 462 897 515 δὲ
925 461 1099 524 ἄλλως
1128 459 1190 512 τὸ
1217 459 1364 512 θεῖον
1391 472 1404 486 ⁸
1433 456 1545 527 ὅτῳ
1580 456 1645 510 ἄν
1676 473 1758 518 τις
1795 454 1952 519 ξυνο-

2062 462 2168 510 ιιιι·.
2209 447 2685 520 przevaricantem'
2727 447 2876 504 illico
2909 445 3258 502 comminuit.
3290 445 3370 502 Tn
3430 447 3646 513 quidem

367 559 601 632 μολογῇ,
642 554 817 624 τούτῳ
856 552 1205 607 συντίθεσθαι
1234 565 1249 581 ⁸
1284 550 1350 619 ἢν
1405 549 1464 605 δε
1528 546 1846 619 παραϐαίνῃ
1889 545 1956 610 se,

365 647 760 722 ἑπιτρίὸεσθαι
805 648 868 700 τὸ
921 646 1210 715 παράπαν.
1259 645 1333 697 Σὺ
1379 645 1437 696 δὲ
1485 645 1545 705 ἐς
1600 643 1744 713 μέγα
1800 639 1960 709 ἥκεις

367 741 724 809 εὐδαιμονίας
755 738 867 791 τῶν
902 754 966 806 γε
1004 737 1100 788 νῦν
1136 735 1308 788 ὄντων
1346 734 1451 785 ἀνὰ
1500 732 1599 799 τὴν
1630 731 1959 797 οἰκουμένην

374 836 667 907 βασιλέων,
698 832 789 886 διὰ
815 831 878 884 τὺ
908 828 1197 883 πείθεσθαι
1226 826 1304 896 τῷ
1330 826 1496 896 ἥρωϊ,
1524 824 1620 876 καὶ
1670 821 1745 891 μὴ
1780 830 1958 890 παρα-

377 930 572 983 ϐαίνειν
620 926 691 980 τὰ
742 922 1100 993 νομιζόμενα,
1139 921 1231 975 καὶ
1277 918 1376 971 τοῦ
1426 935 1491 985 γε
1546 913 1737 968 λοιποῦ
1765 911 1958 980 ἄρχειν

375 1022 632 1077 ἁπάντων
691 1015 1021 1085 ἀνθρώπων.
1076 1012 1187 1079 Καὶ
1248 1004 1330 1087 οἷς
1382 1008 1427 1061 δ’
1475 1008 1544 1061 ἂν
1601 1004 1901 1072 ξυντιθυῖτο
1928 1003 1958 1055 ὁ

369 1113 680 1181 ἄνθρωπος,
717 1108 826 1162 εἴτε
856 1105 999 1176 Θεῷ,
1037 1106 1148 1159 εἴτε
1182 1105 1346 1173 ἥρωϊ,
1383 1105 1440 1160 ἐς
1470 1099 1498 1153 ὃ
1529 1098 1595 1154 ἂν
1646 1096 1954 1165 τελευτήσῃ

369 1200 658 1257 πείθεσθαι
692 1200 932 1268 ἀνάγκη.
968 1197 1076 1249 Καὶ
1111 1196 1175 1249 σὺ
1226 1195 1377 1266 ἡμᾶς
1416 1191 1608 1246 τούσδε
1640 1187 1956 1259 ὁμοφύλους

372 1298 448 1366 μὴ
480 1293 661 1355 καλῶς
710 1294 905 1353 ποιεῖς,
942 1288 1164 1350 δούλους
1213 1289 1374 1349 ὄντας
1428 1284 1525 1338 τοῦ
1578 1284 1783 1354 ἥρωος,
1816 1280 1956 1349 πρὸς

368 1388 530 1449 ὂντας
565 1389 611 1419 δ’
641 1383 918 1452 συνθήκας
950 1384 983 1452 ἡ
1016 1383 1183 1452 μοῖρα
1224 1379 1475 1443 ἐτάξατο.
1503 1377 1578 1432 Οὐ
1628 1376 1739 1444 γὰρ
1770 1372 1958 1443 περιό-

368 1480 535 1548 ψεται
566 1479 715 1548 ἡμᾶς
758 1478 829 1530 ὲκ
883 1474 980 1529 σοῦ
1018 1470 1707 1542 περιυδριξομένους,·καὶ.
1756 1467 1957 1535 ᾕδικη-

371 1574 593 1643 μένους,
641 1569 999 1639 περινοστεῖν.
1035 1565 1223 1619 Ταῦτα
1277 1564 1456 1631 ἔλεγε.
1500 1562 1609 1617 Καὶ
1663 1557 1955 1613 ὑπολαϐὼν

367 1669 399 1719 ὁ
433 1664 711 1735 βασιλεὺς,
744 1661 900 1730 ἔλεγε
954 1659 1136 1714 τοιάδε
1164 1676 1178 1691 ·
1212 1656 1283 1710 Ὦ
1336 1657 1524 1727 γύναι,
1557 1657 1615 1711 ὲν
1668 1655 1793 1726 δίκῃ
1855 1652 1955 1724 μέν

366 1776 452 1816 τοι
474 1756 692 1827 εἴρηταί
722 1771 806 1808 σοι
853 1753 1062 1808 ἕκαστα
1087 1768 1102 1784 ·
1134 1746 1194 1805 εὗ
1226 1752 1411 1819 μέντοι
1440 1749 1723 1811 ἐπίστασο,
1751 1748 1828 1810 ὡς
1861 1744 1956 1798 καὶ

369 1852 451 1921 τῷ
479 1850 692 1919 βασιλεῖ
718 1847 881 1901 πλέον
916 1862 970 1898 τι
1026 1845 1316 1915 χαρίζεται
1354 1845 1388 1913 ἠ
1443 1840 1714 1912 συνθήκη,
1746 1839 1843 1897 καὶ
1876 1836 1955 1908 τῷ

370 1949 644 2017 τυράννῳ.
690 1945 885 2013 Φέρειν
927 1942 983 1995 δὲ
1039 1939 1196 1994 τοῦτο
1247 1940 1316 1993 τὰ
1356 1938 1664 2009 πράγματα
1716 1934 1951 2002 πέφυκε.

372 2041 478 2093 Ἦν
510 2038 567 2091 δὲ
605 2037 703 2089 καὶ
736 2034 863 2096 τοὺς
892 2030 1207 2103 ὁμοφύλους
1257 2025 1659 2097 ἐξαμαρτάνων
1695 2038 1779 2084 τις
1831 2019 1956 2088 φαί-

367 2148 569 2202 νηται,
626 2128 844 2195 ἀνάγκη
899 2124 992 2178 ἐπὶ
1061 2122 1371 2193 μαρτυρίαν
1447 2118 1606 2171 τοῦτο
1679 2112 1816 2168 αὐτό
1868 2127 1955 2172 τις

372 2221 644 2286 ὁδεύεται,
690 2220 783 2275 καὶ
834 2217 1063 2272 ἐπιόντα
1110 2212 1445 2284 ἀμύνεσθαι.
1516 2212 1627 2266 Καὶ
1683 2209 1846 2277 ἡμεῖς
1898 2204 1957 2258 δὲ

379 2314 544 2368 τοῦτο
588 2311 960 2384 ποιησάμενοι,
994 2307 1091 2362 καὶ
1123 2306 1485 2377 προειπόντες
1519 2300 1671 2369 αὑτῷ
1721 2301 1800 2370 μὴ
1850 2314 1954 2350 πα-

387 2407 570 2475 ρέχειν
617 2407 681 2475 τῇ
733 2402 971 2474 ἡμετέρᾳ
999 2399 1176 2472 χώρᾳ,
1200 2395 1326 2450 οὔτε
1373 2394 1635 2463 ἀπείχετο
1684 2392 1745 2444 τὸ
1776 2389 1955 2460 παρά-

387 2516 516 2559 παν,
548 2497 643 2551 καὶ
687 2495 854 2551 ἐπιὼν
903 2492 1143 2561 ἐνοχλεῖν
1192 2490 1295 2542 οὐκ
1342 2484 1622 2539 ἐπαύσατο
1658 2484 1726 2537 ⁸⁸.
1760 2482 1955 2550 Ὀμως

376 2593 508 2650 τάδε
560 2588 933 2643 ἑπιτέλλονται
964 2585 1009 2616 ⁶¹
1061 2581 1140 2654 τῷ
1183 2579 1260 2652 σῷ
1310 2578 1448 2649 υἱῷ·
1480 2575 1805 2645 ἀπεχόμεθα
1855 2575 1954 2642 μὲν

372 2683 468 2739 τοῦ
506 2681 694 2735 λοιποῦ
742 2681 845 2750 τῆς
887 2677 1096 2749 χώρας,
1130 2675 1215 2743 ἐφ’
1238 2666 1283 2742 ᾧ
1319 2673 1395 2742 μὴ
1431 2669 1697 2740 ἐπιῦἧναι
1733 2665 1956 2728 ἐσαῦθις

371 2779 473 2847 τῆς
492 2775 677 2846 χώρας
705 2774 884 2844 ἡμῶν,
913 2771 1011 2825 καὶ
1058 2768 1194 2839 μηδὲ
1226 2766 1303 2836 τῷ
1350 2762 1568 2834 βασιλεί
1603 2760 1957 2833 Τραπεζοῦν-

370 2887 467 2932 τος
492 2866 800 2937 ὲπαμύνειν
824 2864 919 2918 καὶ
953 2861 1316 2932 ὑπερμαχεῖν.
1352 2857 1395 2909 Τ
1400 2856 1541 2909 αῦτα
1572 2855 1825 2913 ein-ivro;
1857 2849 1953 2904 τοῦ

376 2960 664 3032 βασιλέως,
701 2957 1015 3012 συνετίθετο
1044 2955 1246 3008 αὐτίκα
1296 2954 1330 3023 ἡ
1376 2948 1534 3021 γυνὴ,
1572 2948 1669 3002 καὶ
1719 2944 1956 3006 σπονδὰς

379 3058 635 3108 ἐποιεῖτο.
686 3051 761 3106 Τὸ
799 3052 856 3105 δὲ
886 3048 1138 3104 ἐντεῦθεν
1178 3047 1278 3117 ἥδη
1314 3044 1615 3112 ἐπορεύετο
1664 3040 1757 3093 ἐπὶ
1809 3038 1956 3106 Τρα-

2063 544 2356 598 maximam
2398 550 2732 597 consecutus
2771 557 2831 597 es
2863 541 3207 605 felicitatem,
3245 542 3383 592 allen
3437 546 3496 591 ut
3529 539 3652 593 nul-

2062 638 2145 693 lus
2181 638 2432 692 omnium
2465 636 2560 704 qui
2590 636 2644 689 in
2680 635 2812 689 urbe
2862 644 3014 699 sunt,
3063 649 3251 701 regum
3286 634 3382 685 tibi
3420 633 3493 685 sit
3518 647 3654 685 eon-

2061 730 2346 787 ferendus.
2374 730 2554 785 Causa
2591 743 2721 784 vero
2748 728 2801 781 in
2837 737 3092 795 promptu
3124 735 3210 779 est
3240 743 3256 789 ;
3295 740 3417 777 nam
3463 725 3649 793 parui-

2059 824 2128 879 sti
2159 823 2312 879 heroi
2345 830 2403 877 et
2430 822 2703 879 solemnia
2735 838 2856 890 qua:
2911 822 3080 875 semel
3115 822 3228 875 visa
3263 830 3415 883 sunt,
3451 832 3557 871 ttOn
3588 833 3649 872 es

2060 924 2442 985 transgressus
2468 930 2483 979 ;
2519 922 2574 965 ct
2604 911 2657 965 in
2683 921 2962 981 posterum
2994 910 3293 979 imperabis
3325 910 3372 963 si
3414 912 3492 961 sic
3519 923 3649 977 por-

2061 1007 2270 1062 rexeris
2303 1021 2486 1076 agere.
2528 1003 2712 1059 Paetis
2747 1014 2929 1058 autem
2959 1005 3215 1058 omnibus
3260 1019 3381 1071 quae
3409 1002 3535 1073 quis
3567 1001 3649 1056 le-

2060 1099 2214 1162 cerit,
2232 1100 2350 1155 sive
2372 1112 2499 1152 cum
2535 1098 2723 1160 heroe,
2744 1097 2862 1150 sive
2893 1112 3018 1152 cum
3051 1096 3180 1159 Deo,
3213 1097 3390 1152 donec
3445 1097 3647 1151 moria-

2060 1193 2158 1255 ris,
2209 1191 2467 1245 standum
2529 1199 2635 1244 est.
2672 1185 2870 1243 Verum
2923 1204 3031 1242 non
3081 1188 3308 1243 honeste
3357 1189 3644 1243 uobiscum

2058 1287 2197 1354 agis,
2225 1285 2321 1353 qui
2359 1298 2551 1336 sumus
2610 1283 2677 1336 de
2709 1291 2801 1336 tua
2834 1282 3082 1347 natione,
3137 1291 3192 1335 et
3245 1282 3387 1335 servi
3438 1282 3645 1343 herois.

2057 1377 2191 1432 Nam
2217 1379 2383 1432 etiam
2420 1377 2592 1433 Parca
2627 1385 2807 1431 tecum
2844 1384 3000 1446 pacta
3038 1387 3145 1447 est.
3178 1374 3326 1430 Satis
3354 1375 3492 1439 scio,
3533 1376 3647 1429 hanc

2060 1487 2161 1525 nos
2193 1486 2300 1523 non
2327 1469 2624 1539 despiciet,
2655 1484 2755 1524 nec
2780 1484 2884 1523 nos
2938 1468 3292 1523 contumeliis
3344 1477 3399 1521 et
3428 1467 3647 1534 injuriis

2058 1562 2156 1616 abs
2190 1571 2240 1614 te
2280 1559 2509 1615 all'ectos
2570 1559 2834 1614 aberrare
2876 1574 3046 1627 vagos
3094 1558 3256 1613 sinet.
3288 1557 3413 1612 Haec
3454 1557 3641 1613 Ini-uta

2056 1667 2160 1709 est.
2198 1654 2311 1708 Rex
2337 1663 2521 1708 autem
2560 1653 2613 1707 in
2651 1654 2798 1708 hunc
2828 1652 3050 1707 modum
3085 1651 3369 1722 respondit
3399 1668 3413 1704 :
3446 1649 3491 1705 Ο
3523 1666 3647 1705 ηιιι-

2059 1748 2180 1814 lier,
2219 1760 2331 1801 non
2364 1760 2432 1801 eo
2481 1743 2697 1801 inﬁcias
2737 1746 2871 1815 quin
2901 1745 3050 1815 justa
3082 1745 3195 1799 sint
3236 1758 3363 1814 quae
3396 1757 3647 1798 eorume-

2061 1839 2287 1896 morasti
2312 1840 2539 1904 omnia;
2578 1852 2770 1895 verum
2815 1838 2960 1893 haud
3011 1837 3229 1894 teclam
3263 1844 3369 1900 est,
3422 1845 3644 1907 pactum

2056 1946 2386 1992 conventum
2433 1935 2672 2005 amplius
2700 1934 2987 2004 quidpiam
3031 1948 3195 2004 quam
3228 1933 3444 2004 privato
3471 1932 3646 2001 grati-

2060 2029 2209 2083 ficari
2244 2029 2381 2098 regi,
2413 2036 2468 2083 et
2492 2037 2749 2099 tyranno.
2784 2028 2844 2083 Id
2868 2034 3053 2081 autem
3092 2041 3273 2081 rerum
3303 2024 3643 2093 experientia

2055 2121 2439 2177 demonstrare
2462 2117 2927 2176 consuevit.Nam
2968 2118 3015 2173 sl
3043 2119 3170 2188 quis
3194 2118 3246 2171 in
3277 2117 3520 2185 ejusdem
3548 2132 3649 2169 na—

2057 2214 2219 2267 tionis
2255 2213 2508 2269 homines
2564 2224 2799 2280 peccare
2834 2221 3085 2280 apparet,
3127 2209 3249 2279 ejus
3293 2209 3370 2263 rei
3398 2207 3648 2263 testimo-

2057 2307 2164 2361 niis
2192 2306 2325 2363 iides
2357 2303 2674 2374 accipienda
2705 2311 2812 2358 est.
2846 2301 3056 2357 Deinde
3089 2300 3449 2355 accedentem
3474 2312 3642 2367 opor-

2057 2405 2134 2452 tet
2175 2399 2438 2453 ultionem
2491 2396 2731 2466 exigere.
2765 2393 2881 2450 Hoc
2909 2409 2940 2448 a
2989 2393 3151 2448 nobis
3186 2390 3394 2447 factum
3423 2401 3529 2445 est.
3558 2390 3645 2445 Si-

2054 2489 2275 2559 quidem
2313 2487 2667 2559 praediximus
2695 2486 2806 2541 lilio
2855 2491 2976 2550 tuo,
3007 2498 3108 2539 nos
3150 2483 3294 2537 nolle
3330 2482 3567 2548 amplius
3592 2483 3643 2536 ei

2059 2593 2300 2637 nostram
2342 2586 2589 2652 praebere
2612 2581 2923 2652 regionem.
2958 2579 3030 2632 At
3066 2592 3175 2632 non
3214 2577 3489 2647 acquievit
3543 2590 3646 2630 uo-

2059 2686 2172 2731 stro
2201 2678 2455 2747 imperio,
2478 2690 2580 2731 nec
2605 2675 2829 2745 regione
2855 2680 3047 2728 nostra
3082 2671 3353 2727 abstinuit
3388 2686 3405 2724 :
3450 2684 3643 2724 verum

2060 2780 2245 2825 nostra
2275 2769 2648 2824 interturbare
2688 2765 2958 2823 accedens
2988 2780 3099 2820 non
3153 2766 3411 2821 cessavit.
3472 2764 3649 2818 (hete-

2061 2879 2180 2918 rum
2211 2873 2270 2917 ut
2295 2863 2486 2917 uthac
2511 2861 2657 2916 facta
2691 2871 2842 2927 sunt,
2873 2867 3056 2921 tamen
3084 2858 3198 2913 lilio
3235 2867 3329 2912 tuo
3361 2857 3476 2911 lucc
3510 2872 3648 2915 nua-

2059 2960 2263 3012 tiamus
2299 2974 2313 3011 :
2343 2970 2468 3025 qua:
2497 2955 2545 3011 si
2586 2954 2802 3019 fecerit,
2833 2953 2905 3008 ab
2936 2945 3055 3024 ejus
3088 2951 3311 3021 regione
3342 2950 3644 3006 exercitum

2060 3052 2417 3106 abducemus.
2447 3049 2543 3104 Det
2586 3063 2835 3118 operam,
2861 3062 2929 3101 ne
2956 3047 3010 3101 in
3068 3057 3313 3102 nostram
3361 3047 3644 3115 regionem

378 3147 676 3211 πεζοῦντα,
723 3143 820 3198 καὶ
868 3141 1015 3196 κατὰ
1058 3140 1327 3211 βασιλέως
1378 3135 1561 3200 Δασὶδ,
1602 3133 1658 3196 ὃς
1699 3132 1956 3201 τελευτή-

2064 3144 2413 3199 incursiones
2444 3143 2632 3205 faciat,
2674 3156 2776 3195 nec
2804 3139 3010 3195 auxilio
3050 3139 3236 3197 veniat
3271 3137 3391 3208 regi
3443 3136 3651 3206 Trape-

379 3257 572 3302 σαντος
603 3237 699 3293 τοῦ
735 3236 1002 3307 βασιλέως
1055 3234 1149 3288 τοῦ
1205 3230 1442 3301 ἀδελφοῦ
1478 3227 1646 3283 αὑτοῦ
1676 3225 1955 3290 Ἰωάννου,

379 3337 476 3390 καὶ
527 3331 987 3399 καταλειφθέντος
1049 3328 1202 3399 αὐτῷ
1250 3327 1485 3395 ὲγγόνου
1550 3324 1693 3386 ἑνὸς,
1752 3319 1960 3386 ἐπαγό-

378 3446 541 3498 μενος
567 3429 692 3490 τοὺς
723 3423 1163 3490 Καὸαζιτιανοὺς
1210 3423 1480 3492 ἄρχοντας
1527 3416 1636 3471 τῶν
1691 3418 1821 3483 περὶ
1860 3414 1961 3478 τὴν

375 3520 770 3592 Τραπεζοῦντα
794 3515 1230 3586 Μεσοχαλδείων,
1254 3513 1489 3581 κατέσχε
1520 3513 1621 3578 τὴν
1652 3506 1961 3578 βασιλείαν.

377 3617 493 3671 Καὶ
542 3614 901 3678 ἐδασίλευεν,
963 3610 1232 3680 ἀδικήσας
1297 3607 1390 3658 τὸν
1473 3601 1694 3671 ἀνεψιὸν
1746 3597 1957 3662 αὑτοῦ,

375 3710 649 3781 τετραετῆ
695 3709 846 3762 ὅντα.
895 3707 953 3759 ’0
988 3706 1174 3775 μέντοι
1218 3699 1406 3762 στόλος
1456 3698 1600 3766 ἄρας
1643 3694 1752 3749 ἀπὸ
1793 3691 1958 3747 Σινώι

379 3822 514 3872 πης,
549 3805 671 3856 ἐπεὶ
715 3799 925 3868 ταύτην
959 3791 1441 3860 προεδουλώσαντο
1471 3791 1535 3854 ⁸³,
1564 3786 1877 3859 ἐπορεύετο,
1903 3788 1962 3840 ἐν

377 3896 532 3964 δεξιᾷ
582 3894 720 3964 ἔχων
763 3890 890 3951 τοὺς
936 3885 1335 3949 Καππάδοκας,
1371 3882 1466 3935 καὶ
1514 3880 1849 3949 ἀφικόμενος
1904 3882 1961 3940 ἐς

376 3996 483 4061 τὴν
514 3989 667 4044 πόλιν
694 3980 1087 4056 Τραπεζοῦντα
1116 3980 1187 4034 τά
1228 3994 1288 4029 τε
1324 3975 1630 4047 προάστεια
1665 3973 1959 4043 ἐνέπρησε,

378 4085 480 4138 καὶ
532 4079 842 4146 ἐπολιόρκει
892 4075 989 4145 τὴν
1044 4071 1200 4126 πόλιν
1258 4070 1351 4123 ἐπὶ
1394 4070 1615 4138 ἡμέρας
1662 4066 1965 4137 τριάκοντα

377 4174 501 4228 δύο.
547 4171 704 4226 Μετά
744 4169 799 4221 δὲ
851 4166 1021 4220 ταῦτα
1080 4159 1399 4215 ἐπελαύνων
1458 4160 1620 4231 ἐπῄει
1678 4158 1958 4229 βασιλεὺς.

381 4265 743 4341 Προελαύνων
770 4262 827 4316 δὲ
856 4258 1266 4330 Μαχουμούτης
1313 4257 1368 4317 ἐς
1408 4252 1834 4323 Τραπεζοῦντα,
1864 4254 1963 4304 καὶ

379 4357 551 4415 αὐτοῦ
588 4372 701 4409 που,
741 4350 1027 4423 σκηνώσεις
1061 4350 1120 4401 ἐν
1149 4350 1217 4418 τῇ
1264 4347 1537 4416 λεγομένῃ
1591 4344 1959 4415 Σκνλολίμνῃ,

381 4459 481 4509 καὶ
525 4454 715 4520 λόγους
767 4445 1097 4516 προσφέρων
1141 4442 1279 4509 πρὸς
1314 4438 1406 4491 τὸν
1456 4436 1626 4491 αὑτοῦ
1662 4437 1963 4505 ὲξάδελφον

2064 3235 2268 3300 zuntis,
2323 3244 2385 3289 ut
2437 3232 2601 3289 simul
2636 3248 2762 3288 cum
2798 3232 2915 3301 ipsa
2952 3240 3206 3300 capessat
3262 3230 3487 3284 bellum.
3525 3228 3652 3283 limo

2065 3329 2156 3384 ubi
2188 3329 2470 3383 enarravit
2504 3342 2618 3385 rex.
2662 3326 2860 3379 mulier
2910 3325 3315 3394 paciscebatur,
3351 3331 3404 3375 et
3460 3335 3650 3388 pacem

2062 3419 2445 3487 componebat.
2480 3415 2599 3482 Qua
2636 3420 2934 3487 conventa,
2955 3428 3048 3466 rex
3078 3412 3238 3467 duxit
3270 3418 3415 3464 recta
3444 3406 3650 3478 Trape-

2063 3516 2281 3561 zuntem
2317 3517 2510 3559 contra
2545 3517 2727 3574 regem
2771 3481 3036 3555 Davidem
3081 3516 3095 3552 :
3129 3499 3221 3568 qui
3270 3496 3656 3556 defunctorie.

2064 3607 2193 3668 pote
2219 3612 2354 3661 uno,
2395 3609 2744 3663 congregans
2780 3592 3197 3653 Cabazitianos,
3231 3590 3328 3659 qui
3376 3591 3653 3659 imperant

2062 3690 2450 3748 Mesocbaldiis
2500 3690 2650 3743 eirea
2682 3688 3087 3756 Trapezuntem
3151 3699 3380 3753 regnum
3430 3685 3651 3749 ἱιινειθίι,

2063 3800 2238 3855 eoque
2266 3784 2471 3853 potitus
2499 3790 2588 3837 est
2633 3794 2895 3850 regnans,
2955 3792 3081 3832 cum
3140 3775 3340 3846 injuria
3378 3774 3658 3839 aﬂecisset

2065 3875 2253 3929 fratris
2284 3874 2478 3937 tilium,
2501 3880 2635 3926 tunc
2667 3871 2887 3925 demum
2939 3877 3177 3937 quatuor
3215 3880 3393 3918 annos
3429 3874 3648 3918 natum.

2063 3970 2271 4025 Classis
2319 3978 2502 4023 autem
2559 3966 2783 4021 solvens
2814 3978 2845 4018 a
2881 3961 3124 4033 Synopa,
3179 3970 3470 4030 postquam
3528 3974 3648 4012 eam

2063 4064 2420 4133 subegerant,
2462 4058 2725 4114 tendebat
2777 4056 3184 4125 Trapezuntem
3219 4071 3233 4108 :
3269 4055 3461 4106 dextra
3507 4051 3652 4121 Cap-

2065 4150 2351 4220 padoeiam
2383 4159 2594 4210 tenens,
2641 4153 2699 4203 et
2727 4144 2954 4200 veniens
2980 4141 3413 4212 Trapezuntem,
3448 4143 3652 4198 subur-

2067 4244 2206 4297 bana
2257 4240 2522 4305 incendit,
2581 4247 2635 4292 et
2689 4236 2886 4292 diebus
2934 4234 3160 4305 triginta
3198 4236 3415 4289 duobus
3457 4234 3650 4293 urbem

2066 4332 2300 4391 obsedit.
2350 4332 2545 4388 Postea
2602 4330 2770 4384 etiam
2822 4343 2920 4386 rex
2957 4342 3085 4383 cum
3116 4328 3364 4383 exercitu
3396 4326 3651 4401 acces~it,

2066 4426 2434 4484 Machumetes
2459 4434 2641 4480 autent
2672 4424 2783 4479 dux
2822 4429 3180 4492 praecesserat
3220 4427 3496 4489 re'gem,et
3524 4432 3654 4481 ante

376 4545 653 4616 Γεὼρτιον
708 4537 1235 4612 πρωτοὸεστιάριον,
1266 4531 1420 4599 ἔλεγε
1471 4534 1607 4599 πρὶς
1654 4530 1840 4594 αὑτὸν,
1884 4531 1957 4581 εί-

2070 4521 2212 4574 linnc
2247 4528 2477 4574 venerat
2528 4516 2959 4587 Trapezuntem.
2995 4513 3210 4567 Castris
3242 4511 3442 4581 positis
3479 4512 3550 4564 illi
3595 4515 3647 4576 in

379 4644 507 4695 πεῖν
539 4640 616 4711 τῷ
640 4637 849 4710 βασιλεῖ
870 4631 1036 4686 Δαϐὶδ
1068 4627 1194 4682 τάδε
1220 4643 1235 4658 ο
1270 4623 1488 4678 Βασιλεῖ
1519 4620 1961 4693 Τραπεζοῦντος,

383 4738 578 4802 γένους
626 4731 720 4784 τοῦ
785 4725 1057 4794 Ἑλλήνων
1099 4717 1413 4790 βασιλείου,
1470 4713 1726 4785 βασιλεὺς
1785 4713 1962 4783 μέγας

302 4798 313 4851 ⁵
384 4830 513 4880 τάδε
542 4827 727 4892 λέγει,
762 4820 836 4881 ὡς
887 4816 1053 4886 ὐρᾷς
1097 4812 1197 4882 μὲν
1243 4811 1376 4878 ὅσην
1415 4806 1602 4878 χώραν
1639 4806 1965 4875 διαπορευό-

388 4936 566 4985 μενος,
599 4915 791 4983 ἐπειδὴ
836 4909 1063 4981 διεξῄει,
1091 4906 1235 4959 ὥστε
1268 4902 1504 4956 ἐνταῦθα
1546 4897 1823 4965 γενέσθαιί
1858 4897 1961 4950 Ἢν

378 5010 475 5067 οὖν
520 5009 723 5065 αὐτίκα
769 5006 871 5075 τὴν
920 5002 1075 5054 πόλιν
1132 4991 1392 5064 παραδῴς
1453 4989 1531 5060 τῷ
1588 4987 1822 5059 βασιλεῖ,
1865 4986 1960 5038 καὶ

373 5106 566 5180 χώραν
602 5103 787 5174 μέντοι
820 5096 1150 5167 παρέχεται,
1178 5090 1254 5151 ὡς
1284 5089 1383 5142 καὶ
1409 5086 1487 5156 τῷ
1525 5082 1802 5151 Ἑλλήνων
1837 5081 1961 5150 ἡγε-

376 5204 509 5274 μόνι
553 5196 651 5269 τῆς
683 5194 1099 5258 Πελοποννῄσου
1148 5182 1448 5253 Δημητρίῳ
1499 5176 1852 5245 εὐδαιμονίαν
1900 5189 1961 5226 τε

372 5268 698 5363 ἐδωρήσατο
728 5289 822 5339 καὶ
869 5286 1090 5352 νήσους,
1125 5278 1222 5331 καὶ¹
1250 5271 1410 5328 Αἶνον
1443 5272 1603 5325 πόλιν
1642 5268 1963 5336 εὐδαίμονα,

372 5398 475 5443 καὶ
503 5391 559 5439 εν
588 5380 823 5453 ἀσφαλεῖ
847 5376 944 5440 ὢν,
978 5376 1213 5443 κάθηται
1261 5364 1624 5436 εὐδαιμονῶν.
1658 5364 1760 5415 Ἦν
1793 5360 1849 5412 δὲ
1882 5360 1958 5432 μὴ

370 5481 708 5551 πειθόμενος
780 5473 1027 5541 ἀντέχειν
1082 5464 1293 5534 ἐθέλῃς,
1370 5459 1482 5514 ἴσθι
1533 5457 1636 5530 τήν
1686 5472 1744 5508 τε
1802 5452 1959 5506 πόλιν

370 5568 836 5642 ἐξανδραποδίσαι
895 5565 954 5616 οὐ
1017 5555 1197 5627 πολλῷ
1261 5554 1510 5625 ὕστερον.
1576 5549 1652 5603 υύ
1723 5548 1834 5617 γὰρ
1893 5545 1959 5599 ἂν

2065 4630 2131 4667 eo
2183 4614 2327 4677 loco,
2378 4612 2471 4682 qui
2528 4610 2867 4680 Scylolimne
2918 4605 3141 4668 dicitur,
3193 4606 3245 4660 in
3305 4604 3648 4672 enllmjuium

2064 4704 2226 4777 263
2261 4706 2485 4760 veniens
2507 4718 2631 4758 cum
2670 4701 2909 4769 Georgio
2936 4698 3183 4768 patruele
3225 4697 3366 4766 ejus.
3392 4695 3561 4763 jussit
3588 4706 3652 4749 ut

2063 4800 2143 4851 sic
2177 4800 2486 4867 atluqttatur
2513 4810 2693 4863 resem
2730 4793 2988 4847 Davidem
3021 4807 3034 4843 :
3070 4789 3202 4860 [legi
3250 4788 3644 4859 Trapezuntis,

2066 4890 2379 4947 Graecorum
2414 4889 2657 4956 generis,
2685 4902 2779 4940 rex
2808 4899 3040 4955 magnus
3079 4887 3192 4937 lure
3224 4883 3354 4937 dicit
3384 4902 3397 4937 :
3430 4882 3648 4947 Cernis,

2066 4999 2231 5055 quam
2252 4984 2474 5053 longum
2498 4982 2623 5045 iter,
2652 4987 2706 5034 et
2728 4995 2892 5050 quam
2915 4978 3135 5048 longam
3164 4979 3442 5049 regionem
3462 4993 3652 5035 eman

2069 5091 2165 5130 sus
2192 5075 2265 5129 sit
2301 5090 2416 5140 rex,
2447 5081 2736 5143 postquam
2753 5069 3161 5141 expeditionem
3182 5072 3423 5140 sumpsit
3454 5080 3649 5124 contra

2072 5178 2124 5224 te
2160 5178 2221 5223 ut
2249 5169 2353 5222 huc
2374 5166 2621 5220 veniret?
2659 5162 2717 5221 Si
2749 5164 2914 5235 igitur
2943 5162 3095 5218 illico
3125 5163 3316 5219 urbem
3352 5164 3498 5233 regis
3522 5178 3653 5231 pet-

2075 5260 2290 5314 miseris
2315 5257 2568 5322 arbitrio,
2599 5270 2664 5309 ne
2726 5256 2962 5318 dubites,
3024 5254 3290 5324 praebebit
3350 5255 3512 5308 aliain
3543 5270 3557 5306 :
3592 5263 3655 5313 ut

2069 5352 2342 5409 Demetrio
2378 5350 2694 5411 Graecorum
2722 5347 2980 5417 principi,
3039 5348 3134 5417 qui
3197 5348 3644 5415 Peloponnesum

2071 5453 2301 5502 rexerat.
2336 5441 2568 5495 Donavit
2591 5455 2722 5495 vero
2755 5441 2901 5494 httnc
2926 5440 3124 5509 opibus
3186 5439 3462 5508 plurimis,
3489 5437 3649 5491 insn-

2071 5543 2271 5610 lisque.
2304 5535 2492 5590 Eidem
2514 5549 2569 5589 et
2603 5535 2795 5589 urbem
2848 5533 3047 5603 opibus
3098 5531 3383 5585 ﬂorentem
3432 5528 3642 5589 Aditum

1669 5651 1918 5715 Notulte
1948 5639 2349 5722 marginales.

417 5772 591 5858 ξυμ
620 5788 748 5839 uno,
781 5771 1131 5846 παραϐαίνει.
1206 5767 1252 5802 ⁸⁸
1280 5759 1348 5823 In
1383 5778 1509 5831 uno,
1540 5775 1601 5814 π.
1626 5757 1687 5813 ὃν
1717 5755 1839 5819 τάς.

386 5858 738 5900 εοουλωσατο.

1919 5752 1964 5784 ⁸⁸
1999 5745 2290 5803 Ἐπαύετο.
2367 5738 2408 5771 ⁴¹
2452 5735 2517 5791 In
2543 5752 2672 5804 uno,
2705 5734 3101 5797 ὲπιτέλλοντες.
3180 5730 3224 5763 ⁸⁸
3266 5728 3333 5785 1η
3366 5747 3490 5798 uno,
3523 5746 3656 5807 προ·
