3984 6446
369 361 479 426 689

1403 360 1502 420 DE
1551 357 1801 419 REBUS
1858 355 2218 418 TURCICIS
2262 357 2411 417 LIB.
2452 357 2558 422 ΙΧ.

3510 357 3616 424 490

369 477 492 540 λέα,
527 474 622 529 καὶ
652 471 839 543 χώραν
870 473 1057 538 αὑτήν.
1094 471 1278 526 Ταῦτα
1327 473 1425 542 μὲν
1468 473 1525 532 ἐς
1559 471 1716 524 τοῦτο
1748 471 1794 500 ⁵⁸
1827 470 1944 535 ἐγέ-

2052 468 2227 521 zuntis
2254 483 2436 538 regem
2474 485 2580 522 una
2634 482 2756 524 cum
2811 469 3031 539 regione
3095 475 3291 524 nactus
3335 479 3438 524 est.
3495 439 3622 554 llaec

368 586 496 624 νετο
521 585 538 600 ο
568 567 670 637 τὴν
707 568 764 621 δὲ
795 567 1184 637 Τραπεζοῦντα
1211 570 1267 631 ἐς
1299 567 1491 636 μοίρας
1520 565 1850 631 διελόμενος,
1883 564 1942 616 τὸ

374 660 477 730 μὲν
507 659 640 730 παρ’
675 659 858 727 ἑαυτῷ
887 662 1282 728 κατεκράτησε,
1305 659 1536 728 ποιήσας
1568 655 1942 724 Σιλικταρίους

374 756 466 808 καὶ
502 753 927 824 Σπαχογλάνους
949 754 1017 817 ⁸⁸,
1046 751 1274 823 ὕστερον
1315 756 1374 816 ὲς
1415 753 1512 815 τὰς
1541 751 1709 823 θύρας
1750 749 1942 810 αὐτοῦ,

378 847 601 910 τούτους
630 847 912 917 κρατήσας
942 847 1070 915 παρ’
1099 847 1311 912 ἑαυτὸν,
1345 847 1651 916 ὑπηρεσίας
1682 846 1748 876 ⁶⁶⁶
1779 844 1943 897 αὑτοῦ

377 939 557 1006 ἕνεκα,
596 940 692 992 καὶ
719 937 778 1000 ἐς
819 940 888 992 τὰ
923 939 1166 996 παιδικά.
1202 941 1274 993 Τὸ
1315 941 1368 993 δὲ
1417 939 1721 1009 κατῴκισεν
1758 939 1814 1000 ἐς
1844 938 1946 989 Bo-

375 1031 611 1096 ζάντιον,
644 1031 740 1084 καὶ
769 1030 831 1084 τὸ
857 1030 1044 1101 ἓτερον
1081 1033 1386 1102 πεποίηκεν
1425 1030 1815 1099 ίανιτζαρίους,
1849 1030 1943 1082 καὶ

374 1125 664 1189 δουλευτὰς
709 1125 768 1177 ἒν
815 1127 1055 1187 σκευαῖς,
1103 1125 1493 1194 ἐπιλεξάμενος
1543 1125 1735 1188 παῖδας
1782 1122 1944 1176 ὀκτα·

370 1218 618 1282 κοσίους,
658 1217 752 1272 καὶ
794 1218 851 1280 ἐς
888 1216 988 1288 τήν
1023 1217 1134 1270 τῶν
1175 1217 1443 1282 νεηλύδων
1492 1216 1644 1280 τάξιν
1693 1216 1942 1279 ἐτάξατο.

375 1310 489 1381 Τὴν
514 1313 698 1380 μέντοι
738 1310 1014 1379 θυγατέρα
1060 1310 1154 1363 τοῦ
1202 1308 1463 1377 βασιλέως
1497 1309 1661 1363 Δαὸὶδ
1714 1310 1945 1374 γυναῖκα

377 1407 562 1471 μέντοι
590 1405 691 1457 οὐκ
743 1404 1003 1472 ἠγάγετο,
1037 1401 1153 1471 μετ’
1201 1403 1263 1456 οὐ
1315 1403 1446 1456 πολὺ
1492 1402 1548 1456 δὲ
1599 1404 1655 1463 ἐς
1697 1401 1788 1453 τὸν
1827 1418 1944 1454 κοι-

373 1499 521 1550 τῶνα
576 1497 968 1568 μετεπέμψατο
1021 1497 1212 1565 αὐτὴν,
1245 1496 1677 1563 σφαγιασθέντος
1722 1494 1816 1548 τοῦ
1851 1494 1946 1564 βα-

373 1590 567 1653 σιλέως
599 1588 785 1654 Δασιδ,
818 1587 916 1640 καὶ
943 1587 1038 1640 τὸν
1066 1590 1232 1641 παῖδα
1270 1588 1495 1656 ἔγγονον
1540 1587 1633 1640 τοῦ
1678 1587 1945 1658 πρότερον

370 1675 665 1746 βασιλέως,
698 1676 889 1745 νήπιον
928 1675 1055 1730 ὄντα
1101 1671 1214 1743 εἶχε
1249 1679 1382 1746 παρ’
1416 1677 1594 1744 ἐαυτῷ
1624 1679 1652 1730 6
1690 1678 1942 1746 κράτων.

387 1769 448 1823 '0
501 1770 689 1839 μέντοι
747 1769 1008 1839 βασιλέως
1057 1775 1185 1833 παῖς
1241 1772 1269 1824 6
1333 1769 1616 1842 νεώτεροςο
1671 1772 1943 1842 Γεώργιος
1976 1805 2018 1862 ιι

379 1861 638 1932 τοῦνομα,
665 1863 742 1924 ὡς
787 1865 843 1923 ἐς
881 1863 979 1932 τὴν
1033 1863 1469 1934 ’Δδμανούπολιν
1529 1867 1738 1935 παρὼν,
1782 1869 1945 1938 ἐτρά-

374 1973 508 2010 πετο
538 1959 630 2010 ὲπὶ
673 1957 769 2027 τὴν
797 1957 890 2009 τοῦ
938 1959 1240 2028 Μεχμέτεω
1275 1959 1592 2028 Θρησκείαν,
1623 1962 1718 2014 καλ⁵
1769 1965 1826 2025 ἐς
1877 1965 1944 2017 τὰ

371 2050 482 2120 τήθη
514 2051 805 2119 γενόμενος
849 2049 917 2102 τὰ
946 2051 1190 2116 ἐκείνων,
1221 2053 1282 2104 οὗ
1321 2053 1502 2123 πολλῷ
1533 2055 1759 2124 ὕστερον
1791 2075 1946 2109 συνεο

369 2144 554 2215 λήφοη
588 2143 703 2213 ἅμα
729 2142 806 2214 τῷ
841 2147 1009 2214 πατρὶ
1038 2146 1128 2198 καὶ
1181 2148 1291 2210 τοῖς
1347 2148 1593 2217 ἀδελφοῖς
1639 2150 1742 2202 ὑπ’)
1792 2151 1946 2218 βασι-

376 2237 541 2299 λέως.
587 2239 696 2290 Καὶ
724 2238 766 2269 "
805 2237 914 2306 γὰρ
953 2237 1167 2308 ἔπεμψε
1209 2240 1511 2310 γράμματα
1544 2243 1578 2312 ή
1614 2242 1810 2310 ἀνεψιὰ
1853 2243 1946 2294 τοῦ

388 2328 676 2396 βασιλέως,
716 2330 865 2397 ἢτοῦ
902 2332 1124 2401 Χασὰνη
1157 2332 1201 2363 ⁸⁸
1251 2334 1408 2402 γυνὴ.
1442 2337 1534 2387 καὶ
1589 2336 1945 2404 μετεκαλεῖτο

391 2421 424 2486 ἢ
463 2419 507 2450 θ’
541 2423 630 2472 τὸν
683 2422 767 2474 τοῦ
822 2422 1084 2491 βασιλέως
1133 2425 1270 2487 υίδν,
1309 2427 1342 2495 ἢ
1373 2427 1463 2480 τὸν
1518 2429 1740 2493 ἀνεψιὸν
1780 2428 1947 2484 αὐτοῦ

389 2513 481 2563 τὸν
521 2512 747 2578 Ἀλέξιον
799 2517 889 2568 τὸν
949 2518 1014 2570 ἐκ
1065 2518 1401 2589 Μυτιλήνης,
1460 2520 1744 2590 Κομνηνὸν
1797 2521 1946 2576 ὄντα.

387 2603 494 2654 Καὶ
543 2602 613 2657 τὰ
677 2604 777 2673 μὲν
833 2605 1135 2676 γράμματα
1193 2608 1527 2677 ἐνεχείρισαν
1580 2609 1657 2678 τῷ
1713 2611 1946 2680 βασιλεῖ,

380 2695 790 2763 δηλοποιοῦντα,
817 2698 962 2761 ὅπως
997 2693 1076 2760 εἷς
1121 2699 1186 2751 ὲκ
1220 2698 1327 2752 τῶν
1363 2699 1496 2752 υίῶν
1531 2700 1625 2753 τοῦ
1660 2701 1948 2770 βασιλέως,

384 2787 416 2854 ἦ
453 2790 480 2840 6
514 2789 736 2857 ἀνεψιὸς
769 2790 957 2854 αὐτοῦ,
997 2793 1071 2853 ὡς
1102 2793 1340 2861 εἴρηται,
1371 2792 1633 2864 ἁφίξηται
1681 2796 1817 2862 πρὸς
1851 2797 1950 2862 τὴν

381 2881 669 2934 δέσποιναν
709 2882 809 2948 τὴν
840 2885 1074 2948 γυναῖκα
1107 2884 1202 2934 τοῦ
1238 2885 1466 2951 Μακροῦ
1498 2886 1727 2952 Χασάνη
1759 2884 1946 2940 οὖσαν.

396 2971 725 3042 Ἐνεχείρισε
752 2973 809 3026 δὲ
839 2975 1008 3028 ταῦτα
1040 2977 1108 3028 τὰ
1143 2976 1443 3044 γράμματα
1487 2979 1515 3028 ό
1545 2979 1953 3047 πρωτοόεστιά-

387 3080 500 3131 ριος
554 3063 826 3134 Γεωργιος
871 3067 1149 3137 ἐπιτρόπῳ
1189 3067 1356 3122 τᾶλλα
1384 3070 1574 3140 ἀγαθῷ
1605 3072 1752 3130 ὅπως
1781 3074 1950 3139 φανή-

2047 559 2264 628 quidem
2298 560 2562 615 hactenus
2591 564 2891 630 contigere.
2911 561 3316 632 Trapezuutios
3344 562 3396 616 in
3429 555 3627 642 partes.

2046 651 2362 706 distribuit:
2400 659 2611 722 partem
2645 669 2752 708 una
2794 654 3020 708 retinuit
3045 655 3186 719 ipse,
3213 670 3278 709 ex
3342 671 3451 726 qua
3490 658 3621 714 fecit

2048 742 2377 809 Silictarios,
2407 755 2460 800 et
2492 745 2911 816 SpatltOglauos.
2945 745 3056 802 Hos
3081 746 3134 801 in
3156 747 3343 818 jauuis
3373 751 3622 812 tenebat,

2045 852 2346 906 eorumque
2386 839 2687 894 ministerio
2721 841 2993 905 utebatur,
3065 857 3277 897 necnon
3310 843 3443 912 ipsis
3474 846 3625 899 nefa-

2049 931 2130 984 rio
2156 946 2343 986 amore
2384 942 2574 1002 raptus
2597 933 2945 989 abutebatur.
2982 935 3196 990 Partem
3244 950 3426 993 autem
3452 938 3619 995 aliam

2047 1017 2364 1093 Byzantium
2388 1025 2718 1081 transmisit.
2749 1025 2918 1082 Porro
2951 1044 3021 1084 ex
3049 1030 3153 1083 alia
3185 1029 3489 1098 janitzaros
3515 1033 3625 1087 ele.

2047 1115 2142 1184 git.
2179 1113 2454 1178 Quosdam
2496 1117 2780 1172 constituit
2803 1133 3015 1184 servos,
3043 1121 3136 1189 Qui
3168 1121 3221 1174 in
3251 1123 3623 1181 tabernaculis

2048 1208 2334 1260 servirent.
2369 1205 2574 1262 Pueros
2601 1223 2664 1263 ex
2711 1212 2970 1266 omnibus
3037 1213 3199 1280 elegit
3249 1215 3624 1284 octingentos,

2046 1311 2251 1364 eosque
2280 1297 2332 1350 in
2365 1299 2784 1368 peregrinorum
2812 1301 3095 1356 cohortem
3118 1304 3398 1362 submisit.
3422 1303 3622 1366 Filiam

2047 1389 2190 1456 regis
2217 1388 2436 1445 Davidis
2463 1405 2593 1457 non,
2629 1393 3092 1460 quemadmodum
3122 1412 3216 1452 rex
3246 1396 3335 1453 hic
3361 1401 3618 1470 petierat,

2047 1496 2273 1537 uxorem
2310 1483 2510 1540 duxit:
2544 1485 2689 1540 haud
2752 1497 2931 1542 tamen
2989 1489 3160 1544 multo
3219 1499 3344 1560 post
3400 1509 3519 1548 eam
3568 1497 3623 1550 in

2047 1591 2207 1629 suum
2231 1576 2545 1632 cubiculum
2567 1579 2860 1634 accersivit
2891 1573 3169 1650 perempto
3223 1600 3348 1654 rege
3396 1586 3622 1641 Davide.

2046 1664 2303 1736 Nepotem
2331 1681 2512 1724 autem
2537 1670 2722 1740 hujus,
2746 1672 2837 1741 qui
2872 1672 3049 1728 fuerat
3074 1673 3216 1730 ﬁlius
3235 1677 3412 1732 adhuc
3437 1677 3624 1734 infans

2049 1757 2250 1825 prioris
2282 1763 2448 1830 regis,
2475 1764 2617 1832 apud
2638 1779 2696 1819 se
2731 1763 2918 1820 habuit
2966 1766 3151 1822 Crato.
3211 1767 3376 1839 Regis
3435 1780 3618 1825 autem

2047 1851 2266 1909 Davidis
2313 1855 2455 1911 filius
2495 1858 2700 1926 junior,
2717 1861 2937 1915 nomine
2967 1861 3254 1931 Georgius,
3275 1879 3399 1918 cum
3432 1865 3627 1920 Adria-

2049 1949 2288 2015 uopolim
2323 1949 2582 2014 venisset,
2611 1952 2676 2004 ad
2727 1951 3044 2009 Mechmetaz
3099 1955 3421 2025 religionem
3489 1975 3626 2014 con-

2049 2055 2240 2094 versus
2283 2051 2386 2096 est.
2454 2042 2762 2112 Assumptis
2813 2043 3117 2113 Turcorum
3201 2049 3452 2105 moribus
3512 2069 3620 2106 non

2050 2133 2218 2186 multo
2254 2145 2375 2201 post
2399 2144 2590 2203 captus
2625 2146 2709 2190 est
2737 2138 2803 2191 ab
2846 2154 2967 2208 rege
3002 2155 3112 2193 una
3171 2157 3296 2196 cum
3360 2154 3511 2212 patre
3569 2158 3623 2198 et

2048 2218 2329 2276 fratribus.
2357 2222 2489 2276 Nam
2517 2225 2700 2279 missis
2755 2227 2950 2283 litteris
3015 2233 3347 2287 consobrina
3403 2233 3622 2290 Daridis

2050 2313 2212 2382 regis,
2247 2330 2383 2368 uxor
2406 2314 2676 2372 Chasauis
2706 2319 2938 2374 vocabat
2969 2333 3062 2375 aut
3111 2325 3255 2393 regis
3298 2327 3488 2392 lilium,
3525 2339 3624 2385 aut

2050 2409 2346 2475 patruelem
2379 2409 2521 2477 ejus,
2547 2411 2796 2465 Alexium
2823 2412 3162 2470 Comnenum
3192 2433 3258 2472 cx
3313 2417 3618 2490 Mitylenis.

2050 2496 2117 2551 Et
2145 2499 2355 2554 litteras
2383 2502 2625 2571 quidem.
2663 2505 2867 2573 quibus
2930 2509 3343 2577 signiﬁcabatur
3398 2523 3622 2569 utunus

2049 2605 2114 2644 ex
2154 2593 2278 2646 filiis
2296 2597 2438 2662 regis
2467 2595 2705 2660 Davidis,
2739 2609 2829 2652 aut
2856 2602 3120 2668 patruelis
3149 2604 3271 2673 ejus
3305 2604 3386 2676 (ut
3413 2605 3620 2661 dictum

2050 2683 2154 2752 est)
2187 2686 2395 2740 veniret
2430 2689 2495 2742 ad
2521 2689 2824 2753 dominam,
2858 2709 2980 2763 qua:
3018 2711 3159 2750 uxor
3207 2706 3325 2751 erat
3355 2698 3624 2756 Chasauis

2052 2777 2244 2848 Longi,
2298 2778 2634 2837 tradiderant
2683 2784 2836 2853 regi;
2889 2802 3010 2840 nam
3051 2788 3258 2845 litteras
3311 2795 3441 2847 istas
3477 2796 3625 2849 dedit

2053 2869 2514 2930 Protovcstiarius
2545 2875 2816 2946 Georgius
2840 2883 3104 2945 curatori,
3134 2884 3382 2938 moribus
3425 2897 3623 2942 caetera

2051 2978 2161 3018 non
2190 2967 2461 3036 improbo,
2483 2977 2540 3022 ut
2563 2979 2848 3038 appareret
2866 2972 2975 3041 regi
3004 2976 3142 3036 talis,
3169 2977 3315 3044 quali
3349 2975 3623 3034 ﬁdendum

2054 3069 2204 3114 essu
2237 3061 2290 3113 in
2347 3059 2652 3130 quibusvis,
2705 3073 2966 3132 praetcrea
3000 3081 3065 3120 ne
3102 3067 3466 3126 innotesccrct
3489 3089 3625 3143 quo-

387 3174 538 3212 σεται
568 3162 595 3213 6
640 3158 896 3228 βασιλεὺς
946 3161 1027 3223 είς
1081 3163 1344 3214 πίστωσιν
1400 3161 1530 3225 ἴσως
1570 3161 1803 3233 ἀγαθὴν,
1857 3165 1950 3217 καὶ

2055 3155 2218 3206 modo
2251 3154 2702 3222 protovestiarius
2763 3171 2873 3210 rem
2929 3159 3069 3214 hanc
3105 3161 3361 3229 celasset,
3423 3167 3626 3221 timens

383 3252 557 3314 ἄλλως
601 3253 690 3306 ἵνα
744 3253 819 3322 μὴ
864 3254 1108 3326 ἀκουσθῇ
1152 3257 1242 3308 καὶ
1300 3257 1430 3326 παρ’
1473 3253 1668 3322 ἄλλων,
1723 3256 1872 3319 ὅπως
1925 3257 1953 3308 6

382 3345 882 3416 πρωτοσεστιάριος
925 3345 1129 3416 ἔκρυψε
1182 3347 1338 3401 τοῦτο
1389 3349 1724 3418 φοϐούμενος
1757 3351 1848 3402 τόν
1894 3369 1951 3403 τε

383 3439 655 3506 αὐθέντην
693 3439 782 3492 τὸν
818 3441 1014 3509 μέγαν,
1048 3442 1140 3493 καὶ
1185 3443 1276 3494 τὸν
1309 3443 1492 3496 Πασια
1521 3444 1566 3475 ⁷⁸
1618 3443 1954 3514 Μαχουμού-

381 3545 506 3596 την,
537 3531 628 3582 καὶ
658 3529 804 3598 πάθῃ
844 3531 1028 3592 κακῶς
1055 3533 1083 3582 6
1120 3533 1616 3603 πρωτοὸεστιάριος
1668 3539 1819 3604 παρὰ
1857 3537 1951 3588 τοῦ

387 3622 632 3692 μεγάλου
672 3623 950 3679 αὑθέντου.
987 3622 1091 3676 Καὶ
1144 3624 1230 3677 διὰ
1285 3625 1440 3677 τοῦτο
1487 3625 1686 3680 δέδωκε
1722 3628 1816 3680 καὶ
1864 3630 1952 3680 τὸν

382 3717 596 3786 χάρτην
653 3717 788 3786 πρὸς
843 3718 936 3768 τὸν
992 3718 1166 3784 μέγαν
1222 3717 1509 3788 αὐθέντην.
1565 3719 1647 3773 Τὰ
1705 3721 1805 3790 μὲν
1860 3720 1953 3773 οὖν

385 3808 694 3876 γράμματα
735 3805 1026 3876 δεξάμενος
1069 3810 1096 3860 6
1148 3807 1424 3876 βασιλεὺς,
1456 3809 1550 3862 καὶ
1602 3810 1706 3877 νόῳ
1752 3808 1952 3876 λαϐὼν,

385 3901 683 3953 καθίστατο
731 3901 788 3962 ἐς
833 3899 1093 3969 ὑποψίαν,
1129 3903 1221 3953 καὶ
1274 3903 1471 3966 αὐτοὺς
1531 3905 1833 3968 συλλαϐὼν,
1863 3907 1955 3957 τόν

386 4009 449 4044 τε
501 3993 662 4046 Δαῦὶδ
703 3992 953 4062 βασιλέα,
997 3995 1091 4046 καὶ
1137 3994 1263 4056 τοὺς
1314 3995 1462 4058 υἱοὺς
1516 3996 1681 4050 αὐτοῦ
1735 3998 1832 4050 σὺν
1879 3998 1956 4067 τῷ

387 4085 596 4155 ἀνεψιῷ
625 4086 896 4154 καθεῖρξε.
931 4086 1037 4137 Καὶ
1062 4086 1159 4155 τὴν
1195 4087 1294 4152 μὲν
1322 4085 1600 4156 θυγατέρα
1630 4091 1686 4150 ὲς
1717 4092 1953 4144 κοιτῶνα

389 4177 545 4247 αὐτῷ
581 4178 985 4246 μετεπέμψατο.
1031 4177 1210 4247 Ἔχων
1247 4179 1304 4231 δὲ
1333 4181 1530 4243 αὐτοὺς
1570 4184 1628 4234 ἐν
1653 4183 1698 4214 ⁷¹
1739 4184 1955 4247 πέδαις,

385 4272 451 4322 οὐ
503 4269 682 4336 πολλῷ
736 4268 983 4338 ὕστερον,
1016 4269 1323 4336 ἀπαγαγὼν
1372 4271 1433 4334 ἐς
1485 4272 1801 4339 Βυζάντιον,
1852 4277 1958 4329 διε-

386 4361 653 4432 χρήσατο.
683 4359 820 4422 Τοὺς
858 4361 957 4430 μέν
985 4379 1070 4414 τοι
1103 4364 1301 4424 παῖδας
1333 4365 1462 4427 τοὺς
1511 4367 1554 4398 ⁷⁸
1587 4368 1695 4420 ἀπὸ
1727 4369 1955 4434 ἄστεως,

389 4456 488 4506 καὶ
510 4456 617 4506 ἀπὸ
658 4454 765 4506 τῶν
794 4453 1094 4522 περιοίκων
1126 4454 1369 4528 χωρίων,
1396 4460 1526 4520 τοὺς
1565 4460 1666 4527 μὲν
1693 4462 1957 4530 νεήλυδας

389 4547 716 4616 ταξάμενος,
743 4547 1005 4599 κατέθετο
1051 4547 1107 4608 ἐς
1150 4547 1243 4598 τὸν
1286 4548 1487 4601 ἑαυτοῦ
1539 4551 1796 4615 κοιτῶνα,
1827 4556 1957 4618 τοὺς

388 4642 436 4695 δ’
463 4642 654 4701 ἄλλους
684 4643 740 4692 ὲν
803 4643 914 4700 τοῖς
959 4640 1156 4692 ἑαυτοῦ
1202 4643 1597 4710 ἐπιτηδεύμασι
1625 4647 1753 4707 τοὺς
1781 4645 1826 4696 δ’
1858 4647 1957 4700 ἄλ-

391 4738 516 4795 λους
545 4737 591 4766 τι
617 4733 992 4803 ἀπεχαρίσατο
1018 4735 1130 4795 τοῖς
1175 4735 1311 4796 υἱοῖς
1367 4735 1553 4798 αὐτοῦ,
1586 4738 1678 4788 καὶ
1711 4743 1822 4800 τοῖς
1857 4740 1956 4809 ἄρ-

393 4841 568 4891 χουσι.
609 4823 719 4884 Τὰς
753 4823 808 4873 δὲ
840 4823 1030 4890 κόρας,
1060 4825 1156 4882 τὰς
1192 4823 1293 4892 μὲν
1321 4826 1378 4876 ὲν
1403 4827 1513 4886 τοῖς
1539 4826 1704 4890 αὑτοῦ
1730 4828 1954 4881 κοιτῶσι

397 4917 674 4975 κατέθετο,
707 4917 803 4976 τὰς
853 4916 909 4966 ἀὲ
947 4915 1342 4984 ἁπεχαρίσατο,
1380 4918 1468 4969 καί
1503 4934 1655 4980 τινας
1685 4919 1742 4983 ἐξ
1775 4919 1956 4972 αὐτῶν

391 5009 502 5067 τοῖς
558 5007 694 5068 υἱοῖς
749 5006 914 5058 αὑτοῦ
970 5007 1351 5071 ἀπεστέλλετο,
1411 5007 1560 5070 ἐνίας
1620 5008 1664 5060 δ’
1729 5008 1787 5061 ἐν
1847 5028 1956 5064 τινι

386 5101 556 5168 ὀλίγῳ
588 5097 766 5168 καιρῷ
817 5080 983 5152 καὶ’“¹ι
1013 5097 1444 5167 ὕπανδρευσατο.
1476 5098 1580 5150 Τοῦ
1613 5102 1798 5169 μέντοι
1840 5120 1956 5168 χει-

391 5189 574 5262 μῶνος
618 5189 809 5241 τούτου
868 5187 1118 5258 βασιλεὺς
1157 5189 1449 5259 διατρξσων
1496 5192 1553 5241 ἐν
1603 5193 1715 5253 τοῖς
1762 5194 1958 5244 ἑαυτοῦ

2054 3249 2381 3301 Αιιιιιοιιιοιη
2421 3249 2535 3302 sive
2560 3251 2943 3318 imperatorem
2995 3269 3276 3323 magnum.
3309 3266 3363 3310 et
3389 3257 3611 3314 Bassam

2055 3339 2432 3410 Mcchmclem,
2474 3340 2634 3411 265
2666 3358 2732 3396 ne
2762 3359 2820 3398 re
2849 3345 3067 3414 cognita
3120 3364 3311 3416 pmnas
3343 3350 3496 3405 daret
3525 3369 3624 3407 au-

2055 3432 2224 3485 thenti
2265 3447 2463 3501 magno
2501 3435 2973 3501 protovestiarius.
3033 3437 3374 3510 Quapropter
3416 3445 3629 3501 litteras

2057 3537 2254 3594 magno
2286 3526 2533 3579 authenti
2569 3528 2786 3584 obtulit.
2839 3529 2972 3595 Rex,
3028 3532 3224 3588 litteris
3279 3538 3515 3606 aCCeplis
3574 3554 3627 3596 ct

2056 3619 2381 3681 loctis,nihil
2414 3618 2540 3673 boni
2574 3620 2975 3690 suspicabatur.
3018 3622 3415 3695 Comprehendi
3444 3630 3628 3704 itaque

2051 3713 2216 3781 jussit
2253 3711 2506 3764 Davidetn
2545 3727 2725 3781 regem
2754 3722 2806 3768 ct
2844 3714 2983 3768 ﬁlios
3029 3716 3149 3785 ejus
3202 3735 3309 3774 una
3360 3739 3484 3778 cum
3536 3742 3630 3795 pa-

2058 3805 2250 3871 truele,
2286 3819 2423 3874 quos
2439 3815 2630 3858 omnes
2666 3805 2718 3858 in
2748 3807 3052 3861 custodiam
3127 3809 3299 3866 dedit.
3353 3813 3624 3871 Cancrum

2060 3898 2222 3951 ﬁliam
2260 3898 2313 3951 in
2336 3912 2490 3950 suum
2521 3895 2836 3952 cubiculum
2892 3902 3250 3959 accersebat:
3293 3919 3414 3959 cum
3445 3919 3624 3963 autem

2058 4007 2150 4046 eos
2179 3991 2452 4060 aliquanto
2479 4000 2725 4058 tempore
2756 3993 2809 4045 in
2828 3993 3077 4048 custodia
3111 4009 3471 4062 asscrvasset,
3507 4010 3624 4055 tan-

2059 4084 2179 4136 dem
2236 4082 2501 4136 abductos
2537 4080 2856 4152 Byzantibm
2891 4085 3125 4139 necavit.
3163 4085 3370 4143 Pueros
3409 4091 3626 4160 quidem

2059 4192 2124 4231 ex
2148 4177 2301 4243 urbe,
2335 4175 2480 4229 etab
2513 4176 2646 4230 locis
2679 4175 2797 4230 urbi
2840 4177 3358 4250 ﬁnitimisallectos,
3392 4186 3444 4239 iu
3474 4202 3629 4254 pere-

2061 4271 2337 4339 grinorum
2366 4269 2564 4322 album
2601 4271 2978 4336 conscribcus,
3014 4273 3080 4327 ad
3117 4291 3277 4330 suum
3312 4276 3627 4334 cubiculum

2061 4358 2368 4410 ordinabat.
2403 4357 2675 4420 Quosdam
2713 4368 2977 4427 prasterea
3008 4361 3231 4416 tradidit
3283 4367 3336 4418 in
3376 4367 3626 4436 discipli-

2065 4465 2210 4512 nam,
2245 4457 2304 4502 ut
2334 4447 2637 4502 Turcorum
2666 4451 2863 4506 studiis
2906 4451 3306 4510 imbuercntur.
3383 4458 3628 4530 Reliquis

1991 4523 2031 4577 θ
2064 4543 2187 4596 liliis
2219 4541 2334 4594 suis
2355 4552 2408 4595 ct
2439 4543 2674 4612 satrapis
2697 4543 2838 4598 dono
2871 4544 3016 4598 dedit
3046 4547 3301 4618 virgines,
3359 4523 3625 4620 quasdam

2066 4648 2283 4702 quoque
2323 4648 2420 4702 per
2448 4648 2546 4687 sua
2581 4634 2834 4690 cubicula
2861 4635 3147 4704 disposuit,
3203 4641 3469 4708 quasdam
3494 4648 3630 4697 ami-

2066 4728 2418 4791 cisdonavit,
2442 4727 2702 4792 quasdam
2741 4740 2870 4781 vero
2896 4728 3022 4783 ﬁliis
3059 4731 3174 4784 suis
3216 4731 3382 4798 misit,
3415 4751 3628 4792 necnon

2065 4821 2326 4890 quasdam
2382 4819 2529 4873 brevi
2575 4829 2818 4888 tempore
2861 4821 3070 4874 maritis
3098 4823 3403 4891 conjunxit.
3437 4825 3510 4880 Ea
3538 4846 3630 4882 au-

2061 4919 2169 4962 tem
2233 4924 2354 4976 qua:
2407 4911 2735 4976 sequebatur
2786 4909 2983 4972 hieme,
3051 4911 3106 4965 in
3156 4913 3457 4981 regnisedc
3520 4936 3630 4972 ma-

2064 5021 2221 5070 nens,
2266 5006 2495 5057 vocabat
2553 5003 2798 5067 Bladum,
2828 5004 2940 5074 (95)
3005 5004 3252 5062 Draculis
3297 5009 3488 5076 ﬁlium,
3525 5013 3628 5065 du-

2063 5111 2177 5150 cem
2233 5094 2427 5148 Daci-.e.
2475 5091 2606 5145 Nam
2663 5094 2821 5162 hujus
2875 5095 3096 5150 fratrem
3155 5100 3426 5166 juniorem
3487 5105 3628 5170 apud

2065 5207 2122 5242 se
2158 5188 2389 5241 habebat
2419 5201 2592 5255 eoque
2617 5199 2713 5255 per
2739 5201 2979 5244 amorem
3020 5193 3248 5260 turpiter
3273 5194 3626 5257 abutebatur.

1661 5355 1904 5416 Notulaa
1939 5355 2332 5432 marginales.

465 5504 575 5576 (94)
600 5503 794 5558 Bladus
824 5503 1074 5564 Dracula.
1135 5501 1414 5557 Moldavia:
1443 5544 1458 5568 ,
1495 5520 1614 5574 qua:
1675 5514 1728 5558 et
1759 5503 2135 5574 Transalpina,
2166 5507 2415 5574 princeps
2449 5523 2460 5558 :
2494 5506 2586 5575 qui
2620 5515 2671 5560 et
2703 5504 2998 5564 Vulaldus.‘

475 5645 518 5679 ⁸⁵
537 5647 810 5700 τοσοῦτον.

886 5646 930 5676 ⁸⁸⁵
957 5645 1391 5717 Σπηθογλάνους.
1505 5645 1744 5717 Σπαοογ.
1776 5645 2000 5717 ὕστερον
2019 5649 2282 5717 πρότερον
2311 5649 2407 5709 εἰς.
2440 5647 2506 5678 ⁶⁶”
2527 5648 2728 5712 Είςὺπ.
2751 5650 2914 5703 αὐτοῦ
2944 5651 3033 5704 καὶ
3058 5653 3155 5708 είς.
3235 5653 3281 5683 ⁸⁷
3305 5653 3371 5707 In
3405 5667 3530 5713 uno,
3556 5654 3630 5716 ὡς

393 5734 450 5783 γ.
531 5716 574 5747 ⁶⁸
599 5716 794 5794 Βιτοῧ
825 5717 1080 5794 χασὰνου.
1160 5716 1203 5746 ⁸⁸
1242 5715 1428 5794 [ξιον-α
1451 5715 1576 5794 fibri
1621 5715 1950 5794 adnotetur,

2052 5715 2262 5794 ιταῦτα
2279 5717 2452 5794 -ᾅλξου
2481 5721 2649 5782 τινὸς,
2679 5720 2860 5794 κιαι-οὑ
2885 5722 3174 5787 Λαονίκου,
3209 5739 3374 5794 usque
3409 5722 3479 5778 ad
3510 5715 3631 5776 ver;

399 5762 542 5851 ἑιιηι,
586 5762 940 5854 φοϐούμενος.
985 5785 1170 5856 κῦρος.
1247 5787 1295 5818 ⁷⁸
1323 5787 1561 5840 Πασίαν.

684 5889 956 5947 ΡΑἰίιοι..
1006 5883 1121 5944 Gn.
1158 5879 1352 5942 CLIX.

1639 5787 1680 5817 "
1715 5790 1856 5851 ταῖς.

1937 5787 1983 5823 -"
2014 5787 2126 5851 οὒς.
2188 5787 2251 5861 ,⁷³
2270 5785 2332 5840 R.
2366 5789 2604 5860 ἐτέρους.

2686 5790 2730 5820 ⁷⁵
2758 5787 2823 5843 1η
2852 5807 2954 5845 uno
2980 5793 3141 5847 deest.

3199 5883 3274 5948 16
