3984 6428
433 389 534 457 ῑ91

1599 394 1642 454 Ι.
1655 393 1909 455 ᾹΟΝῐΟῐ
1955 395 2051 453 (III
2065 395 2394 458 ALCOCON
2408 398 2619 458 DYI.:E

3594 405 3702 468 492

435 529 489 570 οι
522 516 574 571 in
609 529 769 570 suum
797 515 1108 568 convictum
1133 507 1452 564 adhibebat.
1513 507 1792 566 Discordia
1818 523 2002 567 autem

2121 517 2431 586 βασιλείοις,
2487 521 2875 591 μετεπέμπετο
2925 522 3152 584 Βλάδον,
3212 523 3303 575 τὸν
3365 523 3702 593 Δρακούλεω

437 611 729 665 vehemens
761 608 903 663 inter
922 620 1102 675 regem
1135 613 1188 658 et
1218 618 1446 673 pnermn
1480 604 1644 657 istum
1672 614 1865 658 exorta
1899 613 2002 664 est,

435 719 556 757 cum
583 703 758 771 primo
783 717 907 754 cum
931 699 1032 755 sibi
1063 698 1204 766 turpi
1225 713 1414 750 arnore
1443 695 1688 766 flagranti
1713 697 2009 750 obnoxium

437 811 558 850 esse
589 795 774 848 vellet.
806 792 943 847 Nam
974 807 1098 846 cum
1128 792 1364 861 primum
1402 789 1642 844 venisset
1681 787 1732 844 in
1771 792 2008 860 regiam,

433 890 711 958 ablegatus
728 895 810 940 est
833 887 896 940 ad
921 886 1308 941 Caramanum.
1333 884 1460 954 quia
1499 900 1676 954 regem
1722 897 1990 953 propemo

434 984 562 1036 dum
591 976 966 1033 interfecerat.
992 975 1128 1032 Cum
1160 977 1304 1030 enim
1339 990 1526 1029 amore
1550 977 1749 1031 ardens
1777 990 2006 1045 puerum

433 1081 648 1127 vocaret
679 1072 743 1126 ad
769 1072 998 1136 coitum,
1025 1084 1258 1138 eumque
1284 1067 1559 1122 illecebris
1579 1075 1632 1122 et
1657 1066 2008 1137 przebibcndo

393 1167 658 1221 ulc-linire
679 1175 970 1234 satageret,
1008 1173 1283 1234 postremo
1335 1163 1387 1215 in
1441 1161 1763 1216 cubiculum
1818 1175 2005 1215 accer-

431 1261 568 1314 situs
595 1271 698 1314 est.
730 1258 872 1313 Puer
902 1274 1027 1312 cum
1058 1266 1276 1325 putaret
1335 1271 1393 1309 se
1441 1254 1573 1308 nihil
1629 1253 2008 1324 hujuscemodi

431 1351 497 1401 ah
528 1364 653 1418 rege
700 1362 1013 1417 passurum,
1047 1354 1242 1414 praeter
1291 1360 1443 1414 spem
1479 1347 1658 1398 cernit
1711 1359 1898 1414 regem
1955 1345 2007 1397 in

431 1453 588 1508 turpe
614 1439 715 1495 hoc
749 1439 962 1493 facinus
990 1438 1128 1491 velle
1190 1451 1568 1507 prorumpere.
1619 1435 1822 1491 Verum
1873 1452 2010 1506 puer

431 1530 831 1596 reluctabatur,
851 1543 950 1583 nec
972 1544 1153 1598 regem
1181 1527 1518 1582 admittebat.
1541 1527 1654 1582 Ilex
1673 1541 1804 1581 vero
1824 1527 2009 1582 oscula

433 1627 632 1692 figebat
664 1626 993 1695 repugnanti
1021 1632 1075 1677 et
1100 1623 1270 1676 invito
1301 1637 1494 1691 puero.
1537 1620 1678 1675 Puer
1705 1620 1873 1692 igitur
1911 1635 2011 1675 va-

433 1721 554 1787 gina
584 1718 823 1786 gladium
854 1715 1114 1781 extrahit,
1186 1712 1331 1784 regis
1387 1713 1563 1769 femur
1617 1715 1858 1781 graviter
1889 1715 2010 1768 vul-

434 1820 608 1875 nerat,
643 1823 696 1864 et
722 1807 886 1864 celeri
941 1810 1064 1878 fuga
1099 1809 1360 1862 continuo
1399 1806 1503 1862 sibi
1538 1807 1841 1862 consuluit.
1868 1805 2000 1860 Chi-

437 1903 582 1968 rnrgi
613 1911 793 1956 antem
832 1901 1032 1955 vulnus
1065 1899 1208 1971 regis
1234 1899 1520 1955 curabant.
1547 1898 1690 1955 Puer
1719 1913 1852 1954 vero
1881 1914 2014 1954 con-

435 2011 628 2052 scensa
652 1993 872 2058 arbore,
901 1993 1099 2047 ibidem
1131 1992 1534 2047 occultabatur.
1567 1991 1638 2048 Ut
1667 2004 1852 2047 autem
1920 2008 2015 2047 rex

435 2088 675 2144 collectis
693 2086 950 2143 omnibus
985 2089 1331 2151 discesserat,
1378 2087 1546 2140 etiam
1605 2102 1745 2156 puer
1792 2086 2014 2142 descen-

433 2189 570 2241 dens
593 2203 659 2241 ex
702 2185 919 2249 arbore,
950 2184 1142 2242 ct,iter
1169 2183 1398 2248 faciens,
1429 2199 1540 2238 non
1569 2183 1744 2239 multo
1769 2194 1893 2254 post
1933 2199 2017 2237 rc-

432 2279 533 2333 diit
565 2280 617 2331 in
648 2277 848 2348 januas
877 2278 1041 2345 regis,
1065 2277 1295 2347 ejusque
1325 2275 1666 2331 concubinus
1701 2275 1878 2331 factus
1903 2286 2011 2331 est.

435 2369 546 2425 llex
570 2385 672 2426 nec
700 2371 867 2425 etiam
901 2369 970 2424 iis
991 2369 1230 2423 abstinet
1263 2369 1356 2438 qui
1385 2382 1541 2424 suam
1574 2367 1890 2436 religionem
1926 2383 2012 2422 se-

433 2476 679 2536 quuntur
713 2481 728 2519 :
773 2479 896 2517 nam
926 2477 1046 2516 cum
1076 2462 1160 2515 his
1188 2475 1404 2531 semper
1457 2461 1548 2515 diu
1578 2471 1852 2526 noctuque
1883 2477 2014 2515 con-

435 2565 707 2612 versatur.
739 2553 1007 2608 Cactcrum
1042 2552 1360 2622 alienigenis
1386 2568 1492 2606 nou
1553 2549 1783 2605 multum
1843 2552 2017 2606 utitur

440 2664 558 2704 rex.
588 2645 790 2702 Verum
821 2645 962 2699 haud
1003 2645 1176 2698 multo
1232 2652 1355 2713 post
1406 2644 1560 2712 pueri
1619 2643 1785 2714 hujus
1837 2643 2011 2709 fratri,

438 2755 599 2811 quem
629 2735 856 2793 Bladmn
899 2739 1208 2799 nominant,
1258 2735 1436 2790 Daciae
1487 2736 1851 2806 principatum
1924 2751 2012 2790 rex

438 2834 908 2905 permisit.0pcra
947 2831 1113 2900 igitur
1147 2831 1294 2901 regis
1322 2830 1569 2900 adjutus,
1603 2829 1872 2883 accedens
1900 2827 2018 2881 Bla-

435 2931 560 2990 dns,
589 2924 836 2980 Draculis
863 2924 1028 2988 filius,
1064 2923 1430 2992 principatum
1493 2921 1671 2975 Dacia:
1703 2922 2014 2990 occupavit.

437 3019 539 3076 Ubi
568 3023 804 3092 primum
831 3021 882 3075 in
914 3020 1282 3091 principatum
1307 3000 1598 3089 promotus
1627 3027 1730 3083 est,
1769 3018 2015 3071 hastatos

437 3113 659 3183 delegit,
679 3129 820 3184 quos
842 3114 894 3166 in
912 3112 1224 3166 convictum
1258 3111 1547 3177 adhibens,
1575 3111 1824 3178 corporis
1853 3109 2019 3180 266

2116 614 2304 671 παῖδα.
2358 613 2564 677 Δακίας
2624 614 2904 684 ἡγεμόνα,
2959 615 3098 685 ἔχων
3155 616 3287 684 παρ’
3345 616 3542 670 ἑαυτοῦ
3601 618 3702 672 τὸν

2117 703 2385 774 νεώτερον
2431 705 2597 758 αὐτοῦ
2649 706 2905 776 ἀδελφὸν,
2937 707 3166 762 παιδικά
3219 725 3278 760 τε
3319 708 3488 762 αὑτοῦ
3534 711 3702 776 γενό-

2119 814 2300 864 μενον,
2344 799 2440 850 καὶ
2481 796 2838 868 διαιτώμενον
2887 799 3018 867 παρ’
3071 799 3244 870 αὐτῷ.
3280 800 3598 870 Ξυνηνέχθη
3640 803 3704 856 δὲ

2117 891 2211 942 καὶ
2238 889 2387 958 αὐτῷ
2433 890 2649 957 βασιλεῖ
2679 889 3038 958 ξυγγενέσθαι
3091 889 3168 960 τῷ
3213 892 3369 946 παιδὶ
3399 892 3534 962 τῷδε
3565 893 3703 962 βου-

2114 980 2349 1052 λομένῳ,
2392 980 2487 1034 ὅτε
2542 981 2765 1050 πρῶτον
2817 983 3035 1052 παριὼν
3085 985 3180 1040 ἐπὶ
3239 987 3337 1054 τὴν
3387 985 3703 1055 βασιλείαν,

2115 1073 2400 1126 ἐστέλλετο
2447 1077 2541 1130 ἐπὶ
2588 1081 2946 1148 Καραμᾶνον,
2979 1080 3161 1148 ὀλίγου
3209 1079 3305 1134 ὑπ’
3345 1079 3514 1134 αὑτοῦ
3558 1080 3704 1132 ἀπο-

2117 1166 2324 1220 θανεῖν.
2372 1169 2460 1231 Ὠς
2489 1170 2598 1236 γὰρ
2629 1171 2768 1241 ὲρῶν
2796 1170 2891 1225 τοῦ
2930 1172 3122 1235 παιδὸς
3157 1171 3344 1226 ὲκάλει
3375 1172 3434 1233 ἐς
3458 1168 3702 1239 ὁμιλίας,

2116 1262 2209 1314 καὶ
2271 1261 2583 1332 φιλοτιμίαν
2648 1264 2802 1333 αὐτῷ
2852 1265 3156 1335 προπίνων,
3216 1264 3401 1318 ἐκάλει
3459 1263 3554 1315 ἐπὶ
3606 1263 3706 1315 τὸν

2115 1352 2371 1406 κοιτῶνα.
2414 1356 2474 1407 ’0
2526 1357 2712 1423 μέντοι
2756 1359 2883 1420 παῖς
2925 1359 3080 1410 οὐδέν
3125 1374 3178 1410 τι
3226 1356 3474 1410 τοιοῦτον
3519 1353 3702 1408 δοκῶν

2117 1445 2250 1515 πρὸς
2297 1445 2393 1499 τοῦ
2430 1447 2697 1516 βασιλέως
2739 1449 3027 1502 πείσεσθαι
3056 1449 3123 1514 ⁷⁸,
3156 1447 3306 1519 ἑώρα
3336 1449 3430 1500 τὸν
3461 1448 3703 1518 βασιλέα

2116 1541 2518 1611 ἐπιφερόμενον
2547 1543 2695 1612 αὺτῷ
2734 1544 2790 1605 ὲς
2820 1543 3065 1596 τοιοῦτόν
3092 1561 3145 1596 τι
3181 1543 3442 1612 πρᾶγμα,
3472 1542 3706 1610 ἀπεμά-

2115 1634 2239 1704 χετό
2283 1650 2366 1697 τε,
2399 1635 2496 1687 καὶ
2545 1635 2606 1686 οὐ
2659 1633 3091 1702 συνεγινώσκετο
3141 1635 3199 1696 ἐς
3250 1634 3351 1702 τὴν
3405 1633 3706 1686 συνουσίαν

2116 1726 2403 1796 βασιλέως,
2440 1730 2535 1782 καὶ
2587 1727 2816 1791 ἄκοντος
2857 1728 3058 1796 ἐφίλει,
3097 1727 3458 1796 σπασάμενος
3503 1728 3531 1777 ὁ
3567 1729 3705 1788 παῖς

2049 1858 2087 1911 Β
2121 1820 2419 1891 μάχαιραν,
2467 1821 2618 1874 παίει
2666 1821 2759 1874 τὸν
2807 1821 3040 1889 βασιλέα
3089 1821 3231 1873 κατὰ
3263 1817 3355 1871 τὸν
3393 1818 3568 1896 μηρδν
3605 1821 3709 1871 καὶ

2117 1913 2260 1968 οὕτω
2283 1913 2504 1984 φεύγων
2537 1915 2756 1979 αὐτίκα,
2789 1915 2914 1968 ὅποι
2947 1913 3256 1985 προεχώρει
3291 1911 3464 1981 αὐτῷ,
3498 1910 3704 1982 ᾤχετο.

2120 2008 2399 2070 Βασιλέως
2455 2007 2647 2076 μέντοι
2687 2010 2735 2060 οἱ
2775 2007 2948 2076 ἰατροὶ
3001 2006 3225 2062 ίάσαντο
3272 2006 3318 2036 ⁷⁸
3364 2004 3422 2056 τὸ
3454 2002 3707 2074 τραῦμα..

2129 2104 2190 2155 ’0
2231 2103 2290 2156 δὲ
2341 2105 2470 2163 πατς
2501 2099 2594 2152 ἐπὶ
2645 2099 2865 2171 δένδρον
2912 2096 3080 2151 αὑτοῦ
3123 2113 3227 2149 που
3268 2095 3441 2164 ταύτῃ
3487 2093 3709 2154 ἀναϐὰς

2117 2192 2422 2262 ἐκρύπτετο
2453 2191 2522 2246 τ’.
2565 2189 2656 2253 Ὠς
2709 2189 2766 2242 δὲ
2812 2185 3301 2256 συσκευασάμενος
3351 2187 3378 2236 ό
3435 2183 3712 2252 βασιλεὺς

2119 2286 2308 2358 ἀπῄει,
2343 2283 2598 2336 ἐντεῦθεν
2647 2281 2894 2344 καταὸὰς
2928 2283 2955 2333 ὁ
2984 2282 3115 2341 παῖς
3162 2279 3271 2332 ἀπὸ
3322 2276 3416 2330 τοῦ
3445 2275 3706 2346 δένδρου,

2118 2381 2212 2433 καὶ
2245 2378 2727 2447 διαπορευόμενος,
2764 2375 2826 2426 οὗ
2860 2373 3045 2442 πολλῴ
3073 2371 3306 2441 ὕστερον
3343 2369 3575 2439 ἀφίκετο
3606 2370 3710 2422 ἐπὶ

2116 2476 2214 2537 τὰς
2249 2471 2443 2541 θύρας,
2477 2473 2569 2523 καὶ
2606 2467 2833 2521 παιδικὰ
2863 2467 3082 2534 ἐγένετο
3114 2464 3405 2534 βασιλέως.
3437 2461 3706 2532 Χρῆσθαι

2115 2567 2173 2619 δὲ
2203 2564 2416 2633 νομίζει
2454 2564 2552 2632 οὐχ
2604 2556 2769 2630 ἦττον
2814 2561 2925 2621 τοῖς
2975 2561 3032 2622 ἐς
3079 2558 3175 2628 τὴν
3231 2556 3430 2612 ἑαυτοῦ
3483 2557 3702 2610 δίαιταν

2117 2656 2485 2728 τραπομένοις
2515 2655 2593 2685 ’⁸ο
2633 2650 2845 2712 τούτοις
2880 2650 2984 2720 μὲν
3035 2651 3144 2721 γὰρ
3180 2651 3289 2704 αἰεί
3325 2667 3384 2702 τε
3435 2647 3699 2716 συγγενό-

2121 2729 2304 2817 μενος,
2335 2743 2733 2812 συνδιατρίϐειν
2771 2741 2985 2810 νύκτωρ
3017 2743 3112 2795 καὶ
3145 2741 3266 2811 μεθ’
3295 2741 3537 2811 ἡμέραν.
3572 2737 3701 2801 Τοῖς

2117 2839 2162 2892 δ’
2197 2835 2521 2905 ἀλλοφύλοις
2570 2835 2632 2888 οὐ
2679 2833 2820 2886 πάνυ
2865 2851 2948 2887 τοι
2999 2832 3235 2906 χρῆσθαι
3282 2827 3570 2900 νομίζεται
3605 2830 3706 2900 βα-

2121 2931 2297 2993 σιλέα,
2332 2929 2447 2982 ἀλλ’
2498 2929 2593 2982 ἐπὶ
2641 2927 2837 2998 βραχύ.
2872 2926 3076 2982 Τούτου
3124 2926 3179 2979 δὲ
3237 2924 3329 2978 τοῦ
3385 2924 3576 2984 παιδὸς
3626 2923 3708 2992 τῷ

2118 3023 2332 3092 ἀδελφῷ
2365 3009 2553 3094 Βλάδῳ
2579 3020 2848 3092 ἐπέτρεψε
2886 3018 3147 3090 βασιλεὺς
3188 3018 3286 3088 τὴν
3321 3018 3531 3078 Δακίας
3567 3019 3708 3086 ἠγε-

2120 3119 2334 3189 μονίαν,
2365 3115 2459 3170 καὶ
2505 3113 2956 3185 συμδαλλομένου
3005 3112 3295 3181 βασιλέως,
3348 3110 3594 3187 ἐπήλασὲ
3642 3127 3709 3164 τε

438 3203 523 3257 sui
559 3201 818 3258 custodes
841 3199 1167 3268 designavit.
1203 3199 1410 3254 Deinde
1435 3215 1638 3255 vocans
1657 3199 2012 3270 singulosqui

2121 3211 2216 3265 καὶ
2267 3209 2505 3278 κατέσχε
2550 3206 2653 3276 τὴν
2707 3204 3010 3277 ἠγεμονίαν
3057 3201 3256 3266 maca;
3302 3203 3330 3255 ὁ
3376 3201 3715 3272 Δρακούὶεω

439 3299 493 3351 in
521 3311 582 3349 ea
613 3294 833 3363 regione
857 3292 1120 3361 dignitate
1164 3294 1436 3348 excellere
1472 3293 1819 3359 videbantur,
1850 3309 2021 3363 quos-

439 3404 548 3458 qne
611 3387 929 3458 putabat,si
961 3387 1068 3441 dux
1134 3387 1426 3442 mutandus
1482 3395 1652 3452 esset,
1694 3387 2019 3457 proditionis

441 3481 669 3536 consilia
695 3480 994 3552 agitaturos
1033 3497 1049 3530 ι
1099 3479 1223 3545 hos,
1247 3481 1496 3550 inquam,
1529 3495 1720 3536 omnes
1755 3495 1878 3535 cum
1907 3491 2017 3535 tota

441 3573 647 3628 familia
670 3573 823 3627 letho
859 3572 1009 3626 dedit
1040 3581 1095 3626 et
1123 3571 1264 3642 palis
1291 3572 1480 3636 afﬁxit,
1514 3587 1617 3628 nec
1641 3573 1856 3640 liberis,
1884 3589 2021 3628 uxo-

444 3667 597 3721 ribus
631 3663 966 3736 famulisque
1007 3679 1201 3721 eorum
1265 3680 1523 3736 parcens.
1572 3664 1727 3722 Adeo
1777 3667 1863 3721 vir
1929 3665 2021 3721 ille

441 3761 735 3815 maximam
750 3759 996 3814 omnium
1013 3774 1156 3829 quos
1174 3759 1451 3824 novimus,
1472 3759 1672 3815 caedem
1701 3770 1757 3814 et
1779 3769 2015 3831 stragem

443 3841 723 3908 hominum
766 3849 914 3908 fecit.
949 3849 1084 3905 Nam
1129 3859 1191 3906 ut
1250 3849 1355 3906 sibi
1407 3851 1783 3908 constabiliret
1839 3853 2020 3910 Daciae

441 3947 828 4017 principatum,
860 3943 1036 4001 fertur
1057 3943 1330 4001 occidisse
1355 3945 1505 4000 brevi
1526 3956 1772 4016 tempore
1798 3948 2022 4004 circiter

441 4039 632 4110 viginti
658 4039 827 4092 millia
855 4039 1100 4092 virorum
1140 4046 1195 4092 et
1245 4037 1536 4093 mulierum
1585 4053 2018 4112 puerorumque.

441 4132 578 4185 Cum
616 4140 799 4184 autem
824 4130 1083 4198 pulchros
1109 4140 1164 4183 et
1183 4131 1428 4200 egregius
1482 4131 1752 4200 quosdam
1787 4132 2022 4204 delegis-

445 4234 526 4277 set
545 4223 749 4276 milites
779 4215 1118 4285 etsateltites,
1133 4236 1228 4277 eos
1242 4221 1481 4277 donabat
1507 4223 1702 4292 opibus
1734 4233 1788 4280 et
1816 4225 2019 4280 divitiis

443 4330 656 4371 necnon
691 4314 902 4384 reliqua
934 4311 1196 4369 felicitate
1211 4329 1373 4383 quam
1403 4331 1470 4371 ex
1491 4315 1641 4371 caede
1671 4317 1890 4373 illorum
1923 4334 2020 4376 ac-

442 4409 780 4479 quisivissct.
815 4407 1001 4476 Itaque
1032 4407 1180 4463 brevi
1215 4418 1460 4476 tempore
1486 4409 1678 4464 virille
1705 4411 2018 4468 innovatio-

443 4517 567 4555 nem
589 4509 641 4555 et
673 4500 1029 4554 mutationem
1069 4497 1244 4554 Dacia:
1269 4499 1433 4553 rebus
1463 4500 1676 4556 induxit
1696 4504 2012 4558 maximam.

440 4591 712 4649 Praeterea
741 4593 1032 4646 Pannunes
1061 4609 1166 4647 non
1193 4607 1420 4664 paucos,
1468 4611 1700 4664 quorum
1753 4598 2018 4653 interesse

443 4687 672 4756 putabat
692 4696 749 4740 ut
779 4701 868 4741 res
896 4687 1074 4740 Dacia:
1104 4702 1324 4756 quoquo
1362 4688 1526 4742 modo
1555 4690 1694 4744 bene
1726 4690 2016 4758 baberent,

448 4779 582 4833 nulli
606 4780 1072 4849 parcens,trihnto
1096 4781 1338 4834 maximo
1357 4783 1646 4838 onerabat.
1667 4783 1802 4838 Cum
1822 4786 2016 4838 crede-

451 4883 528 4924 ret
562 4870 739 4925 Daciae
763 4872 1124 4941 principatum
1153 4871 1266 4939 jam
1326 4874 1462 4928 satis
1485 4873 1702 4929 firmum
1727 4887 1782 4929 et
1841 4885 2016 4931 tutum

447 4981 589 5032 esse,
617 4967 904 5020 consilium
939 4966 1211 5036 capiebat,
1255 4969 1532 5036 quomodo
1569 4969 1637 5022 ab
1663 4985 1788 5040 rege
1838 4971 2017 5026 desci—

447 5067 643 5112 sceret.
675 5056 954 5112 Sententia
987 5067 1168 5112 autem
1213 5056 1482 5114 Dacorum
1515 5062 1759 5132 graviter
1789 5061 2015 5118 Bladum

447 5148 700 5219 angebat.
726 5145 975 5202 Timebat
1009 5150 1173 5214 enim,
1203 5149 1250 5204 si
1316 5147 1432 5218 ipse
1493 5151 1819 5206 confirmato
1873 5167 2020 5207 nunc

451 5241 624 5296 Daciae
647 5240 952 5311 principatu
981 5241 1108 5309 quid
1131 5251 1318 5296 contra
1341 5256 1520 5311 regem
1550 5241 1768 5296 molitus
1800 5243 2017 5310 fuisset,

450 5332 745 5405 utnegotia
777 5332 879 5387 sibi
918 5330 1253 5388 facesserent
1289 5332 1437 5400 Daci,
1488 5333 1822 5391 adducentes
1877 5337 2024 5392 Pan-

450 5445 622 5487 nones
647 5429 826 5486 socios
862 5440 915 5484 et
942 5429 1256 5485 auxiliares.

447 5522 603 5586 αὖθις
671 5526 782 5578 τῶν
858 5523 958 5592 τῆς
987 5524 1189 5586 Δακίας
1268 5523 1477 5594 ἀνδρῶν
1527 5526 1950 5598 πρωτευόντων,

449 5618 775 5688 συμμάχους
799 5634 858 5670 τε
895 5618 990 5672 καὶ
1024 5618 1374 5690 ἐπικούρους.

2121 3299 2272 3362 παῖς.
2321 3297 2411 3360 Ὠς
2456 3296 2513 3350 δὲ
2569 3293 2663 3348 ἐπὶ
2706 3295 2806 3366 τὴν
2854 3293 3155 3364 ἠγεμονίαν
3207 3291 3458 3361 ἀφίκετο,
3503 3291 3714 3360 πρῶτα

2126 3392 2222 3462 μὲν
2270 3389 2454 3460 ἑαυτῷ
2498 3389 2839 3460 δορυφόρους
2892 3369 3274 3439 ἐποιείτακαὶ
3327 3384 3710 3454 ὁμοδιαίτουῑο

2121 3488 2270 3543 Μετὰ
2291 3487 2347 3540 δὲ
2377 3484 2880 3556 μεταπεμπόμενος
2908 3480 3005 3534 ἕνα
3041 3475 3273 3534 ἕκαστον
3302 3479 3410 3533 τῶν
3449 3479 3554 3548 τῆς
3600 3477 3716 3548 χὼ⁹

2124 3599 2224 3652 ρας
2278 3581 2562 3652 ἐπιφανῶν
2611 3581 2671 3642 ὲς
2719 3579 2820 3641 τὰς
2876 3577 2985 3630 τῶν
3034 3575 3324 3648 ἡγεμόνων
3389 3573 3716 3641 μεταϐολὰς

2119 3674 2422 3729 δοκούντων
2453 3673 2699 3745 μετεῖναι
2726 3671 2828 3741 τῆς
2850 3668 3164 3741 προδοσίας,
3179 3666 3400 3722 πανοικὶ
3422 3667 3714 3737 διέφθειρέ

2119 3787 2179 3824 τε
2207 3771 2303 3824 καὶ
2348 3767 2791 3833 ἀνεσκολόπιζεν,
2825 3765 2989 3819 αὐτόν
3041 3781 3102 3817 τε
3150 3763 3288 3832 ἅμα,
3331 3764 3426 3817 καὶ
3477 3763 3710 3826 παῖδας,

2122 3863 2222 3917 καὶ
2260 3863 2518 3932 γυναῖκα.
2554 3861 2651 3914 καὶ
2691 3859 3057 3930 θεράποντας.
3092 3857 3258 3908 Ὥστε
3294 3855 3464 3925 ἄνδρα
3508 3854 3710 3907 τοῦτον

2120 3956 2221 4009 ἕνα
2273 3953 2367 4008 ἐπὶ
2413 3952 2562 4022 μέγα
2609 3951 2672 4020 δὴ
2727 3951 2892 4020 φόνου
2941 3948 3150 4019 ἀνδρῶν
3195 3942 3270 4003 ὧν
3323 3949 3484 4017 ἡμεῖς
3519 3947 3710 4017 ἴσμεν,

2123 4047 2315 4101 ἐλάσαι
2358 4043 2698 4114 ἐπυθόμεθα.
2751 4044 2917 4097 Ὥστε
2967 4043 3077 4114 γάρ
3124 4042 3176 4120 oi
3223 4041 3544 4111 ἑμπεδῶσαι
3604 4043 3716 4111 τὴν

2124 4139 2448 4211 ἡγεμονίαν,
2503 4137 2712 4191 ἀνελεῖν
2763 4137 2928 4190 αὐτόν
2979 4154 3149 4206 φασιν
3225 4136 3429 4205 ἄνδρας
3486 4152 3545 4186 τε
3610 4136 3714 4187 καὶ

2125 4235 2412 4302 γυναῖκας,
2450 4233 2546 4285 καὶ
2579 4231 2778 4292 παῖδας
2818 4230 3000 4296 ὀλίγον
3045 4229 3169 4284 τινὰ
3198 4231 3389 4300 χρόνον
3422 4230 3477 4290 ἐς
3507 4227 3716 4294 δισμυ-

2129 4329 2300 4398 ρίους,
2333 4325 2680 4380 καθιστῶντα
2732 4323 2788 4375 δὲ
2844 4321 3040 4384 καλούς
3081 4324 3120 4354 ⁷³
3167 4339 3317 4384 τινας
3348 4323 3498 4392 αὐτῷ
3529 4339 3713 4388 στρα-

2124 4418 2348 4484 τιώτας,
2392 4419 2486 4471 καὶ
2529 4417 2882 4487 δορυφόρους,
2931 4413 3144 4476 τούτοις
3203 4414 3460 4484 ἐδωρεῖτο
3507 4415 3619 4475 τοῖς
3658 4415 3717 4446 ⁸⁸

2128 4515 2234 4566 ἀπὸ
2283 4514 2396 4566 τῶν
2439 4509 2786 4580 γιγνομὲνων
2831 4508 3080 4579 χρήμασί
3127 4525 3185 4560 τε
3238 4509 3334 4561 καὶ
3387 4506 3552 4578 ὄλϐῳ,
3604 4512 3717 4561 καὶ

2131 4610 2202 4679 τῇ
2252 4606 2391 4678 ἄλλῃ
2443 4601 2954 4673 εὐδαιμονίᾳ,“ὦστε
3013 4602 3100 4655 διὰ
3146 4602 3375 4672 βραχέος
3413 4602 3504 4654 ἐπὶ
3560 4602 3722 4671 μέγα

2133 4695 2430 4768 ἀφικέσθαι
2465 4693 2793 4765 μεταϐολῆς,
2826 4693 2921 4745 καὶ
2951 4692 3420 4763 καινοτομηθῆναι
3455 4693 3599 4746 πάνυ
3633 4697 3723 4750 τὰ

2135 4787 2336 4850 Δακίας
2400 4786 2708 4854 πράγματα
2761 4784 2864 4836 ὑπὸ
2921 4783 3118 4836 τούτου
3171 4782 3264 4837 τοῦ
3317 4783 3544 4854 ἀνδρὸς,
3607 4788 3723 4839 καὶ

2135 4880 2368 4940 Παίονάς
2404 4895 2464 4931 τε
2502 4877 2602 4930 οὐκ
2629 4876 2866 4945 ὀλίγους,
2895 4870 2976 4938 οἷς
3014 4879 3259 4943 μετεῖναι
3296 4877 3471 4930 ἐδόκει
3496 4878 3723 4946 ὁτῳοῦν

2130 4973 2238 5026 τῶν
2296 4971 2660 5040 πραγμάτων,
2696 4969 2792 5022 καὶ
2844 4973 3034 5022 τούτου
3088 4969 3304 5032 οὐδενὸς
3362 4969 3722 5039 φειδόμενος,

2133 5066 2298 5134 φόρον
2329 5062 2372 5094 ⁸¹
2404 5061 2460 5114 δὲ
2493 5061 2755 5130 μέγιστον
2786 5059 3095 5128 εἰργάζετο.
3144 5059 3231 5123 Ὠς
3261 5060 3362 5130 μὲν
3414 5058 3506 5114 οὖν
3550 5062 3725 5134 αὐτῷ

2130 5159 2305 5210 ἐδόκει
2337 5153 2595 5222 ἀσφαλῶς
2627 5153 2773 5222 ἔχειν
2824 5155 2893 5206 τὰ
2942 5153 3143 5216 Δακίας
3188 5155 3507 5225 πράγματα,
3541 5155 3722 5208 ἐδου-

2131 5250 2319 5302 λεύετο
2361 5247 2662 5300 ἀπόστασιν
2707 5246 2816 5299 ἀπὸ
2868 5245 2962 5298 τοῦ
3011 5246 3300 5316 βασιλέως.
3349 5248 3721 5318 Ἐτιμωρεῖτο

2136 5343 2320 5413 μέντοι
2345 5339 2469 5400 τοὺς
2496 5337 2694 5407 ἄνδρας
2727 5336 2951 5401 τούτους
2973 5337 3169 5411 γνώμῃ
3191 5339 3284 5392 τοῦ
3315 5340 3604 5410 βασιλέως.
3627 5343 3717 5406 ὡς

2117 5442 2183 5494 ἂν
2207 5433 2360 5503 αὐτῷ
2394 5433 2657 5503 κρατύνοι
2693 5433 2793 5502 τὴν
2827 5432 3021 5506 ἀρχὴν,
3056 5435 3151 5485 καὶ
3184 5433 3260 5503 μὴ
3309 5433 3713 5502 μεταστάντων

2031 5535 2336 5606 πράγματα
2394 5527 2532 5596 ἔχοι,
2598 5528 2968 5597 ἐπειγομένων
2997 5529 3043 5561 ⁸²
3092 5529 3274 5584 αὐτῶν
3294 5529 3419 5591 τοὺς
3460 5529 3711 5597 Παίονας

1709 5721 1956 5784 Νοῑυιω
1989 5722 2390 5802 uiarginales.

520 5819 568 5851 ’⁷⁸
595 5819 662 5874 In
691 5837 818 5890 uno,
848 5821 1159 5900 πείθεσθαι.
1231 5821 1277 5852 ⁷⁸
1299 5819 1366 5872 1η
1389 5837 1514 5900 ιι-ιιο,
1559 5821 1740 5876 ίασαν.
1821 5826 1864 5855 ⁷⁷
1896 5829 2224 5897 ἐκέκρυπτο.
2305 5829 2349 5858 ⁷⁸
2380 5819 2802 5900 τετραμμένοιςε

1874 5895 1919 5927 δ’
1950 5895 2219 5966 ΒΥὲπαγ.

451 5895 774 5962 γινομένων.
808 5887 889 5942 ’.ει
930 5892 992 5947 In
1025 5908 1131 5945 uno
1165 5893 1581 5961 superscripta»:
1613 5894 1794 5962 φόνον.

2884 5833 2928 5864 ⁷⁹
2951 5830 3174 5893 ἄλλους.
3216 5832 3260 5863 ⁸ο
3285 5835 3394 5895 τοῖς
3417 5829 3525 5884 τῶν
3553 5831 3696 5885 ἀπο-
