3984 6428
432 370 541 435 4ἷῦ

1563 367 1866 430 LAONICI
1905 368 2573 433 CIIALCOCONDYLAZ

3572 371 3678 438 496

431 487 558 540 mile
589 493 693 539 est.
721 481 853 537 Illud
883 488 1061 536 autem
1104 480 1260 547 longe
1315 476 1698 549 gravissimum
1750 480 2002 542 ducebat,

2112 482 2159 533 εί
2191 480 2385 551 ἄνδρας
2412 482 2559 553 αὐτῷ
2588 480 2865 546 τοιούτους
2895 481 3251 555 περιόψεται,
3281 482 3425 540 οὕτω
3447 483 3683 555 διαφθα-

428 582 478 638 si
508 580 811 645 despiceret
846 577 999 629 viros
1026 584 1209 629 tantos
1241 574 1489 644 talesque
1507 589 1646 644 quos
1706 573 2001 638 amisisset,

433 688 532 727 nec
562 673 824 726 ultionem
854 669 1118 739 exigeret,
1160 669 1461 738 praesertim
1497 682 1621 722 cum
1654 680 1722 721 eo
1777 664 2001 734 injuria-

431 780 552 819 ruut
593 773 646 818 et
702 761 1048 817 contumelia:
1104 762 1461 830 processisset
1510 759 1734 824 Bladus,
1797 767 1855 813 ut
1902 762 2004 813 nec

431 860 498 912 ab
532 856 721 925 legatis
753 854 1021 909 violandis
1073 854 1420 909 abstinuerit.
1452 852 1678 907 Dolebat
1741 862 2000 921 praetcrea

431 950 564 1019 regi,
601 947 825 1002 Bladum
851 946 994 1001 Istro
1024 946 1365 1008 transmisso,
1393 959 1585 1015 magna
1622 960 1785 1000 manu
1845 959 2000 1000 suam

430 1042 705 1111 regionem
784 1038 1127 1102 incendisse,
1183 1046 1238 1093 et
1293 1051 1485 1108 magna
1544 1052 1769 1092 suorum
1853 1039 2002 1090 caule

427 1132 593 1194 edita,
624 1131 677 1184 in
714 1129 933 1184 Daciam
966 1129 1217 1186 rediisse.
1248 1127 1450 1184 Verum
1478 1126 1623 1198 quod
1656 1134 1803 1180 tanta
1876 1140 2002 1181 cru-

428 1224 649 1279 delitate
673 1223 885 1294 legatos
928 1235 1060 1277 suos
1108 1230 1419 1286 tractasset,
1462 1221 1687 1289 reliquis
1730 1219 1905 1290 majus
1949 1227 2005 1271 et

429 1315 670 1370 atrocius
693 1313 999 1385 judicabat.
1032 1311 1220 1383 Itaque
1249 1312 1442 1374 edixit,
1478 1313 1809 1366 annuntians
1863 1309 2007 1379 opti-

432 1408 668 1462 matibus
697 1406 815 1462 suis
840 1414 896 1461 et
926 1407 1072 1472 aliis,
1099 1416 1158 1460 ut
1191 1420 1355 1475 quant
1416 1403 1789 1475 pulcherrime
1835 1404 2003 1459 armis

430 1500 704 1560 instructi.
737 1516 859 1555 cum
930 1499 1265 1555 exercitibus
1320 1498 1634 1562 adveniant,
1670 1507 1834 1567 atque
1894 1512 2003 1551 una

430 1609 616 1648 secum
664 1593 717 1647 in
750 1592 999 1647 militiam
1053 1591 1492 1661 proficiscantur.
1525 1590 1588 1645 Et
1615 1590 1835 1659 quidem
1904 1589 2006 1643 hoc

431 1695 591 1756 pacto
643 1685 1048 1754 expeditionem
1111 1692 1302 1738 contra
1356 1682 1535 1737 Dacos
1586 1680 1828 1746 suscepit
1888 1694 2003 1733 res.

433 1780 635 1835 Ferunt
697 1787 960 1848 praeterea
1016 1776 1374 1832 Mechmetem
1431 1776 1647 1842 ducem,
1711 1783 2001 1843 antequam

2109 573 2329 642 ρέντας,
2377 577 2624 630 κάκεῖνον
2647 576 2693 608 ⁸⁸
2732 578 2811 642 είς
2851 577 3012 631 τοῦτο
3054 576 3267 648 ὕϐρεως
3312 574 3679 651 ἀφικόμενον,

2103 665 2245 719 ὥστε
2279 671 2373 719 καὶ
2406 669 2530 732 τοὺς
2565 668 2820 738 πρέσϐεις
2848 669 2997 740 αὐτῷ
3026 671 3451 743 διαχρήσασθαι,
3488 671 3563 741 μὴ
3595 688 3684 724 τι·-

2108 759 2427 830 μωρήσεται
2452 762 2544 815 τδν
2572 762 2732 830 φόνον
2758 762 2983 815 ἐκείνων
3007 763 3116 816 τῶν
3141 761 3325 816 αὐτῶν
3347 762 3682 833 εἰσπραττόο

2108 870 2267 924 μενος
2299 854 2390 906 τὸν
2426 854 2525 924 τῆς
2558 852 2758 917 Δακίας
2790 838 3324 926 ήγεμόνα.”Ηχθετο
3361 856 3546 926 μέντοι
3580 857 3683 910 καὶ

2104 945 2259 1009 τόδε,
2295 945 2377 998 δτι
2413 946 2504 997 τὸν
2534 945 2747 1013 Ἵστρον
2779 944 2971 1008 διαϐὰς
3015 946 3114 999 σὺν
3144 946 3292 1017 χειρὶ
3335 943 3542 1016 πολλῇ,
3580 944 3686 998 καὶ

2104 1036 2393 1105 ἐμπρήσας
2430 1035 2529 1107 τὴν
2568 1036 2833 1106 βασιλέως
2872 1036 3095 1108 χώραν,
3134 1038 3231 1092 καὶ
3273 1037 3430 1107 φόνον
3468 1037 3582 1090 τῶν
3620 1054 3686 1089 τε

2103 1128 2394 1198 ὁμοφύλων
2420 1130 2568 1199 αὐτῷ
2596 1131 2993 1199 ἐργασάμενος,
3022 1129 3198 1185 ὀπίσω
3223 1130 3462 1185 ἐλαύνοι.
3490 1130 3683 1197 Πολλιῖι

2103 1220 2159 1275 δὲ
2203 1220 2410 1275 τούτων
2455 1222 2735 1294 δεινότερα
2783 1224 2978 1290 ἐποίει,
3027 1225 3253 1278 τοιαῦτα
3301 1223 3431 1289 τοὺς
3481 1223 3687 1277 ἑαυτοῦ

2105 1313 2366 1380 πρέσϐεις
2407 1315 2766 1384 ἐργάσασθαι.
2798 1317 2963 1371 Ὅθεν
2997 1317 3062 1388 δὴ
3109 1318 3396 1387 ἀπανταχῆ
3441 1333 3684 1388 περιαγ-

2107 1404 2315 1470 γέλλων
2344 1407 2458 1470 τοῖς
2483 1423 2545 1459 τε
2575 1407 2841 1476 ἀρίστοις,
2870 1408 2966 1462 καὶ
2994 1394 3105 1471 τοῖς
3136 1407 3318 1472 ἀλλοις
3346 1409 3487 1462 κατά
3515 1408 3683 1476 λόγον

2106 1496 2474 1567 προηγόρευε,
2506 1497 2779 1570 καλλίστῳ
2809 1498 3001 1570 κόσμῳ
3031 1499 3384 1567 ἐλαύνοντας,
3418 1501 3513 1555 καὶ¹
3542 1500 3683 1565 ἐξω-

2108 1585 2461 1656 πλισμένους,
2488 1590 2740 1658 παρεῖναι
2768 1590 2918 1662 αὐτῷ
2942 1589 3010 1645 τά
3041 1591 3423 1660 στρατεύματα
3450 1591 3685 1659 ἐξελαύ-

2107 1696 2277 1749 νοντι,
2314 1680 2427 1749 τὴν
2471 1680 2570 1750 μὲν
2610 1678 2704 1735 οὖν
2743 1683 3005 1751 στρατιὰν
3043 1684 3185 1737 οὕτω
3232 1684 3682 1756 παρεσκευάζετο

2108 1773 2234 1836 τοὺς
2267 1774 2493 1838 Δακούς.
2526 1775 2759 1843 Λέγεται
2793 1776 2851 1829 δὲ
2885 1777 2980 1830 καὶ
3012 1777 3153 1840 τόδε,
3189 1776 3265 1839 ὡς
3299 1777 3681 1847 Μαχουμούτῃ

430 1872 606 1927 caedes
633 1846 1019 1940 leéatorum'et
1040 1868 1339 1924 Chamuzis
1367 1865 1631 1938 praefecti,
1681 1873 1739 1920 et
1768 1865 2002 1936 regionis

2105 1866 2182 1936 τῷ
2215 1865 2479 1936 ἡγεμόνι,
2515 1867 2597 1921 ὅτι
2630 1868 2729 1936 τῆς
2762 1868 3019 1937 ἀγγελίας
3056 1870 3320 1939 πρότερον
3354 1869 3562 1922 τούτων
3597 1869 3681 1922 ἐτι

430 1968 740 2022 incendium
763 1964 1129 2029 nuntiaretur,
1157 1962 1433 2017 indicasse
1457 1961 1568 2031 regi
1594 1976 1715 2030 qua:
1743 1959 2004 2015 fecissent

432 2058 560 2116 Daci
589 2058 723 2114 viris
774 2058 962 2128 regiis.
988 2056 1201 2124 Quibus
1232 2055 1457 2121 auditis,
1497 2055 1735 2125 graviter
1756 2053 2004 2124 indigna—

432 2163 522 2206 tus
566 2161 649 2205 est
693 2167 709 2206 :
760 2152 925 2206 etiam
974 2152 1114 2217 viro,
1149 2149 1240 2220 qui
1299 2148 1412 2202 haec
1445 2145 1613 2218 268
1650 2154 2000 2214 exposuerat,

429 2244 655 2299 verbera
688 2241 907 2296 inflixit.
934 2240 1044 2296 Nec
1072 2243 1217 2295 enim
1245 2249 1401 2309 turpe
1436 2238 1668 2292 habetur
1699 2236 1753 2291 in
1809 2235 2001 2289 Januis

429 2335 593 2404 regis,
649 2331 833 2403 flagris
882 2334 1091 2387 caedere
1139 2346 1238 2386 eos
1296 2345 1436 2400 quos
1484 2344 1549 2385 ex
1608 2328 2000 2398 mancipiorum

428 2442 674 2493 numero,
709 2443 810 2482 nec
841 2426 909 2481 de
942 2424 1248 2479 Turcorum
1282 2422 1405 2478 filiis
1459 2422 1512 2475 in
1574 2434 1801 2491 regnum
1840 2434 2000 2473 suum

428 2520 787 2575 transtulerit.
849 2521 959 2572 llex
1023 2516 1192 2586 igitur
1238 2530 1335 2584 per
1398 2515 1715 2567 universum
1774 2526 1999 2580 regnum

427 2613 706 2677 dimittens
745 2624 1044 2680 praecones,
1075 2607 1266 2671 edixit.
1320 2616 1379 2660 ut
1411 2604 1680 2660 exercitus
1730 2604 1867 2657 bene
1914 2602 2005 2657 iu-

431 2704 626 2760 Structi
662 2713 716 2757 ct
744 2701 942 2756 armati
960 2699 1026 2755 ad
1057 2715 1117 2755 se
1149 2698 1474 2753 adveniant:
1503 2697 1716 2766 equites
1740 2705 2002 2764 praeterea

428 2810 620 2850 umnes
645 2798 709 2849 ad
759 2798 902 2847 hanc
941 2789 1342 2860 expeditionem
1403 2785 1659 2841 concivit.
1718 2783 2002 2838 Praeconcs

429 2889 584 2959 regii,
617 2888 708 2957 qui
732 2881 879 2958 regis
912 2885 1246 2941 voluntatem
1272 2898 1366 2953 per
1384 2881 1695 2937 universam
1722 2877 2000 2948 regionem

429 2982 706 3043 nuntiant,
737 2988 790 3032 ct
829 2977 1031 3040 nuntii,
1062 2976 1109 3031 si
1158 2974 1289 3043 quid
1325 2987 1588 3028 novarum
1626 2984 1807 3026 rerum
1868 2971 2003 3023 inci-

426 3072 587 3138 derit,
615 3073 680 3125 ad
702 3070 906 3125 Januas
944 3069 1090 3137 regis
1148 3066 1429 3132 festinant,
1464 3073 1519 3119 et
1580 3062 1844 3118 citissimo
1882 3076 2004 3130 gra-

426 3167 498 3221 du
530 3165 671 3218 intra
704 3177 908 3232 paucos
959 3161 1075 3214 dies
1140 3161 1410 3214 maximos
1467 3171 1662 3212 cursus
1714 3166 2001 3225 peragunt.
2025 3196 2071 3258 ρ

429 3265 486 3318 Si
521 3263 646 3328 quis
685 3278 749 3316 ex
781 3273 971 3314 eorum
998 3272 1228 3312 numero
1251 3257 1305 3310 in
1334 3255 1527 3309 itinere
1552 3267 1753 3324 equum
1800 3251 1995 3314 cernit,

427 3358 664 3425 cquiteut
694 3351 979 3408 confestim
1014 3366 1080 3406 ex
1113 3364 1180 3405 eo
1205 3348 1429 3418 deponit
1469 3344 1998 3412 :conscendensque

429 3450 543 3516 ipse
583 3460 807 3516 equum,
841 3443 943 3498 iter
975 3450 1237 3505 maturat,
1262 3438 1545 3508 impellens
1571 3452 1775 3507 equum
1812 3451 1996 3506 quan-

428 3553 542 3595 tum
573 3548 770 3609 potest.
807 3536 1011 3605 Deinde
1036 3588 1049 3598 ,
1074 3534 1119 3591 si
1189 3533 1355 3587 alium
1388 3530 1681 3595 invenerit,
1741 3528 1995 3584 eumdem

424 3633 677 3691 similiter
709 3629 1050 3695 conscendit,
1082 3637 1137 3683 et
1167 3640 1367 3696 equum
1417 3623 1699 3693 fatigatum
1751 3620 1843 3677 isti
1892 3620 1997 3675 ho-

425 3729 555 3782 mini
587 3725 772 3781 tradit.
807 3723 873 3777 Et
899 3722 954 3777 in
989 3722 1135 3775 hunc
1164 3717 1386 3774 modum
1434 3730 1608 3785 equos
1661 3714 1828 3785 quieti
1888 3723 1998 3768 tra-

424 3820 636 3882 dentes,
659 3816 928 3871 maximos
957 3812 1256 3868 coniiciunt
1299 3822 1519 3864 cursus.
1549 3806 1763 3875 Corpus
1822 3811 1995 3859 totum

423 3912 674 3981 cingunt,
703 3924 775 3963 ne
795 3897 995 3961 doleat“
1003 3904 1084 3960 vel
1108 3910 1333 3973 aegrotet
1383 3914 1583 3967 corpus
1616 3895 1839 3968 quando
1868 3911 1997 3951 cur-

422 4013 572 4058 runt.
598 4002 674 4055 Ex
705 3999 1084 4068 Peloponneso
1104 3992 1515 4061 Adrianopolim
1553 3989 1759 4046 scimus
1819 3988 1999 4058 regios

412 4094 702 4162 praecones
756 4090 975 4145 venisse
1036 4088 1178 4142 intra
1235 4085 1482 4154 quinque
1528 4082 1668 4136 dies.
1728 4077 1840 4134 Hoc
1892 4080 1997 4135 iter

423 4187 567 4238 intra
591 4185 777 4235 decent
801 4189 855 4233 et
880 4177 1124 4246 quinque
1178 4175 1293 4229 dies
1320 4188 1488 4244 eques
1539 4186 1684 4242 aegre
1736 4185 1998 4240 peragere

425 4276 620 4338 potest,
656 4265 759 4319 etsi
811 4263 1049 4317 maxime
1100 4261 1356 4328 feStinet;
1401 4261 1456 4315 hi
1512 4275 1791 4330 praecones
1824 4261 1997 4314 nomi-

422 4370 626 4417 nantur
663 4356 934 4419 Vlacides.
967 4354 1149 4424 Copiae
1208 4354 1477 4409 universae
1532 4355 1676 4424 regis
1717 4367 1841 4408 cum
1884 4354 1997 4408 ins-

423 4462 614 4513 tructa:
641 4447 1044 4513 convenissent,
1080 4448 1260 4517 primo
1284 4459 1423 4503 .vcre
1451 4442 1731 4516 profectus
1761 4452 1845 4500 est
1866 4458 1997 4500 con-

423 4556 506 4609 ινα
544 4544 786 4601 Daciam.
809 4538 1055 4595 Tradunt
1084 4540 1229 4593 hunc
1281 4537 1582 4593 exercitum
1629 4537 1774 4608 regis
1823 4535 1996 4591 fuisse
2026 4570 2073 4628 υ

422 4639 747 4695 maximum,
780 4645 834 4687 et
860 4632 1157 4688 secundum
1191 4629 1563 4700 magnitudine
1590 4632 1641 4685 ei
1679 4646 1836 4699 quem
1863 4645 1991 4683 emt-

423 4742 501 4781 tra
539 4727 857 4799 Byzantium
909 4725 1160 4780 declarat
1212 4725 1316 4776 iste
1350 4738 1466 4776 rex.
1532 4722 1730 4777 Verum
1783 4733 1997 4778 constat

422 4823 572 4876 illum
626 4822 923 4875 exercitum
988 4818 1154 4870 fuisse
1217 4817 1441 4886 reliquis
1502 4816 1895 4886 pulchriorem,
1943 4826 1997 4870 et

422 4914 719 4983 plurimum
746 4910 1008 4965 momenti
1043 4921 1169 4964 tumv
1199 4907 1255 4962 in
1294 4912 1490 4972 armis,
1530 4918 1645 4961 tum
1677 4907 1731 4960 in
1782 4908 1994 4976 reliquo

389 5001 541 5057 ‘ltclli
576 5009 836 5070 apparatu
865 5000 1141 5055 habuisse.
1191 4998 1268 5054 Eo
1292 4989 1477 5053 auten?
1527 5010 1770 5067 tempore
1817 4999 1869 5052 in
1907 5014 1993 5052 ar-

422 5095 524 5149 mis
558 5093 748 5147 habuit
779 5107 871 5147 rex
900 5092 1122 5147 circiter
1170 5091 1365 5163 viginti
1432 5093 1673 5162 quinque
1722 5093 1992 5164 tuyriadcs

423 5189 728 5263 hominum.
770 5187 943 5258 Hujus
988 5186 1201 5242 numeri
1252 5185 1410 5241 facile
1452 5185 1577 5239 iniri
1622 5186 1992 5255 potesttratio

420 5301 487 5340 ex
516 5281 640 5339 Istri
692 5280 943 5351 trajectu.
996 5280 1128 5334 Nam
1189 5278 1470 5351 publicani
1519 5277 1643 5334 Istri
1708 5278 1993 5348 trajectum
2044 5272 2049 5277 ’

418 5381 666 5430 emerant
719 5373 787 5427 ab
822 5385 989 5441 ,rege,
1050 5384 1403 5427 numerantes
1447 5369 1671 5440 triginta
1720 5370 1994 5441 myriades

419 5482 714 5522 aureorum
749 5476 1047 5520 staterutn:
1082 5465 1301 5519 interim
1366 5472 1547 5519 tamen
1601 5472 1840 5529 constat,
1897 5478 1991 5518 eos

2103 1958 2446 2027 ἀφικομένης
2487 1958 2620 2027 περί
2650 1977 2707 2012 τε
2744 1958 2839 2014 τοῦ
2880 1959 3043 2029 φόνου
3077 1961 3189 2014 τῶν
3223 1960 3509 2031 πρέσϐεων
3530 2001 3547 2025 ,
3584 1964 3686 2013 καὶ

2103 2048 2370 2121 Χαμουζᾶ
2397 2051 2490 2105 τοῦ
2523 2052 2793 2123 ὑπάρχου,
2828 2055 2919 2106 καὶ
2947 2053 3042 2107 τοῦ
3074 2053 3410 2125 ἐμπρησμοῦ
3441 2053 3542 2123 τῆς
3573 2054 3691 2123 χώ-

2105 2160 2225 2213 ρας,
2256 2142 2380 2196 οὔτε
2413 2145 2614 2215 εὑρὼν,
2648 2146 2799 2217 παρά
2832 2145 3056 2215 βασιλέα
3083 2147 3460 2217 ἀπηγγέλλετο
3487 2148 3558 2201 τά
3584 2164 3688 2216 γε-

2102 2235 2302 2305 νόμενα
2339 2238 2470 2303 περὶ
2501 2238 2726 2304 Δακῶν,
2761 2240 2819 2301 ἐς
2853 2238 2978 2301 τοὺς
3014 2238 3279 2309 βασιλέως
3314 2239 3689 2308 ἄνδρας,λκαὶ

2103 2329 2356 2398 χαλεπῶς
2384 2330 2606 2401 ἤνεγκε.
2635 2331 2866 2399 Λέγεται
2896 2331 2953 2383 δὲ
2981 2331 3056 2388 ὡς
3088 2333 3179 2385 καὶ
3211 2331 3424 2403 πληγὰς
3451 2329 3689 2383 ἐνέϐαλε

2102 2419 2182 2486 τῷ
2214 2420 2389 2490 ἀνδρί.
2423 2421 2721 2492 Νομξζεται
2754 2423 2809 2476 δὲ
2843 2423 2939 2478 καὶ
2966 2424 3126 2477 τοῦτο
3157 2424 3214 2487 ἐς
3243 2423 3341 2487 τὰς
3376 2421 3552 2494 θύρας
3583 2421 3687 2475 τοῦ

2088 2509 2369 2580 βασιλέως
2411 2514 2471 2565 ού
2520 2515 2664 2567 πάνυ
2707 2532 2791 2568 τοι
2836 2515 3061 2585 αἰσχρὸν
3100 2510 3277 2580 εἶναι,
3317 2514 3547 2577 τούτους
3589 2514 3686 2577 οὓς

2102 2597 2211 2650 ἀπὸ
2249 2597 2632 2667 ἀνδραπόδων,
2670 2603 2763 2654 καὶ
2799 2603 2872 2673 μὴ
2908 2602 3169 2674 Τούρκων
3205 2605 3401 2668 παῖδας
3436 2603 3594 2675 αὐτῷ
3621 2606 3679 2666 ές

2105 2688 2203 2760 τὴν
2238 2689 2412 2761 ἀρχὴν
2454 2697 2951 2764 παραγενομένους.
2993 2697 3259 2767 Κήρυκας
3303 2698 3487 2768 μέντοι
3535 2698 3677 2768 πέμ-

2106 2803 2222 2839 πων
2254 2786 2545 2857 ἀπανταχῆ
2567 2824 2583 2850 ,
2619 2788 2867 2841 ἐκέλευεν
2900 2789 3050 2861 αὐτῷ
3084 2795 3340 2858 παρεῖναι
3375 2792 3478 2863 τὴν
3511 2809 3682 2863 στρα-

2104 2880 2224 2933 τιὰν
2271 2878 2687 2950 ἐξωπλισμένην
2731 2882 2943 2949 καλῶς,
2992 2885 3087 2937 καὶ
3131 2887 3259 2950 τοὺς
3309 2886 3686 2957 ἱπποδρόμους

2104 2970 2254 3042 αύτῷ
2278 2971 2511 3026 ἔπεσθαι
2542 2973 2862 3044 ξύμπαντας
2892 2979 2949 3040 ὲς
2978 2978 3134 3047 τήνδε
3164 2979 3264 3049 τήν
3297 2980 3585 3049 στρατιάν.
3619 2982 3686 3033 Ol

2104 3068 2161 3121 δὲ
2189 3067 2283 3120 τοῦ
2318 3066 2585 3136 βασιλέως
2616 3069 2883 3139 κήρυκες,
2919 3071 2967 3123 οί
2999 3070 3095 3134 τὰς
3126 3072 3387 3140 ἀγγελίας
3418 3072 3688 3141 φέροντες

2106 3160 2253 3231 αύτῴ
2281 3162 2338 3223 ὲς
2367 3160 2466 3231 τὴν
2495 3161 2702 3233 χώραν,
2734 3162 2826 3216 καὶ
2854 3164 2903 3216 οἱ
2931 3162 3177 3232 ἄγγελοι,
3209 3165 3431 3220 ἐπειδάν
3460 3184 3511 3219 τι
3546 3166 3691 3220 νεώ-

2102 3269 2258 3323 τερον
2290 3252 2579 3322 ξυμϐαίνοι
2602 3293 2619 3319 ,
2649 3255 2742 3308 ἐπὶ
2775 3255 2874 3319 τάς
2904 3255 3074 3324 Θύρας
3102 3258 3493 3327 ἀφικνούμενοι
3522 3264 3711 3331 taxi:

2102 3360 2214 3414 στῳ
2238 3345 2423 3415 δρόμῳ
2451 3344 2649 3414 ὀλίγων
2679 3347 2819 3399 πάνυ
2849 3348 3088 3419 ἡμερῶν,
3123 3351 3414 3419 μεγίστους
3439 3350 3691 3419 δρόμους

2099 3436 2433 3490 διατελοῦσιν
2455 3439 2521 3494 ⁸⁸.
2562 3440 2621 3492 Ὀ
2653 3439 2709 3491 δὲ
2745 3438 2914 3493 ἵππον
2946 3440 3006 3493 δν
3040 3442 3106 3494 ἂν
3139 3444 3198 3494 ὲν
3230 3444 3297 3512 τῇ
3331 3441 3435 3513 ὁδῷ
3466 3444 3692 3498 διελαύ-

2100 3547 2207 3583 νων
2236 3530 2519 3599 θεάσηται,
2552 3530 2644 3584 τὺν
2679 3532 2776 3602 μὲν
2812 3533 2981 3585 ίππέα
3009 3535 3208 3588 αὐτίκα
3239 3537 3346 3589 ἀπὸ
3376 3536 3477 3589 τοῦ
3505 3537 3689 3593 ἵππου

2101 3619 2511 3688 καταῦιϐἀζειν,
2552 3625 2715 3687 αὐτὸς
2751 3625 2810 3677 δὲ
2849 3626 3060 3690 ἀναϐὰς
3100 3628 3314 3680 ἐλαύνοι
3355 3630 3497 3683 κατά
3540 3634 3690 3700 κρᾶ-

2099 3732 2211 3781 τος,
2243 3714 2339 3768 καὶ
2371 3715 2399 3767 ὁ
2433 3716 2603 3778 ἵππος
2632 3718 2690 3780 ἐς
2722 3717 2840 3770 τόδε
2876 3719 3125 3773 διανύσαι
3158 3717 3268 3784 οἷός
3300 3739 3356 3775 τε
3390 3702 3483 3792 ἦν.
3518 3724 3689 3780 Μετᾶ

2098 3804 2154 3857 δὲ
2189 3805 2348 3858 ἀλλον
2377 3806 2703 3877 εὑράμενος,
2738 3810 3101 3877 καταϐιϐάζει·
3124 3828 3136 3840 ·
3172 3815 3265 3867 τὸν
3293 3814 3349 3867 δὲ
3385 3814 3554 3870 ἵππον
3585 3819 3688 3871 τὸν

2099 3900 2367 3969 πρότερον
2411 3899 2746 3969 παραδίδωσι
2773 3901 2892 3934 ⁹⁰·⁹¹
2931 3903 3009 3973 τῷ
3048 3905 3341 3976 ἀνθρώπῳ.
3384 3893 3689 3962 Καὶῇοὖτω

2102 3990 2276 4061 βραχὺ
2307 3991 2805 4063 διαναπαυόμενοι,
2845 3998 3100 4064 μέγιστον
3131 4000 3412 4053 διανύουσι
3446 4002 3685 4071 δρόμον.

2111 4084 2441 4149 Ἐζὼννυντο
2484 4085 2540 4138 δὲ
2583 4087 2680 4141 καὶ
2715 4089 2774 4141 τὸ
2819 4091 2977 4159 σῶμα
3021 4091 3189 4156 ἆπαν,
3227 4093 3366 4147 ὥστε
3417 4095 3492 4165 μὴ
3536 4098 3687 4163 ἀγαν

2101 4176 2314 4241 πονεῖν,
2350 4177 2383 4245 ἢ
2418 4178 2649 4248 κάμνειν
2684 4182 2837 4251 σφίσι
2870 4182 2930 4235 τὸ
2966 4184 3124 4254 σῶμα
3149 4226 3163 4250 ,
3202 4187 3325 4239 ἐπεὶ
3345 4187 3392 4218 ⁹¹
3428 4187 3635 4241 θέοιντο
3668 4205 3686 4220 ο

2100 4268 2197 4321 καὶ
2241 4268 2349 4321 ἀπὸ
2392 4269 2803 4343 Πελοποννήσου
2849 4275 2906 4337 ές
2941 4275 3380 4347 ’Δδριανούπολιν
3422 4283 3687 4350 κήρυκας

2101 4358 2260 4428 ἴσμεν
2288 4359 2345 4412 ὲν
2372 4360 2533 4414 πέντε
2562 4363 2801 4432 ἡμέραις
2827 4366 3214 4438 ἀφικομένους,
3244 4371 3362 4423 όδδν
3386 4375 3689 4425 πεντεκαί-

2098 4452 2228 4504 δεκα
2265 4450 2490 4522 ήμερῶν
2529 4453 2686 4524 ἀνδρὶ
2726 4457 3008 4510 ίππεύοντι
3053 4459 3111 4522 ές
3149 4460 3217 4513 τὰ
3260 4461 3514 4530 μάλιστα.
3562 4465 3690 4517 Κα-

2098 4543 2312 4597 λοῦνται
2345 4543 2409 4597 δὲ
2438 4539 2581 4599 οὗτοι
2614 4548 2666 4600 οἱ
2702 4548 2945 4619 κήρυκες
2977 4551 3293 4615 ούλᾶκιδες.
3332 4553 3485 4605 Ἐπεί
3512 4571 3573 4606 τε
3610 4556 3689 4621 δὴ

2098 4639 2168 4689 τὰ.
2198 4638 2581 4709 στρατεύματα
2614 4643 3029 4711 παρεσκεύαστο
3056 4645 3135 4716 τῷ
3168 4646 3413 4715 βασιλεῖ,
3446 4648 3537 4700 ἐπὶ
3567 4651 3690 4702 Διι-

2105 4729 2227 4783 κίαν
2279 4732 2654 4801 ἐστρατεύετο,
2716 4728 2849 4803 ἦρος
2903 4734 3068 4798 εὐθὺς
3122 4738 3452 4809 ἀρχομένου.
3504 4740 3695 4809 Μέγι-

2105 4839 2228 4876 στον
2253 4824 2300 4856 ⁸³
2330 4826 2389 4876 δὲ
2430 4826 2619 4878 τοῦτον
2660 4825 2889 4895 στρατδν
2928 4827 3181 4895 γενέσθαι
3220 4832 3377 4898 φασὶ,
3417 4829 3694 4900 δεύτερον

2103 4917 2240 4987 μετά
2269 4935 2331 4983 γε
2360 4918 2459 4989 τὴν
2494 4919 2550 4983 ἐς
2581 4918 2640 4971 τὸ
2674 4919 2965 4984 Βυζάντιον
2995 4921 3254 4976 ἐπέλασιν
3281 4922 3376 4976 τοῦ
3407 4922 3690 4994 βασιλέως

2098 5006 2272 5059 τοῦδε.
2304 5006 2536 5075 Λέγεται
2563 5008 2617 5060 δὲ
2639 5010 2686 5040 9⁸
2715 5007 2874 5061 τοῦτο
2900 5011 2962 5063 τὸ
2992 5010 3354 5081 στρατόπεδον
3379 5011 3691 5067 κάλλιστον

2103 5099 2201 5166 μὲν
2241 5100 2496 5166 γενέσθαι
2531 5102 2640 5152 τῶν
2679 5102 2855 5155 ἄλλων
2894 5094 3292 5173 στρατοπέδων,
3333 5106 3428 5159 καὶ
3466 5107 3691 5176 κόσμον

2101 5189 2269 5243 πολὺν
2301 5190 2662 5259 παρέχεσθαι,
2695 5191 2751 5255 ές
2781 5209 2839 5245 τε
2867 5195 2934 5247 τὰ
2962 5194 3100 5249 ὅπλα
3129 5197 3267 5265 φασὶ
3289 5197 3336 5229 ’⁵
3366 5197 3546 5260 ante;
3576 5200 3691 5270 τὴν

2101 5280 2326 5351 σκευήν.
2358 5281 2617 5336 Γενέσθαι
2651 5284 2706 5337 δὲ
2741 5285 2882 5354 ἀμφὶ
2908 5287 3006 5349 τὰς
3043 5289 3203 5341 πέντε
3238 5290 3332 5344 καὶ
3364 5289 3537 5342 εἴκοσι
3579 5310 3691 5360 μι.-

2102 5370 2291 5441 ριάδας
2328 5373 2580 5439 στρατοῦ.
2619 5374 2731 5428 Καὶ
2760 5375 2919 5428 τοῦτο
2950 5376 3264 5446 λογίζεσθαι
3301 5381 3534 5453 ῥᾳδίως,
3566 5384 3686 5439 ἀπὸ

2099 5464 2210 5516 τῶν
2235 5462 2329 5517 τοῦ
2362 5466 2532 5534 πόρου
2558 5465 2653 5519 τοῦ
2680 5470 2899 5538 Ἴστρου
2927 5472 3274 5542 ἔμποριστῶν
3300 5469 3373 5529 ὧν
3394 5475 3442 5507 ’⁸
3473 5474 3686 5549 ἐξωνη-

1690 5608 1939 5670 Notulte
1960 5610 2369 5689 marginales.

490 5762 537 5837 ξ’
564 5758 910 5837 frtunatus}
939 5761 1024 5814 ὲκ.
1101 5759 1147 5794 ⁸9
1166 5759 1478 5837 ’διανοοῦῃσιν
1495 5754 1597 5815 ὧδε
1626 5765 1711 5819 ίπ.
1786 5761 1854 5817 In
1881 5779 1997 5831 ora,

2102 5763 2358 5837 wﬁouaw:
2439 5763 2560 5805 ’°-"
2585 5764 2900 5837 παραδιδοῖ.
2976 5769 3023 5800 ⁸⁸
3053 5768 3120 5823 In
3154 5785 3282 5837 uno,
3342 5768 3676 5827 ἐπιθεόντων

418 5835 467 5869 σι
488 5833 560 5893 ὡς
592 5830 716 5899 μέγ.
793 5829 839 5860 ’δ
878 5827 943 5882 In
965 5847 1091 5897 uno,
1119 5830 1302 5901 γὰρ’τ.
1384 5832 1432 5864 ’⁸
1463 5835 1638 5901 σφίσι-
1714 5837 1789 5881 -"
1833 5827 2002 5905 έξωνή

2102 5838 2286 5891 ιὲνων.
2323 5833 2390 5890 In
2423 5850 2550 5901 uno,
2580 5835 2639 5890 ὃν
2666 5827 3088 5907 ἐξωνησάμενοι.
