3984 6488
363 408 471 474 503

1493 418 1806 483 LAONICI
1847 424 2282 488 CHALCOCON
2293 426 2499 487 DYLE

3486 439 3589 501 504

363 546 558 593 corum
598 532 851 589 manibus
908 533 1194 594 cadebant.
1254 536 1468 595 Pedites
1509 541 1602 609 qui
1633 543 1775 611 apud
1822 540 1926 596 Me-

2036 543 2158 611 ρῶν.
2192 543 2490 617 Ἐμάχοντο
2547 550 2646 617 μὲν
2695 547 2789 602 οὖν
2829 549 3062 606 ἐνταῦθα
3108 551 3202 607 ἐπὶ
3233 552 3427 623 συχνόν
3470 571 3593 608 τινα

362 623 675 679 cbumetem
721 631 1048 687 erant,cum
1100 636 1286 683 essent
1334 630 1439 686 viri
1472 630 1662 695 fortes,
1722 634 1930 703 praelia-

361 714 565 768 bantur
590 713 879 769 admodum
941 719 1384 776 memorabiliter.
1449 720 1690 778 Tandem
1740 739 1931 780 omnes

363 815 633 875 quotquot
657 814 814 867 erant
838 806 906 862 de
932 810 1174 867 exercitu
1206 813 1377 883 regio,
1401 823 1593 883 praeter
1614 815 1793 886 ianuae
1826 818 1931 871 mi-

365 897 510 965 lites,
533 898 897 957 asccnderunt
946 903 1000 955 in
1036 916 1210 971 equos
1246 922 1261 969 ;
1292 906 1535 975 praelium
1560 923 1626 962 eo
1681 910 1781 964 loci
1837 910 1929 965 diu

366 989 628 1045 fervebat.
670 989 810 1047 Hinc
848 995 1095 1049 conversi
1148 994 1298 1065 Daci,
1320 1000 1667 1057 maturabant
1714 1002 1812 1059 iter
1863 1004 1929 1058 ad

364 1080 507 1149 regis
532 1080 823 1148 ianuarum
856 1080 1077 1139 milites.
1121 1083 1259 1139 Cum
1313 1094 1498 1142 autem
1544 1088 1840 1147 instructos
1878 1101 1933 1146 et

364 1184 607 1255 armatos
676 1175 1009 1240 invenirent,
1071 1178 1223 1232 brevi
1276 1186 1518 1249 tempore
1599 1174 1931 1252 pugnarunt.

366 1260 573 1320 Deinde
598 1265 812 1322 omisso
854 1267 1081 1337 prmlio,
1130 1276 1414 1326 vertuntur
1460 1273 1514 1326 in
1571 1273 1748 1328 forum
1813 1290 1932 1331 cas-

367 1370 576 1411 trorum
606 1373 621 1410 :
653 1358 795 1429 quod
828 1360 1165 1433 diripientes,
1191 1371 1246 1418 et
1277 1364 1325 1418 si
1356 1378 1517 1435 quem
1552 1365 1694 1427 forte
1735 1366 1809 1422 ibi
1848 1369 1932 1423 in-

366 1457 627 1507 venerant
649 1450 987 1516 occidentes,
1042 1453 1257 1508 tandem
1313 1470 1437 1510 cum
1481 1470 1677 1512 aurora
1736 1474 1935 1530 appro-

365 1540 658 1610 pinquaret
686 1552 740 1598 et
765 1542 1086 1609 lucesceret.
1114 1549 1320 1616 egressi
1352 1556 1481 1613 sunt
1517 1550 1737 1615 castris,
1761 1551 1931 1607 amis-

365 1633 444 1686 sis
478 1635 671 1703 paucis
722 1636 1015 1701 admodum
1075 1652 1138 1694 ea
1167 1647 1346 1698 nocte.
1396 1638 1570 1698 Etiam
1632 1642 1821 1712 pauci,
1873 1654 1935 1699 ut

369 1725 562 1792 fertur,
619 1728 687 1783 de
752 1730 900 1799 regio
956 1732 1202 1788 exercitu
1259 1732 1552 1791 desiderati
1612 1744 1762 1790 sunt.
1828 1731 1931 1794 Ubi

365 1817 601 1893 primum
632 1819 750 1876 dies
779 1820 979 1888 illuxit,
1000 1838 1093 1878 rex
1127 1823 1335 1894 eligens
1394 1823 1631 1894 optimos
1659 1841 1930 1897 quosque,

365 1910 463 1986 qui
508 1911 613 1967 sub
670 1914 906 1972 tribunis
966 1915 1255 1989 degebant,
1303 1916 1618 1983 et,Haliem
1657 1919 1936 1977 Michaelis

369 2002 540 2069 lilium
598 2005 791 2061 duceni
857 2008 979 2065 istis
1031 2024 1376 2082 praeponens,
1425 2013 1594 2084 jussit
1652 2024 1712 2070 ut
1771 2017 1936 2073 citato

365 2097 586 2168 agmine
611 2096 783 2155 Dacos
835 2100 1092 2159 cedentes
1143 2102 1580 2175 insequerentur.
1630 2106 1816 2165 Halies
1848 2124 1936 2165 as-

367 2195 588 2257 sumpto
616 2190 897 2258 exercitu,
951 2193 1232 2265 profectus
1284 2206 1369 2253 est
1396 2212 1610 2255 summa
1659 2201 1936 2257 celeritate

366 2278 647 2347 adhibita,
696 2292 886 2340 contra
958 2283 1183 2342 Bladum
1220 2328 1236 2354 ,
1307 2298 1362 2344 et
1417 2292 1650 2348 summis
1723 2293 1936 2349 viribus

367 2370 620 2435 abeuntis
671 2374 897 2451 vestigia
933 2388 1183 2444 secutus,
1231 2377 1384 2438 Bladi
1435 2382 1736 2439 exercitum
1785 2398 1938 2439 asse-

369 2471 532 2520 cutus
563 2472 663 2523 est.
691 2463 883 2524 Subito
912 2479 1093 2527 autem
1120 2471 1175 2535 in
1208 2472 1461 2528 hostilem
1508 2477 1808 2530 exercitum
1864 2476 1937 2529 ir-

367 2571 557 2624 ruens,
582 2557 858 2615 interfecit
917 2561 1223 2630 plurimos:
1257 2574 1559 2637 captosque
1592 2566 1766 2625 Dacos
1814 2570 1925 2624 cir-

366 2652 501 2708 citer
528 2651 692 2715 mille,
730 2652 784 2707 in
821 2653 969 2726 regia
1027 2663 1210 2715 castra
1256 2658 1500 2714 abduxit.
1558 2659 1709 2727 Quos
1768 2662 1936 2718 inter-

367 2744 457 2798 tici
511 2759 704 2809 omnes
758 2760 856 2802 rex
921 2748 1155 2815 curavit.
1204 2747 1382 2805 Etiam
1419 2760 1582 2808 noctu
1642 2755 1933 2823 quemdam

367 2838 898 2907 comprehenderunt
923 2840 989 2896 de
1035 2840 1185 2901 Bladi
1231 2842 1544 2912 militibus;
1579 2844 1744 2902 Turci
1790 2848 1937 2903 hunc

368 2931 717 2995 deduxerunt
736 2932 801 2991 ad
832 2932 1246 3001 Mechumetem,
1274 2936 1369 3005 qui
1400 2952 1525 2992 eum
1551 2941 1932 3011 interrogavit,

370 3024 623 3091 quisnam
647 3033 700 3091 et
721 3026 879 3097 cujus
900 3033 1068 3091 esset,
1094 3037 1150 3082 et
1177 3026 1323 3084 unde
1356 3029 1565 3084 veniret
1586 3032 1610 3083 ι
1632 3030 1733 3097 Qui
1754 3032 1842 3086 ubi
1868 3032 1934 3086 ad

369 3119 627 3188 singula,
676 3119 1144 3189 quemadmodum
1195 3121 1566 3191 interrogatus
1626 3132 1781 3187 erat,
1824 3141 1936 3181 res-

2031 636 2241 703 χρόνον.
2272 639 2431 693 Μετὰ
2483 639 2540 693 δὲ
2601 641 3024 712 συστραφέντες,
3077 644 3310 715 ἤλαυνον
3353 644 3447 697 ἐπὶ
3494 645 3593 708 τὰς

2033 727 2295 795 βασιλέως
2327 730 2519 798 Θύρας,
2543 732 2634 786 καὶ
2670 727 2829 803 εὗρον
2854 736 2981 798 τοὺς
3004 736 3150 806 ἀμφὶ
3181 736 3406 807 βασιλέα
3436 737 3594 797 ἐκτὸς

2030 818 2140 871 τῶν
2160 818 2339 890 θυρῶν
2369 825 2910 895 παρατεταγμένους,
2931 829 3025 881 καὶ
3054 828 3229 900 βραχὺ
3254 830 3335 883 ἔτι
3357 827 3597 883 ἐνταῦθα

2036 914 2425 982 μαχεσάμενοι,
2461 917 2765 987 ἐτράποντο
2795 921 2887 972 ἐπὶ
2931 919 3031 991 τὴν
3066 922 3270 991 ἀγορὰν
3300 923 3394 974 τοῦ
3432 937 3598 990 στρα-

2031 1005 2280 1072 τοπέδου,
2307 1010 2398 1061 καὶ
2450 1008 2851 1079 διαρπάσαντες
2891 1013 2990 1084 τήν
3030 1030 3092 1067 τε
3144 1015 3372 1085 ἀγορὰν,
3397 1014 3496 1068 καὶ
3545 1012 3602 1066 εἰ

2031 1094 2116 1156 τίς
2154 1111 2257 1148 που
2302 1099 2475 1167 ταύτῃ
2507 1098 2773 1163 ἐνίστατο,
2804 1100 3240 1173 διαφθείραντες.
3287 1103 3375 1165 Ὧς
3427 1103 3599 1170 ἐγγὺς

2031 1179 2168 1257 ἧκεν
2216 1186 2251 1255 ἡ
2300 1186 2435 1257 ἠὼς,
2488 1190 2581 1242 καὶ
2648 1190 2949 1260 ἑπέφανεν,
2996 1193 3277 1265 ἀπεχώρει
3328 1194 3438 1249 ἀπὸ
3498 1192 3598 1246 τοῦ

2035 1279 2426 1347 στρατοπέδου,
2481 1280 2774 1336 ἀποϐαλὼν
2833 1283 2934 1353 μὲν
2977 1285 3182 1354 ταύτης
3238 1289 3340 1350 τῆς
3399 1286 3600 1350 νυκτὸς

2032 1369 2247 1437 ὀλίγους
2280 1372 2422 1425 πάνυ
2451 1374 2626 1437 τινας,
2656 1374 2753 1428 καὶ
2776 1375 2825 1429 oi
2851 1375 2960 1429 ἀπὸ
2998 1376 3092 1430 τοῦ
3126 1376 3391 1448 βασιλέως
3429 1394 3601 1446 στρα-

2032 1462 2277 1527 τοπέδου,
2310 1462 2482 1531 ὀλίγοι
2509 1465 2904 1536 διεφθάρησαν,
2930 1467 3005 1530 ὡς
3043 1469 3296 1537 ἐλέγετο·
3339 1469 3480 1536 μετὰ
3518 1470 3598 1529 δὲ.

2031 1550 2106 1613 ὡς
2132 1552 2317 1623 ἡμέρα
2343 1554 2575 1624 τάχιστα
2606 1556 2851 1625 ἐγεγόνει
2869 1597 2886 1623 ,
2921 1558 3175 1629 βασιλεὺς
3205 1560 3604 1628 ἐπιλεξάμενος

2033 1641 2140 1695 τῶν
2184 1644 2445 1715 ὑπάρχων
2491 1646 2616 1709 τοὺς
2642 1647 2909 1716 λογάδας,
2942 1652 3037 1704 καὶ
3071 1650 3257 1719 Ἀλίην
3294 1650 3391 1703 τὸν
3427 1650 3604 1719 Μιχὰ-

2033 1732 2140 1788 λεω
2189 1737 2352 1789 παῖδα
2401 1738 2705 1808 στρατηγὸν
2758 1739 3073 1804 ἀποδείξας,
3112 1742 3366 1796 ἐκέλευεν
3419 1744 3604 1802 ἰόντας

2036 1827 2266 1882 κατόπιν
2311 1828 2418 1881 τῶν
2453 1829 2663 1895 Δακῶν,
2699 1831 3011 1885 ἐπιδιώκειν
3058 1833 3135 1896 ὡς
3193 1834 3368 1903 ἔχοιεν
3406 1840 3603 1903 τάχος.

2044 1915 2106 1969 Ὀ
2151 1918 2253 1986 μὲν
2285 1913 2375 1970 οὖν
2430 1917 2636 1989 ’Λλίης,
2682 1918 3011 1992 παραλαϐὼν
3054 1923 3147 1976 τὸν
3196 1924 3448 1993 στρατὸν,
3492 1920 3603 1994 ἦγε

2037 2010 2273 2083 σπουδὴν
2316 2014 2413 2091 ἐπὶ
2458 2013 2551 2067 τὸν
2604 2013 2824 2080 Βλάδον,
2859 2015 2957 2068 καὶ⁵
3005 2015 3237 2070 κατόπιν
3285 2017 3602 2084 γενόμενος,

2034 2107 2230 2174 ἤλαυνε
2256 2107 2396 2160 κατὰ
2438 2108 2658 2176 κράτος,
2693 2109 2785 2161 καὶ
2829 2108 3237 2177 καταλαμϐάνει
3281 2111 3379 2162 τὸν
3396 2109 3606 2163 Βλάδου

2037 2198 2288 2268 στρατὸν,
2323 2202 2418 2251 καὶ
2467 2198 2837 2265 ἐπεισπεσὼν,
2865 2199 3137 2270 διέφθειρε
3191 2201 3290 2269 μιν
3344 2201 3600 2263 πολλοὺς.

2036 2291 2327 2361 ζωγρήσας
2349 2290 2407 2343 δὲ
2433 2291 2578 2365 ἀμφὶ
2604 2292 2733 2354 τοὺς
2770 2291 2978 2361 χιλίους
3003 2293 3111 2347 τῶν
3138 2292 3351 2356 Δακῶν,
3379 2293 3606 2361 ἀπήγα-

2035 2403 2132 2449 γεν
2163 2386 2221 2446 ἒς
2248 2384 2309 2437 τὸ
2351 2384 2712 2454 στρατόπεδον
2753 2385 2907 2456 παρὰ
2953 2385 3195 2454 βασιλέα.
3227 2385 3464 2440 Τούτους
3498 2386 3606 2454 μὲν

2036 2475 2216 2530 λαϐὼν
2272 2480 2301 2530 ὁ
2363 2477 2651 2546 βασιλεὺς,
2711 2478 2809 2531 καὶ
2861 2479 3204 2547 ἀπαγαγὼν,
3272 2476 3608 2547 διεχρήσατο

2037 2569 2306 2630 ἅπαντας.
2333 2567 2443 2622 Καί
2467 2585 2589 2622 τινα
2618 2567 2873 2631 λαϐόντες
2897 2569 3095 2631 νυκτὸς
3133 2567 3337 2638 ταύτης
3365 2567 3474 2619 τῶν
3505 2565 3606 2619 τοῦ

2038 2660 2242 2715 Βλάδου
2288 2660 2638 2729 στρατιωτῶν
2680 2660 2733 2713 οἱ
2774 2658 2869 2712 τοῦ
2918 2659 3182 2729 βασιλέως
3236 2660 3605 2729 στρατιῶται,

2036 2749 2133 2803 καὶ
2187 2748 2570 2817 ἀπαγαγόντες
2618 2749 2677 2812 ἐς
2725 2750 3151 2819 Μαχουμούτην,
3190 2748 3380 2819 ἠρώτα
3412 2750 3606 2812 αὐτὸν,

2037 2842 2181 2906 ὅστις
2205 2859 2265 2894 τε
2296 2841 2404 2912 εἴη,
2433 2843 2526 2897 καὶ¹
2552 2841 2671 2895 ὅθεν
2696 2842 2845 2913 ἥκοι.
2875 2842 3029 2896 Μετὰ
3051 2843 3109 2896 δὲ
3137 2844 3213 2905 ὡς
3242 2842 3457 2896 ἕκαστα
3487 2842 3603 2895 διε-

2037 2935 2225 3004 λέχθη,
2272 2934 2577 3003 ὲπανήρετο
2623 2934 2787 2987 αὐτὸν
2824 2936 2874 2986 εἰ
2916 2935 3104 3003 εἰδοίη,
3136 2935 3271 2987 ὅπου
3308 2934 3609 3002 διατρίϐων
3682 2994 3689 3000 θ

2036 3025 2295 3095 τυγχάνει
2318 3024 2542 3089 Βλάδος,
2568 3025 2597 3075 ὁ
2631 3025 2725 3093 τῆς
2753 3026 2955 3088 Δακίας
2991 3022 3237 3092 ἡγεμών.
3270 3024 3332 3076 '0
3358 3023 3402 3075 δ’
3430 3024 3604 3091 ἀμεί-

2039 3119 2186 3186 ϐετο,
2219 3119 2296 3180 ὡς
2339 3118 2504 3189 είδοίη
2540 3120 2585 3151 ¹⁶
2616 3119 2822 3188 σαφῶς,
2852 3117 3108 3171 οὐδέποτε
3130 3118 3173 3171 δ’
3205 3118 3270 3172 ἂν
3294 3118 3439 3170 εἴποι
3474 3118 3609 3169 τού-

368 3211 582 3280 pondit,
624 3212 842 3266 tandem
868 3213 1058 3281 jussus
1088 3222 1173 3268 est
1200 3214 1396 3280 dicere,
1424 3214 1470 3269 si
1499 3215 1663 3270 sciret
1719 3217 1932 3272 ubinam

2044 3226 2153 3263 των
2183 3209 2355 3275 οὐδὲν,
2377 3207 2630 3272 δεδοικὼς
2663 3211 2869 3263 ἐκεῖνον
2889 3209 2980 3262 τὸν
3019 3208 3208 3278 ἄνδρα.
3235 3210 3296 3261 Ui
3324 3208 3370 3260 δ’
3399 3205 3492 3260 οὖν
3527 3210 3608 3270 ὠς

368 3301 571 3359 Bladus
609 3302 784 3363 Dacia:
817 3303 1068 3373 princeps
1130 3319 1275 3358 nunc
1315 3315 1617 3362 moraretur
1662 3306 1762 3361 ?Is
1822 3323 1936 3363 res-

369 3397 585 3466 pondit,
610 3408 672 3458 se
689 3396 1048 3467 quidemquae
1069 3400 1206 3453 scire
1228 3408 1500 3468 expetant,
1532 3409 1722 3458 exacte
1748 3417 1931 3458 nosse:

371 3503 559 3543 verum
610 3484 1006 3558 se'nunquam
1063 3492 1470 3551 enuntiaturum
1523 3493 1719 3549 horum
1779 3496 1936 3565 quid-

369 3593 559 3649 quam,
588 3578 726 3643 adeo
776 3592 1020 3643 metuere
1063 3597 1123 3637 se
1151 3582 1368 3640 dicebat
1396 3585 1576 3640 virum
1628 3586 1800 3640 illum.
1851 3587 1934 3640 llli

368 3684 548 3731 autem
584 3676 861 3735 minantes
916 3676 1206 3744 dixerunt,
1228 3678 1332 3741 nisi
1359 3694 1481 3749 quae
1517 3679 1931 3736 sciscitarentur

369 3768 629 3843 continuo
655 3779 1018 3840 expromeret,
1081 3772 1406 3841 periturum.
1462 3770 1566 3838 Qui
1629 3774 1932 3842 respondit,

366 3861 670 3931 sequidem
702 3872 937 3921 mortem
977 3863 1181 3933 perpeti
1244 3872 1490 3934 paratum
1525 3877 1666 3928 esse,
1711 3879 1772 3919 se
1802 3879 1931 3919 vero

366 3967 477 4011 non
513 3953 718 4017 audere
738 3955 1034 4027 quidquam
1068 3971 1258 4011 eorum
1279 3971 1399 4026 quae
1454 3954 1596 4012 scire
1640 3966 1924 4026 cuperent,

2044 3303 2284 3373 ἔφασκον
2320 3302 2487 3356 αὐτὸν
2531 3301 2941 3364 ἀποθανεῖσθαι,
2971 3301 3038 3354 ἂν
3071 3302 3146 3371 μὴ
3178 3300 3458 3354 πύθωνται
3497 3302 3608 3355 αύ-

2041 3396 2138 3450 τοῦ
2173 3397 2202 3449 ὃ
2247 3396 2528 3467 βούλονται
2568 3395 2828 3467 ἔρεσθαι·
2871 3395 3031 3457 αὐτὸς
3074 3394 3303 3471 ἔφασκε,
3348 3393 3606 3448 τεθνάναι

2046 3493 2143 3562 μὲν
2164 3491 2384 3562 ἕτοιμον
2411 3487 2554 3544 εἶναι
2582 3492 2676 3543 καὶ.
2707 3489 2870 3553 πάνυ,
2903 3488 3142 3552 ἐξειπεῖν
3180 3488 3237 3541 δὲ
3278 3487 3453 3541 ὁτιοῦν
3486 3487 3606 3541 τῶν

2043 3584 2253 3639 ἐκείνου
2300 3585 2402 3637 οὐκ
2441 3583 2509 3636 ἂν
2536 3581 2780 3652 τολμῴη.
2814 3574 3002 3633 Ταῦτα
3051 3581 3110 3633 ἐν
3155 3579 3394 3648 θαύματι
3441 3597 3577 3649 ποιη

2046 3677 2281 3746 σάμενον
2305 3677 2397 3730 τὸν
2427 3675 2852 3745 Μαχουμούτην,
2896 3672 3105 3726 ἀνελεῖν
3137 3673 3236 3741 μὲν
3270 3672 3360 3726 τὸν
3403 3671 3603 3739 ἄνδρα,

2040 3768 2393 3836 ἐπιλέγεσθαι
2433 3767 2511 3830 δὲ,
2558 3767 2634 3828 ὠς
2671 3766 2779 3819 δέοι
2822 3781 2900 3835 τῳ
2943 3764 3083 3833 ἀμφ’
3134 3764 3319 3827 αὑτὸν,
3385 3763 3435 3814 εί
3483 3755 3605 3831 εἶχε

2038 3862 2269 3932 στρατὸν
2297 3860 2447 3924 ἄξιον
2489 3859 2675 3926 λόγου,
2697 3859 2754 3921 ὲς
2788 3857 2931 3928 μέγα
2967 3859 3032 3911 ἂν
3062 3857 3235 3910 ἐδόκει
3268 3849 3422 3919 οὗτος
3471 3857 3605 3924 ἀφι-

2036 3954 2248 4009 κέσθαι.

366 4045 597 4117 profari.
651 4047 1022 4105 Machumetes
1069 4050 1369 4111 admiratus
1424 4049 1525 4103 viri
1583 4064 1926 4116 responsum,
1965 4065 2088 4103 eum
2139 4047 2394 4103 continuo
2420 4045 2652 4108 necavit,
2680 4043 2907 4098 dicens:
2945 4044 3000 4099 Si
3046 4044 3129 4097 vir
3177 4043 3265 4097 ille
3297 4042 3600 4097 exercitum

370 4143 592 4199 haberet
614 4144 1041 4208 memorabilem,
1070 4158 1179 4199 non
1229 4144 1421 4201 dubito
1468 4146 1600 4214 quin
1637 4145 1788 4200 brevi
1809 4146 1877 4201 ad
1900 4160 2146 4214 magnam
2179 4145 2476 4199 claritatem
2505 4144 2776 4198 evaderet.

443 4236 572 4293 llaec
600 4236 1115 4313 quidemhactenus
1141 4238 1282 4293 facta
1320 4248 1470 4299 sunt.
1520 4240 1632 4296 Rex
1666 4241 1795 4295 hinc
1842 4242 1935 4295 de-

2115 4241 2300 4297 Ταῦτα
2326 4244 2424 4310 μὲν
2447 4241 2570 4293 τότε
2604 4240 2661 4299 ὲς
2687 4237 2938 4291 τοσοῦτον
2981 4237 3229 4304 ἐγένετοι
3259 4233 3512 4302 βασιλεὺς
3539 4233 3601 4285 δὲ

369 4332 589 4395 cedens,
632 4337 782 4384 recta
809 4330 1171 4385 contendebat
1199 4331 1267 4386 ad
1295 4331 1484 4385 urbem
1518 4332 1569 4387 in
1592 4348 1697 4402 qua
1728 4333 1931 4402 regiam

2040 4337 2102 4391 τδ
2142 4334 2394 4389 ἐντεῦθεν
2426 4331 2631 4402 προῖὼν
2676 4331 2732 4395 ἐς
2779 4332 2838 4383 τὸ
2872 4330 3061 4399 πρόσω
3107 4328 3208 4397 τῆς
3252 4326 3457 4396 χώρας,
3486 4327 3600 4378 ἵετο

370 4423 554 4478 sedem
601 4421 801 4481 Bladus
862 4421 1099 4477 habebat
1160 4421 1293 4493 (96).
1340 4424 1582 4493 Singulis
1639 4426 1929 4491 noctibus,

2041 4429 2171 4482 εὐθὺ
2214 4424 2316 4496 τῆς
2367 4424 2595 4486 πόλεως,
2634 4424 2692 4475 ὲν
2797 4422 2866 4474 τὰ
2899 4420 3147 4491 βασίλεια
3199 4416 3287 4491 ἦν,
3319 4418 3465 4483 αὐτῷ
3516 4420 3599 4486 τῷ

372 4512 682 4584 ubicunque
712 4512 988 4577 manebat,
1052 4527 1147 4581 per
1210 4512 1503 4569 circuitum
1556 4525 1735 4569 castra
1792 4517 1931 4570 vallo

2039 4520 2267 4590 ἡγεμόνι
2322 4517 2529 4587 Βλάδῳ.
2576 4516 2686 4568 Καὶ
2735 4514 2926 4573 νυκτὸς
2984 4514 3084 4582 μὲν
3134 4512 3391 4579 ἑκάστης,
3432 4509 3598 4562 ὁπότε

368 4604 762 4680 circumdabat,
793 4615 846 4661 et
869 4604 1263 4661 munitionibus
1299 4604 1589 4660 admodum
1643 4607 1931 4674 diligenter

2039 4612 2280 4679 σταθμὸν
2338 4611 2650 4680 ποιήσαιτο,
2700 4609 2936 4660 ἐποιεῖτο
2984 4606 3204 4676 χάρακα
3257 4603 3444 4672 κύκλῳ
3499 4604 3597 4653 τοῦ

369 4711 556 4755 castra
584 4701 923 4757 emuniebat.
949 4699 1176 4770 Yigilias
1208 4712 1461 4770 praeterea
1492 4703 1657 4758 solito
1689 4704 1928 4773 majores

2036 4702 2426 4775 στρατοπέδου,
2459 4702 2552 4754 καὶ
2601 4700 2843 4770 φραγαῖς
2899 4697 3250 4769 φραξάμενος
3300 4695 3449 4756 ἐντὸς
3499 4695 3597 4744 τοῦ

368 4792 673 4851 deducebat
716 4793 1129 4861 exercitumque
1180 4793 1271 4849 diu
1325 4804 1603 4866 noctuque
1654 4798 1706 4850 in
1767 4798 1932 4854 armis

371 4884 611 4941 tenebat.
631 4884 864 4953 Agmine
882 4885 1044 4956 273
1065 4894 1246 4941 autem
1268 4888 1573 4957 composito
1586 4888 1933 4956 proficiscens

372 4976 428 5029 in
459 4973 681 5029 Daciam
710 4980 981 5045 pervenit,
1012 4987 1067 5035 et
1088 4978 1322 5034 accessit
1359 4980 1427 5033 ad
1458 4995 1577 5034 eatn
1634 4981 1843 5047 urbem,
1878 4980 1932 5034 in

369 5079 477 5135 qua
536 5062 703 5123 ΒιθιΙο
752 5067 898 5134 regia
935 5069 1093 5123 sedes
1144 5078 1283 5123 erat.
1314 5068 1438 5123 Daci
1468 5069 1687 5138 quidem
1724 5084 1783 5123 se
1824 5085 1931 5123 non

374 5158 662 5226 parabant,
685 5159 843 5227 quasi
874 5158 944 5214 ab
974 5176 1097 5229 rege
1140 5160 1448 5218 obsidendi.
1507 5162 1702 5217 Portas
1753 5164 1934 5234 itaque

374 5258 726 5316 aperuerunt,
757 5257 814 5304 et
860 5253 1035 5319 parati
1065 5263 1224 5308 eram
1268 5254 1750 5324 suscipereregerr.
1810 5272 1932 5310 cum

374 5340 614 5396 exercitu
637 5341 1033 5399 advenientem.
1089 5343 1204 5401 Rex
1257 5357 1454 5417 preter
1481 5349 1668 5402 urbem
1722 5359 1931 5411 vectus,

375 5434 705 5506 cumvirnm
744 5434 951 5491 nullum
1017 5438 1070 5491 in
1133 5438 1305 5493 inuris
1350 5440 1779 5509 conquireretur,
1835 5457 1934 5494 nec

450 5648 561 5717 (96)
599 5649 918 5720 Praylabum
953 5653 1200 5724 fortasse.

455 5836 499 5881 ⁸⁸
523 5838 589 5901 In
628 5856 751 5907 uno,
804 5842 995 5917 εἰδείη.

2038 4799 2299 4869 χάρακος,
2331 4798 2594 4867 διετήρει,
2627 4793 2877 4863 φύλακάς
2893 4807 2953 4844 τε
2981 4792 3221 4844 ἐποιεῖτο
3246 4788 3464 4858 μείζους
3488 4787 3598 4837 τῶν

2037 4890 2395 4959 γιγνομένων,
2433 4889 2529 4941 καὶ
2560 4886 2702 4940 ὅπλα
2729 4886 2788 4938 ὲν
2832 4884 3016 4946 ὅπλοις
3050 4879 3374 4951 παρηγγύα,
3402 4879 3597 4940 νυκτός

2035 4999 2094 5036 τε
2122 4984 2217 5036 καὶ
2261 4981 2474 5052 ἡμέρας
2526 4978 2676 5049 αύτῷ
2710 4972 2852 5030 εἶναι
2878 4975 2948 5029 τὰ
2987 4975 3391 5044 στρατεύματα.
3426 4972 3599 5040 Προε-

2038 5073 2245 5126 λαύνων
2287 5072 2343 5124 δὲ
2385 5070 2527 5125 οὕτω
2555 5069 2974 5137 συντεταγμένῳ
3009 5065 3087 5135 τῷ
3119 5064 3509 5135 στρατεύματι,
3538 5062 3596 5122 ἒς

2037 5165 2097 5216 τὸ
2143 5165 2330 5234 πρόσω
2356 5163 2457 5233 τῆς
2491 5165 2710 5229 Δακίας,
2739 5161 2970 5230 ἀφίκετο
3002 5162 3091 5212 ἐπὶ
3124 5160 3221 5227 τὴν
3265 5156 3438 5218 πόλιν,
3464 5156 3522 5206 ὲν

2038 5256 2222 5325 Βλάδῳ
2255 5255 2332 5324 τῷ
2369 5254 2593 5325 ἡγεμόνι
2627 5250 2696 5326 ἦν
2724 5254 2793 5307 τά
2837 5252 3105 5322 βασίλεια.
3150 5252 3260 5303 Καὶ
3290 5251 3338 5301 οἱ
3368 5248 3465 5317 μὲν
3491 5245 3601 5296 Δᾶ-

2035 5365 2129 5410 γ.ες
2161 5348 2202 5379 "
2228 5346 2803 5416 παρασκευασάμενοι,
2832 5346 2906 5407 ὼς
2936 5343 3173 5397 ἐνταῦθα
3194 5341 3302 5393 ὑπὸ
3328 5337 3598 5410 βασιλέως

2038 5441 2542 5509 πολιορκησόμενοι,
2570 5440 2665 5501 τάς
2699 5455 2756 5491 τε
2790 5437 2958 5521 θύρας
2981 5437 3246 5507 ὴνὲῳξαν,
3268 5434 3362 5489 καὶ
3385 5431 3599 5500 ἕτοιμοι

1638 5553 1877 5622 Nolulm
1912 5556 2303 5632 marginales.

1097 5845 1137 5877 ¹⁷
1178 5844 1281 5900 llic
1305 5840 1570 5915 particula
1620 5849 1855 5917 ncgatira
1887 5846 1961 5917 ob
1992 5847 2155 5913 deest,
2191 5848 2346 5901 etiam
2372 5849 2422 5900 in
2462 5845 2524 5899 R.
