3984 6442
419 390 527 456 ῖθό

1487 400 1586 461 DE
1621 402 1875 462 REBUS
1914 400 2274 463 TURCICIS
2314 404 2462 466 LIB.
2497 405 2605 468 IX.

3549 403 3656 468 ’506

412 503 558 576 ἦσαν
602 505 850 575 δέχεσθαι
905 510 1067 562 αύτξν
1117 510 1340 580 βασιλέα
1371 514 1467 566 στιν
1498 514 1576 580 τῷ
1612 513 1827 584 στρατῷ
1855 517 1976 566 ἐπι-

2096 520 2244 572 :tiam
2273 495 2686 574 homhardarios
2725 517 2815 588 qui
2859 519 2911 573 in
2953 517 3254 576 exercitum
3314 519 3658 590 ejacuiaren-

414 602 564 653 ὄντα.
615 597 878 660 Βασιλεὺς
930 604 1028 669 μὲν
1072 600 1165 657 οὖν
1216 606 1314 673 τήν
1354 623 1413 657 τε
1460 606 1614 659 πόλιν
1666 606 1978 671 διελαύνων,

414 694 507 742 καὶ
541 690 712 758 ἄνδρα
741 693 932 746 οὐδένα
965 695 1061 746 ἐπὶ
1091 696 1200 748 τῶν
1245 697 1442 766 τειχῶν
1475 699 1771 766 θεώμενος,
1796 698 1875 750 ὅτι
1907 697 1982 767 μὴ

414 783 798 847 τηλεεολιστὰς
828 785 1162 851 ἐπαφιέντας
1185 787 1505 856 τηλεϐόλους
1531 790 1586 852 ἐς
1613 789 1703 840 τὸν
1731 790 1982 860 στρατὸν,

419 872 537 927 οὔτε
573 877 1138 946 ἐστρατοπεδεύσατο,
1163 881 1287 934 οὔτε
1322 885 1378 945 ἐς
1414 883 1515 952 τὴν
1548 883 1867 954 πολιορκίαν
1889 900 1985 936 κα-

429 969 668 1021 Θίστατο.
709 971 921 1040 Προϊὼν
962 973 1041 1036 δέ,
1073 973 1150 1037 ὡς
1199 977 1327 1038 τοὺς
1375 978 1670 1047 σφετέρους
1721 979 1897 1030 αὐτῶν
1927 982 1986 1032 ἐν

417 1063 529 1122 τοῖς
588 1061 844 1132 σκόλοψιν
891 1063 1184 1136 ἐθεώρουν,
1234 1068 1497 1136 προϊεσαν
1551 1071 1684 1122 ὡσεὶ
1739 1071 1986 1132 σταδίους

417 1154 591 1205 εἴκοσι
621 1155 871 1209 καὶέπτα
891 1173 906 1188 ·
933 1157 1307 1229 καὶέμπίπτει
1328 1165 1354 1216 ὀ
1375 1164 1637 1233 βασιλέως
1671 1165 1899 1235 στρατὸς
1927 1158 1996 1229 ἐς

417 1248 544 1309 τοὺς
569 1247 1094 1319 ἁνασκολοπισμοὺς,
1123 1252 1302 1321 χῶρον
1331 1254 1629 1325 ἐπέχοντας
1670 1257 1729 1309 τὸ
1759 1258 1859 1326 μὲν
1885 1260 1989 1328 μῆ-

416 1355 514 1402 κος
543 1339 636 1390 ἐπὶ
668 1341 915 1403 σταδίους
936 1343 1328 1409 ἑπτακαίδεκα,
1351 1347 1411 1398 τὸ
1439 1345 1598 1418 εὖρος
1623 1350 1712 1400 ἐπὶ
1737 1349 1987 1413 σταδίους

416 1431 583 1484 ἑπτά.
631 1432 903 1496 Σκόλοπες
950 1435 1005 1487 δέ
1060 1437 1288 1505 μεγάλοι
1333 1438 1556 1508 ἐνῆσαν,
1593 1441 1651 1493 ἐν
1684 1433 1987 1515 οἷςῇδιαπε-

415 1524 750 1593 πειρωμένω
776 1523 969 1595 ἄνδρες
989 1544 1049 1579 τε
1077 1531 1173 1581 καὶ
1201 1533 1482 1596 γυναῖκες,
1509 1533 1603 1584 καὶ
1629 1533 1818 1596 παῖδες
1844 1534 1989 1602 ἀμφὶ

417 1618 544 1678 τοὺς
579 1617 920 1688 δισμυρίους.
942 1621 1016 1681 ὡς
1050 1623 1292 1691 ἐλέγετο,
1323 1623 1504 1693 θέαμα
1525 1626 1853 1698 παρείχοντο
1875 1630 1988 1690 τοϊς

417 1710 708 1779 Τούρκοις,
741 1714 837 1766 καὶ
872 1715 1022 1783 αὐτῷ
1052 1715 1129 1784 τῷ
1169 1717 1399 1784 βασιλεῖ.
1433 1719 1544 1772 Καὶ
1567 1719 1595 1772 ὃ
1625 1736 1684 1772 τε
1736 1719 1991 1790 βασιλεὺς

2086 623 2192 679 tur,
2235 630 2333 669 nec
2371 621 2813 674 castrametatus,
2877 628 2976 668 nec
3030 612 3222 668 urbem
3277 613 3527 668 obsidere
3567 629 3656 683 ag—

2084 723 2299 773 gressus
2322 717 2425 761 est.
2459 705 2736 776 Progressi
2779 707 2961 777 igitur,
3016 717 3074 762 ut
3101 723 3232 763 suos
3290 708 3552 779 patibulis
3605 717 3660 760 et

2086 801 2220 868 palis
2255 799 2445 855 aﬂixos
2473 800 2744 862 viderunt,
2775 799 2881 854 iter
2915 810 3308 871 promovcrunt
3354 801 3420 855 ad
3478 801 3653 855 stadia

2083 891 2300 945 circiter
2319 891 2506 962 viginti
2527 901 2754 960 septem.
2791 893 3080 948 Exercitus
3109 891 3327 964 quidem
3388 893 3533 962 regis
3561 893 3657 946 in-

2084 978 2220 1033 cidit
2250 980 2302 1033 in
2332 980 2566 1050 patibula
2594 990 2649 1035 et
2681 983 2853 1050 palos,
2880 992 3214 1052 occupantes
3277 983 3458 1038 locum
3493 999 3507 1035 :
3534 984 3658 1049 eius

2086 1072 2366 1142 longitudo
2394 1073 2638 1129 extendit
2673 1088 2732 1128 se
2763 1074 2830 1128 ad
2868 1074 3044 1130 stadia
3084 1077 3272 1130 decem
3315 1086 3368 1130 et
3423 1083 3654 1144 septem.

2086 1163 2341 1220 Latitudo
2377 1178 2505 1220 vero
2525 1165 2766 1221 continet
2792 1167 2963 1222 stadia
3013 1175 3242 1236 septem.
3306 1167 3550 1222 Patibula
3606 1177 3660 1223 et

2087 1257 2190 1325 pali
2221 1260 2552 1328 apparebant
2589 1260 2835 1324 maximi,
2899 1260 3101 1329 quibus
3148 1259 3292 1314 αωχί
3348 1260 3659 1330 conspicie-

2086 1352 2290 1405 bantur
2340 1351 2464 1416 viri,
2526 1353 2802 1415 mulieres.
2857 1361 2911 1407 et
2948 1351 3133 1421 pueri.
3201 1349 3402 1406 Horum
3460 1353 3660 1408 misere

2086 1451 2496 1515 peremptorum
2579 1460 2843 1501 numerus
2923 1444 3390 1514 complectebatur
3468 1445 3661 1515 viginti

2088 1535 2254 1590 millia
2284 1537 2587 1591 hominum.
2611 1535 2866 1592 Profecto
2894 1535 3228 1593 horrendum
3261 1545 3314 1591 et
3349 1537 3664 1592 miserabile

2086 1630 2455 1698 spectaculum
2489 1644 2614 1684 cum
2646 1628 2866 1694 Turcis,
2892 1637 3009 1686 tum
3061 1629 3198 1700 regi.
3248 1627 3362 1684 Rex
3422 1629 3666 1684 admira-

2091 1721 2237 1777 tione
2291 1723 2525 1786 defixus.
2581 1723 2830 1778 dicebat:
2888 1722 3041 1778 llaud
3096 1723 3360 1794 possibile
3410 1732 3490 1777 est
3535 1739 3669 1778 eum

419 1805 478 1854 ἐν
529 1802 715 1869 θαῦμα
771 1804 817 1836 ¹⁸
865 1807 1188 1877 ἐρισχεθεὶς,
1237 1809 1495 1880 ἔφασκεν,
1523 1812 1599 1875 ὡς
1647 1812 1722 1866 Ού
1765 1814 1988 1866 δυνατόν

2096 1815 2268 1866 virum
2304 1813 2398 1882 qui
2438 1813 2577 1869 adeo
2623 1828 2821 1885 magna
2866 1813 3074 1879 fecerit,
3121 1813 3344 1884 regione
3400 1828 3496 1866 sua
3536 1829 3664 1881 spo-

421 1897 592 1957 ἑστιν,
629 1897 796 1968 ἄνδρα
835 1897 977 1953 οὕτω
1013 1877 1702 1973 μεγάλωςήέργασὰμενον,
1733 1908 1987 1976 ἀφαιρεῖ-

2096 1903 2209 1958 liari
2240 1918 2420 1973 posse,
2452 1904 2751 1972 prasertim
2805 1919 2927 1958 cum
2988 1901 3126 1959 adeo
3164 1902 3489 1958 mirabiliter
3545 1915 3662 1957 tum

422 1987 548 2039 σθαι
568 1987 668 2057 τὴν
697 1986 902 2059 χώραν,
933 1991 1008 2053 ὡς
1050 1992 1344 2062 δαιμονίως
1372 1995 1728 2067 ἐπισταμένῳ
1749 1999 1986 2068 χρῆσθαι

2096 1996 2418 2067 principatu,
2482 2007 2596 2050 tum
2649 1996 2882 2052 subditis
2920 1996 2998 2050 uti
3051 1995 3215 2052 norit.
3270 1994 3664 2051 Verumtamen

415 2085 483 2150 τῇ
523 2081 666 2151 ἀρχῇ
716 2085 810 2136 καὶ
839 2085 947 2146 τοῖς
1000 2084 1286 2155 ὑπηκόοις.
1335 2088 1444 2140 Καὶ
1493 2087 1701 2156 ἔλεγεν,
1728 2089 1804 2152 ὡς
1838 2093 1898 2144 οὐ
1933 2092 1977 2124 ιο

421 2173 617 2226 πολλοῦ
652 2175 760 2247 ἄρα
794 2176 943 2243 ἄξιος
985 2179 1070 2248 εἴη
1101 2181 1128 2232 ὁ
1157 2180 1298 2252 ἀνὴρ
1343 2177 1519 2249 οὗτος,
1564 2186 1792 2238 τοιαῦτα
1823 2187 1988 2254 ἐργα-

427 2268 678 2334 σάμενος.
708 2271 818 2324 Καὶ
851 2273 900 2324 οἱ
932 2273 1110 2327 λοιποὶ
1141 2275 1398 2343 Τοῦρκοι,
1428 2279 1664 2346 ὁρῶντες
1689 2280 1752 2333 τὸ
1779 2280 1988 2350 πλῆθος

428 2359 538 2412 τῶν
564 2363 651 2414 ἐπὶ
673 2365 780 2427 τοῖς
812 2365 1066 2435 σκόλοψιν
1081 2368 1312 2436 ἀνδρῶν,
1340 2370 1754 2441 ἐξεπλήττοντο⁸
1787 2374 1989 2443 ἐνῆσαν

429 2451 486 2505 δὲ
517 2454 804 2524 καὶινήπια
827 2456 996 2511 τέκνα
1018 2459 1127 2512 τῶν
1150 2461 1407 2530 μητέρων
1433 2461 1858 2532 ἐξηρτημέναὶέν
1877 2467 1990 2526 τοῖς

427 2545 696 2615 σκόλοψινσ
730 2550 825 2602 καὶ
857 2551 1039 2620 πτηνὰ
1081 2551 1318 2618 ἐνῴκουν
1376 2555 1436 2608 ἐν
1469 2558 1583 2618 τοῖς
1615 2558 1867 2624 ἐγκατοις
1895 2559 1992 2612 αὒ-

420 2635 530 2687 τῶν
574 2638 980 2704 ἐμτρωλεύοντα.
1027 2641 1116 2704 Ὧς
1166 2642 1223 2695 δὲ
1261 2645 1399 2714 πρὸς
1451 2649 1565 2709 τοῖς
1615 2647 1990 2719 στρατεύμασι

420 2728 670 2795 βασιλεὺς
715 2732 1073 2802 ἐφεπόμενος.
1099 2737 1126 2787 ὁ
1157 2737 1360 2800 Βλάδος
1388 2737 1610 2810 ἔφθειρέ
1661 2757 1722 2794 τε
1777 2742 1832 2794 εί
1876 2760 1984 2796 που

419 2823 807 2892 διασπασθείη.
838 2828 951 2880 εἴτε
997 2829 1355 2900 ίπποδῴμος,
1406 2831 1517 2885 εἴτε
1590 2833 1865 2905 Ἀζάπηςο
1895 2836 1995 2888 αύ-

418 2918 508 2979 τὸς
541 2918 640 2986 μὶν
663 2920 934 2988 ἐτράπετο
961 2921 1053 2974 ἐπὶ
1083 2921 1176 2974 τὸν
1205 2923 1482 2995 Μελαίνης
1523 2926 1835 2995 Πογδανίας
1864 2931 1993 2997 ἠγε-

422 3008 581 3077 μόνα,
608 3011 1028 3082 πολιορκοῦντα,
1051 3015 1126 3073 ὡς
1147 3015 1445 3084 ἠγγέλλετο
1466 3017 1615 3084 αὐτῷ
1645 3021 1705 3073 τὸ
1738 3021 1960 3075 Κελλίον
1976 3037 1991 3052 ⁸

423 3105 646 3173 στρατὸν
675 3105 733 3158 δὲ
763 3107 906 3176 ἀμφὶ
934 3109 1059 3170 τοὺς
1107 3109 1515 3180 ἑξακισχιλίους
1544 3113 1864 3168 καταλιπὼν
1895 3119 1992 3169 αύ-

419 3197 535 3261 τοῦ,
564 3199 860 3267 παρηγγύα
896 3200 1128 3255 ἔπεσθαι
1157 3202 1236 3272 τῷ
1269 3203 1480 3273 βασιλεῖ
1523 3207 1609 3260 διὰ
1635 3208 1744 3260 τῶν
1773 3210 1991 3278 δρυμὼ-
2017 3234 2062 3289 ο

361 3348 372 3358 ⁹
421 3305 550 3344 νων.
589 3291 698 3343 Καὶ
725 3291 792 3361 ἦν
833 3293 919 3354 τίς
955 3311 1058 3347 που
1109 3296 1493 3368 διασπασθείη,
1523 3300 1711 3352 τοῦτον
1743 3301 1990 3366 ἐπιόντες

419 3382 622 3436 αὐτίκα
665 3383 996 3440 ἐπιϐαίνειν.
1038 3387 1146 3441 Καὶ
1179 3389 1208 3440 ὁ
1254 3389 1352 3458 μὲν
1382 3390 1546 3458 ἤγετο
1591 3391 1752 3459 ὁμόσε
1783 3393 1860 3462 τῷ
1896 3412 1992 3462 με·

419 3479 610 3546 λαίνης
639 3481 942 3547 Πογδπνίας
971 3481 1202 3550 ἡγεμόνι
1221 3496 1238 3513 ⁸
1268 3484 1295 3534 ὁ
1320 3483 1375 3535 δὲ
1403 3483 1659 3554 στρατὸς,
1686 3484 1757 3546 ὡς
1782 3487 1989 3556 ἀνεχώη

423 3590 509 3641 ρει
537 3574 565 3625 ὁ
600 3573 873 3642 βασιλεὺς,
904 3574 989 3628 ἰθὺ
1012 3575 1105 3628 τοῦ
1136 3577 1372 3646 στρατοῦ
1401 3577 1643 3631 ἐλαύνων
1675 3579 1991 3649 ἀναθαρρή-

426 3685 640 3731 σαντες,
687 3669 762 3732 ὠς
845 3671 1114 3741 οἰχομένῳ
1200 3672 1651 3736 ἐπεισπεσόντες.
1739 3672 1992 3742 μεγάλως

424 3760 656 3829 ἡγοῦντο
692 3763 1094 3831 εὐδοκιμήσειν,
1130 3763 1224 3814 καὶ
1254 3762 1504 3826 ἐπιόντες
1555 3765 1611 3828 ἐς
1657 3765 1718 3817 τὸ
1766 3765 1992 3837 στρατό-

426 3852 588 3906 πεδον
611 3853 706 3906 τοῦ
758 3853 1044 3920 βασιλέως,
1080 3854 1409 3923 ἐπήλαυνον.
1445 3855 1605 3909 Ἐπεὶ
1656 3855 1712 3909 δὲ
1751 3858 1994 3924 ἀγγελία

424 3947 652 4014 ἀφίκετο
679 3947 832 4019 παρὰ
857 3949 958 4018 τῆς
984 3948 1157 4020 ταύτῃ
1207 3965 1312 4002 που
1357 3949 1628 4018 φυλακῆς,
1657 3949 1733 4014 ὡς
1760 3952 1807 4003 οἱ
1835 3951 1994 4003 πολέ-

431 4057 544 4109 μιοι
571 4039 818 4106 ἐπίωσιν,
851 4041 1078 4112 ὥρμητο
1115 4043 1212 4112 μὲν
1243 4044 1408 4106 αύτὸς
1438 4060 1522 4106 τις
1552 4043 1782 4107 ἕκαστος
1809 4044 1904 4096 ἐπὶ
1927 4046 1996 4097 τὰ

428 4134 592 4195 ὅπλα,
620 4136 762 4203 πλὴν
789 4134 896 4187 τῶν
929 4135 1197 4205 βασιλέως
1231 4135 1411 4207 θυρῶν
1435 4151 1449 4164 ·
1487 4137 1783 4204 Ἰωσούφην
1806 4137 1852 4190 δ’
1883 4139 1997 4192 ἐκέ.

427 4227 551 4278 λευε
604 4225 1008 4296 Μαχουμούτης
1041 4227 1338 4296 προσιόντα
1371 4228 1416 4258 ¹⁰
1465 4227 1823 4292 ὑπαντιάζειν
1870 4231 1998 4294 τοὺς

427 4318 745 4387 πολεμίους.
771 4320 881 4372 Καὶ
909 4319 1072 4379 αὐτὸς
1103 4336 1164 4372 τε
1189 4320 1246 4371 ἐν
1279 4320 1464 4382 ὅπλοις
1493 4316 1562 4390 ἦν
1590 4321 1998 4391 Μαχουμούτης

431 4411 531 4460 σὺν
566 4411 678 4469 τοῖς
733 4408 1160 4477 στρατεύμασιν.
1216 4408 1278 4463 Ὀ
1329 4411 1513 4478 μέντοι
1566 4409 1887 4479 Ίωσούιρης,
1923 4411 1998 4473 ὡς

427 4497 599 4551 ἐπιὼν
629 4499 828 4552 αὐτίκα
865 4499 1213 4559 συνέϐαλλεν.
1241 4500 1451 4568 ἡττήθη
1487 4517 1568 4566 τε,
1599 4502 1695 4554 καὶ
1725 4502 1785 4564 ἐς
1815 4504 1999 4572 φυγὴν

2089 2086 2346 2150 addebat,
2399 2101 2525 2142 cum
2584 2088 2759 2142 virum
2823 2086 2918 2158 qui
2960 2094 3107 2141 tanta
3157 2089 3474 2156 patraverit,
3523 2087 3670 2140 haud

2093 2177 2244 2231 multi
2292 2176 2606 2232 faciendum
2659 2191 2806 2233 esse.
2841 2176 3061 2246 Reliqui
3122 2175 3288 2232 Turci
3337 2177 3666 2248 aspicientes

2092 2270 2499 2325 multitudinem
2539 2271 2823 2324 hominum
2855 2270 2909 2324 in
2962 2269 3226 2339 patibulis
3258 2279 3312 2324 et
3371 2268 3510 2338 palis
3549 2269 3665 2322 ha:-

2093 2365 2356 2427 reutium,
2415 2363 2732 2434 stupebant.
2789 2362 2960 2418 Erant
3019 2378 3258 2432 namque
3302 2361 3564 2432 patibulis
3614 2371 3669 2415 et

2093 2459 2228 2530 palis
2250 2458 2392 2513 aﬂixi
2425 2457 2666 2514 infantes
2689 2472 2720 2513 e
2747 2466 2986 2512 matrum
3022 2457 3230 2527 gremio
3288 2457 3451 2526 rapti.
3506 2455 3670 2511 Volu-

2093 2566 2215 2608 cres
2261 2551 2420 2606 nidos
2455 2549 2698 2606 fecerant
2751 2549 2809 2605 in
2870 2548 3224 2604 inferioribus
3264 2562 3482 2603 eorum.
3530 2546 3667 2601 Cum

2091 2653 2272 2698 autem
2325 2657 2418 2698 rex
2454 2641 2917 2712 proﬁcisceretur,
2965 2639 3165 2695 Bladus
3209 2652 3404 2709 agmen
3459 2637 3669 2706 regium

2094 2753 2269 2807 usque
2303 2733 2580 2805 carpebat,
2610 2734 2951 2790 interficiens
3001 2732 3236 2802 equites,
3291 2741 3345 2785 et
3382 2730 3670 2800 Azapitles,

2091 2830 2138 2884 si
2171 2827 2389 2898 quando
2410 2825 2814 2896 imprudentius
2840 2825 2910 2881 ab
2969 2824 3213 2880 exercitu
3246 2823 3402 2894 regio
3450 2825 3674 2877 fuerant

2092 2920 2550 2992 evagati.Bladus
2595 2920 2839 2975 animum
2884 2918 3202 2974 intendebat
3254 2917 3308 2972 in
3351 2916 3528 2982 Nigrze
3568 2915 3674 2972 Po-

2093 3015 2307 3088 gdaniae
2337 3015 2454 3085 (97)
2502 3013 2828 3084 principem,
2885 3013 2977 3081 qui
3021 3011 3483 3083 quemadmodum
3533 3026 3674 3064 nun-

2093 3111 2288 3165 tiatum‘
2307 3115 2445 3173 erat,
2477 3107 2762 3163 obsidione
2785 3107 3229 3161 circumvenerat
3284 3103 3513 3158 Gellium
3556 3103 3674 3173 (98)

2095 3203 2282 3258 urbem
2342 3200 2517 3256 Bladi.
2582 3199 2917 3270 Relinquens
2969 3207 3147 3254 autem
3198 3196 3540 3264 exercitum,
3579 3198 3674 3262 qui

2099 3293 2410 3350 continebat
2439 3293 2660 3348 circiter
2683 3307 2777 3348 sex
2811 3291 2982 3347 millia
3034 3290 3341 3354 hominum,
3379 3304 3473 3344 eos
3507 3289 3676 3358 jussit

2101 3404 2197 3458 per
2247 3397 2502 3457 querceta
2543 3387 2697 3457 sequi
2763 3401 2986 3456 regem:
3021 3397 3076 3440 et
3122 3383 3170 3440 si
3226 3384 3350 3454 quis
3388 3383 3681 3454 paululum

2101 3481 2265 3534 modo
2315 3479 2594 3548 digressus
2663 3477 2826 3531 fuerit
2873 3476 2942 3531 ab
3000 3477 3152 3546 regio
3212 3475 3473 3544 agmine,
3544 3489 3673 3527 eum

2103 3559 2355 3627 trum-are
2399 3571 2564 3640 jussit
2622 3569 2885 3625 continuo
2947 3579 3320 3624 accurrentes.
3375 3567 3494 3635 lpse
3541 3581 3683 3620 vero.

2102 3675 2247 3719 recta
2269 3663 2503 3718 ducebat
2550 3671 2741 3717 contra
2791 3660 2968 3729 Nigra:
3020 3660 3307 3730 Pogdanize
3352 3659 3673 3728 principem.

2105 3757 2390 3811 Exercitus
2432 3764 2612 3810 autem
2680 3754 2831 3808 Bladi
2890 3768 3016 3807 cum
3051 3754 3166 3823 ipse
3219 3753 3464 3815 abiisset,
3521 3753 3680 3808 abitu

2101 3848 2364 3919 principis
2392 3847 2687 3902 admodum
2721 3846 3036 3917 gaudebat:
3078 3853 3135 3900 et
3165 3854 3314 3900 recta
3349 3859 3579 3914 pergens
3617 3845 3676 3898 in

2105 3944 2335 4008 hostem,
2370 3941 2635 4011 putabant
2663 3953 2722 3995 se
2761 3954 3013 4008 magnam
3041 3939 3271 4008 gloriam
3327 3937 3676 4003 inventuros,

2103 4039 2148 4094 si
2197 4039 2409 4093 hostem
2441 4035 2624 4089 subito
2661 4032 3086 4104 oppressissent.
3134 4031 3272 4087 Cum
3302 4031 3529 4085 nuntius
3580 4045 3678 4083 ve-

2103 4131 2273 4186 uisset
2291 4130 2360 4184 ad
2390 4129 2613 4200 vigilum
2643 4126 2935 4185 stationem
2983 4141 3105 4193 qua:
3126 4125 3200 4180 ibi
3228 4133 3363 4190 erat,
3403 4123 3681 4178 indicabat

2104 4222 2640 4286 hosteSadventare;
2697 4220 2897 4290 singuli
2957 4219 3144 4288 igitur,
3200 4229 3398 4289 praeter
3428 4219 3569 4288 regis
3594 4217 3680 4286 ja—

2105 4332 2267 4379 nuas,
2304 4315 2369 4368 ad
2400 4327 2552 4369 arma
2591 4311 2966 4383 prosiliebant.
2995 4309 3369 4366 Mechumetes
3421 4309 3682 4379 praecepit

2105 4409 2361 4479 Joscpho,
2397 4417 2456 4463 ut
2483 4406 2796 4476 pracedens
2824 4407 3036 4459 hostem
3077 4405 3144 4458 ad
3198 4405 3440 4471 praelium
3475 4403 3678 4460 eliciat.

2107 4502 2476 4558 Mechumetes
2503 4500 2725 4569 quidem
2756 4513 2876 4552 cum
2934 4494 3099 4566 274
3134 4497 3388 4550 universo
3437 4494 3679 4546 exercitu

429 4590 794 4658 τραπόμενος,
834 4591 1061 4658 ἐφέρετο
1105 4593 1162 4653 ἐς
1188 4591 1248 4642 τὸ
1280 4590 1546 4660 βασιλέως
1599 4595 1996 4662 στρατόπεδον·

2107 4599 2162 4652 in
2192 4593 2358 4649 armis
2385 4603 2522 4647 erat.
2549 4590 2822 4660 Iosephus
2853 4589 2946 4643 ubi
2980 4585 3128 4641 venit
3164 4588 3229 4639 ad
3266 4587 3505 4649 hostem,
3543 4600 3682 4643 eon-

428 4682 673 4751 Ὀμὰρης
706 4683 762 4734 δὲ
791 4683 819 4735 ὁ
850 4680 1213 4752 Τουραχάνεω
1249 4688 1402 4747 παῖς,
1429 4685 1651 4756 ταχθεὶς
1700 4689 1796 4740 καὶ
1842 4689 2002 4752 αὐτὸς

433 4773 534 4824 ὑπὸ
566 4773 659 4824 τοῦ
703 4774 1140 4843 Μαχουμούτεω,
1175 4777 1343 4845 ὁμόσε
1385 4777 1523 4832 ίὲναι
1549 4780 1664 4841 τοῖς
1695 4779 2000 4849 πολεμίοις,

433 4862 522 4914 καὶ
547 4862 806 4926 ἐλαύνων,
836 4863 1050 4936 ὑπήντα
1093 4866 1172 4935 τῷ
1201 4865 1758 4938 Ἰωσούφῃ.φεύγοντι
1791 4871 1843 4932 ἐς
1878 4873 2004 4933 τοὺς

432 4955 739 5023 πολεμίους,
773 4956 1115 5028 ἐῦλασφήμει
1163 4959 1258 5011 καὶ
1301 4958 1453 5028 ἔλεγε
1497 4961 1674 5013 τοιάδε
1699 4977 1716 4992 ο
1744 4954 1819 5026 ΪΩ
1838 4963 2003 5016 κακό-

428 5047 641 5117 δαιμον,
681 5050 776 5101 ποῖ
823 5051 999 5121 φέρῃ;
1053 5053 1122 5104 ’Ὴ
1169 5052 1270 5103 οὐκ
1305 5048 1462 5106 οἶσθα
1506 5055 1726 5124 βασιλέα
1759 5057 1906 5117 ὅπως
1943 5073 2002 5108 σε

429 5140 702 5207 φεύγοντα
760 5143 1117 5216 ὖποδέψχεταις
1164 5147 1233 5199 Ἢ
1277 5149 1336 5199 οὐ
1379 5151 1558 5218 χεῖρον
1586 5150 1694 5201 τῶν
1726 5150 2002 5219 πολεμίων

428 5234 765 5290 διακείσεταί
821 5257 902 5293 σοι
961 5242 1123 5303 αὐτὸς
1185 5242 1456 5308 βασιλεὺς,
1511 5244 1608 5296 καὶ
1653 5243 1898 5313 κακίστῳ
1944 5261 2001 5296 σε

429 5326 637 5399 ὀλέθρῳ
675 5331 1045 5401 παραδίδωσιν
1081 5333 1122 5365 ²¹
1157 5333 1377 5399 αὐτίκα,
1403 5336 1620 5388 ἐπειδάν
1644 5353 1702 5387 σε
1731 5335 2003 5405 φεύγοντα

2109 4693 2260 4746 ιίηιιο
2295 4687 2470 4742 victus
2495 4693 2578 4740 est
2607 4702 2623 4738 :
2655 4693 2709 4738 ct
2769 4681 2984 4752 fugiens
3009 4722 3023 4746 ,
3056 4678 3345 4734 festinabat
3403 4678 3455 4730 in
3495 4685 3676 4731 castra

2110 4781 2271 4850 regis.
2309 4777 2556 4838 Omares,
2599 4772 2944 4827 anachanis
2995 4769 3157 4832 filius,
3193 4769 3286 4838 qui
3321 4776 3376 4823 et
3433 4768 3550 4837 ipse
3593 4781 3686 4821 or-

2109 4873 2331 4926 dinatus
2356 4875 2475 4922 erat
2512 4868 2580 4922 ab
2609 4865 2970 4929 Mechumete,
3005 4871 3063 4915 ut
3087 4861 3338 4916 cominus
3391 4867 3677 4929 pugnaret,

2109 4974 2232 5012 eum
2284 4957 2462 5020 hoste,
2531 4955 2598 5007 ad
2668 4966 2901 5021 pugnam
2981 4949 3334 5017 proﬁciscens
3369 4987 3385 5013 ,
3442 4949 3689 5003 occurrit

2108 5049 2350 5118 Josepho
2379 5047 2629 5116 fugienti,
2671 5057 2908 5111 cultique
2942 5041 3370 5111 blasphemando
3406 5050 3462 5095 et
3519 5040 3688 5092 male.

2111 5142 2342 5199 dicendo
2386 5142 2467 5196 sic
2524 5136 2854 5206 alloquitur;
2904 5136 2948 5187 0
2988 5134 3158 5190 miser
3219 5149 3331 5204 quo
3393 5131 3554 5186 ahis‘l
3615 5144 3685 5182 an

2112 5237 2333 5305 ignoras
2367 5247 2568 5302 regem,
2608 5228 2884 5298 quomodo
2929 5235 2980 5281 te
3027 5226 3328 5297 fugientem
3391 5225 3464 5279 sit
3497 5237 3689 5291 excep-

2112 5327 2307 5383 turus?
2339 5330 2420 5379 Au
2454 5339 2560 5378 non
2589 5319 2870 5378 crudelius
2894 5321 2963 5375 ab
2991 5334 3116 5390 rege
3149 5333 3313 5389 quam
3336 5319 3404 5371 ab
3435 5313 3688 5369 hostibus

1736 5477 1981 5550 Notulze
2016 5469 2420 5551 marginales.

498 5607 613 5676 (97)
671 5605 926 5663 Podolim.

505 5795 545 5826 "
585 5793 649 5847 1η
678 5810 802 5856 uno,
840 5795 899 5844 ἐν
924 5790 1167 5864 θαύματι
1201 5796 1390 5864 ἐρυσκ.
1423 5796 1475 5850 in
1528 5812 1624 5849 ora
1664 5793 1910 5862 alterius,
1936 5793 2121 5847 ἐπισκ.

439 5867 479 5912 ³⁸
514 5864 577 5925 In
611 5883 737 5936 uno,
781 5860 1086 5934 παραδιδοῖ.

2184 5602 2294 5674 (98)
2327 5601 2509 5656 mum.

2227 5789 2271 5820 ¹⁹
2305 5785 2372 5841 In
2404 5802 2508 5841 uno
2540 5783 2683 5840 deest
2719 5776 2950 5847 negatio.
3065 5776 3112 5809 ’°
3148 5772 3216 5831 Ιιι
3249 5788 3376 5841 uno,
3408 5773 3683 5846 προϊόντα.
