3984 6480
309 418 414 487 511

1428 424 1705 490 LAONIC
1716 427 1736 484 Ι
1776 421 2438 486 CHALCOCONDYLIE

3414 404 3520 472 512

309 545 467 602 reges
498 530 732 588 insulam
763 531 904 588 hanc
944 533 1287 588 tributariam
1321 534 1583 602 habuere,
1650 549 1861 590 necnon

1983 531 2064 600 τῆς
2088 532 2299 586 Λέσϐου
2327 527 2641 597 εὐδαίμονα⁹
2689 527 2783 579 καὶ
2804 522 3002 590 ἐξελὼν
3036 519 3262 590 ταύτην,
3300 517 3522 586 ἀπεχώ-

309 622 526 690 Cbium,
559 633 799 694 tempore
827 625 1107 683 Amuratis
1137 641 1297 692 quem
1339 627 1531 694 genuit
1556 626 1858 681 Orcbanes.

309 712 422 767 Sub
449 727 515 768 eo
539 729 664 784 rege
689 715 829 769 inter
857 724 1083 774 caeteros
1110 725 1167 772 et
1192 718 1421 772 lonuzes
1445 716 1651 773 eiectus
1676 716 1743 770 ab
1779 717 1863 785 ja-

309 817 542 857 nuarum
574 805 858 873 militibus,
915 806 1195 876 profectus
1220 817 1303 863 est
1362 808 1417 862 in
1479 807 1761 862 Lesbum:
1813 816 1868 862 et

309 893 592 949 obsidione
645 895 1082 954 circumveniens
1144 897 1424 962 Molibum,
1471 897 1610 953 nihil
1657 897 1867 953 ellicere

309 983 483 1050 potuit
509 999 642 1040 sane
662 1001 848 1040 eorum
867 1003 1102 1058 quorum
1135 989 1304 1057 gratia
1330 989 1643 1044 advenerat.
1689 988 1866 1044 Causa

306 1083 485 1127 autem
516 1089 687 1144 quare
711 1092 802 1132 rex
832 1077 1009 1132 Lesbo
1041 1094 1188 1133 arma
1216 1077 1504 1143 inferebat,
1551 1078 1675 1133 talis
1728 1091 1866 1133 erat.

308 1163 419 1216 Rex
461 1163 662 1222 Lesbio
692 1169 906 1224 crimini
944 1170 1130 1238 dabat,
1151 1172 1290 1240 quod
1325 1171 1763 1226 Tarraconenses
1787 1173 1870 1241 pi-

307 1263 458 1309 ratas
482 1266 639 1324 portu
670 1261 994 1329 excepisset,
1017 1270 1072 1316 et
1101 1263 1374 1331 mancipia
1411 1263 1647 1333 plurima
1700 1263 1768 1317 ab
1799 1265 1866 1319 iis

305 1347 686 1418 emisset,quae
729 1359 992 1407 venerant
1036 1353 1104 1409 ab
1140 1355 1360 1425 regione
1409 1357 1658 1426 regis,ex
1675 1357 1871 1426 quibus

310 1455 418 1493 non
445 1455 638 1510 parum
677 1443 810 1498 lucri
855 1443 1090 1502 Lesbius
1115 1448 1371 1517 princeps
1403 1458 1706 1515 acceperat.
1739 1447 1872 1504 Nam

310 1527 749 1589 Tarraconenses
771 1535 837 1588 ab
858 1534 1037 1590 Lesbo
1082 1545 1468 1606 procursantes
1495 1537 1561 1591 ad
1599 1537 1871 1592 maritima

309 1623 615 1690 latrocinia,
647 1640 859 1681 necnon
896 1628 951 1681 hi
982 1628 1076 1698 qui
1131 1629 1396 1700 degebant
1424 1627 1477 1683 in
1524 1628 1718 1685 insulis
1765 1627 1872 1698 Cy-

308 1714 558 1771 cladibus
587 1717 735 1772 idem
779 1719 999 1775 vivendi
1021 1721 1330 1776 institutum
1360 1721 1715 1787 occipientes,
1734 1722 1875 1785 regis

1967 641 2131 694 ρησεν
2155 626 2244 677 ἐπ’
2277 624 2450 678 οἴκου.
2491 620 2602 675 Ka‘t
2632 619 2896 690 πρότερον
2932 615 3031 686 μέν
3066 613 3340 682 ὕπόφορον
3363 609 3523 678 ἔσχον

1963 721 2013 774 oi
2047 718 2288 788 βασιλεῖς
2303 715 2506 784 ταύτην
2537 715 2636 785 τὴν
2666 711 2854 781 νῆσον,
2876 710 2969 764 καὶ
2998 707 3131 762 Χίον
3163 704 3270 761 ἀπὺ
3326 704 3528 772 Ἀμου-

1969 812 2144 881 ράτεω
2179 807 2274 862 τοῦ
2316 809 2610 877 Ὀρχάνεω,
2638 804 2732 857 καὶ
2773 805 2864 857 ἐπὶ
2909 799 3060 854 τοῦδε
3100 797 3195 852 τοῦ
3227 795 3524 867 βασιλέως,

1965 903 2114 958 ἄλλοι
2145 918 2202 954 τε
2231 900 2325 955 καὶ
2389 894 2656 965 Ἰονούζης
2689 897 2736 928 ’⁸
2777 893 3200 964 ὀνομαζόμενος,
3251 886 3530 946 καταστὰς

1970 994 2074 1046 ὑπὸ
2109 992 2216 1045 τῶν
2238 991 2439 1061 θυρῶν,
2479 991 2711 1058 ἀφίκετο
2743 989 2835 1040 ἐπὶ
2882 985 3112 1050 Λέσϐον,
3163 982 3258 1036 καὶ
3289 977 3532 1035 Μόλιϐον

1969 1085 2375 1154 ἐπολιόρκησενο
2401 1082 2460 1136 οὐ
2487 1084 2667 1153 μέντοι
2685 1077 3105 1151 προσεχώρησεν
3125 1076 3169 1106 ’⁷
3186 1074 3336 1144 αύτῷ
3351 1071 3529 1133 οὐδὲν,

1968 1173 2042 1234 ὧν
2069 1177 2266 1232 οὔνεκα
2294 1176 2548 1246 ἀφίκετο.
2569 1174 2758 1228 Αίτίαν
2818 1173 2874 1227 δὲ
2929 1171 3135 1240 ταύτην
3203 1163 3527 1232 ἐπενεγκὼν

1973 1270 2225 1341 βασιλεὺς
2250 1268 2329 1338 τῷ
2354 1267 2562 1321 Λέσϐου
2595 1265 2848 1337 ἡγεμόνι,
2900 1260 3263 1333 ἐστρατεύετο
3321 1255 3410 1309 ἐπ’
3439 1255 3541 1307 αὐ-

1970 1359 2085 1419 τὸν,
2109 1359 2192 1411 ὅτι
2229 1357 2340 1410 τῶν
2368 1353 2834 1427 Ταρακθννησίων
2872 1351 3001 1415 τοὺς
3038 1347 3308 1419 πειρατὰς
3357 1345 3538 1399 ἐδόκει

1973 1450 2133 1511 αὐτὸς
2164 1450 2222 1502 ἐν
2255 1447 2435 1517 λιμένι
2455 1447 2552 1514 τῆς
2582 1445 2790 1500 Λέσϐου
2813 1440 3190 1513 ὑποδέχεσθαι,
3225 1439 3318 1492 καὶ
3340 1436 3407 1489 τὰ
3429 1435 3541 1489 ἀπὸ

1973 1541 2070 1611 τῆς
2094 1538 2362 1608 βασιλέως
2383 1537 2568 1608 χώρας
2598 1536 2902 1608 ἀνδράποδα
2923 1531 3264 1599 ἐξωνεῖσθαι,
3318 1527 3415 1582 καὶ
3438 1527 3540 1578 αὖ·

1974 1634 2065 1686 τὸν
2094 1631 2445 1703 κερδαίνοντα.
2476 1631 2582 1683 ἀπὸ
2615 1627 2794 1682 τοῦδε.
2837 1626 3185 1697 Ὀρμώμενοι
3208 1623 3266 1675 δὲ
3310 1621 3424 1674 ἀπὸ
3439 1619 3542 1686 τῆς

1975 1723 2183 1778 Λέσϐου
2216 1723 2266 1776 οῖ
2295 1739 2355 1775 τε
2383 1721 2820 1792 Ταρακοννήσιοι
2854 1720 2948 1772 ἐπὶ
2968 1714 3225 1789 λῃστείαν
3271 1710 3414 1764 κατὰ
3441 1708 3543 1761 ea-

309 1808 588 1876 regionem
647 1809 997 1880 diripiebant.
1051 1811 1254 1868 Deinde
1305 1809 1640 1869 revertentes
1690 1812 1872 1867 onusti

1983 1818 2176 1871 λατταν
2202 1815 2594 1886 τετραμμένοι,
2629 1815 2724 1866 καὶ
2752 1808 2810 1865 οἷ
2833 1811 2942 1864 ἀπὸ
2976 1807 3279 1864 Κυκλάδων
3337 1803 3542 1873 νήσων,

311 1901 710 1971 mancipiorum
736 1878 916 1972 praeda
941 1904 994 1960 in
1023 1903 1284 1971 Lesbum,
1309 1921 1371 1963 ea
1421 1907 1563 1962 inter
1591 1921 1714 1962 sese
1748 1921 1874 1974 par-

1983 1909 2184 1983 ταύτην
2221 1878 2498 1978 μετιόντες
2515 1907 2615 1978 τὴν
2643 1902 3159 1978 λῃστικὴν,ἐλήῖζον
3180 1899 3225 1931 ⁸⁸
3262 1896 3359 1966 τὴν
3386 1895 3546 1965 βασιο

314 1994 609 2059 tiebantur,
625 1995 970 2066 assignantes
997 1997 1193 2054 Lesbio
1225 1997 1352 2053 duci
1371 2011 1582 2068 partem
1601 2013 1876 2067 magnam.

311 2095 369 2141 et
409 2089 722 2156 neutiquam
766 2091 1246 2146 contemnendam.
1291 2090 1417 2147 Ilmc
1479 2107 1606 2146 eum
1652 2092 1874 2146 nuntia-

313 2189 510 2234 rentur
550 2182 684 2253 regi,
709 2191 889 2239 motus
941 2194 1024 2240 est
1054 2185 1120 2240 ad
1153 2185 1353 2240 bellum
1382 2185 1724 2241 inferendum
1748 2184 1878 2241 LeS-

317 2273 406 2327 bio
431 2274 689 2344 principi.
720 2275 789 2331 At
804 2275 966 2333 Lesbi
989 2278 1242 2348 princeps
1259 2279 1336 2349 (i)
1359 2278 1697 2343 Dominicus,
1714 2294 1878 2349 quem

313 2365 807 2440 GraeciCyriacum
872 2381 1093 2436 vocant,
1124 2370 1291 2426 frater
1343 2371 1532 2442 junior
1588 2372 1879 2439 exsistens,

313 2460 584 2513 seniorem
605 2461 698 2530 qui
730 2476 761 2515 a
786 2469 939 2530 patre
969 2461 1127 2516 Lesbi
1155 2463 1523 2533 principatum
1570 2473 1878 2534 acceperat,

311 2563 550 2612 eumque
578 2558 823 2620 tempore
853 2551 1013 2622 longo
1042 2553 1466 2620 administrarat,
1512 2555 1726 2611 insidiis
1771 2555 1880 2610 cir-

311 2649 662 2695 cumventum
688 2643 852 2713 cepit
879 2683 894 2709 ,
918 2653 970 2699 et
998 2643 1252 2716 Baptista:
1276 2647 1392 2702 viro
1434 2646 1730 2714 Januensi,
1771 2663 1882 2717 quo

313 2747 448 2787 usus
476 2732 655 2789 fuerat
711 2735 1038 2792 auxiliatore
1085 2737 1140 2792 in
1201 2736 1434 2806 insidiis,
1467 2739 1710 2796 tradidit.
1773 2738 1888 2794 Nec

313 2842 444 2882 sane
476 2827 637 2898 longo
682 2828 967 2900 interjeeto
1005 2840 1249 2902 tempore
1277 2833 1499 2888 fratrem
1562 2833 1879 2898 obtruncat,

313 2923 645 2991 ntquesolus
690 2925 998 2997 principatu
1016 2927 1244 2998 potitur,
1276 2927 1522 2996 pendens
1566 2929 1680 2998 regi
1707 2928 1880 2982 tribu-

315 3023 428 3067 tum
459 3018 753 3085 quotannis
783 3019 998 3075 circiter
1028 3021 1138 3075 duo
1177 3020 1350 3074 millia
1398 3029 1659 3076 stateram
1691 3035 1884 3076 aureo-

315 3120 455 3161 rum.

1976 2002 2112 2066 λέως
2159 1999 2368 2073 χώραν,
2435 1997 2545 2056 Καὶ
2575 1997 3018 2070 ὑποστρέφοντες
3083 1995 3142 2057 ἐς
3175 1993 3278 2063 τὴν
3309 1989 3545 2050 Λέσϐον,

1977 2094 2394 2164 διανειμάμενοι
2452 2093 2521 2147 τὰ
2554 2092 2887 2163 ἀνδράποδα,
2972 2089 3170 2159 μοῖραν
3218 2083 3549 2156 παρείχοντο

1980 2190 2131 2258 αὑτῷ
2165 2189 2376 2260 ἱκανὴν,
2405 2188 2501 2242 καὶ
2530 2187 2591 2240 οὐ
2619 2185 2874 2256 φαύλην,
2894 2181 3088 2235 Ταῦτα
3143 2177 3220 2240 ὡς
3269 2171 3548 2245 ἀνηνέχθη

1979 2285 2037 2346 ἐς
2065 2283 2312 2354 βασιλέα,
2343 2283 2546 2353 ἐπῆρεν
2567 2280 2728 2335 αὐτον
2760 2272 3158 2348 στρατεύεσθαι
3180 2269 3273 2323 ἐπὶ
3311 2265 3550 2321 Λέσϐον.

1992 2372 2053 2425 '0
2091 2373 2146 2426 δὲ
2174 2373 2397 2444 ἡγεμὼν
2443 2371 2542 2444 τῆς
2572 2369 2778 2424 Λέσϐου
2810 2365 3098 2437 Δομίνικος
3131 2362 3202 2427 ²⁹,
3239 2357 3556 2428 Ἑλληνιστὶ

1980 2463 2038 2518 δὲ
2060 2463 2368 2534 Κυριακὺς,
2400 2461 2664 2530 νεώτερος
2708 2458 2932 2528 ἀδελφὸς
2963 2456 3062 2522 ὣν,
3109 2453 3204 2506 τὸν
3235 2447 3553 2522 πρεσϐύτε-

1986 2573 2076 2626 ρον
2094 2555 2476 2624 διαδεξάμενον
2507 2552 2659 2622 παρὰ
2685 2551 2780 2605 τοῦ
2829 2549 3040 2619 πατρὸς
3093 2546 3194 2616 τὴν
3245 2539 3555 2614 ἡγεμονίαν

1983 2649 2084 2718 τῆς
2109 2646 2342 2710 Λέσϐου,
2383 2646 2476 2699 καὶ
2507 2644 2764 2704 διέποντα
2801 2642 2896 2696 ἐπὶ
2940 2642 3130 2712 χρόνον
3172 2637 3378 2701 ἱκανὸν,
3424 2634 3552 2685 ἐπι-

1983 2738 2284 2798 ϐουλεύσας
2309 2735 2592 2800 συνέλαϐε,
2624 2737 2716 2789 καὶ
2748 2733 3050 2802 κατέστησε
3107 2730 3389 2796 Βαπτιστῇ
3451 2727 3551 2778 ἀν-

1983 2830 2072 2903 δρὶ
2113 2829 2344 2900 Ἰανυτῳ,
2368 2828 2717 2899 χρησάμενος
2738 2825 2984 2896 συνεργῷ
3020 2824 3077 2886 ἐς
3106 2822 3204 2894 τὴν
3225 2817 3545 2888 ἐπιϐουλήν.

1984 2922 2114 2977 Μετ’
2139 2925 2202 2976 οὐ
2227 2923 2360 2975 πολὺ
2385 2923 2441 2976 δὲ
2469 2919 2904 2992 διαχρησάμενος
2925 2917 3018 2972 τὸν
3043 2915 3293 2984 ἀδελφὸν,
3329 2911 3545 2983 ήγεμὸ·

1983 3030 2109 3067 νευε
2144 3016 2242 3084 τῆς
2263 3013 2450 3083 νήσου,
2473 3011 2776 3080 ἀπαγαγὼν
2798 3009 2965 3080 φόρον
2995 3008 3074 3080 τῷ
3103 3005 3316 3077 βασιλεῖ
3351 3005 3407 3067 ἐς
3433 3001 3557 3056 δισ-

1988 3109 2231 3180 σχιλίους
2251 3109 2545 3177 στατῆρας.

381 3195 568 3253 Genus
597 3199 906 3270 principum
943 3201 1185 3267 illorum,
1215 3201 1450 3258 Lesbum
1477 3203 1566 3273 qui
1585 3205 1875 3273 regebant,

2052 3197 2125 3252 Τὸ
2145 3197 2202 3250 δὲ
2228 3197 2386 3265 γένος
2427 3197 2536 3249 τῶν
2567 3196 2854 3268 ἡγεμόνων
2913 3193 3119 3248 τούτων
3175 3191 3277 3260 τῆς
3312 3191 3555 3254 Λέσϐου,

316 3294 371 3339 et
396 3285 654 3342 Catelnsii
687 3289 1161 3358 nuncupabantur,
1186 3303 1409 3360 apparet
1437 3293 1504 3346 ab
1524 3293 1887 3351 Januensibus

317 3377 532 3433 deduci.
563 3378 698 3434 Nam
731 3383 1012 3438 venientes
1039 3386 1248 3439 auxilio
1278 3385 1587 3442 Graecorum
1630 3389 1762 3460 regi,
1789 3390 1882 3460 qui

317 3469 634 3541 Byzantium
672 3473 913 3540 tenebat,
946 3487 1000 3531 et
1034 3493 1152 3532 eam
1205 3479 1440 3534 insulam
1489 3480 1718 3549 imperio
1752 3492 1887 3537 tem-

320 3563 562 3631 perabat,
622 3575 842 3623 strenue
891 3584 1016 3624 eum
1081 3571 1433 3641 adjuvarnnt,
1500 3587 1662 3644 atque
1694 3591 1886 3645 magna

317 3655 631 3712 eﬂ'ecerunt.
681 3659 797 3716 Rex
827 3661 992 3736 igitur
1011 3664 1302 3736 Byzantius
1329 3677 1385 3722 ut
1405 3670 1646 3724 virorum
1665 3671 1882 3728 illorum

318 3746 569 3804 virtutem
600 3751 784 3821 aliquo
822 3756 984 3810 modo
1037 3769 1415 3826 veneraretur,
1469 3763 1540 3818 iis
1605 3767 1885 3822 concessit

319 3841 507 3897 insul-.2
529 3843 694 3914 hujus
731 3846 1123 3918 principatum.
1149 3849 1252 3918 Qui
1287 3863 1532 3911 tenentes
1557 3867 1681 3912 eam
1725 3860 1883 3915 insu-

317 3933 449 3999 lam,
499 3939 719 3994 tandem
759 3940 886 3994 inde
942 3945 1213 4011 progressi
1254 3955 1401 4010 sunt,
1444 3957 1504 4001 ut
1555 3962 1888 4018 occuparent.

321 4025 523 4082 zEnum
555 4032 741 4085 urbem
773 4031 1043 4100 Thraciae,
1068 4035 1222 4105 juxta
1248 4038 1724 4094 flutneuliebrum.
1745 4043 1884 4096 Nam

321 4119 467 4173 cives
494 4122 616 4188 ejus
645 4123 765 4177 urbi
807 4122 1238 4180 adversabantur
1281 4126 1583 4183 Harmostae
1604 4132 1681 4202 (2)
1705 4149 1718 4184 :
1742 4146 1797 4188 et
1829 4142 1890 4196 ut

320 4215 424 4269 sibi
469 4215 616 4269 vires
649 4227 924 4284 pararent,
961 4218 1231 4274 vocabant
1257 4221 1324 4275 ab
1366 4221 1544 4277 Lesbo
1579 4225 1888 4282 Cateiusio-

320 4324 437 4362 rom
466 4307 1126 4381 genus.'Catelusii278
1158 4312 1348 4368 urbem
1380 4331 1498 4369 eam
1524 4330 1886 4388 occuparunt,

320 4410 374 4454 et
396 4398 614 4454 fortiter
637 4409 944 4466 retenuere,
972 4417 1096 4456 cum
1117 4403 1445 4475 plerumque
1473 4407 1750 4492 intestinis
1800 4427 1887 4467 se—

321 4492 622 4546 ditionibus
657 4501 711 4547 et
737 4479 887 4547 odiis‘
915 4493 1328 4564 exagitarentur
1360 4479 1676 4554 Graecorum
1713 4517 1886 4572 reges.

323 4585 548 4640 Videtur
571 4596 750 4640 autem
777 4587 878 4641 ista
901 4585 1200 4655 insulajam
1225 4589 1328 4643 sub
1345 4591 1634 4649 Cateiusiis
1651 4593 1891 4650 Januen-

323 4678 473 4732 sibus
503 4679 805 4744 exstitisse,
829 4690 883 4734 et.
911 4679 1160 4749 paruisse
1193 4680 1407 4737 Phocize
1433 4686 1483 4738 in
1520 4685 1650 4741 Asia
1714 4689 1891 4744 admi-

324 4766 624 4833 nistratori,
653 4769 743 4824 eui
776 4783 975 4824 nomen
1007 4767 1112 4823 fuit
1161 4769 1418 4826 Catanes.
1460 4769 1659 4828 Verum
1694 4789 1760 4829 ex
1803 4777 1890 4828 in-

325 4856 476 4909 sidiis
525 4857 757 4912 insulam
791 4845 930 4914 hanc
946 4859 1232 4931 occupavit
1276 4861 1530 4918 Catanes.
1565 4863 1662 4917 Cui
1689 4863 1888 4918 bellum

327 4948 570 5005 inferens
615 4949 926 5008 Graecorum
983 4971 1101 5022 rex,
1136 4955 1299 5011 etiam
1334 4949 1619 5026 Mitylenas
1651 4971 1753 5010 suo
1785 4957 1890 5009 im—

329 5045 479 5114 perio
507 5043 711 5113 junxit,
743 5060 840 5100 nec
884 5047 1087 5104 bellum
1135 5064 1320 5119 gerere
1381 5057 1570 5103 contra
1602 5049 1885 5104 Phocaeam

327 5136 614 5191 abstinuit.
651 5136 862 5192 Exinde
910 5153 1035 5193 cum
1066 5139 1323 5195 Cateiusii
1362 5139 1591 5210 impigre
1640 5139 1888 5196 subsidio

328 5229 605 5286 venissent
625 5229 885 5304 Byzantio
906 5233 1040 5302 regi,
1059 5231 1324 5288 beneficio
1353 5233 1474 5303 ejus
1504 5232 1692 5286 insulae
1714 5231 1892 5286 domi-

331 5325 480 5378 nium
508 5323 785 5380 consecuti
819 5333 969 5382 sunt.
994 5319 1146 5380 lianc
1175 5334 1418 5395 tempore
1445 5326 1606 5394 longo
1630 5333 1892 5396 tenuere;

327 5415 446 5486 ejus
474 5418 747 5490 principes
778 5417 944 5474 etiam
980 5425 1167 5474 nostra
1199 5418 1425 5488 attigere
1457 5426 1722 5488 tempora.
1761 5415 1916 5490 Jun-1

1989 3290 2371 3352 Κατελουῖζων
2405 3289 2860 3359 ἐπικαλούμενον,
2892 3287 3042 3342 δοκεῖ
3062 3286 3161 3356 μὲν
3191 3286 3296 3339 ὑπὸ
3315 3285 3560 3354 ἰανυίης

1987 3385 2263 3455 γενέσθαι.
2313 3384 2670 3452 ’Λφικόμενον
2691 3383 2746 3435 δὲ
2779 3383 2872 3434 ἐπὶ
2910 3380 3226 3450 συμμαχίαν
3271 3379 3377 3433 τῶν
3435 3379 3561 3432 Ἑλ-

1987 3480 2166 3550 λήνων
2190 3476 2485 3542 Βυζαντίου
2518 3476 2753 3546 βασιλεῖ,
2785 3477 2963 3545 έχοντι
2995 3474 3237 3543 ὑπήκοον
3260 3473 3361 3543 τὴν
3393 3473 3564 3541 νῆσον

1986 3572 2213 3643 ταύτην,
2244 3571 2621 3640 συμϐαλέσθαι
2645 3586 2702 3622 τε
2732 3570 2826 3622 καὶ
2858 3568 3207 3639 ὑπουργῆσαι
3239 3565 3454 3635 μεγάλα
3478 3565 3564 3634 τῷ

1990 3664 2220 3735 βασιλεῖ,
2249 3663 2318 3716 δι’
2353 3661 2389 3716 ἃ
2415 3659 2482 3732 δὴ
2520 3661 2700 3730 σφίσιν
2728 3655 3219 3728 ὲπιτραπῆναιτὴν
3251 3654 3415 3723 νῆσον
3449 3652 3562 3704 ὑπὸ

1989 3759 2098 3812 τῶν
2131 3758 2396 3829 βασιλέων
2425 3753 2634 3826 ἄρχειν.
2667 3754 3012 3823 Κατέχοντας
3050 3751 3095 3782 ³⁸
3125 3749 3183 3803 δὲ
3213 3749 3418 3819 ταύτην
3459 3747 3564 3816 τὴν

1989 3855 2153 3922 νῆσον
2201 3847 2430 3916 ὕστερον
2451 3847 2816 3917 ὡρμημένους
2840 3843 2949 3898 ἀπὸ
2977 3843 3207 3914 ταύτης,
3232 3921 3237 3925 1
3273 3841 3565 3912 καταλαμ-

1989 3945 2174 3998 ϐάνειν
2200 3945 2242 3976 ³⁸
2286 3937 2444 3997 Αἶνον
2502 3939 2657 3993 πόλιν
2691 3937 2790 4009 τὴν
2828 3937 2886 3990 ἐν
2947 3939 3011 4009 τῇ
3057 3936 3248 4007 Θρᾴκῃ
3297 3934 3449 4005 παρὰ
3482 3935 3566 4004 τῷ

1988 4033 2148 4106 Εΰρῳ
2172 4033 2405 4103 ποταμῷ
2439 4030 2820 4102 διενεχθέντων
2851 4029 2962 4082 τῶν
2998 4031 3057 4082 ἐν
3099 4031 3166 4100 τῇ
3221 4028 3379 4080 πόλει
3421 4027 3563 4096 πρὸς

1988 4127 2080 4181 τὸν
2110 4127 2236 4197 τῇδε
2274 4122 2440 4179 αὐτοῦ
2471 4124 2571 4192 τῆς
2621 4121 2833 4182 πόλεως
2878 4117 3183 4189 ἁρμοστὴν,
3245 4119 3340 4171 καὶ
3372 4120 3562 4188 σφίσιν

1989 4214 2439 4286 ἐπικαλουμένων
2489 4213 2599 4266 ἀπὸ
2652 4213 2748 4280 τῆς
2817 4210 3022 4263 Λέσϐου
3070 4209 3132 4262 τὸ
3177 4210 3564 4274 Κατελουῒςων

1991 4311 2167 4380 γένος.
2203 4306 2621 4370 Καταλαϐὁντες
2638 4307 2694 4360 δέ
2723 4305 3134 4375 διαφερομένων
3179 4303 3430 4374 ἀλλήλοις
3488 4305 3564 4365 ὡς

1989 4403 2083 4456 ἐπὶ
2115 4402 2173 4454 τὸ
2202 4401 2452 4455 πλεῖστον
2478 4400 2586 4453 τῶν
2623 4399 2757 4451 ποτέ
2797 4397 3070 4467 Ἐλλήνων
3125 4395 3412 4466 βασιλέων.
3467 4399 3564 4448 Δο-

1992 4499 2078 4549 κεῖ
2103 4497 2159 4548 δὲ
2189 4497 2221 4566 ἠ
2250 4495 2414 4564 νῆσος
2444 4490 2611 4562 αὕτη,
2647 4493 2747 4545 καὶ
2775 4492 3045 4561 πρότερον
3090 4489 3184 4543 ἐπὶ
3213 4490 3421 4543 τούτων
3454 4489 3564 4542 τῶν

1997 4586 2398 4652 Κατελουῖζων,
2429 4584 2684 4653 γενέσθαι
2703 4583 2809 4636 ὑπὸ
2829 4581 3050 4635 Ἰανυῖου
3062 4600 3107 4647 ς,
3127 4583 3221 4636 καὶ
3239 4583 3559 4644 ὑπακούειν,

1995 4682 2118 4734 τότε
2141 4678 2465 4751 τῷηφωκίης
2525 4679 2584 4730 ἐν
2617 4669 2899 4747 τῇ”Λσίᾳ
2956 4675 3396 4743 ἐπιτροπεύοντι,
3455 4677 3568 4728 Κα-

1994 4775 2132 4846 τάνη
2157 4773 2394 4842 τοῦνομα
2419 4771 2615 4841 ἔχοντι.
2664 4764 2789 4822 Εἶλε
2825 4767 2882 4821 δέ
2920 4769 3177 4838 Κατάνης
3237 4769 3338 4838 τὴν
3396 4769 3564 4836 νῆσον

1992 4869 2201 4936 ταύτην
2258 4864 2543 4935 ἐπιϐουλῇ.
2600 4862 2712 4916 Καὶ
2765 4862 2793 4914 ὅ
2841 4877 2902 4914 τε
2967 4862 3237 4931 Ἑλλήνων
3304 4862 3556 4931 βασιλεὺς

1997 4958 2472 5031 στρατευσάμενος
2521 4955 2610 5008 ἐπ’
2632 4953 2832 5023 αὑτὸν,
2875 4953 2968 5007 καὶ
2995 4956 3098 5025 τήν
3126 4971 3188 5007 τε
3240 4953 3554 5024 Μιτυλήνην

1995 5053 2400 5122 παρεστήσατο,
2459 5048 2554 5101 καὶ
2604 5047 2861 5116 ἐπολέμει
2908 5050 2972 5118 τῇ
3025 5045 3232 5120 Φωκίῃ.
3293 5049 3449 5102 Μετά
3505 5049 3562 5102 δὲ

1997 5144 2190 5208 ταῦτα,
2240 5139 2705 5212 συμϐαλλομένων
2739 5138 2849 5192 τῶν
2897 5139 3283 5205 Κατελουῖζων
3339 5140 3566 5210 τῷιῐῖυ-

2000 5233 2218 5299 ζαντίου
2260 5232 2489 5302 βασιλεῖ,
2537 5229 2917 5301 ἐπετράποντο
2962 5247 3023 5284 τε
3078 5231 3180 5300 τὴν
3227 5233 3413 5304 νῆσον,
3471 5234 3568 5285 καὶ

1999 5327 2157 5398 ἔσχον
2183 5326 2276 5379 ἐπί
2303 5341 2457 5386 τινας
2484 5325 2698 5391 γενεὰς,
2730 5322 3112 5392 διαγενόμενοι
3145 5325 3204 5388 ἒς
3232 5341 3294 5379 τε
3344 5325 3437 5378 ἐπὶ
3472 5325 3568 5377 τὸν

2002 5419 2126 5473 καθ’
2155 5418 2304 5490 ἡμᾶς
2334 5417 2544 5488 χρόνον.
2583 5417 2692 5470 Καὶ
2716 5416 3021 5487 ἐπιγαμίας
3060 5419 3377 5486 ποιούμενοι
3427 5420 3568 5488 πρὸς

1615 5535 1880 5598 Notulzo.
1897 5530 2304 5611 marginales.

397 5661 476 5734 (i)
503 5660 682 5734 Lesbo
707 5663 941 5723 donatur
978 5662 1302 5721 Franciscus
1349 5659 1659 5718 Catalusius
1722 5651 1882 5728 1559,
1923 5671 2282 5730 sororemque
2309 5657 2456 5714 ducit
2487 5652 2869 5710 Caio-Joannis
2904 5654 3032 5724 imp.

401 5731 481 5804 (2)
527 5731 810 5790 Praefecto.

405 5899 451 5938 ⁸⁸
480 5896 774 5964 Ἰανούζης.

1864 6144 1885 6184 l

877 5901 918 5933 ³⁷
956 5917 1144 5965 προεχ.
1219 5899 1262 5934 ³⁸
1300 5898 1593 5964 ἐληΐζοντο.
1670 5899 1712 5931 ’³
1742 5896 2054 5964 Δεμένικος.

2134 5891 2177 5924 ³⁸
2210 5888 2551 5957 κατέχοντες.
2582 5884 2642 5940 fl.
2673 5896 2725 5938 ut
2761 5887 2811 5939 in
2839 5905 2884 5940 ε.
2966 5889 3005 5920 ³³
3039 5887 3392 5944 καταλαϐεῖν.
