3984 6446
500 364 610 431 513

1592 361 1688 422 DE
1729 362 1982 424 RKBUS
2009 362 2370 425 TURCICIS
2413 364 2560 424 LIB.
2605 364 2676 426 X.

3626 367 3732 433 sit
3761 337 3772 345 ’

487 496 553 533 τε
575 476 706 538 τοὺς
735 471 846 528 ἀπ’»
879 469 1295 543 Τραπεζοῦντος
1333 470 1600 538 βασιλεῖς,
1635 474 1731 526 καὶ
1780 473 2048 544 Ἑλλήνων

2157 481 2346 542 gentes
2369 481 2548 528 autem
2571 471 2842 529 connubia
2864 487 2988 528 cum
3016 473 3396 544 Trapezuntiis
3421 477 3656 547 regibus,
3679 489 3735 535 et

489 570 791 640 ἡγεμόνας,
855 568 948 620 καὶ
997 566 1124 629 τοὺς
1174 565 1308 635 παρ’
1340 565 1568 635 Ἕλλησι
1654 565 2055 634 πρωτεύοντας,

487 663 749 731 κατεῖχον
778 661 881 730 τὴν
913 660 1080 728 νῆσον
1109 659 1169 722 ἐς
1197 660 1268 711 τὰ
1334 658 1569 728 μάλιστα
1627 659 2054 729 εὐνομουμένην.

500 751 724 822 Ἐπὲχει
754 750 809 803 δὲ
844 752 877 820 ἡ
914 753 1081 822 νῆσος
1106 747 1246 820 αὕτη
1299 748 1408 802 ἀπὸ
1443 751 1540 817 τῆς
1595 751 1652 812 ἐς
1711 751 1811 818 τὴν
1873 750 2060 802 Ἀσίαν

488 843 719 913 ἠπείρου
750 841 999 905 σταδίους
1023 839 1259 910 μάλιστα
1283 838 1637 908 ὀγδοήκοντα.

571 936 720 990 Ἀλλ’
753 937 788 1004 ἠ
822 936 921 1004 μέν
943 935 1074 996 Χίος
1096 933 1384 1002 κατείχετο
1415 932 1516 1001 μὲν
1545 932 1639 986 καὶ
1669 930 1810 1000 αὕτη
1869 931 2060 1002 πρότε-

491 1050 584 1104 ρον
614 1031 722 1084 ὑπὸ
765 1028 1032 1092 Ἶανυῖων,
1061 1026 1124 1080 ού
1153 1025 1338 1096 μέντοι
1369 1023 1532 1087 ἐὰλω,
1595 1024 1733 1077 ἀλλὰ
1781 1025 2058 1094 δεομένων

487 1126 598 1179 τῶν
653 1121 953 1185 Βυζαντίου
1014 1119 1280 1190 βασιλέων
1347 1118 1666 1190 χρημάτων,
1728 1117 1890 1170 ἱκανὰ
1943 1117 2059 1180 τοῖς

490 1217 724 1288 Ἕλλησι
745 1215 922 1268 δέδοτο
952 1212 1058 1266 ὑπὸ
1089 1211 1391 1282 Μαρτίνου,
1422 1211 1519 1265 τοῦ
1542 1209 1642 1281 τὴν
1669 1209 1832 1279 νῆσον
1852 1209 2058 1280 ταύτην

494 1310 885 1380 κατασχόντος,
917 1307 1012 1361 ὑπ’
1039 1307 1288 1376 ἀνάγκης
1337 1305 1459 1359 τότε
1493 1303 1601 1357 τῶν
1641 1303 1914 1372 Ἐλλήνων
1968 1301 2057 1357 διὰ

484 1410 578 1459 τὸν
601 1405 740 1476 πρὸς
772 1402 998 1472 Μήδους
1031 1403 1125 1454 καὶ
1151 1401 1245 1454 τὸν
1270 1398 1613 1470 Τριϐαλλοὺς
1652 1397 1910 1466 πόλεμον.
1943 1397 2056 1451 Καὶ

486 1499 720 1569 ὕστερον
753 1501 938 1569 μέντοι
1006 1494 1283 1549 ἀπέλαϐον
1331 1492 1434 1563 τὴν
1481 1492 1644 1563 νῆσον
1671 1495 1719 1546 oi
1771 1491 2052 1560 Ἕλληνες,

486 1592 780 1653 ἀποδόντες
827 1589 889 1641 τὸ
933 1588 1093 1658 χρέος
1126 1586 1202 1656 τῷ
1254 1586 1537 1656 Μαρτίνῳ.
1597 1583 1754 1638 Μετὰ
1783 1585 1842 1637 δὲ
1881 1582 2057 1636 ταῦτα

485 1688 708 1754 ἐγένετο
739 1683 845 1735 ὑπὸ
904 1681 1179 1746 ’1ανυῖοις,
1235 1679 1462 1748 ὕστερον
1514 1679 1692 1749 χρόνῳ
1753 1676 1816 1731 ού
1874 1676 2056 1746 πολλῷ

484 1781 768 1850 τριήρεσιν
832 1775 1186 1845 ἀφικομένοις
1247 1775 1344 1827 καὶ
1398 1772 1906 1842 παραστησαμένοις
1952 1771 2052 1842 τὴν

703 1869 812 1934 υῦς
844 1838 967 1925 obs:
1063 1868 1218 1929 πόλις
1259 1838 1570 1936 ἐξέπεμψεν
1794 1865 1892 1936 τὴν
1951 1838 2052 1934 τῆς
2080 1838 2129 1899 Β

485 1969 652 2037 νήσου
683 1962 1094 2032 καταστροφὴν,
1121 1959 1248 2014 οὔτε
1281 1962 1430 2029 κοινῇ
1465 1958 1573 2011 ὑπὸ
1591 1958 1701 2010 τῶν
1731 1957 1906 2011 τελῶν
1936 1955 2052 2020 ἐξε-

487 2060 841 2131 πέμφθησαν.
886 2055 1030 2109 Ἀλλ’
1053 2054 1209 2109 αὐτοὶ
1234 2053 1582 2124 ὡρμημένοι,
1617 2052 1666 2104 oi
1689 2051 1844 2103 ἐννέα
1865 2049 2054 2102 οἰκιῶν

485 2154 771 2224 γενόμενοι
804 2150 1089 2220 ἄρχοντες,
1121 2147 1222 2216 τὴν
1255 2146 1418 2216 νῆσον
1448 2143 1915 2214 κατεστρέψαντο.
1942 2143 2052 2196 Καὶ

489 2247 568 2319 τῷ
593 2246 694 2301 ὕπὸ
721 2243 875 2298 τοῦδε
900 2243 1076 2314 ταύτῃ
1106 2241 1177 2306 ³¹,
1206 2240 1283 2303 ὼς
1310 2239 1461 2308 σφίσι
1484 2255 1543 2290 τε
1587 2238 1793 2301 αὐτοῖς,
1823 2236 1917 2289 καὶ
1940 2237 2054 2299 τοῖς

498 2345 557 2396 ἐν
602 2342 668 2410 τῇ
704 2338 857 2393 πόλει
923 2335 1274 2407 μετριώτατα
1325 2331 1696 2402 διαιτώμενοι,
1751 2333 1907 2401 κοινῇ
1953 2331 2052 2399 τὴν

498 2433 648 2486 πόλιν
669 2429 918 2500 διῴκουν.
963 2422 1433 2494 Ἐξωνησαμένων
1463 2421 1603 2492 μετὰ
1628 2418 1801 2473 ταῦτα
1825 2420 1919 2472 καὶ
1954 2420 2054 2480 τὰς

494 2525 590 2594 τῆς
622 2519 829 2584 πόλεώς
884 2537 944 2573 τε
989 2520 1088 2571 καὶ
1143 2518 1311 2588 νήσου
1374 2516 1572 2586 μοίρας
1626 2512 1733 2566 τῶν
1796 2513 1906 2566 ἀπὸ
1955 2512 2054 2580 τῆς

476 2613 718 2682 ξἸανύης
745 2609 977 2682 ἀνδρῶν,
1011 2609 1156 2678 μέγα
1183 2607 1500 2677 δυναμένων
1549 2607 1608 2668 ἐς
1667 2603 1899 2657 πλοῦτον
1966 2603 2054 2657 διὰ

475 2678 584 2779 ’τὴν
611 2678 711 2775 τῆς
747 2678 1018 2776 μαστίχης
1047 2701 1330 2772 πρόσοδον.
1390 2701 1563 2770 Κοινῇ
1598 2698 1708 2769 γὰρ
1740 2699 1804 2770 δὴ
1847 2696 1986 2769 αὕτη
2015 2697 2048 2767 ἠ

487 2801 648 2871 νῆσος
675 2800 786 2853 τῶν
807 2801 868 2852 ἐν
893 2798 970 2869 τῷ
995 2796 1208 2868 Αἰγαίῳ
1260 2796 1415 2866 φέρει
1477 2794 1692 2866 καρπὸν
1739 2793 1926 2848 τοῦτον
1975 2791 2051 2855 ὡς

485 2894 759 2948 πλεῖστον.
796 2891 904 2946 Καὶ
939 2890 1308 2962 ἐργαζόμενοι
1333 2888 1401 2955 ³⁸,
1437 2887 1841 2959 χρηματίζεται
1877 2885 2050 2957 μεγά-

487 2989 593 3052 λως
627 2990 686 3040 ἐν
739 2985 941 3055 τούτῳ.
993 2984 1174 3053 Διέχει
1227 2983 1284 3036 δὲ
1316 2982 1539 3034 ἔλαττον
1591 2981 1764 3052 ταύτῃ
1811 2980 1918 3034 ἀπὸ
1949 2982 2049 3052 τῆς

496 3081 680 3146 Ἀσίας
739 3079 988 3141 σταδίους
1039 3076 1173 3130 ὡσεὶ
1229 3075 1572 3146 πεντήκοντα
1648 3075 1885 3144 μάλιστά
1944 3091 2045 3144 πη.

2165 567 2478 623 Graecorum
2514 568 2768 635 ducibus,
2792 582 3007 624 necnon
3039 583 3166 624 cum
3203 569 3274 624 iis
3295 570 3386 640 qui
3417 572 3555 640 apud
3581 569 3733 625 Grae-

2165 675 2262 716 cos
2293 668 2553 729 praestare
2581 659 2929 726 videbantur,
2959 659 3194 716 insulam
3219 675 3337 718 eam
3364 672 3622 718 rexerunt
3649 678 3733 718 sa-

2165 752 2702 822 luberrimislegibus
2728 753 3028 808 fundatam.
3049 753 3131 809 Ab
3161 769 3223 810 ea
3255 756 3588 822 continente,
3614 773 3735 826 qua:

2163 845 2346 902 Asiam
2376 855 2608 917 spectat,
2628 846 2870 902 excurrit
2891 846 2957 901 ad
2985 847 3158 903 stadia
3193 847 3414 904 circiter
3434 853 3730 922 octoginta.

2244 934 2512 992 Caeterum
2540 948 2596 993 et
2615 939 2725 1009 jam
2745 937 2941 992 olim'ru
2972 938 3602 1008 potestateJanuensium
3632 942 3734 998 fuit

2163 1029 2351 1093 Chius,
2385 1045 2486 1086 nec
2519 1037 2694 1086 tamen
2725 1032 2899 1088 armis
2933 1040 3115 1101 capta.
3178 1029 3375 1086 Verum
3405 1048 3532 1088 cum
3581 1033 3732 1091 Cra:-

2164 1135 2354 1175 corum
2391 1137 2545 1194 reges
2592 1121 2841 1192 pecunia:
2905 1123 3088 1193 inopia
3140 1124 3471 1191 laborarent,
3514 1138 3735 1196 propter

2165 1212 2364 1268 bellqu
2396 1215 2541 1284 quod
2569 1230 2631 1269 ea
2674 1224 2998 1285 tempestate
3023 1217 3282 1286 gerebant
3308 1234 3430 1273 eum
3465 1219 3634 1278 Medis
3653 1223 3730 1294 (5)

2163 1317 2218 1362 et
2243 1306 2517 1372 Triballis,
2556 1323 2804 1378 magnam
2836 1309 3079 1377 pecuniae
3110 1311 3216 1363 vim
3281 1320 3474 1366 mutuo
3504 1328 3734 1385 accepe-

2165 1410 2291 1455 runt
2322 1400 2598 1455 aMartino
2619 1401 2831 1472 (“ejus
2859 1401 3046 1456 insula:
3063 1412 3296 1458 rectore.
3323 1403 3494 1460 Graeci
3513 1409 3728 1462 tandem

2162 1509 2280 1548 eam
2318 1493 2546 1548 insulam
2594 1505 2943 1562 receperunt,
3000 1509 3125 1550 cum
3180 1511 3254 1551 res
3305 1497 3566 1563 alienum,
3623 1515 3732 1570 quo

2160 1595 2317 1641 erant
2351 1587 2569 1658 obligati
2599 1587 2847 1653 Martino,
2895 1587 3305 1656 persolvisseut.
3345 1588 3550 1646 Deinde
3585 1595 3734 1649 venit

2164 1677 2338 1733 insula
2385 1679 2501 1732 haec
2557 1678 2612 1733 in
2651 1677 3009 1733 Januensimn
3078 1679 3337 1736 ditiooem
3379 1700 3393 1736 :
3453 1683 3570 1754 qui,
3603 1699 3727 1738 cum

2161 1785 2269 1824 non
2289 1771 2515 1824 multum
2541 1771 2801 1840 temporis
2820 1771 3219 1836 intervenisset,
3249 1777 3727 1843 adveneruntIcum

2159 1861 2496 1924 triremibus.
2533 1871 2592 1916 ut
2626 1863 2814 1917 urbem
2850 1879 2970 1918 eam
3007 1875 3285 1934 caperent.
3315 1864 3500 1920 Hinec
3523 1869 3727 1936 populi,
3791 1898 3794 1902 -

2161 1971 2260 2012 nec
2300 1959 2650 2027 magistratus
2679 1974 2946 2013 consensu
2983 1968 3037 2014 et
3055 1959 3337 2015 voluntate
3365 1960 3522 2016 missi
3550 1970 3726 2025 erant,

2160 2059 2216 2102 ut
2243 2051 2472 2104 insulam
2506 2066 2625 2104 eam
2669 2053 2721 2104 in
2741 2052 3001 2106 ditionem
3030 2053 3358 2123 reciperent,
3391 2069 3583 2108 verum
3626 2069 3727 2108 sua

2159 2153 2374 2210 sponte,
2451 2159 2575 2198 cum
2625 2154 2810 2198 essent
2871 2159 3066 2222 novem
3098 2145 3180 2214 (5)
3235 2144 3568 2201 familiarum
3622 2147 3727 2200 viri

2157 2237 2448 2307 principes,
2471 2239 2538 2290 ab
2561 2237 2725 2291 domo
2751 2238 3002 2306 profecti,
3035 2229 3268 2294 insulam
3293 2251 3412 2293 eam
3442 2239 3726 2309 subegere.

2161 2327 2236 2383 Ex
2270 2343 2335 2382 eo
2365 2338 2607 2398 tempore
2634 2330 2911 2383 communi
2961 2332 3193 2385 consilio
3219 2346 3413 2402 magna
3432 2330 3724 2386 concordia

2159 2423 2346 2477 urbem
2375 2423 2767 2492 gubernarunt,
2803 2405 2926 2477 cum
2974 2424 3174 2494 ubique
3201 2423 3444 2492 ipsorum
3479 2424 3533 2477 in
3560 2423 3726 2480 rebus

2157 2518 2408 2588 gerendis
2422 2517 2684 2571 modestia
2707 2499 2967 2570 eluce'ret.
2987 2515 3226 2570 Tandem
3263 2517 3416 2571 urbis
3445 2525 3500 2570 et
3531 2515 3727 2569 insula:

2159 2619 2339 2680 partes
2365 2619 2616 2664 emerunt
2643 2610 2740 2664 viri
2777 2607 3106 2674 )annenses,
3138 2610 3230 2679 qui
3266 2609 3558 2677 plurimum
3606 2608 3726 2676 pol—

2156 2702 2592 2772 lebant'opibns,
2616 2711 2835 2771 propter
2883 2701 3126 2757 masticis
3171 2701 3400 2755 reditum
3428 2708 3728 2770 etproven-

2157 2803 2291 2849 tum.
2327 2793 2510 2848 insula
2537 2809 2772 2864 namque
2793 2794 2890 2848 ista
2919 2791 2970 2845 in
2998 2791 3134 2848 mari
3170 2791 3356 2862 1Eng
3374 2791 3499 2858 sita,
3533 2791 3721 2846 masti-

2153 2886 2234 2941 eis
2267 2885 2502 2940 fructum
2523 2885 2698 2940 reddit
2729 2884 3062 2940 uberrimum
3106 2893 3195 2939 :et
3241 2883 3334 2954 qui
3388 2884 3514 2938 huic
3571 2883 3724 2953 operi

2153 2986 2282 3036 sunt
2320 2980 2530 3044 intenti,
2565 2979 2715 3033 lucra
2746 2978 2913 3033 multa
2928 2977 3132 3034 ferunt.
3165 2978 3291 3032 Haec
3322 2986 3507 3033 autem
3536 2979 3720 3032 minus

2153 3082 2360 3131 remota
2417 3074 2485 3129 ab
2550 3075 2676 3131 Asia
2733 3083 2837 3140 est,
2895 3089 3059 3144 quam
3107 3074 3388 3144 praedicta,
3450 3073 3722 3144 siquidem

483 3175 778 3228 Διοικεῖται
809 3168 918 3239 δέή
944 3167 1098 3228 πόλις
1132 3165 1274 3236 αὕτη
1303 3166 1407 3219 ὑπὸ
1437 3165 1546 3219 τῶν
1570 3165 1724 3218 ἐννέα
1748 3165 2048 3235 ἀρχόντων,

2154 3169 2346 3226 stadiis
2379 3170 2610 3224 maxime
2640 3169 3031 3240 quinquaginta
3065 3177 3270 3240 septem
3337 3169 3406 3223 ab
3448 3183 3512 3223 ea
3561 3167 3726 3223 dissi-

481 3267 651 3336 τήντε
677 3264 840 3334 νῆσον
861 3258 1036 3331 ἀρχὴν
1053 3257 1319 3324 τὰπρῶτα
1345 3257 1850 3326 κατασχόντων,κσιὶ
1894 3256 2050 3312 ὕστε-

483 3377 576 3429 ρον
601 3356 776 3411 ἄλλων
810 3351 1235 3421 ἐξωνησαμένων
1265 3349 1405 3403 αὐτὰ
1421 3349 1490 3401 τὰ
1515 3347 1854 3419 πάτρια,τῶν
1890 3349 1950 3401 ἐν
1977 3352 2045 3418 τῇ

477 3452 630 3506 πόλει
644 3447 824 3503 ἀστῶν
839 3445 946 3500 ἀπὸ
961 3443 1072 3497 τῶν
1098 3441 1366 3513 Ἐλλήνων
1382 3441 1664 3511 βασιλέων.
1685 3440 1973 3510 Εὐνομήθη
1989 3441 2047 3494 δὲ

477 3546 570 3599 καὶ
587 3545 621 3614 ἡ
638 3542 796 3605 πόλις
819 3541 920 3612 τῆς
947 3539 1107 3603 Χίου,
1130 3537 1365 3606 μάλιστα
1385 3535 1442 3589 δέ
1471 3533 1680 3588 πόλεων
1703 3535 1813 3588 τῶν
1849 3536 1906 3587 ἐν
1929 3535 2044 3599 ταῖς

475 3639 660 3706 νήσοις
693 3633 938 3693 ταύταις,
971 3629 1067 3683 καὶ
1107 3626 1408 3696 προσοδίων
1474 3623 1783 3695 ἱκανωτάτη
1812 3624 1972 3695 ἔσχεν
2007 3627 2041 3694 ἡ

475 3730 649 3790 πόλις,
676 3727 817 3779 ὥστε
850 3724 943 3776 ἐπὶ
976 3723 1119 3792 μέγα
1141 3718 1301 3774 δλσον
1331 3719 1626 3788 ἀφικέσθαι
1653 3719 1777 3782 τοτδς
1810 3719 1911 3788 τὴν
1946 3719 2042 3771 πό-

474 3823 562 3875 λιν
613 3819 776 3891 τήνδε
808 3818 1119 3878 διέποντας.
1164 3811 1560 3882 Ἐστρατεύετο
1586 3811 1643 3864 at
1700 3811 1990 3882 Μεχμέτης
2015 3811 2043 3864 ὁ

488 3911 840 3982 Ἀμουράτεω
866 3909 958 3961 ἐπὶ
988 3906 1088 3978 τὴν
1115 3903 1322 3959 Λέσϐον
1349 3901 1611 3966 διἀἰτίας
1635 3901 1746 3956 τῶν
1775 3903 2043 3973 πρότερόν

475 4027 566 4078 μοι
601 4004 1012 4076 δεδηλωμένων·
1049 3999 1330 4069 ἐπιφέρων
1361 3998 1420 4052 δὲ
1455 3998 1548 4051 τὸν
1573 3996 1667 4051 τοῦ
1697 3996 1926 4065 ἀδελφοῦ
1951 3996 2044 4067 φό-

471 4119 582 4165 νον,
597 4104 690 4154 καὶ
704 4096 967 4169 τιμωρῶν
992 4097 1058 4166 τῇ
1080 4093 1287 4147 ἐκείνου
1301 4091 1471 4162 ψυχῗΓ
1497 4090 1637 4161 μετὰ
1655 4091 1711 4143 δὲ
1733 4094 1824 4144 καί
1838 4091 1928 4144 διὰ
1943 4090 2044 4160 τὴν

472 4194 612 4266 πρὸς
643 4191 773 4256 τοὺς
800 4187 1066 4260 πειρατὰς
1090 4184 1340 4254 ἑταιρίαν
1370 4181 1557 4238 αὐτοῦ.
1639 4182 1958 4253 Ἐκομίζετο
1983 4182 2041 4236 δὲ

471 4286 636 4348 αὐτὸς
665 4284 764 4354 μὲν
789 4282 931 4352 πεζῇ
957 4281 1012 4343 ἐς
1027 4279 1127 4350 τὴν
1157 4278 1349 4330 Ἀσίαν
1395 4275 1615 4339 διαὸάςυ
1639 4275 1732 4328 τδν
1757 4275 1814 4329 δὲ
1852 4277 2040 4330 στόλον

469 4375 636 4433 αὑτοῦ
662 4377 750 4430 διὰ
774 4375 1049 4447 θαλάσσης
1077 4373 1393 4442 ἐκπέμψας,
1429 4374 1685 4442 τριήρεις
1743 4371 1845 4440 μὲν
1871 4371 2035 4424 πέντε

474 4472 568 4525 καί
608 4469 800 4533 εἴκοσι,
829 4469 988 4521 πλοῖα
1009 4467 1067 4520 δὲ
1101 4468 1275 4536 μικρὰ
1305 4465 1450 4534 ἀμφὶ
1492 4464 1561 4517 τὰ
1621 4465 1834 4517 ἑκατόν.
1900 4464 2041 4527 Τοὺς

2153 3272 2206 3318 ta
2243 3271 2346 3319 est.
2397 3262 2744 3318 Gubernatur
2771 3277 2802 3316 a
2834 3260 3170 3332 principibus
3204 3261 3310 3316 illis
3356 3275 3572 3325 novem,
3625 3263 3723 3331 qui

2149 3357 2326 3426 primo
2357 3371 2476 3411 eam
2531 3357 2763 3412 insulam
2794 3354 3036 3425 suijuris
3064 3354 3308 3410 fecerunt
3342 3369 3605 3424 :_necnon
3651 3355 3723 3408 ab

2146 3447 2267 3502 aliis
2296 3446 2389 3517 qui
2416 3449 2758 3517 postmodum
2789 3448 2993 3518 patrias
3048 3447 3212 3504 urbes
3246 3447 3299 3502 in
3326 3461 3389 3503 ea
3445 3447 3624 3503 insula
3650 3447 3721 3502 ab

2145 3538 2456 3595 Grzecorum
2485 3541 2705 3610 regibus
2719 3542 3085 3595 redemerunt.
3122 3541 3438 3611 Metropolis
3471 3541 3591 3596 Chii
3620 3556 3722 3611 op-

2147 3630 2292 3686 timis
2319 3631 2524 3700 regitur
2550 3632 2888 3700 legibus,nec
2917 3631 3009 3685 uili
3050 3632 3292 3687 omnium
3320 3633 3560 3694 urbium,
3595 3648 3718 3703 qua:

2144 3725 2199 3779 in
2239 3724 2357 3780 istis
2387 3725 2581 3780 insulis
2604 3725 3034 3794 frequentantur,
3080 3725 3380 3796 disciplina:
3434 3727 3719 3782 sanctitate

2146 3814 2370 3871 inferior
2425 3827 2528 3871 est.
2597 3815 2827 3872 Beditus
2896 3817 3062 3872 habet
3121 3816 3478 3887 largissimas,
3552 3819 3719 3890 279

2143 3911 2234 3979 qui
2270 3909 2589 3964 incredibile
2624 3917 2705 3964 es:
2787 3909 2959 3975 dictu,
2998 3919 3231 3978 quantas
3283 3926 3414 3980 opes
3468 3916 3718 3981 suppedi-

2148 4011 2262 4056 tent
2303 4002 2368 4056 iis
2401 4000 2494 4071 qui
2521 4017 2641 4056 eam
2688 4010 2903 4070 regunt.
2944 4001 3014 4056 At
3058 4001 3407 4067 Mechmetes,
3441 3991 3716 4060 Amuratis

2145 4095 2311 4160 lilius,
2345 4094 2566 4149 hostilia
2633 4109 2784 4149 arma
2819 4093 3007 4150 intulit
3043 4095 3241 4162 Lesbo,
3276 4095 3362 4151 his
3415 4096 3484 4152 de
3535 4099 3716 4153 causis

2144 4203 2284 4258 quas
2315 4203 2482 4258 supra
2517 4189 2971 4244 memoravimus.
3036 4189 3343 4245 Accedebat
3389 4200 3588 4260 prmter
3631 4209 3718 4249 so-

2143 4282 2417 4344 cietatem,
2461 4297 2624 4350 quam
2676 4297 2802 4337 cum
2845 4282 3038 4354 piratis
3081 4283 3280 4340 inierat
3337 4282 3499 4341 Lesbi
3559 4287 3714 4356 prin-

2144 4391 2293 4444 ceps,
2343 4376 2507 4430 etiam
2545 4374 2731 4429 fratris
2796 4391 2945 4430 mors
2977 4394 2992 4431 :
3023 4377 3180 4444 cujus
3215 4377 3431 4446 culpam
3483 4379 3541 4433 in
3590 4395 3714 4434 eum

2143 4468 2442 4537 principem
2495 4483 2588 4521 rex
2623 4465 3011 4530 transferebat,
3071 4478 3125 4522 et
3157 4469 3343 4523 ulcisci
3378 4469 3566 4525 fratris
3599 4488 3718 4526 ma-

467 4565 526 4618 δὲ
555 4562 882 4632 τηλεϐόλους
918 4560 1008 4614 διὰ
1035 4559 1317 4626 θαλάσσης
1347 4556 1608 4627 ἐκόμιζεν
1639 4556 1697 4620 ἐς
1723 4556 1822 4626 τὴν
1847 4558 2032 4625 νῆσον,

2154 4575 2239 4614 :ies
2278 4562 2332 4614 in
2382 4561 2626 4614 animum
2675 4560 2992 4629 induxerat.
3054 4559 3162 4615 Rex
3248 4562 3467 4631 quidem
3520 4564 3716 4619 itinere

469 4654 566 4708 καὶ
592 4653 776 4714 λίθους
803 4651 1014 4705 τούτων
1044 4651 1187 4718 ἀμφὶ
1211 4649 1339 4712 τοὺς
1384 4645 1706 4717 δισχιλίους.
1767 4645 1881 4716 Τὴν
1938 4646 2036 4714 μὲν

465 4741 561 4800 οὖν
587 4745 948 4817 παρασκευὴν
973 4742 1070 4797 τοῦ
1097 4742 1337 4812 πολέμου
1366 4741 1585 4794 ἐκέλευε
1611 4740 1699 4793 διὰ
1753 4739 2034 4806 θαλάσσης

465 4837 864 4909 ἐκκομίζεσθαι
887 4836 934 4869 ³⁸
963 4839 1022 4900 ἐς
1051 4837 1147 4907 τὴν
1177 4837 1361 4906 νῆσον·
1393 4834 1556 4896 αὐτὸς
1601 4835 1658 4886 δέ
1692 4834 2029 4902 ἀφικόμενος

465 4933 523 4994 ἔς
553 4948 606 4984 τι
636 4931 820 4984 πεδίον
848 4931 916 4991 ³⁸,
951 4929 1278 5000 ἐπεραιοῦτο
1305 4930 1364 4988 ἐς
1395 4928 1494 4995 τὴν
1524 4927 1708 4996 νῆσον,
1765 4929 1928 4987 αὐτὸς
1975 4943 2034 4979 τε

465 5025 562 5078 καὶ
613 5026 662 5076 oi
715 5024 826 5076 τῶν
859 5023 1042 5093 θυρῶν
1101 5023 1277 5086 ὄντες,
1318 5023 1416 5077 καὶ
1464 5023 1573 5075 ἀπὸ
1605 5021 1706 5088 τῆς
1760 5021 2034 5091 Εὐρώπης

463 5119 608 5187 ἀμφὶ
637 5118 763 5180 τοὺς
790 5117 1109 5188 δισχιλίους.
1141 5117 1222 5170 Τὰ
1256 5117 1364 5187 γάρ
1396 5135 1477 5170 τοι
1505 5114 1920 5186 στρατεύματα,
1959 5114 2036 5177 ὡς

462 5209 650 5279 διῆκεν
672 5208 916 5262 ἐπανιὼν
956 5209 1065 5261 ἀπὸ
1094 5210 1194 5277 τῆς
1233 5210 1461 5272 Δακίας,
1505 5208 1704 5261 αὐτίκα
1763 5206 1921 5276 ἐπῄει
1975 5222 2034 5257 τε

461 5307 522 5366 ἐς
551 5303 651 5374 τὴν
671 5303 857 5370 νῆσον,
895 5303 988 5355 καὶ
1019 5302 1325 5372 ἀπίὸησαν.
1364 5301 1704 5370 Ἐπέδραμον
1729 5299 1786 5352 δὲ
1811 5299 2030 5365 αὐτίκα,

462 5397 560 5450 καὶ
586 5396 832 5467 ἐδῄωσαν
856 5398 959 5468 τὴν
980 5396 1167 5466 νῆσον,
1203 5395 1300 5448 καί
1329 5393 1643 5466 ἀνδράποδα
1705 5391 1862 5458 ὀλίγα
1906 5393 2032 5444 ἐπε-

2139 4651 2380 4721 pedestri
2402 4651 2456 4705 in
2479 4651 2668 4705 Asiam
2696 4653 2977 4706 transiens
2999 4650 3274 4706 ferebatur
3305 4667 3319 4705 :
3356 4661 3411 4707 at
3459 4654 3714 4719 classem,

2139 4759 2262 4813 qua:
2308 4743 2774 4813 complectebatur
2829 4744 3082 4798 triremes
3130 4742 3608 4815 vigintiquinque,
3660 4758 3715 4803 et

2142 4851 2308 4889 naves
2371 4835 2613 4890 minores
2657 4845 2906 4900 centum,
2951 4851 3047 4904 per
3117 4850 3267 4889 mare
3327 4839 3481 4908 sequi
3539 4838 3712 4910 jubet.

2141 4926 2476 4982 Bombardas
2529 4942 2626 4996 per
2657 4941 2805 4982 mare
2866 4919 2930 4981 in’
2956 4927 3196 4981 insulam
3243 4943 3363 4983 eam
3431 4940 3713 5000 transpor-

2143 5019 2282 5073 tavit
2316 5039 2329 5073 :
2361 5035 2575 5074 necnon
2627 5019 2859 5088 lapides,
2924 5020 3127 5089 quibus
3171 5033 3554 5089 oneraremur,
3607 5025 3715 5076 cir-

2147 5112 2287 5166 riter
2315 5113 2400 5167 bis
2433 5113 2605 5166 mille.
2665 5112 2799 5166 Belli
2857 5112 3079 5182 quidem
3111 5113 3482 5169 instrumenta
3507 5123 3560 5168 et
3594 5130 3714 5166 ma-

2145 5205 2338 5261 chinas
2405 5205 2543 5259 mari
2603 5206 2670 5259 ad
2723 5219 2844 5258 cam
2892 5205 3132 5260 insulam
3191 5206 3418 5262 subvehi
3481 5207 3713 5260 curavit.

2143 5297 2266 5368 ipse
2323 5313 2454 5353 vero
2513 5298 2743 5353 veniens
2817 5297 3153 5366 Possidium,
3209 5298 3446 5368 pedestri
3515 5298 3715 5360 itinere

2141 5393 2209 5445 ad
2249 5391 2486 5445 insulam
2529 5389 2846 5457 accedebat,
2895 5391 3105 5447 ducens
3137 5393 3431 5464 januarum
3484 5390 3712 5459 milites,

1750 5504 2000 5599 Noluit}:
2032 5505 2434 5583 marginales.

533 5612 609 5683 (5)
643 5612 845 5668 Persis.

531 5679 610 5752 ('4)
644 5684 910 5738 Martinus
945 5681 1065 5737 Chii
1099 5691 1274 5738 rector
1308 5680 1660 5750 Boceanigra,
1694 5679 1853 5733 1261.

527 5851 572 5883 ³³
599 5849 830 5922 ταύτην,
860 5849 923 5904 R.
965 5857 1020 5902 ut
1046 5849 1098 5901 in
1130 5865 1178 5902 c.
1254 5848 1300 5880 ³³
1327 5845 1695 5918 ἐργαζομένη.

1795 5847 1843 5880 ³⁸
1867 5846 1934 5902 In
1962 5865 2089 5917 uno,
2127 5867 2289 5923 κοσμ.
2365 5852 2409 5885 ³⁸
2435 5853 2504 5908 In
2537 5871 2657 5920 uno,
2688 5853 2781 5906 ἐπὶ
2815 5869 2873 5908 π.

2216 5612 2298 5683 (5)
2324 5613 2409 5668 ΑΙ.
2439 5617 2622 5670 decem
2654 5629 2794 5681 quos
2831 5614 3118 5671 Maonesos
3139 5620 3356 5670 vocant.
3396 5611 3530 5670 Vide
3549 5610 3718 5670 Justi-

2140 5683 2386 5750 nianum,
2415 5700 2544 5740 ann.
2579 5685 2711 5737 1'26]
2748 5698 2801 5741 et
2825 5686 2982 5741 1546.

3063 5837 3094 5861 I'
