4126 6422
465 373 578 437 ειτ

1527 383 1627 442 DE
1677 377 1926 442 nasus
1950 371 2310 433 TURCICIS
2341 373 2486 435 LIB.
2514 373 2583 438 Χ.

3577 383 3678 448 518

460 483 612 553 αὐτῷ
643 485 742 555 τὴν
772 486 1190 561 ἀγνωμοσύνην,
1249 490 1359 545 οὐδ’
1393 492 1467 555 ὡς
1506 494 1804 562 ἀτυχήσειν
1861 489 2023 552 αὐτὸς

2132 485 2255 546 rim.
2306 487 2434 542 sciri
2486 487 2686 557 poterit
2739 488 2912 545 abiis
2963 489 3056 560 qui
3105 489 3677 552 Asiaaloeaincolunt.

461 576 701 646 ἔφασκεν
729 579 930 647 ὁτῳοῦν
961 581 1072 636 τῶν
1095 582 1334 652 ἀγαθῶν.
1379 585 1520 638 Ἀλλ’
1548 585 1710 638 αὐτόν
1740 601 1796 637 τε
1828 581 2022 648 αἰσθή-

461 671 651 726 σεσθαι
683 673 728 705 ”
768 673 1082 743 παραδόντα
1117 677 1310 730 ἑαυτὸν
1339 672 1418 746 τῷ
1455 677 1688 746 βασιλεῖ,
1718 678 1812 728 καὶ
1833 675 1900 742 ἢν
1931 674 2022 727 εῦ-

459 765 555 832 νοῇ
583 766 694 827 τοῖς
712 765 877 818 αὐτοῦ
906 767 1243 838 πράγμασιν,
1266 769 1365 820 οὐκ
1396 765 1792 840 ἀχθεσθήσεται
1815 767 1860 799 ³⁸
1892 781 2022 818 ποτε

460 856 548 908 διὰ
574 857 752 911 τοῦτο.
785 857 971 911 Ταῦτα
1001 860 1198 928 λέγων,
1222 860 1322 928 τήν
1347 876 1406 912 τε
1464 859 1623 912 πόλιν
1663 855 2022 927 παραλαϐὼν,

462 948 662 1001 αὐτίκα
687 950 963 1015 ὲκέὶευεν,
996 952 1141 1006 ίόντα
1170 955 1262 1007 καὶ
1298 954 1470 1016 ὲςτὰς
1499 952 1664 1013 ἄλλας
1694 953 1903 1015 πόλεις,
1934 967 2025 1003 κε-

460 1041 640 1094 λεύειν
677 1044 1029 1114 παραδιδόναι
1056 1045 1154 1107 τὰς
1189 1047 1540 1115 ἀκροπόλεις.
1597 1045 1771 1107 Αὐτὸς
1805 1043 1902 1111 μὲν
1927 1037 2023 1096 οὖν

465 1133 565 1186 σὺν
599 1135 716 1196 τοῖς
788 1133 1058 1203 βασιλέως
1103 1135 1372 1205 ὑπάρχοις
1431 1136 1680 1206 περιιὼν,
1731 1133 2020 1202 παρεδίδου

461 1227 557 1285 τὰς
597 1225 779 1289 πόλεις
805 1226 883 1295 τῷ
913 1225 1142 1296 βασιλεῖ.
1206 1230 1315 1282 Καὶ
1347 1229 1642 1298 ἐγκαθίστη
1696 1227 1794 1297 μὲν
1822 1229 1902 1288 εἰς
1931 1223 2024 1276 αὐ-

460 1319 568 1381 τάςι
594 1317 839 1386 φυλακὰς
867 1319 1144 1390 βασιλεύς’
1192 1322 1293 1391 τὴν
1319 1321 1375 1373 δὲ
1421 1321 1572 1375 πόλιν
1625 1319 1941 1390 Μιτυλήνην
1968 1319 2025 1379 ὲς

460 1410 586 1480 τρία
608 1410 939 1480 διελόμενος,
998 1413 1188 1482 τὸμὲν
1233 1412 1402 1466 αὐτοῦ
1459 1414 1842 1481 ἐγκατέλιπεν,
1890 1411 1943 1465 εί
1972 1427 2023 1462 τι

462 1502 684 1569 ἀχρεῖον
710 1497 779 1572 ἦν
805 1501 900 1555 τοῦ
930 1504 1143 1573 ὁμίλου,
1169 1503 1228 1558 τὸ
1251 1505 1308 1558 δὲ
1343 1505 1530 1576 ἕτερον
1576 1503 1883 1573 διενείματο
1911 1503 2024 1566 τοῖς

461 1595 683 1665 νεήλυσι
704 1612 718 1624 ·
751 1595 848 1664 τὴν
873 1595 926 1648 δὲ
953 1597 1144 1666 τρίτην
1177 1599 1371 1668 μοτριν
1406 1597 1710 1669 κατῴκισεν
1737 1600 1790 1658 ἐς
1818 1595 2026 1658 Βυζάν-

460 1704 599 1752 τιον,
619 1688 674 1740 εἴ
698 1705 750 1740 τι
783 1684 851 1759 ἦν
884 1689 992 1742 τῶν
1025 1689 1208 1743 ἀστῶν
1235 1691 1387 1756 ἄξιον
1408 1690 1568 1759 λόγου
1632 1691 1727 1742 καὶ
1770 1687 2024 1759 εὔπορον.

463 1776 602 1840 Τοὺς
625 1778 678 1831 δὲ
711 1780 975 1849 πειρατὰς
1003 1780 1328 1850 ἀπαγαγὼν,
1364 1781 1704 1854 κατέσφαξεν
1721 1783 1778 1846 ἐς
1801 1799 2026 1854 τριακο-

467 1870 612 1932 σίους
643 1870 882 1940 μάλιστα
928 1875 984 1936 ἐς
1038 1873 1215 1945 χῶρον
1250 1874 1349 1928 ἕνα
1395 1875 1504 1928 τῶν
1549 1875 1916 1946 προαστείων,
1955 1877 2025 1928 τά

465 1961 695 2032 σώματα
721 1964 845 2034 δίχα
874 1967 1196 2034 ποιούμενος
1226 1968 1285 2029 ἐς
1309 1968 1411 2036 τὴν
1445 1967 1688 2038 σφαγήν.
1717 1965 1887 2019 Τοῦτο
1916 1966 2026 2035 γάρ

465 2054 771 2126 βιαιότερον
805 2057 861 2120 ἐς
887 2058 1013 2120 τοὺς
1039 2059 1334 2128 πολεμίους
1368 2057 1634 2132 ἐξεύρητο
1664 2058 1758 2112 τοῦ
1794 2059 2024 2112 Θανάτου

470 2141 630 2213 εἶδος,
663 2148 726 2201 τὸ
755 2148 915 2219 σῶμα
942 2150 1001 2214 ὲς
1023 2149 1117 2204 δύο
1135 2152 1374 2222 τέμνειν.
1418 2151 1763 2214 Καταθέντες
1797 2149 1891 2203 οὖν
1929 2150 2027 2220 τὴν

475 2240 720 2310 τομὴνξές
751 2241 812 2293 τδ
841 2242 1180 2314 διάφραγμα.
1220 2242 1344 2296 ὅθεν
1379 2242 1665 2313 ξυμϐαίνει
1709 2245 1883 2312 ίσχειν
1937 2243 2028 2295 ἐπὶ

478 2333 607 2386 πολῦ
638 2335 730 2405 τῆς
758 2335 1016 2406 τελευτῆς
1071 2335 1158 2391 διὰ
1209 2336 1382 2391 ταῦτα
1419 2330 1510 2389 τὸν
1555 2333 2023 2406 διαφθειρόμενον.

489 2425 806 2498 Ἐγκαθίστη
868 2429 924 2483 δὲ
951 2431 1033 2493 είς
1092 2429 1192 2500 τὴν
1260 2431 1413 2484 πόλιν
1484 2431 1688 2500 ταύτην
1745 2430 2028 2500 νεήλυδας,

473 2520 609 2590 ἀμφὶ
635 2522 759 2584 τοὺς
785 2520 1096 2585 διακοσίους
1113 2523 1209 2576 καὶ
1241 2523 1534 2589 Ἀξάπιδας
1567 2524 1625 2586 ἐς
1655 2523 2025 2593 τριακοσίους.

471 2612 562 2663 καὶ
597 2611 834 2682 ἄρχοντα
882 2612 1086 2680 αὐτῶν,
1133 2613 1229 2668 τοῦ
1265 2614 1582 2684 Σαμλιάτεω
1631 2616 1817 2681 παῖδα,
1857 2614 2028 2686 ἄνδρα

467 2701 766 2773 ἐπίσημον,
801 2701 860 2756 οὗ
885 2703 976 2757 τὸν
1001 2703 1216 2775 πατέρα
1249 2706 1308 2758 ὲν
1333 2707 1452 2770 ταῖς
1514 2705 1780 2775 βασιλέως
1837 2705 2028 2776 θύραις

466 2797 689 2852 ἀκούειν
740 2797 1102 2869 δικαιοσύνης
1133 2799 1360 2869 ἄριστον
1404 2800 1745 2870 ἐπυθόμεθα,
1793 2801 2030 2871 μάλιστα

466 2893 519 2945 δὲ
541 2893 802 2963 δικαστὴν
833 2893 942 2948 τῶν
969 2895 1025 2946 ὲν
1068 2897 1188 2957 ταῖς
1217 2893 1482 2964 βασιλέως
1537 2895 1730 2966 θύραις
1768 2894 2031 2948 καθιστα-

469 2985 664 3054 μένων,
691 2987 782 3038 καὶ
802 2984 958 3049 δίκας
979 2985 1279 3040 δικάσαντα
1308 2985 1552 3055 ἄριστον
1613 2986 1830 3040 πάντων
1867 2987 1921 3040 δὲ
1949 2979 2025 3040 ὧν

465 3077 630 3147 ἡμεῖς
694 3077 874 3145 ἴσμεν,
931 3077 1026 3130 καὶ
1078 3076 1391 3146 ἐξευρόντα,
1439 3070 1528 3130 οἷα
1588 3077 1652 3148 δὴ
1712 3077 2032 3132 ἀποϐαίνειν

2124 575 2255 629 Nam
2311 579 2606 649 mancipia,
2671 582 3079 653 quamprimum
3121 585 3481 654 capiebantur
3511 601 3543 642 e
3591 598 3678 642 tua

2123 671 2362 738 regione,
2392 671 2656 726 continuo
2695 688 2724 727 a
2757 689 2844 728 me
2873 675 3114 730 dominis
3151 676 3268 731 suis
3292 677 3679 735 reddebantur.

2123 762 2390 818 Praeterea
2430 766 2730 821 maximum
2798 766 2931 821 mihi
2965 767 3064 822 fuit
3096 770 3364 835 studium,
3421 783 3481 826 ut
3507 772 3680 829 sicubi

2125 862 2307 908 vestra
2364 856 2636 924 mancipia
2682 856 2806 926 quis
2829 868 2968 913 esset
3006 869 3220 926 nactus,
3259 877 3320 915 ea
3341 862 3528 916 statim
3583 863 3680 918 do-

2124 944 2285 1001 minis
2334 947 2448 1001 suis
2488 948 2931 1003 restituerentur.
2970 949 3122 1019 Quod
3186 953 3392 1023 piratas
3447 956 3681 1026 suscepi,

2124 1051 2186 1090 ea
2253 1037 2425 1106 gratia
2464 1037 2666 1093 factum
2696 1050 2799 1104 est,
2853 1057 2919 1094 ne
2947 1045 3158 1110 praedas
3187 1059 3252 1097 ex
3307 1060 3427 1100 mea
3462 1046 3682 1115 regione

2128 1138 2375 1197 agerent,
2439 1145 2667 1200 eamque
2732 1133 2995 1187 vastando
3063 1148 3501 1206 corrumperent.
3572 1139 3681 1194 Nec

2125 1219 2220 1272 ulli
2280 1220 2473 1274 horum
2513 1238 2752 1292 unquam
2795 1224 2875 1278 vel
2904 1225 3250 1280 occasionem
3303 1229 3535 1296 praebui,
3597 1228 3680 1284 vel

2124 1312 2414 1366 consilium
2444 1313 2587 1380 dedi,
2636 1325 2694 1366 ut
2725 1315 3116 1387 adnavigantes
3168 1319 3465 1390 quidquam
3498 1321 3682 1376 damni

2124 1404 2332 1471 regioni
2363 1414 2467 1460 tua:
2498 1401 2879 1476 importarent.
2909 1405 3066 1463 Nunc
3101 1421 3280 1464 autem
3306 1413 3372 1466 ad
3422 1401 3474 1468 te
3502 1412 3683 1478 venio,

2129 1496 2313 1551 urbem
2375 1505 2538 1568 atque
2601 1497 2736 1552 adeo
2781 1499 3092 1554 universam
3143 1501 3376 1556 insulam
3435 1504 3532 1558 tibi
3577 1514 3675 1558 tra-

2127 1591 2283 1644 dens.
2356 1589 2598 1662 Supplex
2651 1607 2784 1646 vero
2841 1603 2893 1646 te
2951 1608 3068 1660 oro,
3111 1603 3170 1647 ut
3229 1596 3682 1664 quemadmodum

2129 1681 2392 1736 hactenus
2419 1684 2581 1737 rebus
2627 1684 2754 1747 tuis,
2780 1685 3077 1754 plurimum
3120 1685 3508 1742 benevolentiae
3554 1705 3683 1757 pra!-

2131 1773 2268 1839 stiti,
2317 1774 2388 1829 ita
2426 1775 2583 1829 nobis
2619 1776 2822 1846 gratias
2874 1777 3074 1832 referat
3112 1794 3228 1833 rex.
3283 1777 3405 1833 llaec
3468 1780 3684 1849 quidem

2129 1865 2272 1918 fatus
2326 1876 2429 1933 est,
2471 1874 2523 1918 et
2550 1865 2807 1937 lacrymze
2869 1866 3140 1923 cadebant
3201 1868 3410 1924 obortae
3461 1869 3685 1936 dicenti,

2127 1941 2339 2010 inscitia
2385 1957 2782 2026 oppidanorum
2810 1957 3013 2014 factum
3046 1975 3193 2028 esse,
3242 1961 3386 2031 quod
3441 1976 3547 2016 non
3575 1972 3688 2018 sta—

2127 2045 2224 2099 tim
2285 2045 2355 2101 ab
2404 2045 2559 2101 initio
2599 2063 2722 2103 cum
2777 2049 2916 2104 bona
2966 2053 3034 2103 ab
3107 2066 3230 2120 rege
3284 2051 3689 2116 nuntiarentur,

2125 2139 2355 2192 venerit.
2414 2138 2528 2194 Rex
2580 2139 2922 2210 exprobrans
2963 2141 3010 2194 ei
3067 2157 3222 2194 suam
3308 2143 3582 2196 inscitiam
3635 2154 3690 2196 et

2129 2230 2575 2304 imprudentiam,
2623 2244 2901 2304 postremo
2932 2235 3367 2289 consolationem
3413 2235 3685 2299 adhibuit,

2125 2325 2321 2396 iubens
2383 2341 2505 2381 eum
2558 2341 2680 2381 esse
2736 2325 2881 2382 bono
2939 2327 3146 2389 animo,
3203 2327 3337 2380 nihil
3382 2342 3506 2381 eum
3562 2328 3686 2382 mali

2127 2428 2349 2490 prepter
2381 2419 2434 2474 id
2468 2418 2617 2489 quod
2665 2419 2840 2489 primo
2886 2434 2996 2473 non
3047 2419 3294 2488 paruerit
3344 2419 3522 2474 edicto
3548 2422 3690 2490 regis

2131 2528 2440 2582 passurum.
2486 2511 2580 2566 llis
2637 2512 2779 2566 ultro
2845 2513 3090 2580 citroque
3117 2512 3300 2576 dictis,
3358 2513 3550 2568 urbem
3594 2529 3689 2568 rex

2129 2605 2186 2660 in
2240 2605 2498 2660 ditionem
2561 2605 2806 2676 accepit,
2862 2605 3272 2676 principemque
3309 2605 3564 2660 etiamin
3606 2623 3691 2662 re-

2131 2695 2305 2766 liquas
2354 2695 2548 2752 insula:
2597 2696 2763 2752 urbes
2838 2697 2915 2751 ire
2953 2697 3132 2767 jubet,
3194 2706 3253 2752 ιιι
3297 2714 3484 2753 earum
3537 2715 3691 2755 arces

2131 2803 2190 2843 se
2239 2785 2513 2842 dederent.
2571 2785 2673 2853 Qui
2713 2787 2939 2856 impigre
2983 2787 3139 2858 jussa
3192 2789 3335 2858 regis
3368 2802 3688 2857 capessens,

2131 2896 2238 2934 una
2293 2896 2414 2934 cum
2487 2880 2650 2950 regiis
2701 2878 2971 2949 pra=fectis
3026 2881 3189 2936 urbes
3249 2880 3407 2948 adiit,
3476 2896 3684 2953 easque

2133 2975 2245 3044 regi
2321 2973 2567 3029 tradidit.
2629 2976 2740 3030 Rex
2789 2974 3074 3039 c0ntinuo,
3130 2990 3200 3031 ne
3239 2991 3349 3045 qua
3390 2976 3685 3056 .innovatio

2135 3065 2466 3129 exoriretur,
2533 3064 2696 3120 urbes
2745 3065 2801 3119 in
2832 3065 3092 3121 ditionem
3139 3075 3392 3138 acceptas
3425 3065 3694 3136 praesidiis

468 3167 692 3239 ἔμελλεν
724 3170 757 3238 ἡ
792 3168 915 3239 δίκη
942 3169 999 3233 ἐς
1032 3168 1156 3232 τοὺς
1185 3169 1603 3239 δικαζομένους.
1661 3169 1764 3224 Τὸν
1813 3171 1871 3224 δὲ
1925 3171 2024 3224 Λέ-

2134 3159 2337 3212 firmat.
2369 3156 2755 3228 Mitylenarum
2791 3158 2936 3213 cives
2968 3157 3023 3214 in
3057 3167 3168 3214 tres
3187 3158 3465 3214 distribuit
3488 3167 3693 3229 partes.

470 3261 600 3313 σσου
623 3259 864 3330 ἡγεμόνα
912 3260 1280 3331 ἐνεγκάμενος
1321 3261 1431 3314 ἀπὸ
1479 3260 1581 3327 τῆς
1627 3261 1856 3330 πόλεως,
1890 3263 2028 3333 σύμ-

468 3367 648 3406 παντα
674 3350 892 3405 ἐκέλευε
941 3353 1266 3422 κομίζεσθαι
1304 3354 1361 3416 ὲς
1393 3354 1710 3420 Βυζάντιον.
1743 3357 2030 3428 Ἐξελόμε-

467 3465 558 3510 νος
586 3446 642 3500 δέ
672 3448 721 3500 oi
755 3446 852 3503 καὶ
871 3447 980 3500 τῶν
1027 3447 1268 3518 ἀρίστων
1307 3449 1405 3518 τῆς
1460 3449 1676 3502 Λέσϐου·
1721 3452 1919 3516 παῖδάς
1969 3469 2029 3506 τε

469 3539 564 3593 καὶ
585 3538 893 3610 θυγατέρας
923 3539 1066 3610 ἀμφὶ
1095 3540 1222 3603 τοὺς
1260 3537 1649 3609 ὀκτακοσίους,
1681 3542 1843 3605 αὐτὸς
1888 3545 2032 3615 ἀπή-

466 3631 665 3686 λαυνεν
693 3630 778 3684 ἐπ’
804 3631 980 3697 οίκου,
1003 3634 1100 3688 καὶ
1119 3633 1219 3696 τάς
1243 3650 1303 3686 τε
1357 3635 1607 3705 τριήρεις
1654 3635 1841 3706 διῆκεν
1875 3637 2034 3691 ἀπιέ-

467 3745 581 3799 ναι,
602 3725 994 3796 ἐγκαταλιπὼν
1055 3725 1216 3779 πλοῖα
1250 3727 1424 3798 μικρὰ
1473 3728 1644 3782 αὐτοῦ
1709 3747 1813 3783 που
1865 3733 1923 3784 ὲν
1965 3733 2030 3802 τῇ

467 3823 636 3893 νήσῳ.
669 3821 782 3893 Τὴν
818 3820 920 3891 μὲν
948 3819 1044 3875 οὖν
1073 3821 1310 3891 ἀδελφὴν
1338 3821 1434 3876 τοῦ
1458 3823 1749 3894 ἡγεμόνος,
1779 3825 1876 3879 καὶ
1901 3824 2034 3896 πρό-

468 3933 626 3988 τερον
651 3914 887 3970 ἀλοῦσαν
919 3916 1027 3970 ὑπὸ
1083 3915 1350 3986 βασιλέως
1381 3919 1439 3971 ἐν
1491 3917 1738 3988 Κολχίδι,
1797 3921 2034 3987 γυναῖκα

468 4005 636 4065 οὖσαν
668 4007 931 4078 βασιλέως
967 4006 1209 4072 Ἀλεξίου
1246 4007 1341 4061 τοῦ
1367 4010 1658 4082 Κομνηνοῦ
1691 4011 1791 4081 τῆς
1829 4029 2033 4083 epam-

471 4103 710 4167 ζοῦντος,
741 4103 1047 4173 ἐσηγάγετο
1067 4103 1230 4172 μέχρι
1253 4104 1397 4167 τινος
1421 4105 1476 4167 ἐς
1499 4104 1596 4176 τὴν
1625 4107 2031 4174 γυναικωνῖτιν.

470 4195 680 4249 πολλῶν
702 4195 765 4266 δὴ
796 4196 1097 4266 καλλίστην
1128 4196 1224 4249 καὶ
1253 4194 1463 4267 ὡραίαν
1529 4197 1833 4270 λεγομένην
1869 4195 2033 4268 εἶναι,

472 4285 979 4358 προαποθανοῦντος
1011 4284 1104 4339 τοῦ
1138 4286 1330 4354 ἀνδρὸς
1349 4288 1521 4356 αὐτῆς
1546 4290 1603 4340 ἐν
1636 4289 2032 4361 Τραπεζοῦντι,

471 4384 564 4434 καὶ
623 4381 791 4448 αὐτῆς
824 4381 1127 4449 γενομένης
1173 4379 1266 4430 καὶ
1300 4377 1467 4448 οὔσης
1524 4379 1720 4450 χήρας,
1771 4381 1891 4453 μεθ’
1917 4384 2036 4446 ὲνδς

471 4475 656 4537 παιδος
691 4473 785 4527 καὶ
810 4476 995 4543 μόνου.
1021 4471 1125 4526 Τὸν
1156 4472 1212 4527 δὲ
1246 4472 1411 4527 παῖδα
1441 4473 1653 4537 τοῦτον,
1681 4475 1769 4527 ὅτε
1791 4471 1903 4528 εἷλε
1935 4477 2034 4547 τὴν

470 4566 880 4639 Τραπεζοῦντα.
913 4566 1364 4634 εἰσενεγκάμενος
1396 4565 1492 4618 καὶ
1511 4566 1674 4621 αὐτὸν
1700 4568 1728 4620 ό
1755 4567 2035 4636 βασιλεὺς,

471 4664 528 4715 ἐν
558 4661 829 4732 θεραπεία
858 4677 917 4712 τε
941 4655 1056 4730 εἷχε
1097 4658 1332 4725 μάλιστα
1355 4658 1419 4730 δὴ
1451 4659 1656 4713 παίδων
1688 4660 1796 4713 τῶν
1832 4661 1890 4714 ἐν
1915 4665 2037 4726 ταῖς

472 4753 736 4825 βασιλέως
788 4754 981 4822 θύραις
1017 4751 1158 4820 μετά
1183 4767 1246 4818 γε
1273 4749 1366 4804 τὸν
1396 4749 1506 4804 ἀπὸ
1544 4750 1840 4813 Βυζαντίου
1876 4755 2039 4807 παῖδα

483 4846 830 4916 Ἀμουράτεω
859 4844 1110 4913 ἀδελφόν.
1147 4844 1260 4914 Τὴν
1300 4843 1402 4913 μὲν
1427 4843 1525 4897 οῦν
1558 4844 1837 4914 θυγατέρα
1881 4847 2038 4917 βασι-

470 4939 608 5003 λέως
641 4937 1050 5008 Τραπεζοῦντος
1081 4938 1282 4992 ’Ἅνναν
1309 4936 1630 5006 λεγομένην,
1663 4939 1757 4991 καὶ
1778 4939 2040 5008 Χριστια-

473 5031 590 5102 νὴν,
610 5029 982 5100 φυλαχθεῖσαν
1015 5027 1230 5100 ὁρισμῷ
1253 5027 1348 5084 τοῦ
1380 5027 1730 5100 κρατοῦντος,
1761 5029 2041 5100 ἡρμόσατο

2133 3249 2291 3322 Vulgi
2363 3249 2612 3306 inutilem
2685 3258 2891 3319 partem
2967 3249 3042 3305 ibi
3120 3250 3402 3324 reliquit;
3468 3249 3696 3306 alteram

2132 3339 2436 3412 peregrinis
2535 3339 2811 3394 concessit
2872 3356 2888 3396 :
2972 3337 3209 3406 tertiam,
3305 3356 3426 3412 quae
3498 3355 3698 3410 genere

2133 3444 2188 3490 et
2253 3434 2449 3506 opibus
2500 3433 2864 3506 principatum
2965 3432 3126 3506 facile
3207 3431 3508 3500 obtinebat,
3596 3433 3698 3504 By-

2133 3529 2370 3584 zantium
2415 3527 2735 3598 deportavit.
2777 3524 2991 3582 Piratas
3071 3537 3342 3582 trecentos
3414 3527 3469 3582 in
3529 3543 3699 3581 unum

2133 3618 2315 3672 locum
2366 3625 2518 3672 extra
2571 3615 2762 3673 urbem
2834 3622 3151 3671 contractos
3206 3612 3430 3670 occidit.
3467 3610 3535 3667 Et
3583 3627 3696 3690 quo

2136 3710 2296 3780 281
2360 3708 2636 3764 crudelius
2674 3707 2940 3779 perirent,
2996 3717 3228 3774 corpora
3275 3719 3463 3759 eorum
3519 3703 3700 3759 media

2134 3804 2413 3860 dissecuit.
2456 3802 2593 3856 Nam
2622 3800 2826 3872 placuit
2865 3800 2979 3870 regi
3013 3799 3313 3854 Turcorum
3341 3797 3445 3851 hoc
3501 3787 3701 3850 mortis

2134 3911 2331 3968 genere
2382 3893 2434 3950 in
2495 3893 2680 3948 hostes
2731 3890 2834 3956 uti,
2895 3899 2952 3944 ut
2990 3888 3195 3960 majore
3239 3884 3699 3968 crudelitate‘inf

2135 3989 2385 4051 terirent,
2425 3985 2679 4042 dissectis
2731 3983 3052 4052 corporibus
3092 3979 3308 4042 mediis,
3365 3977 3545 4048 gladio
3578 3977 3698 4034 dia-4

2139 4079 2446 4154 phragmati
2498 4075 2720 4134 adacto.
2759 4074 2895 4131 Nam
2927 4074 3020 4146 qui
3056 4075 3113 4129 in
3151 4073 3298 4128 hunc
3327 4071 3549 4128 modum
3585 4085 3700 4126 cae-

2137 4175 2304 4242 ditur,
2365 4173 2457 4229 diu
2495 4171 2689 4227 mortis
2736 4167 2957 4226 dolores
2987 4167 3364 4223 amarissimos
3401 4164 3703 4235 experitur.

2138 4267 2275 4323 Huic
2312 4277 2494 4322 autem
2541 4265 2684 4332 urbi,
2736 4279 2805 4319 ne
2845 4278 3010 4332 quam
3044 4259 3403 4316 defectionem
3445 4259 3694 4313 moliren-

2136 4373 2225 4418 tur
2279 4359 2492 4426 incolaa,
2535 4357 2802 4415 ducentos
2856 4358 2923 4412 de
2987 4355 3400 4426 peregrinorum
3449 4366 3702 4422 corpore,

2138 4467 2193 4512 et
2249 4464 2522 4510 trecentos
2577 4451 2843 4520 Azapides
2885 4445 3175 4518 imposuit.
3225 4443 3319 4500 His
3342 4444 3534 4498 ducem
3569 4458 3700 4496 con-

2139 4546 2313 4603 stituit
2361 4539 2670 4602 Sambiatis
2703 4538 2890 4604 filium,
2947 4538 3124 4592 virum
3188 4536 3471 4600 illustrem,
3549 4534 3708 4605 cujusr

2139 4649 2292 4713 pater
2330 4637 2384 4692 in
2427 4636 2570 4705 regis
2633 4631 2826 4686 Januis
2853 4629 3058 4700 judicis
3122 4627 3302 4683 ofﬁcio
3345 4627 3565 4682 functus
3595 4639 3709 4681 est.

2139 4742 2192 4786 et
2218 4729 2492 4801 litigantes
2529 4740 2742 4781 summa
2773 4721 3051 4793 diligentia
3077 4730 3132 4775 et
3158 4721 3459 4776 attentione
3477 4721 3707 4781 audivit.

2139 4836 2196 4882 et
2241 4820 2568 4878 sententiam
2629 4832 2845 4874 summa
2916 4813 3177 4884 aequitate
3247 4811 3489 4868 adhibita
3546 4813 3718 4874 dixit,

2144 4917 2281 4972 adeo
2337 4923 2396 4969 ut
2433 4912 2590 4967 facile
2637 4910 2844 4980 primas
2905 4908 3045 4960 inter
3069 4920 3260 4961 omnes
3296 4905 3590 4975 januarum
3620 4907 3712 4972 juv

2144 5011 2294 5067 dices
2340 5004 2644 5061 ferretJus
2679 4997 3154 5070 enimjustissime
3197 4996 3337 5055 dixit
3374 5011 3389 5051 :
3421 5007 3477 5051 et
3523 4997 3701 5052 facilis

473 5089 704 5196 Ζαγάνῳ
737 5089 813 5194 τῖῖ)
842 5089 1212 5186 δΜακεδονίας
1266 5122 1366 5192 τῆς
1392 5089 1543 5177 κάτω
1603 5089 1852 5194 ὑπάρίῳ.
1885 5143 2029 5193 γενο-

2143 5107 2496 5173 clemensque
2574 5097 2801 5153 omnino
2879 5091 3065 5148 fuitin
3120 5089 3449 5173 inveniendo
3519 5107 3722 5160 ρωποι-η

476 5217 641 5286 μένῳ,
674 5215 862 5280 ἐξότου
891 5214 988 5285 τὴν
1015 5214 1432 5285 Πελοπόννησαν
1485 5215 1650 5268 αὑτὸν
1679 5215 2034 5288 ἀφελόμενος,

472 5309 774 5378 ἐπέτρεπεν
816 5308 1088 5362 Ἀλῦάνεω
1121 5307 1296 5371 παιδὶ,
1326 5306 1406 5376 τῷ
1441 5306 1592 5361 ’Ῑυῶν
1647 5307 1948 5380 λεγομένῳ,
1986 5312 2036 5366 εί

474 5403 569 5456 καὶ
594 5400 823 5470 ὕστερον
855 5401 1158 5470 ἑχωρίσατο
1188 5398 1395 5470 ταύτην
1425 5400 1453 5452 ό
1481 5400 1700 5469 κρατῶν
1729 5400 1818 5455 ἐπ’
1844 5403 2033 5471 αὐτοῦ,

471 5493 838 5561 ἀναγκάζοντι
873 5492 1078 5562 ταύτην
1102 5491 1357 5560 γενέσθαι
1391 5492 1448 5552 ἐς
1488 5493 1586 5561 τὴν
1617 5492 1915 5562 θρησκείαν
1939 5496 2040 5550 αὒ-

2143 5199 2345 5273 quibus
2395 5170 2638 5251 damnati
2694 5188 3220 5253 subdendiiessent.
3275 5170 3434 5239 Lesbi
3512 5181 3720 5236 ducem.

2145 5303 2267 5343 eam
2317 5285 2506 5340 urbem
2542 5280 2876 5348 relinquere,
2938 5285 2992 5330 et
3023 5273 3206 5330 omnia
3258 5290 3352 5328 sua
3389 5275 3722 5345 Byzantium-

2148 5379 2454 5440 transferre
2506 5375 2686 5446 jubet.
2719 5371 2841 5442 Ipse
2871 5385 3004 5425 vero
3052 5384 3309 5424 reversus
3345 5378 3430 5424 est.
3457 5372 3718 5428 domum,

2152 5477 2359 5545 eligens
2407 5469 2512 5526 sibi
2570 5466 2892 5538 optimatum
2949 5462 3116 5518 Lesbi
3175 5476 3398 5532 pueros,
3455 5461 3596 5516 filios
3661 5471 3720 5513 cu

471 5552 717 5640 cal-Tha
750 5587 848 5654 μὲν
878 5584 970 5637 οῦν
1027 5552 1275 5653 ἦγεμόνα
1310 5583 1409 5651 τῆς
1452 5552 1719 5646 Λέσὸού,’
1747 5587 1807 5639 οὐ
1862 5588 2029 5658 πολλᾷ

2155 5569 2296 5636 ﬁlias
2342 5563 2562 5619 circiter
2592 5559 2958 5628 octingentas.
2989 5552 3265 5608 'I‘riremes
3298 5567 3514 5622 quoque
3545 5552 3714 5606 abdu-

1758 5705 2005 5772 Notulte
2044 5710 2444 5792 marginales.

543 5839 588 5873 ⁸⁷
613 5837 678 5892 ιη
697 5854 822 5906 uno,
847 5838 1038 5907 ἡσθήσ.
1121 5840 1163 5872 ³⁸
1185 5839 1250 5893 R.
1281 5834 1727 5905 ἀχθεσθήσεσοαι.
