4126 6452
427 327 534 394 519

1555 325 1870 388 LAONICI
1911 325 2572 388 CHALCOCONDYLJ‘.’

3548 319 3652 386 520
3679 349 3688 356 λι

431 439 529 502 xit,
566 437 775 492 relictis
825 445 1006 493 tamen
1048 437 1284 510 navigiis
1322 437 1632 493 minoribus
1677 443 1729 493 in
1791 439 1988 495 insula.

2101 438 2333 508 ὕστερον
2360 439 2767 506 αἰτιασάμενος,
2803 437 3064 491 συνέλαϐέ
3099 454 3160 491 τε
3221 437 3315 491 καὶ
3371 436 3655 506 καθεῖρξεν

429 531 687 584 Sororem
721 529 900 594 ducis,
938 545 1100 599 quam
1124 532 1288 584 etiam
1345 541 1502 586 antea
1543 548 1638 587 rex
1666 541 1886 602 ceperat
1930 533 1985 587 in

424 621 707 678 Colchidis
759 624 1002 692 regione,
1066 639 1293 678 uxorem
1359 624 1651 680 Alexandri
1694 623 1985 690 Comneni,

425 716 521 786 qui
556 731 651 770 rex
695 724 810 770 erat
850 715 1238 786 Trapezuntis,
1302 717 1513 772 induxit
1541 719 1595 770 in
1621 729 1984 788 gynaeceum':

425 808 699 878 siquidem
768 805 946 862 forma
1008 808 1330 864 antecedere
1373 808 1697 864 credebatur
1726 823 1792 862 eo
1852 817 1988 863 tem-

426 915 556 969 pore
589 914 796 966 omnes,
846 907 1118 970 quotquot
1145 900 1216 955 ob
1256 899 1449 956 forma:
1491 900 1815 970 elegantiam
1834 914 1986 954 com-

426 990 846 1044 mendabantur.
895 990 1124 1047 Maritus
1147 992 1267 1063 ejus
1319 1000 1686 1063 przcmortuus
1716 1004 1830 1047 erat
1861 992 1988 1046 'l'ra-

423 1093 648 1152 pezunte
679 1083 908 1152 ipsaque
938 1081 1100 1137 vidua
1166 1092 1307 1146 erat.
1354 1083 1544 1138 relicto
1589 1083 1754 1139 ﬁliolo
1801 1083 1984 1138 unico.

426 1175 536 1228 Rex
599 1183 758 1243 capta
802 1172 1170 1242 Trapezunte,
1232 1190 1460 1244 puerum
1499 1175 1645 1228 hunc
1705 1175 1982 1238 abduxitf:

431 1275 485 1318 et
535 1279 649 1334 prae
675 1265 892 1319 caneris
925 1274 1049 1334 post
1076 1279 1306 1334 puerum
1341 1264 1684 1336 Byzantium,
1713 1266 1987 1320 Amuratis

423 1353 675 1420 fratrem,
743 1355 800 1409 in
828 1355 1016 1425 januis
1066 1355 1454 1425 benignissime
1483 1354 1754 1410 tractavit.
1791 1353 1984 1409 Filiam

423 1448 798 1526 Trapezuntii.
832 1449 977 1518 regis
1012 1448 1224 1502 Annam
1251 1447 1495 1515 nomine,
1521 1456 1576 1502 et
1616 1447 1983 1502 Christianam

422 1541 747 1595 cnstoditam
782 1557 882 1610 pro
931 1541 1161 1596 arbitrio
1218 1539 1443 1595 victoris
1492 1539 1763 1596 connubio
1806 1540 1987 1608 iunxit

424 1631 661 1702 lagano,
726 1631 1005 1688 inferioris
1066 1631 1399 1688 Macedoniae
1430 1630 1705 1701 praefecto.
1762 1629 1841 1686 Ex
1877 1647 1987 1702 quo

425 1735 607 1779 autem
673 1741 796 1779 cum
869 1724 1232 1795 Peloponnesi
1300 1723 1527 1794 imperio
1580 1723 1812 1792 expulit,
1865 1739 1983 1778 eam

2091 532 2232 602 ἔχων
2262 533 2322 586 ἐν
2348 533 2588 602 φυλακῇ·
2624 532 2698 594 ὡς
2725 532 2825 601 μὲν
2858 531 2970 598 ἐγὼ
2989 532 3296 601 ἐπυθόμην,
3337 531 3412 594 ὥς
3457 531 3556 584 οὐκ
3589 531 3649 582 ἐν

2088 623 2283 694 γνώμῃ
2302 623 2575 692 ,γεγονότα
2624 623 2702 693 τῷ
2733 623 3089 694 βασιλεῖιτδν
3137 624 3387 694 ἡγεμόνα
3435 622 3647 685 τοῦτον,

2090 716 2184 768 καὶ
2216 715 2483 786 πρότερον
2533 716 2821 787 ἀχθομένῳ
2849 716 2998 786 αὐτῷ
3051 715 3146 770 ἐπὶ
3173 716 3390 778 πολλοῖς
3438 713 3649 768 ἀεικέσι

2087 823 2145 859 τε
2173 809 2267 861 καὶ
2297 809 2620 878 ἀνηκέστοις
2654 808 2836 876 ἔργοις
2867 809 3003 877 πρὸς
3025 807 3115 860 τὸν
3147 806 3415 876 βασιλέως
3478 803 3648 858 οἷκον

2091 899 2247 962 ὡςδὲ
2313 899 2403 952 ὑπ’
2435 901 2614 953 ἄλλων
2657 900 2896 968 λέγεται,
2944 900 3114 954 παῖδα
3162 899 3499 966 διαφυγόντα
3551 895 3653 956 τὰς

2092 989 2356 1060 βισιλέως
2385 988 2577 1060 θύρας,
2616 991 2910 1058 ἀφικέσθαι
2941 991 3038 1043 ἐπὶ
3066 989 3154 1043 τὸν
3189 988 3398 1043 Λέσϐου
3455 986 3651 1039 τοῦτον

2089 1086 2354 1154 ἡγεμόνα,
2385 1085 2478 1136 καὶ
2517 1083 2924 1153 μεταὸἀλλοντα
2981 1085 3042 1147 ἒς
3077 1083 3176 1151 τὴν
3207 1081 3503 1151 Θρησκείαν
3554 1076 3652 1130 τοῦ

2101 1175 2297 1246 Ἰησοῦ,
2324 1175 2578 1243 γενέσθαι
2613 1176 2837 1230 παιδικὰ
2877 1173 3066 1230 αὐτοῦ.
3143 1173 3232 1236 Ὠς
3283 1172 3340 1226 δὲ
3377 1171 3409 1242 ἡ
3444 1169 3649 1230 Λέσϐος

2089 1269 2252 1334 ἑάλω,
2282 1268 2374 1320 καὶ
2403 1269 2459 1331 ἐς
2483 1268 2775 1332 Βυζάντιον
2804 1267 3037 1336 ἐγένετο,
3069 1264 3408 1337 ἐπηλέληστὸ
3461 1279 3523 1316 τε
3548 1260 3647 1314 τοῦ

2089 1359 2280 1422 παιδὸς
2301 1360 2328 1412 ὁ
2347 1358 2591 1429 ἡγεμὼν,
2619 1357 2685 1389 ³⁸⁸
2717 1357 2813 1411 καὶ
2841 1355 3033 1428 δώροις
3053 1357 3275 1428 πέμψας
3307 1357 3381 1422 ὼς
3402 1355 3647 1426 βασιλέα,

2089 1450 2408 1518 ἐπέγνωκάν
2431 1467 2491 1504 τε
2521 1450 2569 1502 oi
2609 1449 2817 1516 παῖδες,
2883 1451 2976 1504 καὶ
3016 1450 3231 1518 ἐξεῖπον
3292 1450 3370 1518 τῷ
3421 1449 3651 1519 βασιλεῖ.

2090 1541 2208 1595 Καὶ
2241 1542 2334 1595 τὸν
2365 1540 2463 1610 μὲν
2496 1541 2658 1595 παῖδα
2695 1543 2948 1612 κατέσχε,
2981 1543 3076 1595 καὶ
3101 1542 3195 1594 τὶν
3215 1540 3464 1610 ἡγεμόνα
3499 1541 3656 1592 συνέ-

2089 1635 2218 1687 λαόὲ
2246 1653 2328 1699 τε,
2364 1638 2457 1689 καὶ
2479 1639 2537 1690 ἐν
2560 1637 2779 1706 δεσμοῖς
2820 1637 3119 1708 ἐποιήσατο
3169 1637 3289 1704 ἅμα
3321 1635 3398 1704 τῷ
3447 1633 3655 1704 ἀνεψιῷ

2091 1724 2303 1795 Λουκίῳ
2323 1724 2399 1794 τῷ
2432 1729 2530 1796 τῆς
2585 1727 2748 1780 Λίνου
2800 1727 3078 1796 τυράννῳ,
3125 1726 3280 1780 παιδὶ
3352 1725 3656 1794 γενομένῳ,

427 1817 654 1871 Albanis
721 1817 853 1881 lilio,
915 1817 1003 1871 cui
1066 1815 1196 1888 lyon
1259 1831 1459 1870 nomen
1507 1823 1646 1880 erat,
1717 1814 1985 1872 tradidit:

2093 1817 2183 1870 καὶ
2213 1819 2794 1890 συγκατεργασαμένῳ
2816 1819 2893 1890 τῷ
2923 1820 3157 1889 ἡγεμόνι
3213 1820 3305 1872 τὸν
3350 1817 3444 1870 τοῦ
3500 1817 3658 1870 ἀδελ-

425 1907 675 1976 quamvis
713 1922 834 1962 eam
871 1907 1137 1978 deinceps
1183 1907 1455 1977 acceperit
1503 1907 1756 1971 vincens,
1797 1922 1990 1977 coege—

429 1999 610 2070 ritque
639 2014 791 2054 suam
826 1999 1141 2069 religionem
1193 2012 1499 2054 assumere.
1563 1996 1716 2053 Haud
1756 1998 1986 2053 multum

429 2091 744 2146 intercessit
777 2091 1067 2161 temporis,
1117 2099 1172 2146 et
1197 2089 1393 2146 Lesbio
1433 2091 1560 2146 duci
1615 2089 1802 2146 nescio
1846 2089 1988 2161 quod

421 2182 633 2237 crimen
670 2184 914 2254 impegit,
943 2193 1269 2253 captumque
1300 2184 1352 2237 In
1393 2183 1610 2240 vincula
1656 2182 1824 2238 dedit.
1882 2166 1993 2254 Ego

423 2276 645 2346 quidem
697 2276 904 2341 audivi,
966 2290 1093 2330 eum
1126 2275 1177 2330 in
1237 2290 1513 2330 carcerem
1566 2291 1690 2331 esse
1746 2285 1987 2346 raptum.

425 2365 572 2430 quod
627 2365 949 2435 displiceret
980 2364 1117 2434 regi,
1159 2375 1213 2419 et
1240 2363 1351 2433 jam
1385 2365 1516 2418 olim
1548 2364 1650 2434 ipsi
1694 2363 1862 2419 fuerit
1909 2367 1988 2418 in-

425 2457 576 2511 visus
641 2466 864 2526 propter
909 2455 1076 2509 multa
1118 2463 1171 2509 et
1206 2455 1550 2509 intoleranda
1585 2455 1750 2518 mala,
1789 2455 1987 2525 quibus

427 2549 632 2617 regiam
685 2547 945 2601 familiam
988 2547 1276 2600 aﬂecisset.
1342 2545 1568 2610 Verum,
1603 2556 1662 2600 ut
1712 2547 1802 2600 alii
1860 2563 1984 2617 pcr-

428 2638 640 2704 bibent,
706 2639 866 2698 banc.
914 2639 1057 2707 quod
1106 2637 1160 2692 in
1215 2652 1491 2693 carcerem
1550 2638 1831 2708 conjectus
1889 2640 1983 2704 sit,

2087 1909 2188 1980 φοῦ
2213 1911 2394 1978 φόνον,
2426 1909 2522 1964 καὶ
2569 1910 2667 1980 τὴν
2709 1911 3006 1981 ἡγεμονίαν
3041 1911 3178 1981 ἅμα.
3213 1912 3288 1964 Οὐ
3321 1911 3457 1964 πολῦ
3515 1912 3651 1976 μὲν-

2087 2018 2168 2054 τοι
2205 1999 2433 2068 ὕστερον
2491 2001 2688 2072 ξυνέϐη
2751 2003 2846 2056 καὶ
2880 2003 3000 2056 τότε
3067 2003 3272 2064 αὐτοῖς.
3323 2003 3415 2066 Ὣς
3447 2001 3558 2070 γὰρ
3597 2003 3658 2052 ἐν

2087 2093 2280 2164 ἀπόρῳ
2305 2094 2718 2162 καθεστήκεσαν
2743 2094 2933 2164 ἄμφω,
2961 2095 3060 2146 οὐκ
3106 2094 3306 2156 ειδότες
3340 2094 3446 2163 ὅπη
3481 2093 3660 2146 ἀπαλ-

2091 2181 2262 2252 λαγὴν
2296 2180 2568 2253 εὕρωνται
2607 2183 2706 2254 τῆς
2733 2185 2976 2255 εἱρκτῆς,
3012 2186 3336 2252 ἀνήνεγκαν,
3366 2183 3440 2246 ὡς
3504 2185 3560 2244 ἐς
3585 2185 3658 2236 τὰ

2092 2273 2298 2343 πάτρια
2329 2275 2396 2328 τὰ
2451 2274 2713 2344 Τούρκων
2766 2276 2903 2330 ίέναι
2955 2276 3257 2347 ἀμφότεροι
3315 2275 3663 2345 προθυμοῦν-

2087 2381 2197 2418 ται.
2232 2365 2340 2418 Καὶ
2364 2366 2524 2429 αὐτὸς
2541 2366 2640 2437 μὲν
2657 2366 2907 2436 βασιλεὺς
2927 2369 3115 2438 ἐσθῆτί
3132 2385 3188 2421 τε
3216 2367 3543 2437 ἐδωρήσατο,
3561 2371 3663 2420 καὶ

2087 2455 2275 2526 τιάρᾳ.
2294 2459 2385 2510 καὶ
2403 2459 2830 2528 περιτεμόμενος
2844 2459 3159 2528 ἐλευθέρους
3181 2459 3392 2528 ἀφῆκεν
3415 2459 3506 2510 ἐπὶ
3522 2461 3666 2527 ἡμέ-

2093 2563 2189 2618 ρας
2203 2548 2264 2600 οὐ
2281 2549 2502 2610 πολλάς.
2527 2549 2683 2603 Μετὰ
2705 2549 2760 2602 δὲ
2781 2548 2955 2602 ταῦτα
2975 2549 3173 2603 αὐτίκα
3192 2545 3344 2612 αὖθις
3362 2553 3415 2611 ἐς
3433 2550 3668 2619 εἱρκτὴν

2093 2639 2477 2707 ποιησάμενος,
2497 2639 2760 2708 κατέσχεν
2782 2637 2875 2700 ἐςό
2893 2636 2957 2708 δὴ
2979 2636 3301 2705 ἀπαγαγὼν,
3322 2635 3661 2703 κατέσφαξε.

424 2730 638 2799 accipio
675 2744 798 2784 esse
845 2742 1091 2783 causam.
1140 2724 1344 2782 Ferunt
1397 2743 1629 2799 puerum
1681 2729 1971 2799 quemdam
2013 2730 2303 2802 fugientem
2374 2729 2572 2799 januas
2644 2733 2824 2800 regis,
2881 2730 3091 2784 venisse
3146 2732 3210 2784 ad
3272 2733 3416 2786 hunc
3496 2729 3665 2783 Lesli

423 2825 643 2878 ducem.
707 2822 880 2891 Quem
963 2821 1055 2878 ubi
1114 2821 1444 2879 Christiana:
1515 2823 1794 2894 religionis
1873 2824 1980 2880 ﬁde
2017 2825 2234 2892 imbuit,
2288 2839 2396 2879 non
2429 2823 2695 2878 dubitavit
2759 2822 3075 2892 turpissimo
3142 2840 3325 2878 amore
3395 2824 3666 2893 polluere.

425 2917 701 2986 Occupata
765 2924 947 2971 autem
1004 2912 1201 2980 Lesbo.
1245 2931 1370 2972 cum
1415 2914 1670 2985 princeps
1700 2913 2019 2986 Byzantium
2069 2915 2317 2980 abiisset,
2349 2914 2502 2984 pueri
2538 2913 2739 2968 oblitus
2775 2923 2879 2969 est.
2911 2915 3044 2968 Eum
3113 2915 3276 2985 282
3346 2914 3487 2968 inter
3539 2931 3663 2966 mu-

425 3023 558 3062 nera
593 3008 841 3077 quaedam
883 3007 1114 3064 missum
1148 3007 1215 3061 ad
1272 3020 1476 3076 regem,
1527 3005 1661 3075 regii
1705 3004 1862 3076 pueri
1912 3012 2274 3074 agnoverunt,
2330 3017 2556 3072 remque
2615 3002 2729 3072 regi
2791 3003 3195 3074 signiﬁcarunt.
3255 3003 3365 3057 Rex
3432 3020 3664 3072 puerum

424 3098 648 3166 quidem
677 3099 900 3153 retinuit
932 3118 946 3153 :
982 3100 1177 3154 ducem
1223 3097 1386 3167 cepit,
1413 3096 1546 3150 etin
1588 3110 1864 3151 carcerem
1897 3096 2073 3162 duxit,
2133 3111 2238 3150 una
2324 3110 2447 3149 cum
2482 3095 2809 3150 consobrino
2885 3095 3006 3166 ejus
3053 3095 3246 3158 Lucio,
3319 3095 3443 3150 {Eni
3507 3097 3665 3166 prin-

425 3194 587 3257 cipe:
619 3194 713 3263 qui
762 3209 886 3249 cum
938 3195 1132 3251 fuisset
1186 3209 1340 3264 puer,
1398 3191 1562 3249 Lesbi
1583 3192 1885 3263 principem
1923 3193 1977 3248 in
2014 3193 2262 3248 necando
2309 3191 2478 3247 fratre
2523 3201 2580 3247 et
2608 3193 2848 3260 parando
2911 3194 3216 3270 principatu
3277 3201 3499 3250 strenue
3562 3198 3668 3248 ad-

425 3289 668 3357 juvarat.
720 3288 832 3345 Nec
871 3289 1045 3346 multo
1075 3299 1200 3362 post
1247 3289 1478 3345 Lesbum
1522 3301 1761 3360 captam,
1825 3290 1879 3344 in
1933 3289 2074 3346 hanc
2138 3290 2392 3346 miseram
2431 3288 2699 3360 provoluti
2754 3298 2885 3343 sunt
2953 3290 3358 3344 necessitatem.
3423 3288 3559 3348 Cum
3606 3292 3663 3346 iu

428 3391 646 3433 summo
691 3379 814 3434 vita:
846 3388 1034 3435 essent
1089 3379 1255 3435 ambo
1283 3378 1620 3446 discrimine,
1677 3379 1826 3436 dubii
1872 3396 1979 3450 quo
2009 3395 2067 3436 se
2099 3379 2858 3448 verterent,pronuntiarunt
2933 3397 2993 3436 se
3047 3378 3351 3437 ancorum
3425 3384 3665 3452 religio-

427 3491 551 3530 nem
572 3483 976 3546 assumpturos.
999 3473 1116 3530 Rex
1140 3475 1359 3547 quidem
1390 3477 1603 3534 donans
1651 3491 1748 3533 eos
1775 3477 1971 3532 vestitu
2013 3485 2068 3532 ct
2133 3476 2291 3542 tiara,
2343 3491 2440 3533 eos
2501 3490 2719 3546 quoque
2780 3475 3145 3544 circumcidit,
3202 3484 3256 3531 et
3309 3477 3666 3546 impunitose

425 3581 650 3624 carcere
678 3567 908 3623 dimisit.
936 3565 1047 3624 Nec
1073 3577 1254 3625 tamen
1279 3569 1374 3625 ditt
1409 3569 1513 3626 hoc
1543 3570 1743 3640 gaudio
1777 3569 1988 3625 illibato
2028 3568 2112 3624 usi
2155 3576 2303 3624 sunt.
2354 3566 2489 3624 Nam
2540 3569 2688 3624 brevi
2728 3579 2971 3640 tempore
2997 3580 3140 3640 post,
3190 3587 3283 3627 eos
3342 3573 3540 3630 iterum
3604 3581 3661 3631 in

421 3675 700 3715 carcerem
735 3659 896 3715 condi
920 3659 1107 3731 jussit,
1157 3661 1470 3732 etdiligenti
1503 3662 1756 3719 custodia
1785 3663 1974 3718 tandiu
2022 3662 2348 3727 asservavit,
2407 3665 2579 3719 donec
2647 3662 2772 3717 inde
2816 3662 3081 3718 abductos
3163 3665 3382 3734 capitali
3449 3670 3664 3739 suppli-

421 3759 513 3812 cio
540 3753 799 3812 amceret.

488 3848 603 3904 isto
632 3864 777 3905 anno
807 3863 900 3908 rex
929 3847 1012 3904 bis
1029 3847 1082 3903 in
1114 3847 1360 3904 militiam
1393 3847 1669 3918 profectus
1685 3857 1791 3914 est,
1824 3845 1988 3902 semel

2170 3842 2275 3898 Τὸν
2313 3842 2413 3914 μὲν
2439 3837 2533 3897 οὖν
2564 3841 2810 3897 ἐνιαυτὸν
2835 3843 3043 3906 τοῦτον,
3101 3844 3182 3909 δὶς
3213 3847 3372 3910 αὐτὸς
3427 3850 3665 3918 ἐκστραε

419 3952 614 3999 contra
646 3939 842 4004 Dacos.
879 3942 1075 3998 iterum
1119 3949 1312 3996 contra
1376 3937 1632 4003 Lesbum;
1688 3947 1994 4008 ctutraque

441 4033 585 4091 bella
619 4034 852 4091 confecit
874 4035 1064 4090 eodem
1115 4047 1284 4098 anno;
1337 4029 1618 4102 hiemsque
1680 4029 1992 4094 advenerat,

425 4135 716 4196 antequam
748 4125 975 4181 domum
1025 4124 1204 4178 redire
1233 4131 1435 4193 posset.
1476 4119 1548 4176 Ea
1592 4122 1754 4192 igitur
1817 4122 1995 4176 hieme

427 4227 674 4272 versatus
697 4214 944 4287 Byzantii
1009 4214 1239 4270 classem
1291 4213 1612 4269 adornabat.
1671 4213 1996 4269 Exstruebat

424 4308 648 4380 templa;
687 4303 990 4362 adiﬁcabat
1015 4304 1214 4376 regalia
1276 4302 1496 4372 palatia,
1547 4303 1847 4372 urbemque
1873 4319 1993 4358 eam

423 4402 528 4458 sibi
564 4400 971 4457 accommodari)
995 4397 1063 4452 ad
1095 4395 1307 4450 navalia
1341 4395 1522 4465 praelia
1536 4395 1760 4451 reddere
1784 4395 1836 4450 in
1867 4395 1992 4450 ani-

426 4513 516 4551 mo
553 4495 912 4552 constituerat
953 4507 967 4544 :
1035 4499 1095 4544 nt
1120 4497 1332 4559 posset,
1362 4487 1643 4558 siquando
1704 4503 1835 4543 usus
1860 4503 1991 4558 pos-

423 4589 643 4650 tularet,
677 4582 1095 4640 memorabilem
1128 4581 1356 4636 classem
1392 4579 1515 4635 inde
1546 4580 1598 4634 in
1637 4594 1785 4635 mare
1822 4580 1992 4635 dedu-

421 4695 571 4737 cere.
601 4677 696 4732 His
728 4675 1149 4746 cogitationibus
1202 4674 1464 4738 intentus,
1515 4673 1719 4727 invenit
1740 4687 1797 4727 se
1837 4671 1993 4728 facile

425 4783 590 4839 posse
621 4770 959 4838 superiorem
993 4780 1114 4820 esse
1137 4764 1404 4825 hostibus.
1444 4763 1490 4818 si
1529 4775 1678 4817 mare
1707 4763 1858 4817 solus
1893 4763 1985 4816 ob-

430 4862 616 4915 tineat.
650 4862 846 4915 Animo
873 4860 1199 4928 conceperat
1235 4865 1516 4912 exstruere
1573 4866 1629 4911 et
1693 4855 1854 4909 aliam
1879 4871 1993 4910 mc—

427 4951 775 5013 morabilem,
809 4958 931 5020 post
963 4947 1318 5018 Propontidis
1343 4938 1764 5017 Laamoco‘piam.
1800 4961 1984 5002 arcem

429 5043 672 5116 Byzantii
710 5042 1059 5096 mirabilem:
1096 5059 1262 5113 quam
1292 5043 1644 5100 exaedificavit
1666 5042 1816 5111 juxta
1871 5057 1995 5111 por-

2098 3936 2435 4004 τευσάμενος
2466 3932 2746 4006 βασιλεὺς,
2774 3935 2875 4002 τὴν
2921 3936 3021 4005 μὲν
3064 3937 3159 3990 ἐπὶ
3206 3941 3389 4003 Δᾶκας
3437 3941 3656 3996 έλευσιν

2101 4029 2420 4098 ἐποιήσατο,
2447 4028 2545 4099 τὴν
2567 4027 2623 4080 δέ
2656 4028 2998 4085 ἐπὶΛέσὸον.
3037 4030 3148 4083 Καὶ
3193 4030 3449 4086 ἐτελεύτα
3505 4035 3659 4105 αύτῷ

2097 4124 2152 4184 ες
2172 4121 2262 4174 τδν
2284 4120 2529 4192 χειμῶνα
2558 4121 2747 4174 τοῦτον
2772 4121 2807 4192 ἡ
2835 4122 2920 4174 ἐπ’
2948 4121 3102 4174 οίκου
3159 4124 3490 4197 ἅνακομιδή.
3547 4129 3657 4183 Καὶ

2096 4214 2187 4268 τὸν
2223 4215 2326 4282 μὲν
2348 4212 2595 4282 χειμῶνα
2618 4212 2674 4263 ἐν
2703 4211 2984 4282 Βυζαντίῳ
3031 4213 3342 4285 διατρίὸων,
3405 4220 3663 4274 ναυτικόν

2095 4322 2152 4357 τε
2177 4304 2497 4374 ἐξηρτύετο,
2534 4303 2628 4355 καὶ
2652 4303 2708 4364 ἐς
2747 4302 2838 4354 τὸν
2864 4302 3116 4366 Εὔξεινον
3179 4305 3370 4358 πόντον
3417 4309 3662 4378 ἐναυπηο

2102 4397 2252 4464 γεττο
2270 4395 2517 4464 τριήρεις
2547 4396 2690 4464 ἀμφὶ
2716 4395 2811 4458 τὰς
2841 4395 3161 4462 τριάκοντα,
3225 4396 3319 4450 καὶ
3361 4399 3663 4470 οἰκοδομῶν

2097 4489 2253 4551 ναούς
2279 4506 2338 4542 τε
2366 4488 2460 4541 καὶ
2492 4488 2757 4559 βασίλεια,
2786 4489 3001 4541 ἐπενόει
3023 4488 3121 4560 τὴν
3152 4491 3450 4553 Βυζαντίου
3499 4494 3657 4547 πόλιν

2095 4579 2244 4649 αύτῷ
2289 4581 2368 4644 εἰς
2441 4579 2509 4632 τὰ
2563 4581 2794 4634 ναυτικὰ
2823 4581 2880 4642 ἐς
2931 4584 3161 4651 πορείαν
3199 4581 3244 4614 ⁸³
3302 4584 3656 4653 παρέξεσθαι·

2095 4673 2234 4727 ὥστε
2259 4673 2408 4738 ἄξιον
2429 4672 2592 4741 λόγου
2634 4673 2885 4725 ναυτικὸν
2939 4675 2993 4735 ἐς
3025 4673 3125 4742 τὴν
3169 4674 3447 4730 θάλασσαν
3471 4677 3656 4746 ιέξαρ-

2094 4765 2341 4818 τύεσθαι.
2381 4765 2460 4836 Τῇ
2504 4765 2609 4836 γὰρ
2662 4765 2905 4835 Θαλάσσῃ
2958 4765 3306 4834 λογιζόμενος
3371 4768 3652 4839 εὕρισκεν,

2097 4854 2170 4917 ὼς
2192 4856 2238 4906 εί
2269 4857 2649 4925 ἐπικρατήσει,
2690 4859 2820 4927 ῥᾷον
2867 4857 3016 4927 αὑτῷ
3077 4861 3503 4931 παραχωρήσειν
3558 4864 3658 4916 καὶ

2097 4947 2164 5000 τὰ
2189 4947 2300 5000 τῶν
2335 4947 2631 5017 πολεμίων.
2668 4949 2954 5018 Ἐδείματο
2982 4951 3037 5003 δὲ
3066 4953 3160 5004 καὶ
3181 4953 3315 5024 ἄλλῃ
3342 4954 3468 5018 ἄξια
3490 4954 3651 5022 λόγου

2098 5039 2234 5110 μετὰ
2269 5041 2364 5111 τὴν
2424 5045 2482 5094 ἐν
2524 5043 2843 5112 Προποντίδι
2899 5045 3299 5116 Δαιμοκοπίην,
3356 5049 3460 5116 τήν
3491 5065 3544 5100 τε
3593 5051 3653 5100 ὲν

432 5150 518 5194 tas
540 5151 676 5207 quas
707 5137 916 5188 Aureas
971 5135 1382 5205 nuncupabant.
1411 5135 1752 5191 Excitavitet
1811 5143 1988 5188 turres

2094 5132 2372 5204 Βυζαντίῳ
2410 5134 2703 5204 ἀκρόπολιν
2749 5135 2913 5202 ἀξίως
2945 5136 3126 5205 λόγου,
3154 5140 3211 5200 ἐς
3267 5139 3366 5203 τὰς
3414 5142 3656 5210 χρυσέας

380 5263 382 5266 μ
429 5229 712 5290 maximas,
745 5234 800 5279 et
859 5224 1168 5294 spectaculo
1211 5227 1423 5297 dignas,
1478 5240 1686 5279 necnon
1740 5224 1988 5279 interiora

2106 5222 2443 5292 καλουμένας
2466 5223 2662 5287 πύλας·
2687 5225 2931 5294 πύργους
2964 5239 3022 5279 τε
3057 5227 3348 5297 μεγίστους
3379 5233 3475 5282 καὶ
3512 5231 3662 5296 ἀξιο-

429 5320 610 5387 regiae.
644 5328 695 5374 et
727 5317 921 5372 turrim
956 5333 1075 5386 quae
1098 5318 1271 5385 vergit
1297 5316 1365 5370 ad
1393 5317 1716 5386 Scapiorum
1751 5326 1992 5385 pontem,

430 5426 540 5479 quo
567 5412 814 5481 jungitur
848 5410 1022 5462 Axius
1053 5407 1270 5463 lluvius’.
1323 5408 1498 5462 Etiam
1555 5407 1757 5476 regiam
1811 5409 1992 5462 sedem

433 5502 788 5571 Adrianopoii
829 5502 968 5556 ultra
996 5495 1306 5566 Taenarum,
1327 5515 1433 5570 qua
1462 5498 1696 5554 llebrum
1729 5499 1988 5564 illabitur,

2102 5312 2344 5379 οεὰτους,
2378 5315 2475 5368 καὶ
2514 5316 2580 5368 τὰ
2613 5315 2762 5378 ἐντὸς
2794 5317 3065 5387 βασίλεια,
3118 5319 3210 5372 καὶ
3278 5320 3375 5390 τὴν
3408 5321 3502 5375 ἐπὶ
3551 5324 3664 5375 τῶν

2099 5406 2352 5459 Σκοπίων
2387 5409 2634 5476 γέφυραν
2668 5408 2756 5460 ἐπ’
2805 5409 2970 5479 ’Λξιῷ
2999 5409 3252 5481 ποταμῷ,
3287 5415 3380 5466 καὶ
3404 5413 3656 5484 βασίλεια

2099 5502 2157 5550 ἐν
2203 5497 2642 5566 Ἀδριανουπόλει
2687 5499 2861 5571 πέραν
2921 5499 3015 5555 τοῦ
3049 5503 3288 5575 Ταιάρου
3318 5505 3389 5574 ⁸⁸,
3437 5521 3475 5580 η
3503 5506 3568 5576 δὴ
3601 5508 3661 5571 ἐς

1705 5641 1951 5704 Notulae
1993 5639 2388 5717 marginales.

499 5774 567 5808 ⁸⁸·
595 5772 750 5826 Deest
777 5771 1000 5842 aliquid,
1039 5783 1093 5827 ut
1121 5788 1185 5828 ex
1211 5773 1641 5842 interpretatione
1674 5783 1835 5842 patet.
1915 5772 1956 5804 ’-’
1991 5770 2054 5824 In
2087 5785 2215 5835 uno,
2260 5770 2448 5840 εὐπορ.

2523 5770 2568 5802 ⁸ο
2601 5767 2690 5824 Sic
2750 5788 2844 5826 ms.
