4126 6502
376 394 485 457 521

1450 383 1542 442 DE
1579 381 1830 441 ΗΕΒυὸ
1865 378 2224 439 TURCICIS
2268 379 2410 438 LIB.
2448 373 2516 438 Χ.

3523 387 3624 446 523

375 511 472 561 τὸν
499 503 705 572 ’Ἕϐρον
751 501 966 555 ἐκδιδοῖ·
989 502 1084 553 καὶ
1113 499 1370 568 πολίχνην
1410 498 1510 566 μὲν
1572 501 1630 550 ἐν
1679 499 1745 566 τῇ
1785 496 1942 564 Ἀσίᾳ.

2069 494 2334 546 ununivit.
2355 492 2552 547 Urbem
2584 508 2800 564 quoque
2826 495 2876 547 in
2899 476 3192 564 Asia‘juxta
3217 495 3474 553 Maditum
3498 539 3512 561 ,
3537 503 3623 555 ubi

377 599 512 667 περὶ
549 595 812 654 Μάδιτον,
930 593 993 663 δὴ
1029 593 1362 644 στενώτατον
1396 589 1489 641 τοῦ
1547 588 1943 656 Ἑλλησπόντου

379 691 694 751 ἐσπλέοντι,
743 687 838 740 καὶ
877 689 936 738 ὲν
996 688 1060 754 τῇ
1124 682 1365 754 Εὐρώπῃ
1425 683 1686 749 πολίχνην
1756 681 1946 747 ἑτέραν

380 783 650 837 ἀπέναντι
675 778 776 846 τῆς
812 779 870 829 ἐν
901 776 1060 846 Ἀσία
1103 775 1390 844 πολίχνηςο
1417 773 1558 825 ὥστε
1591 770 1818 839 ἐχυροῦν
1852 770 1948 837 μὲν

386 873 535 941 αὑτῷ
559 871 659 940 τὴν
684 869 981 932 Βυζαντίου
1008 867 1186 928 πόλιν,
1213 868 1308 918 καὶ
1336 868 1428 916 τὸν
1455 861 1704 928 Εὔξεινον
1727 861 1943 913 πόντον·

393 963 686 1031 κρατύνειν
735 960 790 1013 δὲ
828 961 922 1012 καὶ
949 959 1047 1021 τὰς
1086 960 1145 1011 ὲν
1175 957 1253 1026 τῷ
1323 955 1705 1023 Ἑλλησπόντῳ
1763 951 1948 1011 πόλεις

390 1055 561 1123 αὐτῷ,
624 1051 882 1105 ναυτικὸν
927 1048 1317 1120 παρεχομένας
1361 1048 1421 1098 οὐ
1455 1047 1706 1114 σμικρόν.
1765 1044 1951 1096 Ταῦτα

383 1146 716 1216 δειμάμενος
751 1145 895 1198 κατὰ
928 1141 1028 1212 τὴν
1060 1139 1334 1209 Εὐρώπην
1359 1140 1450 1190 καὶ
1479 1138 1687 1198 Ἀσίαν,
1719 1135 1950 1204 τηλεϐό-

385 1237 510 1298 λους
543 1234 778 1300 καθίστη
815 1235 870 1294 ξς
898 1232 1068 1300 ἄμφω
1119 1228 1188 1282 τὰ
1240 1227 1489 1296 πολίχνια
1529 1225 1638 1278 τῶν
1673 1224 1950 1293 μεγίστων

385 1328 533 1397 ἀμφὶ
558 1326 686 1388 τοὺς
711 1325 1030 1389 τριάκοντα,
1052 1321 1151 1376 καὶ
1177 1320 1398 1389 ἐτέρους
1423 1320 1524 1371 οὐκ
1541 1319 1778 1384 ὀλίγους.
1806 1313 1952 1369 Ναύ-

391 1422 640 1488 σταθμον
681 1419 738 1472 δὲ
768 1418 861 1472 τὸν
897 1417 1068 1488 ταύτῃ
1113 1415 1280 1469 αὑτοῦ
1335 1415 1513 1484 χῶρον
1567 1413 1950 1482 ποιησάμενοι,

385 1515 569 1569 οὐδενὶ
615 1513 982 1582 ἐπιτρέπουσι
1035 1509 1293 1579 παριέναι
1345 1509 1455 1560 ἔσω
1487 1509 1546 1570 ἐς
1606 1506 1698 1559 τὸν
1762 1505 1950 1574 ’Ἐλλή-

391 1622 643 1669 σποντον,
689 1605 755 1658 ἂν
793 1605 867 1674 μὴ
897 1604 977 1671 τῷ
1026 1603 1205 1671 ταύτῃ
1277 1602 1507 1670 ὑπάρχῳ
1564 1599 1954 1660 ἀποϐαίνοντες

381 1699 788 1768 ὲπιφαίνωνται
823 1698 872 1748 οἱ
906 1695 1165 1758 πλέοντες
1227 1693 1358 1748 ἔσω.
1409 1693 1595 1746 Ταῦτα
1649 1693 1750 1760 μὲν
1803 1689 1954 1759 αὐτῷ

390 1791 708 1860 ἱπεποίητο,
737 1789 813 1853 ὡς
839 1790 960 1857 ἐμοὶ
993 1789 1160 1853 δοκεῖ,
1207 1786 1297 1839 διὰ
1325 1786 1418 1838 τὸν
1469 1785 1606 1855 πρὸς
1658 1783 1955 1844 υὺενετούς

2045 585 2457 654 Hellespontum
2507 586 2951 654 angustissimum
2999 587 3295 651 cernimus,
3347 593 3627 646 condidit:

2050 690 2262 728 necnon
2301 676 2534 728 aliamin
2557 678 2815 743 Europae
2839 676 3054 743 regione
3075 679 3191 744 ejus
3236 681 3386 735 urbis
3419 699 3539 751 qua:
3579 686 3631 738 iu

2047 764 2175 820 Asia
2191 766 2524 834 conspicitur
2540 767 2844 821 aediﬁcavit.
2869 769 2958 822 Ila:
2978 769 3140 824 urbes
3163 771 3398 823 conditm
3424 781 3550 826 sunt
3565 777 3629 827 ad

2047 858 2420 916 defensionem
2437 859 2699 928 Byzantii,
2731 860 2993 914 etEuxini
3024 863 3211 916 maris.
3237 862 3504 918 Praeterea
3525 881 3629 918 non

2059 953 2405 1005 mediocriter
2447 934 2759 1006 tutabantur
2811 955 2974 1009 urbes
3017 957 3069 1008 in
3101 956 3450 1025 Hellesponto
3472 961 3631 1023 sitas,

2055 1045 2357 1111 praebentes
2386 1045 2613 1098 classem
2641 1046 2782 1098 haud
2805 1051 3223 1116 aspernandam.
3249 1050 3304 1102 In
3334 1052 3479 1105 hunc
3516 1069 3633 1104 mo-

2051 1138 2182 1189 dum
2226 1148 2484 1189 terrorem
2518 1137 2735 1189 Asianis
2771 1148 2825 1191 et
2873 1139 3148 1209 Europaeis
3201 1144 3492 1209 incutiens,
3539 1148 3630 1213 qui

2054 1243 2178 1281 cum
2206 1239 2426 1298 augeret
2450 1267 2465 1290 ,
2495 1230 2546 1283 in
2568 1242 2850 1300 utramque
2871 1234 3058 1286 urbem
3088 1237 3411 1291 bombardas
3435 1239 3636 1292 invexit

2054 1320 2268 1376 circiter
2294 1323 2512 1391 triginta
2541 1326 2828 1386 maximas,
2875 1332 2929 1379 et
2964 1327 3096 1380 alias
3135 1344 3240 1381 non
3284 1346 3503 1398 paucas.
3550 1331 3629 1385 Ad

2056 1416 2170 1468 tunc
2218 1431 2338 1468 cum
2383 1426 2598 1484 portum
2655 1419 2725 1472 ibi
2793 1429 3079 1488 parassent
3127 1418 3312 1497 Turci,
3374 1425 3508 1476 nulli
3544 1425 3626 1476 iu-

2056 1513 2202 1558 trare
2232 1505 2628 1572 Hellespontum
2666 1510 3048 1575 concedebant,
3086 1512 3188 1568 nisi
3217 1515 3362 1583 prius
3407 1519 3629 1568 descen-

2054 1597 2261 1653 disscnt
2309 1602 2558 1662 navibus.
2619 1613 2672 1656 et
2723 1619 2778 1656 se
2816 1605 2916 1657 loci
2964 1605 3218 1672 praelecto
3257 1607 3632 1663 exhibuissent

2052 1692 2361 1747 visendum.
2385 1694 2558 1758 Opera
2592 1694 2705 1749 haec
2746 1697 2884 1750 haul
2914 1698 3074 1751 dubie
3118 1697 3243 1752 fecit
3276 1709 3494 1769 propter
3521 1679 3650 1755 bel-I

2059 1784 2169 1838 lum
2199 1787 2342 1854 quod
2372 1787 2532 1857 283
2557 1797 2806 1856 gesturus
2833 1800 2946 1844 erat
2984 1806 3107 1844 cum
3138 1791 3374 1857 Venetis,
3399 1795 3462 1848 ad
3490 1797 3634 1863 quod

382 1887 443 1938 oi
472 1853 724 1952 ἐσόμενον
761 1853 1016 1949 πόλεμον,
1038 1879 1096 1932 ὃν
1133 1879 1242 1949 πρὸ
1289 1877 1486 1931 πολλοῦ
1516 1853 1956 1947 *παρασκευαζό-

2069 1893 2120 1935 se
2147 1882 2521 1949 praeparabat:
2545 1891 2603 1937 ut
2635 1884 2680 1936 si
2713 1885 3008 1952 ingrueret,
3037 1902 3199 1955 quam
3241 1887 3510 1941 tutissime
3545 1889 3632 1940 isti

393 1993 579 2046 μενος,
615 1973 897 2041 ἐπετήρει,
923 1972 1069 2034 ὅπως
1091 1969 1474 2038 ἀσφαλέστατα
1503 1967 1651 2036 αὐτῷ
1673 1969 1765 2020 τὸν
1800 1967 1958 2019 πόλε-

394 2086 498 2138 μον
521 2069 828 2136 ποιήσαιτο.
867 2065 1027 2119 Ἀλλὰ
1052 2063 1228 2117 ταῦτα
1266 2063 1364 2132 μὲν
1391 2061 1547 2114 οὔπω
1605 2062 1664 2113 ὲν
1693 2060 1836 2112 τιλει
1891 2054 1959 2126 ἦν

394 2159 912 2231 παρεσκευασμένα,
939 2159 1029 2212 ὅτε
1061 2156 1152 2209 τὸν
1191 2155 1326 2225 πρὸς
1361 2153 1659 2215 Οὐενετοίις
1681 2153 1958 2222 ἀράμενος

398 2254 656 2322 πόλεμον,
692 2252 969 2318 ἐπολέμει.

477 2345 612 2396 Τότε
634 2344 689 2396 δὲ
716 2341 1110 2412 ἐπιγενομένου
1164 2340 1259 2394 τοῦ
1312 2341 1530 2409 θέρους,
1598 2336 1960 2408 ἑστρατεύετο

405 2439 504 2489 ἐπὶ
531 2436 816 2506 Ἰλλυριοὺς
865 2437 960 2489 καὶ
985 2433 1269 2502 Ἰλλυριῶν
1322 2431 1570 2502 βασιλέα.
1608 2430 1681 2483 Τὸ
1715 2429 1817 2499 μὲν
1867 2426 1961 2482 οὖν

406 2529 568 2582 τοῦτο
598 2531 748 2597 γένος
788 2526 1200 2602 Ἰλλυριῶν¹⁵⁶⁶“
1235 2525 1465 2579 παλαιόν
1479 2523 1524 2556 ⁸⁸
1555 2540 1636 2587 τε,
1663 2522 1755 2575 καὶ
1789 2524 1847 2586 ἐς
1873 2523 1964 2575 τὸν

422 2623 608 2676 Ἰόνιον
659 2622 975 2692 ᾡκημένον,
1018 2618 1382 2690 εὐδοκιμῆσαί
1416 2633 1476 2670 τε
1527 2615 1772 2685 πολλαχῆ
1829 2616 1965 2667 ἀπο-

395 2715 826 2786 μνημονεύεται.
885 2711 1190 2766 Καλοῦνται
1235 2709 1292 2765 δὲ
1350 2707 1498 2761 οὗτοι
1531 2707 1699 2762 τανῦν
1753 2706 1961 2760 Βόσνοι.

414 2808 552 2861 Ἀλλ’
597 2809 645 2860 οἱ
678 2807 778 2876 μὲν
829 2803 1133 2874 Δαλμάται,
1165 2803 1262 2854 καὶ
1312 2800 1494 2854 Μυσοὶ
1540 2800 1676 2870 ἃμα,
1707 2800 1805 2854 καὶ
1835 2801 1966 2868 Τρι-

395 2899 610 2962 ϐαλλοὶ,
647 2899 741 2951 καί
765 2896 903 2967 πρός
931 2913 995 2963 γε
1028 2895 1110 2948 ἔτι
1153 2894 1462 2964 Σαρμάται,
1493 2891 1704 2955 τούτοις
1759 2890 1966 2960 ταύτην

399 2996 571 3048 ἵενται
593 2993 691 3062 τὴν
727 2991 932 3061 φωνὴν,
981 2987 1185 3057 καὶτῷ
1227 2987 1390 3040 παντὶ
1438 2984 1856 3055 παραπλησίαν,
1890 2983 1967 3046 ὡς

407 3089 480 3156 μὴ
509 3084 764 3156 χαλεπῶς
814 3083 1057 3136 συνιέναι
1115 3081 1362 3150 ἀλλήλων
1422 3078 1643 3140 αὐτούς.
1699 3078 1860 3140 Εἰκὸς
1909 3076 1969 3128 δὲ

2061 1988 2120 2027 se
2180 1974 2557 2028 committeret.
2597 1975 2665 2028 At
2711 1990 2828 2044 qua:
2876 1979 3422 2033 commemoravimus
3475 1993 3638 2049 opera

2061 2064 2245 2120 omnia
2292 2065 2402 2133 jam
2451 2075 2607 2120 erant
2649 2068 2919 2132 absoluta,
2955 2080 3008 2123 et
3063 2071 3129 2122 ad
3177 2071 3336 2125 linem
3383 2075 3639 2141 perducta

2054 2173 2184 2213 cum
2227 2159 2438 2214 bellum
2473 2159 2734 2216 adversus
2772 2161 3005 2220 Venetos
3045 2167 3365 2237 susciperet.

2137 2347 2348 2404 Estate
2369 2359 2548 2404 autem
2571 2363 2630 2403 ea
2661 2364 2780 2418 qua:
2801 2352 3146 2420 sequebatur,
3176 2354 3315 2409 bello
3338 2355 3637 2412 lacessebat

2065 2442 2307 2512 Illyricos
2329 2451 2381 2497 et
2419 2442 2751 2513 Illyricorum
2787 2459 2987 2514 regem.
3013 2445 3194 2500 Genus
3216 2447 3320 2501 hoc
3355 2449 3633 2504 hominum

2067 2534 2350 2604 antiquum
2368 2544 2472 2598 est.
2492 2544 2544 2590 et
2562 2537 2836 2604 regionem
2860 2553 3050 2590 versus
3068 2538 3275 2592 Ionium
3301 2550 3638 2608 spectantem

2074 2629 2340 2694 incolens,
2400 2630 2720 2698 plerumque
2770 2629 2834 2683 ad
2855 2630 3154 2684 claritatem
3200 2635 3644 2703 accessisscper-

2073 2721 2308 2775 hibetur.
2337 2719 2511 2790 Vulgo
2546 2737 2692 2774 nunc
2726 2721 2885 2776 Bosni
2910 2723 3398 2778 vocantur.Verum
3432 2725 3646 2780 Dalma-

2074 2826 2160 2888 ια’,
2185 2813 2361 2885 Mysii,
2382 2816 2626 2881 'I'riballi,
2643 2816 2802 2868 etiam
2826 2815 3102 2880 Sarmatae,
3129 2818 3315 2870 eadem
3342 2817 3451 2871 fere
3485 2830 3645 2873 utun-

2075 2917 2166 2960 tur
2186 2907 2386 2977 lingua,
2405 2916 2496 2960 aut
2515 2923 2621 2960 non
2646 2908 2871 2960 multum
2904 2907 3176 2970 dissimili,
3197 2911 3384 2961 utnon
3418 2908 3646 2962 diliieul-

2073 3009 2155 3052 ter
2200 3013 2257 3053 se
2283 3009 2469 3052 mutuo
2496 2998 2822 3065 intelligant.
2853 2997 3160 3052 Verisimile
3186 3010 3368 3054 tamen
3393 3012 3496 3068 est,
3518 3001 3643 3054 illos

2073 3089 2344 3159 profectos
2376 3091 2443 3144 ab
2463 3091 2682 3159 regione
2711 3106 2831 3159 quae
2861 3105 3053 3145 versus
3081 3089 3288 3144 Ionium
3319 3103 3482 3162 patet,
3517 3112 3641 3150 cum

399 3179 610 3232 οἴεσθαι
640 3176 870 3238 τούτους
914 3175 1115 3245 μᾶλλον
1165 3173 1534 3242 ὡρμημένους
1557 3171 1666 3223 ἀπὸ
1696 3170 1798 3239 τῆς
1830 3168 1964 3238 πρὸς

2073 3181 2229 3249 pauci
2278 3195 2505 3233 numero
2531 3179 2877 3242 exsisterent,
2915 3189 2968 3233 et
2991 3181 3190 3248 ubique
3243 3184 3406 3235 rebus
3436 3185 3648 3236 fortiter

397 3272 492 3322 τὸν
531 3271 717 3322 Ἰόνιον
747 3267 931 3338 χώρας
953 3267 1107 3334 γένος
1138 3279 1199 3318 τε
1254 3263 1312 3317 ὃν
1369 3264 1536 3331 μέγα,
1574 3262 1668 3314 καὶ
1720 3261 1965 3330 πολλαχῆ

399 3360 928 3433 ἑνευδοκιμοῦν,τήν
967 3377 1028 3413 τε
1060 3359 1286 3430 Θρᾴκην
1319 3355 1630 3425 ὑπάγεσῡαι
1661 3356 1850 3424 σφίσιν
1873 3354 1970 3407 αύ-

401 3458 538 3520 τοῖς,
565 3456 660 3508 καὶ
689 3455 777 3508 τὸν
811 3455 1024 3524 Ἵστρον
1079 3451 1372 3514 διαὸάντας
1401 3448 1499 3519 τὴν
1523 3449 1624 3520 τῆς
1652 3449 1970 3520 Σαρματίας

399 3551 587 3620 χώραν
609 3549 852 3618 οἰκῆσαι,
877 3549 911 3619 ἢ
938 3548 1013 3610 ὡς
1051 3545 1185 3600 ἔνιοι
1206 3545 1433 3606 οἴονται,
1474 3543 1579 3596 ὑπὸ
1605 3543 1830 3596 Σκυθῶν
1847 3542 1968 3594 διω-

400 3645 668 3712 κομένους
689 3682 704 3705 ,
735 3641 991 3710 διαϐῆναί
1012 3657 1071 3694 τε
1105 3641 1162 3703 ἐς
1189 3639 1292 3710 τὴν
1320 3638 1412 3691 ἐπὶ
1439 3637 1563 3692 τάδε
1621 3637 1716 3689 τοῦ
1750 3636 1968 3706 Ἴστρου

403 3739 619 3809 χώραν,
642 3738 738 3790 καὶ
769 3734 1329 3804 καταστρεψαμένους
1359 3733 1460 3802 τὴν
1500 3731 1674 3803 ταύτῃ
1721 3731 1966 3801 Θράκην,

401 3833 528 3883 ἕστε
569 3830 657 3882 ἐπὶ
693 3828 862 3897 μυχὸν
888 3826 982 3880 τοῦ
1015 3827 1220 3880 κόλπου
1246 3824 1636 3895 ἀφικομένους,
1667 3825 1971 3892 ἐνοικῆσαι.

402 3924 686 3993 Θαυμάζω
739 3923 816 3987 δὲ,
873 3924 921 3974 εἰ
979 3921 1104 3983 τοὺς
1153 3919 1470 3989 Ἰλλυριοὺς,
1535 3918 1972 3985 ἀποφαινόμενος

416 4017 734 4078 ’Λλϐανοὺς,
801 4012 1152 4083 τεκμαίροιτο
1217 4027 1324 4077 τις,
1386 4008 1848 4079 συμϐαλλόμενος,
1896 4007 1973 4070 ὡς

417 4110 670 4180 Ἰλλυριοὶ
699 4111 748 4161 οἱ
779 4107 912 4176 πρὸς
931 4105 1009 4172 τῷ
1044 4102 1200 4174 μυχῷ
1225 4102 1320 4156 τοῦ
1364 4101 1549 4155 Ἰονίου
1572 4100 1860 4170 ἐχώρησαν
1882 4099 1976 4152 ἐπὶ

404 4205 508 4275 τὴν
538 4204 768 4274 ἧπειρόν
786 4219 869 4264 τε,
895 4200 990 4253 καὶ
1013 4181 1302 4261 Αἰτωλίαν,
1322 4197 1416 4248 καὶ
1438 4193 1732 4255 Θετταλίας
1764 4191 1975 4263 χώραν.

421 4298 566 4354 Ἀλλ’
597 4297 678 4349 ὅτι
711 4295 808 4366 μὲν
837 4293 946 4347 ἀπὸ
987 4291 1322 4360 Ἐπιδάμνου
1359 4289 1526 4358 μέχρι
1549 4285 1643 4339 τοῦ
1663 4284 1973 4353 Καρνερίου

409 4388 747 4458 καλουμένου
779 4387 980 4440 κόλπου
1012 4385 1209 4446 ἆπαςό
1254 4381 1430 4452 χῶρος
1485 4379 1642 4441 οὗτος
1693 4378 1976 4430 διατείνων

411 4485 510 4537 ἐπὶ
539 4482 786 4543 σταδίους
823 4481 1063 4549 μάλιστα
1102 4481 1190 4528 πα¹
1217 4473 1568 4544 τρισχιλίους,
1607 4471 1761 4538 γένος
1817 4487 1877 4522 τε
1917 4469 1976 4521 ἓν

2075 3273 2244 3342 gestis
2296 3271 2741 3337 inclarescerent,
2803 3270 3091 3326 Thraciam
3137 3273 3548 3342 perdomuisse:
3595 3286 3650 3330 et

2085 3365 2225 3420 Istro
2259 3365 2608 3426 transmisso,
2644 3363 2932 3417 Sarmatice
2970 3365 3248 3433 regionem
3283 3367 3641 3422 inhabitasse.

2075 3458 2214 3514 Sunt
2256 3471 2384 3511 vero
2409 3457 2502 3524 qui
2527 3455 2862 3509 tradunteos
2895 3470 2924 3508 a
2954 3455 3174 3526 Scythis
3201 3459 3407 3527 pulsos,
3441 3464 3649 3515 transi-

2024 3613 2030 3618 .
2075 3557 2184 3608 isse
2210 3554 2260 3606 in
2293 3551 2566 3622 regionem
2584 3568 2705 3621 quae
2730 3551 2869 3604 ultra
2889 3550 3083 3606 Istrum
3103 3552 3321 3619 colitur,
3341 3564 3394 3608 et
3423 3557 3647 3608 subacta

2074 3641 2334 3706 Thracia,
2379 3643 2444 3695 ad
2477 3642 2656 3694 sinum
2705 3657 2829 3695 eum
2855 3645 3088 3704 venisse,
3113 3642 3298 3711 ibique
3317 3646 3473 3698 sedes
3502 3645 3651 3701 lixis-

2071 3750 2152 3791 σο.
2173 3734 2340 3788 Miror
2372 3733 2734 3801 autem,un
2761 3731 2977 3801 quidam
3008 3740 3134 3786 sunt
3159 3733 3250 3801 qui
3273 3746 3496 3788 censent
3521 3736 3650 3805 Illy-

2075 3828 2220 3881 ricos
2270 3825 2508 3879 Albanos
2536 3819 2660 3878 esse
2696 3841 2708 3876 :
2743 3823 2895 3892 quasi
2925 3821 3110 3892 Illyrii,
3139 3824 3232 3890 qui
3253 3834 3439 3878 tenent
3461 3825 3641 3879 sinum

2075 3918 2229 3984 Ionii,
2251 3915 2613 3987 processerint
2642 3915 2694 3968 in
2714 3915 2852 3967 hanc
2871 3915 3264 3976 continentem,
3290 3913 3568 3979 Aitoliam,
3595 3928 3650 3972 et

2075 4005 2373 4063 Thessaliae
2409 4005 2704 4072 regionem.
2727 4003 2994 4057 Caeterum
3019 4002 3268 4058 universa
3297 4004 3385 4057 illa
3406 4005 3556 4075 regio
3581 4008 3650 4060 ab

2075 4097 2378 4168 Epidamno
2395 4111 2568 4168 usque
2591 4097 2658 4150 ad
2681 4097 2995 4150 Carnerium
3025 4098 3202 4149 sinum
3235 4098 3396 4165 (7-8),
3416 4100 3654 4168 comple-

2081 4192 2250 4245 ctitur
2280 4190 2520 4260 spatium
2557 4197 2642 4243 ter
2665 4189 2816 4243 mille
2841 4187 3163 4242 stadiorum.
3197 4189 3351 4242 Hanc
3378 4191 3651 4259 regionem

2078 4293 2226 4338 tenet
2255 4282 2542 4338 hominum
2569 4295 2744 4350 genus
2809 4295 2975 4334 unum
3008 4281 3195 4335 eadem
3229 4281 3408 4350 lingua
3469 4293 3650 4338 utens.

2075 4375 2382 4445 Porrigitur
2409 4375 2887 4430 abmediterranea
2927 4387 2985 4427 se
3013 4374 3313 4429 extendens
3359 4389 3532 4442 usque
3582 4379 3650 4429 ad

2081 4469 2606 4538 Istrum,tattingeus
2636 4468 2890 4522 Sandalis
2954 4468 3231 4535 regionem
3271 4467 3516 4521 linitimis
3550 4484 3651 4520 un-

410 4577 634 4638 ἐνοικεῖ,
675 4576 772 4628 καὶ
795 4575 860 4642 τῇ
917 4572 1056 4639 αὑτῇ
1113 4571 1262 4638 φωνῇ
1317 4566 1716 4634 διαχρώμενον,
1754 4564 1846 4615 καὶ
1885 4561 1964 4615 incl

2084 4565 2251 4633 dique
2291 4562 2550 4617 Triballis
2580 4571 2634 4615 et
2674 4561 2876 4632 Mysiis.
2908 4560 3035 4614 Ilaec
3089 4568 3268 4612 autem
3299 4559 3442 4621 dico.
3479 4564 3652 4612 maxi-

413 4668 714 4739 μεσόγαιαν
747 4666 999 4733 παρῆκον
1044 4661 1173 4729 ἄχρι
1216 4658 1310 4712 τοῦ
1346 4657 1558 4724 Ἴστρου
1583 4693 1600 4718 ,
1633 4651 1978 4723 παραμείὄόν

411 4779 474 4815 τε
504 4761 602 4830 τὴν
634 4757 728 4812 τοῦ
761 4756 1044 4810 Σανδάλεω
1068 4751 1282 4822 χώραν,
1338 4750 1431 4801 καὶ
1459 4747 1556 4799 τοῦ
1607 4745 1786 4816 ταύτῃ
1829 4743 1980 4812 βασι-

411 4855 550 4916 λέως
581 4853 854 4922 ἐχομένων
883 4848 1080 4901 αὐτίκα
1107 4848 1214 4898 τῶν
1243 4839 1566 4912 Τριὸαλλῶν
1593 4855 1654 4890 τε
1701 4838 1822 4906 ἅμα
1885 4836 1981 4888 καὶ

416 4947 643 5003 Μυσῶν.
673 4943 925 5005 Μάλιστα
961 4941 1018 4993 δὲ
1065 4936 1512 5008 συμϐαλλόμενος
1563 4933 1700 5000 ἔχων
1736 4928 1980 4998 ἀποφαί-

416 5039 627 5101 νεσθαι,
652 5037 738 5089 διὰ
766 5035 827 5086 τὸ
871 5035 964 5085 ἐπὶ
1001 5031 1143 5100 μέγα
1178 5030 1236 5082 τὸ
1273 5025 1570 5095 Ἰλλυρικὸν
1611 5023 1765 5089 γένος
1799 5021 1980 5089 χωρῆ-

418 5149 512 5184 σαι
539 5130 844 5196 δυνάμεως,
901 5125 996 5177 καὶ
1042 5126 1138 5175 ἐπὶ
1181 5120 1352 5174 πολλὰ
1403 5119 1574 5186 ταύτῃ
1619 5115 1982 5182 σκεδασθῆναι

416 5223 520 5292 τὴν
543 5221 790 5292 Θρᾳκην,
833 5217 1126 5286 ἰλλυριοϋς
1163 5213 1361 5282 μᾶλλον
1387 5211 1447 5264 τὸ
1485 5209 1639 5277 γένος
1667 5207 1827 5260 τοῦτο
1845 5202 1986 5257 εἶναι

418 5319 455 5385 ἢ
488 5313 794 5372 meum;
831 5310 1162 5375 Συντιϐεμαι
1197 5307 1254 5357 δὲ
1296 5303 1390 5356 καὶ
1421 5301 1651 5361 ἐκείνοις
1703 5298 1900 5364 ἔγωγε,
1932 5294 1983 5348 οἳ

419 5409 696 5479 φάσκουσι
744 5404 805 5455 τὸ
867 5401 1161 5469 Ἰλλυρικὸν
1209 5398 1365 5465 γένος
1433 5396 1605 5464 ἴσχειν
1682 5390 1832 5459 αὑτῴ
1882 5391 1980 5459 τὴν

2088 4659 2341 4709 mehanc
2370 4653 2743 4721 conjecturam
2797 4661 3038 4712 secutus,
3070 4650 3214 4718 quod
3268 4657 3482 4702 constet
3533 4648 3652 4718 Illy-

2089 4748 2200 4800 rios
2233 4746 2300 4798 ad
2322 4759 2573 4813 magnam
2615 4741 2908 4811 potentiam
2968 4739 3275 4800 devenisse,
3309 4747 3363 4790 et
3393 4738 3445 4791 in
3479 4737 3652 4792 multa

2089 4838 2208 4892 loca
2237 4851 2331 4905 per
2351 4833 2639 4888 Thraciam
2663 4846 2783 4885 esse
2820 4831 3118 4899 dispersos.
3175 4827 3411 4882 Proinde
3481 4833 3656 4900 magis

2089 4929 2271 4995 credo,
2298 4941 2393 4981 eos
2419 4927 2600 4994 potius
2632 4923 2842 4994 Illyrios
2877 4936 3042 4991 quam
3089 4921 3329 4976 Albanos
3397 4923 3657 4978 dicendos

2087 5040 2230 5080 esse.
2272 5024 2554 5078 Assentior
2586 5031 2843 5090 praeterea
2869 5027 2922 5072 et
2951 5018 3078 5080 illis,
3130 5019 3222 5086 qui
3293 5018 3504 5088 Illyrios
3563 5035 3658 5072 no-

2094 5129 2219 5169 men
2255 5113 2324 5166 ab
2361 5114 2582 5180 regione
2614 5109 2844 5164 traxisse
2871 5117 3207 5164 asseverant.
3268 5108 3403 5162 Nam
3432 5110 3569 5162 inter
3596 5123 3655 5161 se

2091 5205 2279 5270 divisi,
2320 5205 2411 5258 alii
2441 5206 2600 5258 aliam
2665 5204 2718 5256 in
2767 5217 2864 5256 usu
2913 5196 3153 5271 linguam
3197 5201 3417 5255 habent.
3472 5200 3658 5267 Itaque

2094 5315 2218 5353 cum
2245 5298 2480 5367 plurima
2504 5295 2787 5352 hominum
2831 5308 3028 5364 genera
3061 5294 3132 5347 ibi
3178 5294 3424 5348 habitent
3462 5292 3660 5360 linguae

2097 5407 2199 5447 usu
2225 5391 2367 5446 inter
2399 5406 2458 5447 se
2526 5389 2940 5457 diversapreor
2985 5385 3121 5442 istos
3148 5385 3200 5441 id
3245 5384 3482 5441 nominis
3522 5397 3663 5452 ,esse

1677 5508 1924 5569 Notulae
1957 5505 2358 5583 marginales.

503 5653 644 5723 (7-8)
677 5649 777 5717 Qui
809 5659 863 5702 et
894 5648 1156 5702 (Iaruicus
1191 5645 1417 5699 dicitur.

505 5799 616 5833 “4'
649 5795 919 5865 Ἰλλυριοὶ,
954 5794 1028 5846 sic
1063 5792 1222 5845 etiam
1260 5789 1322 5842 R.

761 5898 1041 5958 Ριτιιοι.
1083 5892 1126 5950 G
1141 5911 1201 5953 tt.
1248 5883 1444 5947 CLIX.

1400 5789 1443 5821 ⁸²
1479 5788 1722 5854 Πιλαεοὶ,
1754 5784 1811 5838 R.
1846 5788 1973 5838 utin
2001 5802 2044 5841 ε.

3172 5845 3261 5925 Π
