4126 6446
428 349 543 413 5‘25

1437 359 1541 421 DE
1576 362 1826 424 ΗΕΒῦὸ
1855 362 2216 424 TURCICIS
2249 358 2510 430 LIB.'X.

3578 370 3681 431 526

427 469 677 534 ἐπέδειξέ
705 485 765 522 τε
800 468 989 523 τοῦτον
1026 472 1250 541 βασιλέα
1278 475 1376 542 τῆς
1399 478 1602 546 χώρας.
1635 482 1741 532 Καὶ
1773 481 1999 553 Ἰσαάκῃ

2107 496 2256 546 runt.
2281 486 2376 556 qui
2407 487 2554 541 hunc
2579 487 2813 557 regionis
2867 501 3053 557 regem
3121 486 3439 541 declaravit.
3497 485 3683 541 lsaaca

424 562 506 633 τῷ
533 562 787 612 Σκοπ⁸ων
813 562 1047 632 ὑπάρχῳ
1081 564 1374 635 όμοροὸντί
1414 584 1473 620 τε
1491 572 1548 633 ἐς
1580 571 1679 640 τὴν
1709 572 1817 626 τῶν
1839 574 2009 629 Ἱλλυ-

430 651 567 721 ριῶν
594 650 807 719 χώραν,
844 653 997 714 ὅπως
1032 655 1182 724 αὑτῷ
1212 660 1481 730 τιμωρῶν
1513 665 1929 721 συνεπιλάόοιτο
1952 670 2011 733 ἐς

430 743 530 813 τὴν
552 744 905 811 ἡγεμονεεαν.
929 747 1040 799 Kal
1064 749 1301 818 στρατὸν
1330 752 1483 823 αὐτῷ
1505 757 1884 827 παρεχόμενος
1914 760 2010 813 ἐπὶ

438 835 563 891 τοὺς
590 835 873 904 ἀδελφοὺς,
909 838 1008 902 τήν
1044 855 1105 891 τε
1133 841 1323 911 χώραν
1353 843 1532 914 ἐδῄου,
1595 849 1691 901 καὶ
1731 850 2009 920 ἠνδραποο

439 924 627 988 δίζετο.
656 927 767 978 Καὶ
798 927 966 980 αὑτὸν
996 930 1053 992 ἐς
1088 933 1191 999 τὴν
1232 933 1518 1001 βασιλείαν
1585 942 2010 1013 καταστησάμε-

437 1036 613 1088 μενος,
635 1020 898 1087 ἐπολέμει
925 1024 1037 1084 τοῖς
1076 1023 1349 1093 ἀδελφοῖς,
1375 1028 1492 1095 ἅμα
1515 1029 1652 1098 τῷδε
1696 1031 1776 1098 τῷ
1840 1031 2007 1085 ’ἰλλυ-

434 1112 567 1181 ριῶν
595 1112 828 1183 βασιλεῖ.
890 1115 1002 1168 Kal
1044 1117 1279 1171 πλεῖστα
1329 1119 1386 1172 δὲ
1428 1121 1637 1191 ταύτης
1668 1125 1769 1190 τῆς
1821 1124 2006 1196 χώρας

428 1206 743 1275 ἀνδράποδα
766 1207 1030 1276 ἀγόμενοι
1061 1209 1111 1261 οἱ
1163 1208 1402 1281 Τοῦρκοι
1431 1212 1502 1277 δ’,
1557 1215 1764 1286 ταύτην
1802 1218 2005 1288 ὅμορον

428 1297 706 1360 οἰκοῦντες
737 1297 837 1366 τὴν
868 1300 1076 1369 χώραν.
1108 1302 1311 1357 Πασῶν
1338 1304 1397 1357 δὲ
1420 1305 1531 1359 τῶν
1562 1307 1773 1361 πόλεων
1794 1310 2005 1380 ἀρχῶν,

424 1382 501 1442 ὧν
534 1390 696 1458 ἡμεῖς
731 1390 889 1459 ῐσμεν
926 1392 1240 1461 ἀνδράποδα
1269 1395 1332 1459 ἐς
1368 1414 1429 1449 τε
1459 1400 1561 1466 τὴν
1592 1399 1891 1472 Εὐρώπην,
1912 1403 2007 1455 καὶ

423 1483 483 1544 ἐς
511 1483 614 1552 τὴν
660 1481 847 1535 Ἀσίαν
891 1482 1239 1555 ληϊσάμενοι,
1294 1488 1621 1556 διεΰίόαζον.
1678 1494 1782 1547 Καὶ
1821 1497 2005 1560 ὲξότου

420 1575 524 1644 τὴν
552 1575 802 1629 Σκοπίων
836 1576 1018 1646 ᾤκισε
1051 1579 1232 1645 πόλιν,
1288 1584 1385 1634 καὶ
1430 1584 1641 1653 Ἰησοῦς
1674 1588 1703 1639 ό
1745 1588 2006 1642 Ἰσαάκεω

424 1671 554 1731 παῖς
592 1670 975 1739 ἐπιτροπεύων
1014 1672 1120 1725 ὑπὸ
1161 1673 1435 1743 βασιλέως
1462 1678 1666 1750 ταύτην
1688 1680 1789 1750 τὴν
1824 1684 2003 1745 πόλιν,

422 1761 500 1823 ὡς
526 1760 774 1821 πλεῖστα,
827 1754 902 1814 ὧν
950 1762 1111 1831 ἡμεῖς
1160 1764 1339 1833 ἴσμεν,
1397 1765 1489 1819 διὰ
1539 1768 1738 1821 πολλοῦ
1800 1772 1997 1841 χρόνου

424 1853 669 1923 ὲὲηῖζετο
693 1856 795 1924 τὴν
831 1855 1106 1925 Ἰλλυριῶν
1130 1859 1344 1927 χώραν,
1364 1860 1461 1912 καὶ
1497 1862 1880 1932 ἀποφέρεσθαι
1902 1864 1999 1915 ἀν·
2033 1848 2076 1905 Β

421 1949 688 2018 agema,
731 1950 831 2001 ὅσα
856 1951 929 2019 μὴ
954 1950 1021 2001 ἄν
1044 1967 1177 2003 ποτε
1227 1953 1451 2006 ἐλπίσαι
1487 1956 1739 2023 ἐνεγκεῖν
1765 1958 1868 2028 τὴν
1888 1957 2001 2028 χώ-

427 2059 530 2108 ραν
564 2044 804 2110 ἐκείνην.
833 2042 1183 2111 Πυνθάνομαι
1210 2043 1267 2096 δὲ
1299 2046 1402 2112 τὴν
1428 2045 1618 2116 χώραν
1655 2046 1866 2117 διήκειν
1893 2049 2003 2102 ἀπὸ

422 2135 525 2200 τῆς
565 2134 888 2199 Τριὸαλλῶν
916 2133 1124 2203 χώρας,
1151 2136 1247 2188 καὶ
1281 2137 1585 2207 Δοροσίκης
1635 2138 1889 2208 ποταμοῦ
1944 2141 2002 2204 ἐς

431 2227 533 2292 τὴν
563 2225 845 2279 Σαδάλεω
893 2225 1102 2297 χώραν,
1139 2227 1237 2281 καὶ
1299 2228 1395 2280 ἐπὶ
1439 2230 1530 2282 τόν
1569 2229 1756 2283 Ἰόνιον
1801 2230 2002 2285 κόλπον

447 2318 693 2382 σταδίους
722 2320 777 2381 ἐς
798 2319 1164 2382 ὀκτακοσίους
1190 2319 1237 2352 ⁸⁸
1268 2320 1329 2373 τὸ
1357 2320 1557 2390 μῆκος.
1606 2322 1678 2375 Τὸ
1702 2322 1761 2375 δὲ
1794 2323 2002 2387 πλάτος

443 2409 537 2459 ἐπὶ
564 2407 850 2477 δισχιλίους
879 2410 1119 2480 μάλιστά
1152 2426 1246 2463 ποι
1277 2411 1531 2474 σταδίους
1579 2416 1852 2484 παρήκειν
1902 2414 2004 2484 τὴν

439 2499 622 2568 χώραν
643 2504 698 2561 ἐς
727 2501 850 2563 τοὺς
879 2502 1116 2565 Παίονας
1145 2503 1241 2555 καὶ
1266 2503 1323 2566 ἐς
1353 2502 1711 2574 Τριϐαλλούς.
1746 2507 1856 2561 Καὶ
1893 2506 2003 2560 ἀπὸ

435 2592 537 2658 μὲν
590 2592 696 2644 τῶν
752 2594 793 2645 Τ
800 2592 1069 2663 ριϐαλλῶν
1115 2594 1303 2665 ἔχεται
1358 2597 1559 2651 αὐτίκα
1604 2599 1637 2668 ἡ
1694 2597 1848 2671 χώρα
1905 2600 2001 2655 τοῦ

443 2682 735 2735 Ὶσαάκεω·
773 2686 912 2751 μετὰ
946 2685 1006 2737 δὲ
1033 2689 1065 2754 ἡ
1099 2685 1193 2738 τοῦ
1224 2685 1444 2739 Παύλου
1492 2688 1668 2757 χώρα,
1698 2689 1793 2743 καὶ
1820 2691 1877 2743 αἰ
1908 2691 2004 2745 πό-

352 2768 375 2785 ⁹
428 2776 539 2836 ut;
580 2778 1008 2847 παρατείνουσιν
1067 2780 1124 2840 ἐς
1154 2778 1332 2848 αὐτὴν
1388 2779 1502 2832 τῶν
1549 2780 1827 2851 Ἰλλυριῶν
1859 2781 2004 2852 βασι-

430 2866 563 2929 λέως
594 2869 804 2937 χώραν.
845 2868 1188 2940 Ἐπολὲμουν
1217 2870 1318 2939 μὲν
1345 2865 1494 2926 οὗτοι
1512 2874 1610 2926 καὶ
1641 2873 2004 2945 πρότεροντῷ

430 2960 662 3029 βασιλεῖ.
701 2963 825 3016 ’0τέ
859 2961 960 3031 μὲν
1007 2963 1064 3025 ἐς
1121 2964 1251 3027 τοὺς
1304 2964 1664 3034 Τριϐαλλοὺς,
1697 2969 1785 3020 ὁτὲ
1812 2967 1871 3020 δὲ
1908 2969 2005 3020 καὶ

428 3056 484 3116 ἐς
516 3057 640 3116 τοὺς
696 3056 936 3118 Παίονας
997 3055 1482 3135 ταλαντευόμενοι,
1519 3059 1613 3111 καὶ
1668 3060 2003 3129 ἐπαγόμενοι

424 3147 553 3208 τοὺς
569 3146 870 3218 τὀύρκους,
901 3146 1184 3217 ἐληίζοντο
1201 3147 1305 3218 τὴν
1347 3148 1631 3220 Ἰλλυριῶν
1650 3151 1854 3219 ὅμορον
1886 3154 1999 3222 χὼ-

428 3255 553 3306 ραν.
601 3240 711 3292 Kal
747 3241 888 3309 πρὸς
934 3238 1062 3303 τοὺς
1101 3238 1438 3311 Τριϐαλλοὺς
1475 3241 1797 3311 ἐπολέμουν,
1843 3245 1937 3298 καὶ
1972 3247 2001 3299 ό

422 3332 538 3384 τῶν
569 3330 895 3402 Τριϐαλλῶν
950 3331 1181 3403 ἡγεμὼν
1227 3334 1731 3406 ἐκστρατευόμενος
1754 3336 1825 3400 ⁸⁸,
1867 3338 1999 3390 ἐπο-

420 3430 635 3495 λιόρκει
691 3426 795 3486 τὰς
852 3425 1061 3491 πόλεις,
1130 3427 1273 3496 μετὰ
1321 3427 1379 3477 δὲ
1417 3427 1594 3480 ταῦτα
1634 3431 2002 3501 σπεισάμενος

419 3522 653 3590 εἰρήνην
690 3520 848 3587 ἄγειν
876 3520 934 3583 ἐς
963 3520 1212 3583 τούτους.
1240 3520 1353 3574 Καὶ
1376 3520 1654 3590 Σανδάλης
1675 3523 1774 3591 μὲν
1789 3523 1998 3589 τούτοις

422 3616 522 3668 καὶ
555 3616 823 3683 πρότερον
878 3614 1165 3683 ἐπολέμει,
1202 3614 1299 3668 καὶ
1364 3614 1712 3684 ἐπαγόμενος
1767 3617 2000 3686 στρατόν

420 3706 518 3759 τοῦ
559 3705 848 3776 βασιλέως,
881 3706 1129 3776 ἐληίζετο
1153 3707 1255 3776 τὴν
1299 3706 1488 3778 χώραν
1533 3708 1781 3761 ἐκείνοιν.
1835 3709 1999 3760 Ὥστε

424 3801 581 3870 μόνοι
608 3800 674 3871 δὴ
722 3795 874 3852 οὗτοι
898 3799 1152 3867 ἀλλήλοις
1194 3800 1478 3870 φέροντες,
1529 3801 1624 3854 καὶ
1666 3800 1999 3871 ἐπαγόμενοι

420 3896 654 3964 στρατὸν
681 3894 930 3963 ἐπήλυδα
959 3893 1053 3946 τοῦ
1095 3893 1389 3964 βασιλέως,
1417 3892 1674 3964 μεγάλως
1712 3893 1779 3962 δὴ
1843 3892 2001 3945 ἐϐλα-

423 4004 559 4041 πτον
582 3986 731 4056 αὐτῷ
755 3987 854 4055 τὴν
882 3985 1068 4057 χώραν
1100 3984 1451 4055 ἀνδραπόδων
1480 3984 1556 4047 ὡς
1592 3983 1861 4038 πλείστων
1892 3982 1999 4036 ὑπὸ

420 4080 535 4134 τῶν
564 4081 812 4149 στρατῶν
841 4080 1210 4150 ἀπαγομένων
1244 4079 1533 4144 ἑκάστοτε,
1571 4078 1667 4130 καὶ
1692 4076 1996 4146 φθειρομέ-

418 4191 521 4242 νης
568 4173 670 4242 τῆς
723 4172 907 4243 χώρας
961 4175 1019 4235 ἐς
1071 4173 1142 4225 τὰ
1206 4171 1474 4241 μάλιστα.
1541 4170 1678 4223 Τότε
1745 4170 1846 4239 μὲν
1901 4162 1999 4221 οὖν

421 4269 521 4323 καὶ
564 4270 592 4320 ὁ
663 4268 946 4337 Ἰσαὰκης,
993 4273 1090 4319 καὶ
1148 4267 1177 4320 ό
1235 4250 1466 4327 Παῦλος,
1507 4263 1829 4332 συνθέμενοι
1859 4279 1999 4333 συμ-

422 4360 631 4434 μαχίαν
706 4359 785 4431 τῷ
871 4358 1147 4428 Ἰλλυριῶν
1228 4356 1481 4428 βασιλεῖ,
1547 4354 1851 4408 διενοοῦντο
1906 4354 2001 4407 καὶ

422 4456 582 4508 αὐτοὶ
633 4455 874 4522 πόλεμον
937 4452 1226 4507 ἀνελέσθαι
1276 4451 1356 4522 τῷ
1399 4449 1632 4519 βασιλεῖ,
1682 4449 1749 4519 ῆν
1774 4465 1828 4500 τι
1889 4449 1998 4502 ἀπὸ

426 4548 678 4602 Παιόνων
709 4546 1111 4617 καταλαμϐάνῃ
1144 4548 1271 4608 τοὺς
1306 4544 1607 4613 Τούρκους.

498 4640 762 4703 Βασιλεὺς
810 4641 867 4694 δὲ
898 4640 974 4705 ὡς
1025 4640 1248 4711 ἧλαυνε,
1296 4639 1449 4707 διέϐη
1503 4637 1605 4706 μὲν
1638 4636 1730 4688 τὸν
1785 4633 1998 4687 (306065-

419 4749 529 4802 κην
559 4730 606 4762 ⁵⁸
639 4731 906 4799 ποταμόν,
943 4730 1002 4793 ὃς
1025 4730 1125 4801 τήν
1155 4746 1215 4783 τε
1238 4729 1557 4800 Τριϐαλλῶν
1580 4731 1676 4780 καὶ
1719 4726 1997 4795 Ἰλλυριῶν

420 4826 608 4896 χώραν
639 4824 891 4893 διείργει.
924 4823 1127 4886 mea;
1192 4823 1250 4877 δὲ
1288 4823 1405 4891 sui
1449 4821 1706 4892 Ἰλλυριὸν
1751 4819 2002 4887 ποταμόν

420 4917 755 4986 ναυσίπορον
784 4915 936 4981 ὅντα,
977 4916 1128 4985 διέὄη
1158 4930 1172 4946 '
1206 4918 1234 4968 ό
1281 4915 1340 4968 δὲ
1396 4915 1562 4979 πεζὸς
1608 4913 1837 4982 στρατός
1870 4929 2003 4964 ναυ-

420 5012 531 5073 σὶν,
554 5006 620 5072 ἃς
644 5006 809 5060 αὑτοῦ
836 5006 1243 5079 ναυπηγεῖσθαι
1277 5006 1517 5060 ἐκέλευε.
1552 5005 1691 5068 Τοὺς
1721 5005 1777 5056 δε
1801 5004 2005 5065 ἵππους

421 5102 636 5170 ἀφῆκεν
662 5102 717 5163 tl;
746 5101 837 5152 τὸν
872 5100 1139 5171 ποταμὸν,
1169 5100 1429 5168 διαϐῆναι
1469 5100 1536 5151 τὰ
1585 5096 2001 5165 στρατεύματα.

437 5192 688 5260 Ἐγένετο
740 5193 796 5245 δὲ
844 5194 872 5244 ὁ
954 5195 1188 5261 στρατὸς
1242 5189 1402 5253 οὗτος
1465 5189 1561 5242 τοῦ
1619 5187 1889 5259 βασιλέως
1947 5190 2005 5250 ἐς

428 5286 833 5340 πεντεκαίδεκα
861 5286 1133 5356 μυριάδας
1166 5284 1479 5337 ίππέων.’0
1509 5284 1619 5351 γὰρ
1661 5280 1727 5352 δὴ
1772 5279 2003 5352 στρατὸς

418 5371 597 5445 οὗτος,
660 5378 803 5447 πλὴν
866 5378 978 5430 τῶν
1036 5375 1334 5448 νεηλύδων,
1399 5379 1496 5428 καὶ
1561 5374 1890 5439 Ἀζαπίδων,
1949 5372 2002 5426 οἳ

420 5470 571 5540 αὲτῷ
602 5470 1004 5539 παραγίνονται
1040 5471 1096 5533 ἐς
1126 5472 1219 5522 τὸν
1272 5469 1538 5538 πόλεμον,
1606 5468 1766 5531 πεζοὶ
1819 5466 1997 5531 ὄντες,

419 5564 517 5615 καὶ
554 5565 668 5614 ὅσοι
708 5558 1057 5630 ὑπουργῆσαι
1104 5558 1252 5628 αὐτῷ
1299 5560 1370 5612 τὰ
1400 5562 1457 5622 ἐς
1515 5560 1732 5629 χρείαν,
1788 5554 1993 5628 παρείη

2125 580 2451 650 Seopiorum
2508 578 2789 649 praefecto,
2816 581 2909 649 qui
2942 579 3211 633 llnitimus
3264 590 3382 633 erat
3437 580 3685 650 Illyricis.

2114 671 2277 726 istum
2304 670 2568 740 adjuvare
2600 669 2754 739 jubet
2783 672 2836 725 in
2861 671 3194 740 acquirendo
3222 672 3525 741 principatu
3555 690 3568 737 ;
3600 673 3687 726 hic

2112 763 2415 817 exercitum
2437 764 2685 833 praebens
2708 773 2898 818 contra
2924 763 3145 830 fratres,
3176 778 3365 817 eorum
3398 765 3676 834 regionem

2112 855 2422 918 evastabat,
2445 855 2703 924 plurimis
2759 853 2886 908 inde
2912 855 3204 909 abstractis
3241 857 3554 923 mancipiis.
3587 856 3683 907 Illo

2112 945 2280 1016 igitur
2301 961 2427 1015 rege
2480 947 2853 1017 pronuntiato,
2875 946 3078 1002 bellum
3141 948 3363 1017 gerebat
3395 962 3518 1002 cum
3576 946 3689 1001 fra-

2113 1037 2289 1092 tribus
2323 1046 2376 1091 et
2398 1052 2526 1092 eum
2552 1037 2860 1108 Illyriorqu
2901 1054 3047 1110 rege.
3070 1037 3232 1094 Turci
3265 1041 3356 1109 qui
3393 1040 3678 1093 ﬁnitimam

2110 1129 2274 1201 285
2305 1133 2454 1187 circa
2488 1135 2745 1186 tenebant
2792 1132 3092 1201 regionem,
3138 1133 3372 1200 plurima
3403 1133 3689 1186 nancisce-

2109 1219 2310 1276 bantur
2346 1225 2638 1292 mancipia.
2664 1222 2798 1277 Cum
2829 1233 3009 1277 autem
3039 1226 3247 1293 punias
3273 1237 3496 1292 agerent
3530 1241 3688 1278 man-

2109 1315 2461 1384 cipiorumcx
2495 1319 2754 1374 omnibus
2777 1334 2916 1387 quas
2940 1320 3147 1374 scimus
3170 1318 3419 1380 urbibus,
3460 1335 3521 1372 ea
3555 1334 3689 1372 con-

2110 1408 2260 1462 tinuo
2292 1410 2346 1462 in
2376 1409 2646 1479 Eumpam
2689 1419 2743 1465 et
2763 1412 2951 1464 Asiam
3008 1412 3469 1465 transmittebant.
3511 1410 3575 1463 Et
3621 1428 3686 1464 cx

2111 1517 2221 1570 quo
2258 1518 2353 1556 rex
2386 1504 2660 1557 coloniam
2683 1503 2736 1557 in
2796 1503 3124 1571 Scopiorum
3187 1505 3374 1557 urbem
3442 1503 3684 1564 deduxit,

2107 1603 2157 1646 ct
2190 1591 2357 1648 Josue
2397 1593 2565 1648 lsaaci
2600 1581 2745 1649 illius
2814 1598 2957 1666 regis
2989 1598 3211 1650 nomine
3260 1612 3379 1649 eam
3448 1596 3686 1649 admitti-

2108 1687 2326 1753 stravit,
2361 1687 2595 1756 plurima
2615 1688 2684 1743 ab
2710 1686 2929 1759 Illyrico
2965 1689 3237 1758 mancipia
3273 1698 3402 1743 sunt
3428 1690 3685 1752 abducta,

2111 1787 2167 1831 et
2202 1779 2256 1832 in
2286 1779 2559 1849 Europam
2596 1780 2892 1851 Asiamque
2923 1782 3462 1851 translata,}quorum
3498 1799 3690 1836 nume-

2106 1888 2202 1928 rus
2226 1873 2404 1942 major
2433 1886 2551 1928 erat
2573 1889 2737 1944 quam
2774 1890 3000 1943 sperare
3031 1876 3303 1946 potuisset
3330 1876 3399 1929 ab
3428 1891 3489 1929 ea
3516 1892 3691 1944 regin-

2107 1980 2194 2021 ue.
2231 1967 2408 2020 Audio
2467 1982 2587 2021 eam
2646 1967 2942 2036 regionem,
3009 1969 3053 2023 si
3115 1970 3240 2039 quis
3289 1970 3686 2039 longitudinem

2104 2059 2435 2124 consideret,
2456 2060 2524 2112 ah
2541 2060 2906 2115 Triballorum
2951 2063 3174 2131 regione
3191 2071 3237 2116 et
3267 2062 3545 2134 Dorohyza
3588 2062 3689 2117 llu-

2105 2153 2194 2206 rio
2216 2167 2276 2207 se
2303 2152 2599 2207 extendere
2637 2168 2813 2222 usque
2842 2155 2907 2207 ad
2935 2150 3193 2209 Sandalis
3224 2156 3526 2225 regionem,
3546 2157 3685 2210 etat!

2104 2243 2318 2299 Ionium
2342 2244 2521 2299 sinum
2566 2245 2758 2300 stadiis
2774 2245 3121 2316 octingentis.
3147 2242 3399 2300 Latitudo
3435 2262 3563 2300 vero
3598 2263 3686 2301 re—

2104 2337 2302 2408 gionis,
2322 2352 2428 2406 qua
2458 2338 2700 2393 excurrit
2723 2341 2789 2391 ad
2819 2335 3106 2392 Paunones
3127 2348 3183 2391 et
3213 2334 3508 2401 Triballos,
3533 2352 3686 2391 cotti-

2105 2429 2364 2498 plectitur
2402 2428 2513 2483 duo
2572 2429 2738 2483 millia
2784 2427 3114 2485 stadiorum.
3158 2429 3204 2482 A
3261 2428 3518 2484 Triballis
3544 2429 3683 2483 inei-

2105 2520 2185 2589 pit
2215 2520 2368 2591 regio
2400 2519 2572 2576 lsaaci
2595 2538 2608 2573 :
2635 2522 2777 2575 hanc
2819 2520 3024 2591 excipit
3084 2519 3281 2575 deinde
3323 2519 3479 2575 Pauli
3512 2522 3681 2591 regio,

2104 2613 2264 2683 cujus
2295 2613 2458 2668 urbes
2481 2629 2539 2667 se
2568 2614 2854 2684 porrigunt
2883 2629 3058 2683 usque
3120 2615 3173 2667 in
3199 2614 3339 2669 hanc
3396 2614 3538 2683 regis
3561 2614 3684 2684 Illy-

2104 2706 2314 2761 riorum
2353 2707 2655 2774 regionem.
2690 2705 2755 2761 lli
2786 2707 3004 2777 quidem
3031 2708 3145 2778 jam
3177 2716 3304 2762 ante
3323 2706 3524 2762 bellum
3564 2723 3684 2777 ges-

2106 2807 2290 2853 serant
2319 2814 2441 2854 cum
2467 2815 2611 2870 rege,
2638 2814 2786 2854 nunc
2820 2799 3037 2869 quidem
3065 2799 3345 2864 Triballis,
3378 2816 3525 2854 nunc
3557 2815 3686 2852 vero

2106 2890 2460 2947 Panuonihus
2525 2893 2966 2947 atlltmrescentes
3016 2909 3028 2945 :
3098 2903 3296 2948 etcum
3356 2892 3689 2947 adducerent

2106 2981 2339 3050 Turcos,
2380 2986 2656 3053 regionem
2703 2984 2914 3055 lily-ico
2948 2983 3205 3038 'al'lusam
3258 2983 3684 3054 populabantur,

2106 3074 2420 3145 bellumque
2463 3075 2517 3129 in
2555 3073 2829 3129 Triballos
2883 3076 3224 3129 avertebant.
3255 3074 3526 3130 Ctetcrum
3560 3076 3687 3130 Tri-

2105 3165 2379 3221 ballorum
2417 3167 2668 3236 princeps
2726 3167 2924 3220 bellum
2977 3178 3164 3221 contra
3196 3171 3297 3223 hos
3357 3169 3684 3237 suscipiens.

2107 3258 2271 3311 urbes
2297 3271 2486 3311 eorum
2518 3256 2838 3311 obsidebat:
2870 3269 2925 3311 et
2946 3256 3146 3312 l‘tndera
3171 3273 3294 3311 cum
3328 3259 3395 3312 iis
3422 3274 3690 3330 pangens,

2104 3348 2320 3402 tandem
2352 3364 2410 3401 se
2450 3362 2697 3417 pacatum
2727 3348 3039 3404 exhibebat.
3065 3349 3239 3404 Etiam
3269 3349 3534 3405 Sandales
3588 3353 3689 3406 hos

2104 3444 2265 3487 antea
2298 3434 2438 3487 bello
2462 3435 2821 3503 oppetiverat,
2851 3443 2906 3489 et
2932 3436 3115 3489 accito
3160 3436 3305 3506 regis
3323 3439 3564 3492 exercitu
3599 3436 3685 3507 ip-

2104 3540 2291 3579 sorum
2317 3541 2479 3595 agros
2510 3516 2992 3580 evastabat.Cum
3022 3537 3205 3581 autem
3273 3529 3325 3581 hi
3355 3530 3458 3583 soli
3496 3545 3689 3598 perpe-

2103 3619 2213 3672 tuis
2246 3617 2389 3673 iuter
2412 3634 2473 3673 se
2524 3617 2858 3673 dissidereut
2907 3619 3133 3681 odiis,ct
3185 3621 3328 3689 regis
3369 3624 3687 3692 peregrinos

2101 3719 2467 3772 accerserent,
2524 3711 2757 3778 proprite
2806 3711 3011 3779 regioni
3070 3710 3367 3780 plurimum
3396 3714 3687 3767 calamita-

2101 3801 2171 3855 tis
2204 3802 2551 3855 inrcxeruut.
2589 3800 2720 3855 Nam
2748 3846 2753 3850 »
2784 3804 3056 3872 mancipia
3106 3804 3340 3872 plurima
3392 3804 3513 3859 belli
3565 3804 3686 3872 jure

2101 3893 2332 3950 subinde
2390 3908 2419 3947 a
2486 3894 2748 3951 militibus
2802 3896 3177 3961 capiebantur,
3230 3897 3683 3967 deportabantur.

2100 3986 2368 4041 Prmterea
2396 3998 2450 4041 et
2489 4002 2555 4041 ea
2608 3986 2760 4053 regio
2814 3989 2901 4043 vel
2959 3989 3255 4042 maximam
3302 3990 3687 4059 experiebatur

2101 4080 2483 4135 vastationem.
2507 4078 2710 4137 Eadem
2746 4090 3069 4152 tempestate
3118 4084 3338 4139 lsaacus
3366 4093 3420 4139 ct
3479 4082 3684 4139 Paulus

2102 4171 2420 4226 societatem
2450 4172 2739 4239 facientes,
2778 4174 3047 4229 auxilium
3103 4175 3504 4244 pollicebantur
3561 4177 3686 4248 illy-

2102 4264 2313 4319 riorum
2344 4265 2481 4337 regi.
2512 4265 2646 4321 Nam
2672 4270 3074 4323 constituerant
3095 4277 3150 4324 et
3176 4268 3279 4341 ipsi
3307 4264 3503 4324 bellum
3538 4270 3687 4324 indi-

2105 4373 2234 4414 cere
2268 4361 2407 4427 regi,
2451 4361 2497 4415 si
2535 4362 2836 4416 PannOnes
2861 4362 3067 4432 aliquid
3097 4366 3222 4418 novi
3251 4375 3440 4418 contra
3472 4364 3686 4420 TUI'COS

2107 4452 2456 4507 molirentur.

2172 4628 2309 4696 Rex,
2358 4630 2412 4683 in
2459 4631 2709 4685 militiam
2763 4629 3061 4700 prolectus,
3101 4633 3313 4702 trajecit
3348 4633 3682 4706 Dorobyzam

2101 4724 2350 4790 ﬂuvium,
2390 4724 2484 4794 qui
2526 4723 2797 4780 Triballos
2826 4735 2880 4780 et
2908 4724 3117 4797 Illyrios
3164 4727 3391 4781 dirimit.
3428 4730 3685 4799 Progres-

2105 4834 2200 4872 sus
2226 4819 2444 4882 deinde,
2484 4818 2633 4873 venit
2670 4820 2736 4872 ad
2793 4819 3095 4890 Illyrissum
3128 4817 3352 4874 ﬂuvium
3399 4823 3682 4893 navigabi-

2107 4912 2233 4977 lem,
2260 4927 2419 4981 quem
2456 4915 2739 4981 superavit
2785 4911 3018 4981 pedestri
3072 4916 3317 4967 exercitu
3366 4922 3684 4969 transvectu

2107 5001 2341 5057 navibus
2392 5017 2532 5070 quas
2605 5000 2804 5055 ibidem
2873 4999 3132 5055 fabricari
3183 5003 3444 5073 jusscrat.
3499 5004 3683 5074 eqms

2105 5105 2289 5148 autem
2326 5094 2376 5147 in
2409 5092 2632 5147 ﬂumine
2672 5093 2918 5163 reliquit,
2959 5093 3132 5148 donec
3182 5099 3368 5164 copias
3403 5107 3682 5164 transpor—

2107 5196 2265 5241 taret.
2301 5186 2441 5240 Tum
2491 5196 2756 5255 temporis
2809 5186 2863 5239 iu
2905 5186 3074 5241 aruns
3131 5190 3391 5243 habuisse
3436 5190 3682 5243 creditur

2106 5294 2200 5332 rex
2239 5279 2553 5347 quindecim
2582 5277 2855 5348 myriadcs
2892 5280 3160 5349 equitum,
3210 5291 3406 5351 praeter
3436 5286 3683 5351 peregri-

2109 5386 2211 5426 nos
2266 5379 2321 5424 et
2369 5369 2638 5439 Azapides
2693 5370 2946 5439 pedestre
2998 5372 3187 5436 robur,
3236 5373 3328 5442 qui
3362 5389 3487 5425 eunt
3533 5373 3585 5424 in
3632 5372 3684 5425 id

2106 5462 2305 5518 bellum
2338 5463 2731 5531 sequebantur.
2770 5462 2973 5516 Aderat
3014 5472 3067 5516 et
3094 5463 3199 5516 alia
3230 5463 3512 5518 hominum
3544 5467 3685 5517 mul-

2104 5556 2281 5610 titudo
2312 5554 2521 5610 inutilis
2548 5556 2614 5608 ad
2646 5570 2832 5621 arma;
2856 5571 2979 5625 qua:
3025 5565 3314 5625 orepterea
3338 5556 3681 5613 comitaban-

1699 5695 1950 5757 Notulte
1997 5693 2405 5771 marginales.

492 5828 535 5857 “
572 5828 852 5899 Τούρκων.
931 5827 975 5859 ’⁵³
1031 5827 1526 5899 Ὀκτακισχιλίους.
1606 5826 1649 5859 ⁸⁵
1690 5825 2214 5896 Ἐιστρατευμένο;.
2298 5824 2343 5856 ⁸⁸³
2375 5825 2696 5897 Δοῦοεὶκην.
2747 5824 2836 5881 Sic
2858 5827 3015 5882 etiam
3059 5822 3123 5877 ll.
