4126 6492
427 471 533 533 529

1507 480 1604 538 DE
1644 481 1899 542 REBUS
1939 485 2304 548 TURCICIS
2337 491 2484 553 LIB.
2524 496 2596 558 Κλ

3560 505 3666 568 530

426 601 610 648 στους,
641 585 781 638 ὥστε
837 586 1129 650 διαϐάντας
1179 589 1270 643 τὸν
1319 593 1564 659 ποταμὸν
1622 593 1785 664 ἔργον
1845 594 1986 663 μέγα

2109 602 2288 657 lumen
2339 606 2426 658 eui
2468 621 2662 662 nomen
2689 618 2889 665 est.....
2941 610 2990 665 Is
3041 611 3240 666 fluvius
3310 613 3526 668 navium
3558 629 3678 668 erat

426 678 764 746 ἐργάσασθαι
821 679 1049 746 βασιλεῖ,
1110 681 1468 746 συλλαϐόντας
1529 685 1802 754 Ἰλλυριῶν
1841 687 1991 755 βασι·

425 771 544 834 λέα,
577 769 730 836 ἔλεγε
783 771 994 822 τοιάδε·
1037 773 1266 841 ’Ἄνδρες
1311 774 1562 843 Τοῦρκοι,
1597 777 1689 831 νῦν
1731 791 1814 840 τις
1839 778 1990 844 ὑμῶν

432 865 655 926 ἕκαστος
680 863 859 914 αὐτῶν
890 865 1112 933 φανήτω
1141 867 1280 936 ἀνὴρ
1314 869 1539 934 ἀγαθὸς,
1569 871 1816 940 ποταμὸν
1839 871 1988 923 τόνδε

437 955 566 1024 πεζῇ
615 956 807 1018 διαϐάς
839 972 854 987 ⁸
905 957 966 1010 οὗ
1008 959 1113 1028 γὰρ
1173 960 1397 1028 μελήσει
1446 962 1593 1030 αὐτῷ
1647 980 1754 1014 τινι
1787 963 1991 1032 πρώτῳ

431 1049 692 1110 διαὸἀντι,
737 1047 810 1116 μὴ
848 1047 990 1115 μέγα
1045 1066 1096 1102 τι
1140 1051 1460 1104 ἀποίσεσθαι
1503 1054 1655 1122 παρὰ
1705 1054 1988 1123 βασιλέως.

433 1142 618 1194 Ταῦτα
655 1142 928 1204 εἰπόντος,
960 1143 1261 1214 ἐπειρῶντο
1311 1145 1610 1198 διαϐαίνειν
1658 1149 1707 1199 oi
1755 1148 1852 1200 τοῦ
1898 1147 1993 1217 βαι

435 1235 646 1296 σιλέως.
696 1235 962 1288 Ἐνταῦθα
1002 1235 1066 1305 δὴ
1129 1238 1342 1304 πρῶτος
1385 1237 1603 1305 λέγεται
1663 1241 1909 1311 Ὀμάρης
1966 1245 1994 1295 ὁ

432 1325 791 1394 Τουραχάνεω
854 1328 1001 1388 παῖς,
1060 1326 1359 1391 Θετταλίας
1407 1329 1670 1401 ὕπαρχος.
1723 1334 1820 1385 σὺν
1884 1336 1996 1398 τοῖς

429 1417 565 1484 ἀμφ’
614 1415 774 1468 αὑτὸν
819 1416 1134 1480 ἐλαύνοντες
1179 1419 1463 1473 εἰσέπεσον
1509 1423 1567 1484 ἐς
1609 1423 1702 1476 τὸν
1731 1426 1996 1493 ποταμὸν,

431 1512 526 1562 καὶ
559 1505 730 1577 βραχύ
759 1525 814 1560 τι
856 1508 1255 1577 διανηχόμενοι,
1286 1511 1578 1566 διέϐαινον.
1612 1515 1719 1567 Καὶ
1746 1516 1774 1566 ὁ
1807 1516 1998 1579 λοιπὸς

432 1604 548 1670 ἅμα
580 1601 808 1672 στρατὸς
854 1602 1054 1655 αὐτίκα
1083 1599 1340 1655 διέϐαινε.
1381 1604 1678 1668 Διαῦἀντες
1711 1607 1767 1660 δὲ
1797 1606 2001 1661 αὐτίκα

433 1694 743 1764 ἐπέδραμον
800 1691 1022 1763 χώραν,
1081 1692 1220 1746 ὥστε
1279 1693 1374 1746 τὸν
1438 1695 1716 1765 Ἱλλυριῶν
1777 1697 2000 1767 βασιλέα

432 1787 705 1849 δείσαντα,
741 1786 817 1855 μὴ
867 1786 936 1847 ἐς
969 1785 1148 1854 φυγὴν
1176 1786 1544 1856 τραπόμενον,
1579 1789 2002 1852 ἐπεισπεσόντες

432 1880 483 1931 οἱ
512 1877 859 1947 ἱπποδρόμοι,
888 1877 1262 1940 καταλάϐωσι,
1294 1879 1391 1932 καὶ
1427 1880 1523 1931 ἐπὶ
1563 1878 1810 1932 κίνδυνον
1839 1880 2002 1933 ἔλθω-

438 1990 542 2024 σιν.
578 1972 638 2023 Εἰ
661 1971 716 2023 δὲ
750 1969 901 2038 αὐτῷ
931 1970 1008 2040 μὴ
1053 1969 1308 2040 ληφθείη,
1337 1971 1618 2040 οἰχόμενος
1662 1971 2003 2035 ἀνασώζεται

435 2068 492 2126 ἐς
527 2065 677 2117 πόλιν
725 2063 891 2117 αὑτοῦ
924 2081 1068 2125 τινα,
1101 2062 1273 2132 ὄνομα
1315 2063 1532 2132 Κλιτεη.
1564 2064 1911 2132 Καταφυγὼν
1949 2065 2004 2117 δὲ

439 2159 807 2226 πολιορκεῖται
840 2155 943 2208 ὑπὸ
992 2155 1423 2226 Μαχουμούτεω.
1471 2157 1536 2209 Ἡ
1566 2157 1623 2209 δὲ
1653 2157 1806 2219 πόλις
1844 2159 2008 2210 οεκεῖ-

443 2269 531 2304 ται
563 2253 657 2320 μὲν
683 2253 741 2302 ἐν
769 2249 953 2320 χωρίῳ
999 2253 1104 2303 τινὶ
1152 2250 1362 2314 ιλώδει,
1397 2250 1487 2303 καὶ
1536 2250 1632 2319 ἕλη
1667 2250 1797 2321 παρ’
1836 2251 2008 2321 αὐτὴν

453 2344 678 2411 μεγαλα,
720 2343 806 2396 διὰ
851 2341 1046 2395 πολλοῦ
1089 2342 1448 2406 διατείναντα,
1477 2343 1680 2412 ιχυρὰν
1723 2343 1888 2409 ποιεῖ,
1915 2353 2009 2396 καὶ

452 2435 512 2485 οὑ
544 2433 779 2501 βάσιμον.
819 2434 953 2486 Τότε
988 2434 1045 2487 δὲ
1095 2433 1198 2486 ὑπὸ
1239 2429 1525 2502 καύματος
1552 2433 2004 2504 ἁποξηρούμενόν

451 2544 508 2577 τε
542 2521 606 2595 ἦν
651 2526 706 2579 τὸ
753 2526 947 2596 χωρίον
1002 2528 1168 2580 ἅπαν.
1203 2527 1314 2580 Καὶ
1363 2527 1636 2589 ἐπελάσας
1687 2529 1715 2580 ὁ
1755 2527 2006 2596 στρατὸς,

447 2621 745 2691 ἐπολιόρκει
783 2623 884 2690 τὴν
925 2621 1101 2684 πόλιν,
1137 2622 1233 2673 καὶ
1266 2623 1536 2690 κάλαμον,
1565 2619 1623 2682 ὃς
1668 2620 1901 2690 ἄφθονος
1939 2617 2006 2690 ἦν

448 2713 595 2783 παρὰ
639 2713 737 2782 τὴν
792 2713 967 2779 πόλιν,
1024 2713 1410 2775 ἐπιπίπτοντες
1455 2714 1739 2782 διεφόρουν
1799 2717 1854 2777 ἐς
1909 2714 2011 2782 τὴν

442 2810 664 2874 τάφρον,
691 2807 766 2868 ὡς
795 2805 906 2876 πῦρ
938 2806 1224 2874 ὲνὴσοντες
1259 2809 1314 2868 ὲς
1345 2806 1436 2857 τὸν
1483 2807 1756 2873 κάλαμον,
1786 2807 1880 2858 καὶ
1923 2807 2010 2859 διὰ

450 2894 535 2946 τοῦ
587 2895 757 2963 πυρὸς
810 2893 1132 2964 αἱρήσοντές
1193 2910 1252 2945 τε
1303 2893 1431 2955 τοὺς
1489 2894 1547 2945 ἐν
1605 2895 1673 2963 τῇ
1712 2894 1885 2957 πόλει,
1919 2893 2013 2964 βίᾳ

448 2987 672 3048 ἃκοντας
718 2989 773 3048 ἐς
823 2985 1114 3054 ὁμολογίαν
1167 2984 1666 3054 παραστησόμενοι.
1702 2982 1886 3036 Ταῦτα
1915 2984 2013 3052 μὲν

451 3079 766 3148 εἰσορῶντες
792 3081 840 3131 oi
871 3076 962 3130 τοῦ
995 3077 1258 3144 Ἰλλυριοῦ
1299 3077 1654 3144 στρατιῶται,
1692 3076 1786 3129 καὶ
1817 3078 1866 3128 οἱ
1916 3077 2012 3144 τῆς

450 3173 676 3236 πόλεως,
721 3173 814 3224 καὶ
850 3170 1088 3238 οἰόμενοι
1122 3172 1198 3238 μὴ
1238 3168 1305 3222 ἂν
1361 3167 1686 3235 δυνήσεσθαι
1735 3165 1825 3218 ἐπὶ
1875 3165 2011 3217 πολὺ

2093 694 2323 760 patiens,
2369 707 2422 751 et
2476 715 2623 767 spem
2655 716 2868 756 onmem
2905 704 2955 756 in
2990 718 3054 756 co
3107 704 3267 758 sitam
3302 705 3541 774 ponebat
3574 723 3668 760 rex

2094 786 2417 857 Illyriorum.
2460 789 2594 845 Nam
2644 809 2767 846 cum
2820 793 2978 848 nullm
3018 812 3185 850 naves
3233 811 3440 866 magnae
3474 808 3674 865 ρταεειο

2096 893 2301 944 essent,
2336 884 2558 952 putabat
2616 903 2794 957 regem
2849 903 3122 959 nunquam
3160 907 3225 944 eo
3253 891 3494 944 audacia:
3539 908 3668 961 pro-

2099 987 2441 1042 gressurum,
2491 987 2548 1030 ut
2587 977 2639 1031 id
2685 981 2943 1035 transiret
2991 997 3102 1050 quo
3137 997 3320 1036 secum
3349 983 3548 1037 bellum
3583 999 3672 1052 ge-

2099 1073 2262 1150 reret.
2296 1064 2361 1120 Ut
2387 1075 2568 1120 autem
2603 1083 2724 1122 cum
2761 1072 2932 1139 copiis
2960 1074 3025 1124 ad
3063 1072 3262 1127 ﬂumen
3295 1073 3667 1128 Machumetes

2099 1156 2355 1222 accessit,
2411 1158 2545 1211 mire
2599 1159 2931 1227 festinando,
2988 1165 3265 1218 cohortari
3329 1179 3434 1218 non
3463 1162 3673 1217 abstitit

2097 1249 2423 1315 exercitum,
2455 1257 2510 1304 et
2541 1250 2816 1306 exercitus
2847 1253 3038 1317 duces,
3077 1264 3134 1308 ut
3165 1253 3674 1322 transgrederentur

2099 1338 2325 1407 ﬂumen,
2359 1344 2581 1413 regique
2615 1361 2751 1414 opus
2782 1347 3218 1414 pulcherrimum
3247 1345 3546 1408 edicerent.
3583 1362 3676 1401 ca-

2099 1434 2312 1502 pientes
2353 1436 2606 1490 videlicet
2648 1435 2956 1507 Illyriorum
3009 1452 3211 1506 regem.
3241 1437 3332 1491 Sic
3365 1448 3543 1492 autem
3591 1439 3673 1492 lo-

2100 1533 2261 1578 cutus
2310 1526 2528 1582 fertur:
2563 1525 2677 1581 Viri
2714 1527 2902 1594 Turcl,
2958 1539 3101 1582 nunc
3153 1528 3380 1596 quilibet
3434 1541 3673 1583 vesu-um

2105 1613 2188 1668 fac
2221 1616 2304 1669 vir
2360 1617 2518 1672 fortis
2573 1628 2854 1688 appareat,
2907 1630 3068 1688 atque
3118 1620 3284 1685 pedes
3333 1619 3531 1674 flumen
3575 1621 3680 1673 hoc

2107 1715 2369 1763 transeat.
2401 1709 2726 1779 Neutiquam
2769 1713 2915 1767 enim
2957 1711 3090 1765 mihi
3129 1713 3353 1765 dubium
3397 1721 3501 1775 est,
3540 1713 3672 1780 quin

2106 1800 2342 1854 maxima
2389 1810 2442 1856 et
2477 1801 2759 1872 splendida
2800 1815 3026 1856 munera
3079 1813 3334 1876 maneant
3377 1818 3522 1866 eum,
3558 1819 3681 1873 qua:

2106 1889 2174 1943 ab
2230 1906 2355 1958 rege
2413 1892 2667 1961 accipiet,
2727 1893 2818 1961 qui
2871 1893 3082 1960 primus
3123 1892 3321 1948 ﬂumen
3378 1895 3679 1965 superarit.

2110 1979 2207 2034 His
2238 1981 2420 2046 dictis,
2454 1983 2588 2049 regii
2631 1984 2829 2037 milites
2861 1985 3097 2038 maxime
3124 1987 3304 2040 studio
3340 1988 3684 2041 conabantur

2108 2073 2411 2142 transgredi
2455 2073 2677 2128 ﬂumen.
2734 2074 2806 2128 lbi
2874 2085 2987 2128 tum
3043 2077 3272 2142 primus,
3313 2086 3372 2131 ut
3427 2079 3681 2142 traditur,

2107 2165 2336 2219 Omares
2390 2162 2733 2219 Turachanis
2785 2165 2952 2227 illius,
3009 2163 3306 2220 Thessalia:
3365 2167 3678 2236 praefectus.

2109 2270 2230 2310 cum
2264 2253 2380 2308 suis
2418 2255 2577 2308 irruit
2636 2255 2689 2308 in
2759 2253 2998 2321 (lumen;
3059 2257 3153 2325 qui
3209 2257 3485 2326 paululum
3521 2260 3682 2312 modo

2111 2353 2411 2410 natantes,
2520 2344 2721 2400 ﬂumen
2811 2358 3163 2416 superarunt.
3269 2345 3378 2404 llos
3459 2359 3684 2403 secutus

2083 2449 2213 2504 ‘est,
2274 2439 2390 2508 pari
2445 2454 2705 2493 successu
2772 2455 2930 2505 usus,
2977 2451 3030 2495 et
3089 2441 3327 2512 reliquus
3387 2445 3683 2498 exercitus.

2111 2529 2330 2596 Egressi
2361 2527 2606 2591 iliiiuiue,
2659 2529 2805 2584 illico
2857 2531 3109 2586 invasere
3157 2548 3342 2603 agros.
3410 2534 3550 2589 Ilinc
3589 2549 3688 2590 rex

2113 2619 2448 2688 Illyricorum
2519 2621 2738 2687 timens,
2797 2635 2864 2675 ne
2933 2623 2978 2678 si
3035 2624 3321 2697 in'l'ugam
3356 2635 3686 2690 verteretur,

2111 2711 2353 2778 equitum
2395 2711 2628 2765 adventu
2662 2727 2984 2781 oppressus,
3039 2713 3092 2768 in
3144 2717 3439 2770 maximum
3473 2718 3690 2786 perieu-

2113 2803 2223 2856 lum
2257 2803 2494 2876 venirpt,
2527 2817 2586 2860 se
2612 2807 2842 2875 recepit,
2874 2815 2935 2861 ut
2981 2808 3272 2862 incolumis
3309 2821 3549 2877 prresens
3575 2808 3692 2864 dis—

2113 2895 2325 2950 crimen
2382 2897 2655 2961 evaderet,
2711 2898 2764 2951 iu
2817 2899 3005 2953 urbem
3043 2899 3331 2968 quamdam
3365 2914 3432 2953 eo
3464 2900 3569 2953 loci
3608 2899 3690 2954 si-

2115 2997 2225 3042 tam
2309 2990 2530 3043 nomine
2585 2989 2826 3044 Clitiam.
2897 2992 3100 3045 Verum
3153 2990 3524 3046 Macbumetes
3566 3007 3687 3046 cum

2116 3080 2362 3136 exercitu
2393 3082 2806 3149 superveniens,
2869 3093 2990 3134 eam
3041 3082 3231 3137 urbem
3273 3079 3559 3136 obsidione
3582 3082 3692 3136 cir-

2117 3167 2411 3227 cumdedit.
2453 3172 2618 3228 Urbis
2666 3173 2788 3241 ejus
2855 3174 2997 3227 situs
3047 3181 3132 3228 est
3191 3174 3243 3227 iu
3281 3173 3402 3227 loco
3437 3173 3690 3243 palustri.

447 3267 695 3336 ἀντέχειν
740 3262 1226 3331 πολιορκούμενοι,
1285 3260 1632 3328 προσέφερον
1685 3258 1877 3324 λόγους
1938 3258 2005 3327 τῷ

2118 3275 2172 3318 et
2207 3266 2260 3320 in
2291 3266 2524 3321 circuitu
2555 3266 2781 3335 paludes
2813 3266 3063 3320 visuntur
3108 3267 3268 3337 longe
3297 3267 3533 3335 lateque,
3571 3281 3694 3335 quae

446 3361 837 3433 Μαχουμούτῃ,
883 3361 958 3423 ὠς
999 3361 1138 3427 σφᾶς
1195 3375 1252 3410 τε
1307 3357 1505 3418 αὐτοὺς
1561 3353 2012 3425 παραδώσοντας,

447 3457 539 3507 καὶ
570 3456 652 3523 ἐφ’
682 3449 724 3522 ᾧ
761 3453 986 3523 βασιλέα
1019 3450 1172 3520 σφῶν
1216 3449 1396 3503 αὐτῶν
1443 3447 1730 3518 μηδοτιοῦν
1777 3447 2014 3516 χαλεπὸν

448 3544 729 3597 πείσεσθαι
760 3544 864 3596 ὑπὸ
893 3543 1174 3612 βασιλέως,
1214 3539 1608 3610 προσχωρῆσαί
1635 3556 1718 3602 τε,
1752 3539 1817 3608 ἢν
1849 3539 2014 3607 ὅρκια

448 3639 658 3706 γένοιτό
707 3637 778 3699 oI,
821 3637 906 3704 ἐφ’
963 3629 1008 3701 ᾧ
1054 3633 1260 3702 ἀγαθὸν
1306 3632 1426 3701 μὲν,
1469 3631 1704 3701 χαλεπὸν
1746 3630 1802 3683 δὲ
1849 3629 2015 3699 μηδὲν

451 3733 750 3801 ὑποστῆναι
797 3730 902 3782 ὑπὸ
947 3728 1226 3800 Τούρκων.
1257 3723 1444 3778 Ταῦτα
1489 3723 1887 3794 προϊσχομένου
1919 3720 2015 3773 τοῦ

460 3823 747 3892 Ἰλλυριοῦ,
776 3821 985 3891 ἐδέχετό
1029 3836 1090 3873 τε
1137 3823 1165 3872 ό
1216 3817 1618 3888 Μαχουμούτης
1678 3816 1770 3869 καὶ
1817 3813 2014 3868 ἐσπὲνο

453 3918 597 3970 δετο.
626 3917 852 3986 Ὅρκιον
883 3914 939 3966 δὲ
966 3913 1113 3982 αὐτῷ
1163 3913 1532 3982 ποιησάμενος
1559 3911 1645 3978 ἐφ’
1675 3903 1755 3972 οἷς
1791 3906 2017 3978 προύτί-

374 4031 393 4038 -
455 4011 598 4073 θετο,
623 4009 714 4062 τόν
742 4025 801 4061 τε
835 4006 1058 4077 βασιλέα
1108 4005 1318 4069 ἐξιόντα
1347 4006 1411 4056 ἐκ
1457 4005 1554 4072 τῆς
1585 4002 1816 4064 πόλεως,
1847 3999 2019 4068 παρέ-

455 4102 586 4154 λαὸἑ
616 4119 674 4154 τε
707 4101 805 4170 τὴν
837 4100 1009 4162 πόλιν,
1045 4099 1138 4152 καὶ
1167 4097 1228 4149 τὸ
1258 4096 1356 4166 μὲν
1389 4098 1447 4148 ὲν
1479 4097 1545 4164 τῇ
1576 4095 1732 4147 πόλει
1783 4094 1840 4156 ἔς
1886 4091 2018 4160 τρία

457 4195 781 4264 διελόμενος,
815 4195 874 4246 τὸ
926 4192 1024 4262 μὲν
1089 4191 1256 4244 αὐτοῦ
1301 4188 1588 4255 κατέλιπε,
1640 4187 1807 4252 τὸδὲ
1857 4185 2017 4247 αὐτὸς

463 4287 562 4338 σὺν
589 4286 681 4338 καὶ
708 4288 818 4349 τοῖς
846 4286 1088 4354 ἀρίστοις
1118 4282 1556 4351 διανειμάμενος,
1582 4277 1644 4332 τὸ
1673 4277 1857 4348 τριτον
1882 4278 2021 4331 ἐπά-

461 4395 574 4444 γων
602 4379 678 4448 τῷ
715 4379 926 4447 βασιλεῖ
957 4377 1289 4445 ἐδωρήσατο.

2116 3357 2302 3412 urbem
2334 3358 2599 3412 munitam
2656 3368 2710 3412 et
2759 3359 2908 3412 aditu
2961 3358 3239 3413 diﬂieilem
3293 3362 3558 3427 praebent.
3617 3359 3693 3412 Eo

2115 3459 2357 3520 tempore
2385 3451 2539 3505 locus
2586 3449 2678 3504 ille
2726 3452 3016 3505 uiiiversus
3044 3452 3316 3506 solaribus
3348 3453 3522 3506 radiis
3553 3463 3691 3505 etu-

2115 3552 2234 3593 stus
2269 3547 2584 3594 exaruerat.
2643 3539 2936 3606 Czcterum,
2997 3541 3082 3593 his
3147 3540 3279 3594 nihil
3322 3542 3454 3594 moti
3493 3541 3692 3594 milites

2115 3629 2493 3696 Maclnumetis,
2525 3632 2817 3696 accedunt,
2858 3646 3092 3700 eamque
3135 3631 3425 3686 obsidione
3455 3633 3695 3686 circum.

2118 3722 2360 3776 veniunt.
2412 3723 2774 3787 Arundinem,
2806 3737 2928 3791 quae
2960 3723 3188 3791 plurima
3239 3723 3312 3776 ibi
3359 3732 3518 3777 enata
3555 3732 3690 3782 erat.

2122 3813 2458 3877 excidentes,
2514 3814 2934 3882 comportabant
3010 3813 3066 3866 in
3154 3811 3374 3876 fossam,
3452 3820 3510 3865 ut
3570 3814 3695 3881 igne

2119 3907 2314 3962 deinde
2359 3906 2584 3975 injecto,
2627 3905 2710 3959 vel
2756 3907 2809 3959 vi
2858 3904 3075 3959 tandem
3111 3904 3274 3958 ctian:
3312 3903 3505 3958 invites
3539 3904 3695 3971 oppi-

2121 4001 2290 4053 danos
2319 3997 2372 4052 in
2405 3997 2668 4052 ditionem
2694 3997 3022 4066 redigerent.
3048 3995 3172 4052 llaec
3201 3995 3380 4066 parari
3408 4002 3695 4051 cernentes

2121 4091 2268 4148 cives
2293 4090 2467 4153 urbis,
2508 4099 2564 4144 et
2593 4090 2762 4162 Illyrii
2796 4090 3020 4154 milites,
3048 4088 3451 4158 credentesque
3480 4104 3542 4143 se
3583 4105 3690 4143 non

2122 4185 2213 4239 diu
2246 4198 2406 4253 posse
2437 4183 2692 4238 resistere
2731 4182 2942 4238 viribus
2995 4183 3332 4246 Turcorum,
3367 4183 3574 4252 legatos
3628 4184 3694 4235 ad

2127 4275 2520 4332 Maeliumetcm
2561 4278 2777 4330 mittere
2808 4276 3130 4339 decernunt,
3162 4285 3383 4330 orantes
3421 4284 3479 4330 ut
3520 4276 3572 4329 in
3603 4275 3699 4329 de-

2127 4368 2392 4424 ditionem
2435 4368 2852 4436 aceiperentur;
2901 4375 3150 4436 petentes
3202 4377 3458 4436 praeterea
3495 4375 3555 4419 ut
3587 4367 3698 4436 regi

467 4473 673 4525 veniam
711 4472 864 4525 daret
896 4471 1023 4540 :qui
1072 4483 1290 4538 quoque
1333 4469 1682 4535 semetipsum
1733 4463 2017 4519 dediturus
2056 4463 2154 4525 sit,
2200 4463 2247 4516 si
2290 4460 2648 4532 jurisjuraudi
2703 4460 2893 4528 religio
2930 4459 3259 4514 interveniat
3291 4479 3304 4512 :
3336 4475 3444 4528 qua
3540 4459 3702 4513 inter-

463 4567 710 4630 cedente,
738 4565 790 4617 in
831 4578 979 4634 spem
1016 4562 1274 4631 erigatur,
1311 4573 1372 4612 se
1405 4557 1538 4612 nihil
1573 4555 1702 4610 mali
1732 4559 1800 4610 ab
1839 4551 2026 4609 I‘urcis
2099 4567 2413 4623 passurum.
2485 4550 2854 4605 Macbumetes
2902 4547 3100 4619 Illyrici
3145 4562 3335 4617 preces
3399 4547 3544 4600 haud
3596 4547 3697 4600 ab—

466 4664 605 4716 nuit.
636 4661 838 4716 Fmdus
889 4671 974 4716 est
1024 4661 1213 4722 ictum,
1262 4654 1646 4728 jusjurandum
1723 4662 1806 4710 est
1869 4653 2082 4716 datum,
2125 4646 2588 4719 quemadmodum
2658 4654 2957 4700 oraverant
3013 4643 3204 4715 Illyrii.
3261 4643 3503 4696 Tandem
3575 4657 3698 4696 cum

465 4755 604 4809 urbe
645 4769 898 4820 egressus
950 4762 1094 4806 esset
1165 4766 1280 4813 rex,
1319 4747 1506 4802 urbem
1554 4745 1862 4814 occupavit.
1917 4741 2179 4796 Ilomines
2219 4740 2391 4808 quiin
2436 4740 2572 4794 urbe
2623 4745 2803 4801 erant,
2887 4737 2941 4790 in
2997 4746 3106 4790 tres
3179 4744 3367 4804 partes
3419 4734 3695 4798 secrevit;

469 4861 627 4898 uuam
661 4845 828 4914 288
855 4843 1048 4898 ibidem
1104 4840 1304 4897 merari
1360 4837 1545 4908 jussit,
1611 4836 1838 4890 alteram
1896 4835 2036 4888 inter
2070 4834 2361 4903 optimates
2387 4846 2520 4886 suos
2546 4829 2848 4892 distribuit,
2877 4827 3092 4882 tertiam
3122 4825 3351 4880 adduxit
3379 4825 3446 4879 ad
3516 4839 3700 4895 regem

466 4952 520 4995 et
560 4941 734 4994 eidem
765 4941 907 4993 deuo
945 4938 1114 4992 dedit.

541 5030 696 5082 Οὕτω
747 5031 846 5092 μὲν
899 5023 991 5082 οὖν
1041 5029 1070 5078 δ
1118 5025 1394 5096 Ἱλλυριῶν
1457 5020 1714 5093 βασιλεὺς
1770 5021 1915 5076 ἑάλω
1969 5024 2005 5074 ὲ·

2203 5017 2259 5070 In
2296 5017 2440 5071 hunc
2470 5014 2688 5068 malum
2749 5011 2947 5084 Illyrici
3012 5026 3103 5065 rex
3161 5020 3357 5080 captus
3405 5019 3490 5066 est
3531 5009 3706 5066 Clitiae

470 5126 685 5194 Κλιτίῃ,
721 5122 815 5174 καὶ
858 5119 1086 5188 ἀδελφοῦ
1133 5137 1194 5171 τε
1237 5119 1354 5186 ἅμα
1403 5115 1572 5169 αὐτοῦ
1619 5118 1748 5177 παῖς
1781 5114 1927 5182 ἀμφὶ
1957 5113 2005 5166 τὲ

2132 5126 2238 5164 una
2278 5125 2401 5161 eum
2440 5107 2620 5160 fratris
2669 5105 2800 5168 lilio,
2861 5105 2955 5173 qui
3012 5104 3322 5160 hauddum
3387 5105 3707 5174 impleverat

469 5218 823 5286 τρισκαίδεκα
863 5217 957 5284 ἐτη
1010 5212 1270 5282 γεγονώς.
1311 5213 1373 5264 Ἠ
1407 5211 1464 5264 δὲ
1514 5208 1650 5278 γυνὴ
1700 5207 1867 5266 αὑτοῦ
1898 5208 2004 5277 πρό

2130 5201 2308 5256 aetatis
2347 5214 2550 5253 annum
2600 5197 2876 5252 decimum
2931 5198 3172 5250 tertium.
3221 5195 3369 5250 Uxor
3420 5197 3562 5264 regis
3593 5195 3703 5263 (ll)

472 5325 628 5380 τερον
657 5310 794 5378 ἔφθη
828 5309 883 5369 ἐς
916 5305 1234 5372 Ῥαγούςιον
1266 5303 1442 5365 πόλιν,
1470 5301 1569 5371 τὴν
1616 5300 1674 5361 ες
1721 5298 1812 5350 τὸν
1841 5297 2005 5350 ἰόνιοε

2127 5297 2237 5365 jam
2269 5302 2394 5347 ante
2437 5307 2496 5346 se
2546 5291 2852 5346 contulerat
2904 5289 3265 5359 Rliagusiam,
3299 5302 3417 5358 qua:
3463 5297 3545 5341 est
3576 5289 3705 5340 urbs

466 5401 838 5467 διαφυγοῦσα,
888 5400 984 5450 καὶ
1036 5396 1266 5450 πλοῦτον
1334 5394 1503 5447 πολὺν
1570 5391 2005 5459 ὰπενεγκαμένη¹

2129 5390 2283 5456 juxla
2306 5389 2539 5449 Ionium,
2566 5397 2622 5440 ut
2650 5385 2902 5456 praesenti
2927 5385 3227 5438 discrimini
3263 5383 3700 5438 subtralierctur.

471 5492 718 5563 οἴχεσθαι
781 5489 972 5560 γνώμῃ
1025 5491 1116 5544 τοῦ
1177 5489 1389 5556 ἀνδρός.
1446 5485 1512 5538 Ἦ
1567 5484 1624 5536 δὲ
1676 5483 1832 5544 πόλις
1885 5481 2005 5535 αῦτι

2123 5482 2407 5542 .Plurimas
2444 5495 2512 5534 eo
2560 5487 2892 5532 convexerat
2937 5492 3069 5546 opes
3116 5476 3352 5530 consilio
3404 5475 3528 5528 viri.
3571 5472 3702 5526 Eam

472 5584 708 5654 ᾤκισται
740 5582 838 5652 μὲν
866 5581 970 5634 ὑπὸ
999 5582 1106 5634 τῶν
1153 5582 1325 5651 ταύτῃ
1363 5576 1638 5646 Ἱλλυριῶν
1668 5573 1882 5645 ἀνδρῶν
1911 5575 2003 5626 ἐπι

2138 5573 2326 5628 urbem
2379 5572 2625 5627 incolunt
2681 5570 2881 5642 Illyrici
2933 5569 3036 5624 viri
3081 5569 3376 5624 admodum
3437 5567 3702 5631 illustres,

1712 5714 1960 5775 Notulze
1993 5713 2398 5792 marginales.

550 5846 595 5909 (l
617 5845 660 5906 Ι)
688 5842 922 5914 I'Ileasari
963 5841 1198 5914 despetaa
1231 5842 1359 5900 lilia.
1393 5841 1516 5896 Ilcc
1543 5838 1608 5894 ad
1643 5839 1851 5894 Sixtum
1906 5837 1972 5892 IV

2109 5847 2168 5892 tt.
2203 5837 2270 5892 Μ.
2310 5840 2534 5896 Romam
2567 5837 2822 5909 profugit,
2865 5845 2913 5892 et
2941 5835 3005 5891 ad
3037 5842 3264 5890 mortem
3310 5849 3480 5905 usque
3534 5834 3705 5887 hono-

482 5916 633 5970 riﬁce
661 5922 740 5969 est
769 5911 971 5966 habita.

817 6006 841 6038 ὁ
