4126 6436
471 395 578 459 535

1587 400 1896 461 LAONICI
1932 399 2611 460 CIIALCOCONDYLJE

3608 389 3718 453 536

472 509 557 564 Ad
601 508 701 564 hos
732 524 1013 579 prmcones
1060 509 1289 573 dimisit,
1344 511 1436 580 qui
1465 512 1723 582 juberent
1771 522 1831 566 ut
1882 528 2036 565 suam

2141 511 2363 566 ἔσεσθαι
2397 513 2597 575 αὐτοὺς
2630 513 2690 565 ὲν
2724 510 2874 581 μέσῳ
2898 506 2993 575 τῆς
3026 504 3291 575 βασιλέως
3332 502 3514 575 χώρας
3560 501 3717 556 ἁντέο

472 601 672 670 singuli
722 602 995 672 regionem
1033 602 1146 674 regi
1174 603 1450 658 traderent
1477 620 1491 657 :
1515 604 1659 672 quod
1692 603 1738 657 si
1775 600 2040 669 facerent,

471 695 595 748 fore
624 702 685 747 ut
723 694 926 764 singuli
959 694 1123 749 aliam
1159 694 1438 761 regionem
1482 696 1535 750 in
1568 675 1885 765 Europa.ah
1918 710 2044 766 rege

469 785 804 853 acciperent.
871 784 1157 855 Principes
1233 787 1335 853 illi,
1394 786 1646 857 persuasi
1728 799 2041 856 prmconum

464 878 672 942 verbis,
724 879 1054 947 semetipsos
1079 887 1134 934 et
1163 878 1444 949 regionem
1477 880 1593 950 regi
1634 878 2041 949 manciparunt.

466 967 792 1038 Cagitahaut
866 968 1014 1024 enim
1072 970 1415 1040 impossibile
1464 969 1603 1036 fore,
1657 979 1713 1025 ut
1754 968 1811 1024 in
1860 976 2041 1039 poste-

464 1074 588 1113 rum
633 1060 913 1129 regionem
965 1074 1121 1115 suam
1157 1060 1450 1117 defendere
1485 1070 1538 1116 et
1598 1062 1761 1116 tutari
1796 1067 2040 1130 possent,

467 1166 592 1206 cum
638 1152 878 1217 undique
922 1155 1272 1226 cingerentur
1332 1155 1473 1224 regis
1500 1153 1747 1224 regione,
1777 1152 1936 1224 quasi
1972 1154 2027 1207 in

459 1240 644 1297 medio
697 1242 1028 1301 habitantes.
1091 1242 1289 1300 Verum
1352 1245 1580 1315 proiecti
1613 1245 1668 1300 in
1703 1245 1906 1316 januas
1956 1259 2081 1300 rc-.

460 1334 567 1400 gis,
625 1334 729 1389 hac
780 1336 1095 1392 conditione
1131 1337 1381 1404 adducti,
1411 1338 1755 1395 deditionem
1794 1338 2035 1401 faciunt,

463 1435 522 1480 ut
561 1426 666 1480 alia
716 1428 936 1497 regione
977 1444 1077 1498 pro
1136 1443 1233 1483 sua
1260 1431 1327 1484 ab
1360 1445 1484 1501 rege
1515 1430 1879 1485 donarentur.
1926 1427 2038 1485 Nec

460 1518 642 1574 multo
675 1529 797 1587 post
845 1519 946 1574 hos
1003 1521 1360 1587 compedibus
1403 1522 1743 1593 compeditos
1808 1522 2037 1577 abduxit

458 1614 704 1679 domum,
769 1613 934 1668 simul
986 1613 1149 1669 etiam
1199 1613 1501 1669 exercitum
1553 1614 1785 1670 dimisit.
1830 1613 2035 1684 Regem

455 1700 803 1774 Illyricorum
853 1720 1011 1758 mane
1047 1719 1169 1758 cum
1222 1704 1276 1758 in
1336 1704 1530 1760 castris
1590 1707 1923 1774 quiesceret,
1980 1715 2035 1757 et

455 1794 664 1848 abitum
695 1795 1016 1861 moliretur,
1058 1793 1346 1851 accersivit
1378 1794 1431 1850 in
1461 1804 1814 1865 conspectum
1851 1810 2031 1852 suum.

455 1885 585 1951 Qui.
604 1902 723 1941 cum
744 1888 1094 1956 intelligeret,
1126 1904 1193 1945 eo
1222 1905 1415 1959 parum
1444 1887 1633 1945 favore
1656 1888 1798 1959 regis
1822 1887 2031 1951 vocari,

452 1990 649 2034 tenens
712 1996 876 2036 manu
932 1981 1161 2045 litteras,
1216 1983 1418 2050 quibus
1477 1981 1860 2038 continebatur
1908 1982 2035 2054 jus-

448 2070 749 2137 jurandum
812 2072 878 2126 ab
910 2071 1251 2129 Maeliumete
1271 2075 1482 2140 datum,
1514 2074 1767 2145 prodibat
1810 2080 1863 2130 In
1903 2091 2038 2131 con-

453 2170 703 2231 spectum
741 2166 907 2236 regis.
934 2165 1004 2222 Ut
1034 2166 1088 2221 in
1122 2171 1472 2236 conspectum
1521 2166 1666 2236 regis
1700 2169 1870 2234 venit,
1912 2183 2040 2239 rege

450 2255 753 2325 imperante
778 2258 1072 2331 caputeius
1102 2260 1389 2332 praecisum
1415 2268 1493 2315 est
1520 2259 1653 2333 (l3).
1685 2256 1933 2316 Tradunt
1958 2277 2045 2316 reo

2146 622 2261 674 χειν
2316 606 2372 666 ἐς
2402 604 2573 666 τέλος.
2610 600 3026 656 Ἀναπείοενται
3058 595 3152 652 οὖν
3200 597 3284 666 ιφ*
3310 590 3356 664 ᾧ
3386 597 3557 667 ἄλλην
3594 596 3739 650 ἀντὶ¹

2144 695 2243 762 τῆς
2278 696 2547 763 σφετέρας
2584 694 2765 747 αὐτῶν
2802 709 2955 759 σφισι
2987 690 3242 760 γενέσθαι
3289 690 3392 742 ὑπὸ
3427 688 3722 759 βασιλέως.

2145 786 2257 840 Καὶ
2283 786 2612 857 ἀφικόμενοι
2648 788 2705 850 ἐς
2731 787 2828 848 τὰς
2858 784 3055 854 ούρας,
3091 784 3190 853 τήν
3224 799 3283 836 τε
3313 782 3499 852 χώραν
3547 780 3723 849 παρέ-

2143 877 2327 932 δοσαν.
2365 880 2473 933 Καὶ
2497 878 2557 932 οὔ
2592 877 2772 949 πολλῷ
2812 877 3062 946 ὕστερον,
3114 876 3313 939 αὐτοὺς
3356 877 3413 940 ὲς
3461 871 3723 944 φυλακὴν

2143 969 2538 1039 ποιησάμενος,
2590 972 2967 1040 εἰσεκομίζετο
3021 969 3110 1022 ἐπ’
3160 969 3331 1031 οἴκου,
3387 966 3479 1021 καὶ
3513 964 3607 1018 τόν
3656 979 3722 1017 τε

2145 1062 2378 1132 στρατὸν
2413 1061 2532 1131 ἅμα
2567 1062 2747 1131 διῆκε.
2781 1061 2886 1117 Τὸν
2932 1062 3118 1135 μέντοι
3163 1060 3386 1132 βασιλέα
3413 1057 3722 1128 Ἰλλυριῶν,

2142 1153 2466 1208 ἀπελαύνων
2504 1156 2568 1206 ὲκ
2615 1153 2714 1224 τῆς
2753 1155 2961 1226 χώρας,
3017 1154 3212 1219 ἕωθεν,
3248 1153 3324 1210 ὼε
3355 1154 3414 1205 ὲν
3445 1150 3525 1220 τῷ
3553 1167 3721 1220 στρα-

2141 1246 2355 1317 τοπέδῳ
2386 1246 2714 1312 ἀνεπαύετο,
2756 1246 3259 1318 μεταπεμψάμενος
3284 1245 3468 1298 ἐκάλει
3500 1245 3558 1306 ὲς
3589 1241 3719 1311 ὄψιν

2139 1337 2241 1407 τὴν
2272 1337 2491 1391 ἑαυτοῦ.
2540 1336 2600 1390 ’0
2634 1336 2690 1389 δὲ
2727 1336 2956 1398 συνιεὶς,
2986 1336 3061 1398 ὡς
3089 1336 3188 1389 οὐκ
3215 1335 3304 1387 ἔπ’
3325 1332 3518 1402 ἀγαθῷ
3547 1346 3721 1400 μετα-

2141 1431 2423 1500 πέμπεται
2448 1430 2633 1495 αὑτὸν,
2658 1427 2727 1482 τὰ
2753 1429 2917 1499 ὅρκια
2938 1428 2997 1481 ὲν
3026 1430 3212 1499 χερσὶ)
3238 1426 3398 1498 ἔχων,
3438 1421 3720 1492 ἐξηγέρθη

2137 1541 2219 1591 τε,
2258 1524 2351 1577 καὶ
2386 1523 2457 1588 ὡς
2493 1522 2714 1595 ἀπήχθη
2748 1524 2803 1587 ἐς
2835 1523 2960 1593 ὄψιν
2984 1521 3079 1590 τὴν
3110 1518 3398 1590 βασιλέως,
3431 1515 3722 1585 ἀπταμόν

2136 1632 2197 1669 τε
2230 1613 2397 1669 αὐτοῦ
2433 1615 2534 1686 τὴν
2583 1614 2825 1685 κεφαλὴν
2880 1613 3244 1679 ἐπιτάξαντος
3299 1608 3585 1680 βασιλέως.
3618 1607 3726 1663 Λέ-

2138 1724 2294 1778 γεται
2348 1694 2402 1759 δὲ
2459 1707 2555 1761 καὶ
2607 1705 2917 1776 διδασκάλῳ
2965 1703 3130 1758 αὑτοῦ
3174 1703 3251 1775 τῷ
3309 1703 3499 1775 Πέρσῃ
3526 1700 3726 1754 τοῦτον

2140 1800 2469 1871 παρασχεῖν,
2499 1797 2640 1852 ὥστε
2670 1798 3098 1875 διαχρήσασθαι.
3133 1797 3195 1852 οι
3237 1797 3292 1850 δὲ
3329 1796 3596 1866 μάγειρον
3627 1794 3696 1847 αὖ
3720 1826 3731 1836 ο

2136 1890 2230 1946 τοῦ
2291 1891 2662 1961 αἰτησάμενον
2718 1893 2954 1957 ἀνελεῖν,
3015 1891 3367 1961 διενεχθέντα
3414 1888 3470 1941 δὲ
3521 1885 3731 1958 γνώμῃ

2138 1985 2278 2054 πρὸς
2304 1976 2711 2057 Μαχουμούτην
2742 1985 2836 2039 τδν
2865 1984 3177 2056 Μιχαήλου,
3230 1983 3453 2051 λέγεται
3506 1979 3728 2036 ἀνελεῖν

2140 2077 2399 2133 κελεῦσαι
2427 2080 2518 2133 τὸν
2558 2077 2783 2150 βασιλέα
2810 2078 3107 2149 Ἰλλυριῶν.
3146 2068 3317 2140 Οὗτος
3355 2076 3453 2147 μὲν
3483 2074 3546 2144 δὴ
3572 2071 3751 2125 οὖτωη

2142 2167 2363 2237 λέγεται
2394 2168 2724 2238 τελευτῆσαι
2756 2167 2896 2240 μετὰ
2924 2171 3023 2241 τῆς
3052 2168 3381 2239 ἡγεμονείας
3413 2162 3580 2218 αὑτοῦ
3614 2161 3733 2215 ὑπὸ

2146 2259 2407 2334 βασιλέως
2438 2276 2536 2314 κατ
2546 2261 2846 2334 αστροφήν.

450 2367 572 2425 gem
597 2352 920 2423 propinasse
954 2353 1392 2413 interficiendum
1420 2355 1730 2428 lllyriorum
1753 2372 1959 2426 regem,
1977 2354 2156 2412 Persae
2176 2357 2500 2429 praeceptori
2519 2371 2638 2413 suo.
2667 2356 2807 2412 Sunt
2826 2358 2917 2429 qui
2939 2358 3208 2420 referunt,
3232 2368 3471 2426 coquum
3506 2349 3727 2421 regium

452 2450 621 2505 istum
646 2450 849 2516 virum,
910 2452 1101 2508 nescio
1131 2453 1277 2521 quod
1330 2452 1537 2507 crimen
1610 2453 1666 2506 in
1736 2466 1860 2506 eum
1910 2451 2302 2515 intendentem,
2358 2451 2685 2510 confecisse.
2739 2450 2878 2508 Nam
2934 2453 3003 2521 is,
3039 2468 3163 2508 cum
3210 2449 3507 2522 plurimum
3559 2446 3728 2501 dissi-

450 2544 607 2598 deret
660 2558 691 2598 a
760 2544 1028 2599 sententia
1063 2541 1420 2600 Machumetis
1450 2544 1541 2598 lilii
1573 2542 1876 2611 Michaelis,
1898 2545 2041 2613 regis
2064 2545 2223 2612 jussu
2256 2545 2563 2617 Illyriorum
2583 2560 2763 2616 regem
2815 2546 2964 2601 letho
3021 2546 3191 2602 dedit.
3234 2544 3291 2600 lu
3322 2544 3468 2598 hunc
3496 2539 3739 2596 modum.

456 2636 738 2691 memoriae
764 2636 1036 2706 proditum
1071 2643 1177 2703 est,
1237 2637 1511 2694 occidisse
1543 2638 1848 2709 Illyriorum
1885 2652 2094 2708 regem,
2126 2648 2395 2709 occupato
2440 2655 2608 2709 regno
2644 2639 2760 2708 ejus
2787 2639 2856 2695 ab
2890 2656 3014 2709 rege
3038 2626 3364 2694 Turcorum.

521 2732 715 2791 Veneti
741 2745 798 2792 et
833 2735 1127 2795 Pannones
1158 2737 1377 2808 cognito
1412 2738 1697 2809 regionem
1721 2736 2032 2810 Illyriorum

450 2830 510 2884 in
540 2829 803 2884 ditionem
830 2831 1050 2885 venisse
1079 2831 1244 2903 regis,
1284 2846 1578 2903 regemque
1636 2832 1884 2903 Illyrium
1940 2848 2035 2888 ca-

450 2931 605 2990 ptum
628 2922 696 2977 ab
718 2921 901 2979 Turco
928 2925 1274 2990 occubuisse,
1307 2935 1598 2995 propterea
1656 2927 1899 2996 reliquos
1940 2941 2032 2980 rc-

452 3011 633 3080 gionis
658 3013 936 3083 principes
968 3014 1336 3071 miserandam
1362 3015 1584 3085 291m
1614 3016 1846 3072 vinculis
1870 3030 2033 3087 agere

449 3104 641 3169 vitam,
680 3105 792 3158 hanc
818 3105 1134 3175 neutiquam
1166 3107 1373 3161 diutius
1394 3105 1616 3163 ferenda
1653 3122 1778 3165 esse
1804 3124 2035 3164 censue-

451 3206 613 3252 runt:
640 3211 707 3251 ac
739 3195 1029 3257 formidine
1057 3212 1256 3267 magna
1279 3198 1651 3265 tentabantur,
1674 3214 1803 3255 cum
1827 3199 2029 3257 animis

2225 2736 2314 2800 Ὠς
2341 2737 2441 2808 μὲν
2463 2734 2558 2792 οὖν
2585 2740 2726 2795 ἑάλω
2755 2742 2788 2811 ἡ
2824 2728 2934 2793 τῶν
2969 2736 3243 2807 Ἱλλυριῶν
3269 2736 3442 2807 χώρα,
3467 2736 3565 2789 καὶ
3595 2736 3627 2790 ε
3658 2754 3719 2792 τε

2140 2826 2401 2895 βασιλεὺς
2428 2829 2783 2899 ἐτελεύτησεν
2816 2832 3000 2895 ἁλοὺς,
3034 2830 3128 2882 καὶ
3158 2830 3207 2882 oi
3237 2829 3416 2881 λοιποὶ
3446 2828 3727 2898 ἡγεμόνες

2142 2918 2351 2987 εἴχοντο
2384 2920 2441 2974 ἐν
2469 2920 2711 2992 φυλακῇ,
2744 2920 3043 2990 πυθόμενοι
3071 2918 3245 2972 ταῦτα
3279 2918 3334 2971 οἵ
3370 2934 3430 2971 τε
3466 2918 3671 2971 Οὐενετ
3688 2918 3730 2970 .1

2142 3012 2240 3064 καὶ
2275 3011 2525 3077 Παίονες,
2563 3013 2740 3066 δεινὸν
2771 3014 3080 3079 ἐποιοῦντο,
3129 3014 3221 3068 καὶ
3260 3016 3317 3073 ἐς
3347 3011 3515 3079 φόϐον
3562 3010 3752 3064 καθίσ-

2143 3122 2340 3162 σταντο
2371 3108 2569 3176 μέγαν,
2622 3109 2822 3164 αὐτίκα.
2866 3109 3110 3179 οἰόμενοι
3148 3106 3239 3162 ἐπὶ
3280 3109 3423 3177 σφᾶς
3469 3106 3626 3177 ἥξειν
3661 3105 3732 3158 τὸ

2138 3200 2333 3257 δεινόν.
2367 3201 2476 3254 Καὶ
2523 3203 2573 3255 οἱ
2627 3202 2726 3272 μὲν
2759 3203 3013 3256 Οὐενετοὶ
3044 3201 3427 3271 ἐχαλέπαινον,
3458 3200 3743 3271 ἐπιφερο-

455 3295 798 3356 reputarent,
860 3288 1013 3344 hrevi
1066 3287 1183 3344 fore
1212 3300 1268 3345 ut
1354 3288 1498 3372 idem
1541 3292 1767 3347 exitium
1839 3306 2032 3362 parum

2141 3294 2322 3362 μένων
2354 3295 2507 3364 σφῖσι
2688 3294 2954 3365 βασιλέως
3005 3295 3267 3365 ὑπάρχων
3315 3296 3411 3348 καὶ
3460 3293 3729 3364 χαλεπῶν

424 3380 689 3434 'feliciter
743 3381 1146 3450 experirentur.
1210 3383 1402 3438 Veneti
1454 3385 1691 3455 graviter
1746 3382 2030 3449 ferebant,

454 3471 746 3542 prafectos
812 3474 991 3544 regios
1037 3483 1231 3531 contra
1268 3476 1419 3546 ipsos
1455 3477 1763 3546 insurgere,
1816 3484 1871 3531 et
1905 3475 2033 3530 sub-

452 3565 585 3622 ditis
647 3581 837 3623 eorum
906 3568 1168 3624 molestos
1218 3579 1273 3624 et
1327 3569 1706 3625 intolerandus
1752 3584 1900 3625 esse.
1949 3568 2036 3623 In.

454 3660 615 3716 terim
643 3670 833 3716 tamen
858 3660 1128 3719 federum
1161 3657 1511 3718 sanctitatem
1542 3662 1681 3718 bona
1717 3661 1819 3718 (ide
1840 3662 2032 3719 colue-

454 3764 609 3819 runt,
630 3757 884 3826 suspensi
916 3758 1331 3827 esspectatione
1359 3765 1591 3813 eventus
1629 3771 1839 3811 rerum.
1865 3753 2035 3812 Josue

453 3848 678 3905 Albanis
703 3849 847 3904 illius
881 3849 1026 3921 regis
1049 3850 1364 3920 praefectus,
1394 3850 1567 3919 Argos
1587 3849 1640 3903 in
1657 3846 2033 3918 Peloponneso

457 3953 552 4008 per
591 3940 956 4009 proditionem
976 3942 1303 4004 sacerdotis.
1330 3941 1425 4011 qui
1444 3956 1509 3996 ea
1542 3944 1596 3995 in
1621 3940 1754 3996 urbe
1788 3939 2034 3994 moraba-

457 4038 572 4096 tur,
592 4042 789 4086 nactus
809 4041 916 4098 est,
943 4041 999 4087 et
1024 4046 1099 4086 ex
1143 4041 1335 4100 aperto
1367 4032 1481 4100 jam
1539 4032 1744 4086 bellum
1785 4030 2033 4098 gerebat.

461 4116 688 4174 Omares
717 4119 1057 4178 Turacbauis
1090 4121 1261 4185 ﬁlius,
1314 4121 1690 4177 incursionem
1723 4122 1776 4176 in
1820 4120 2033 4191 Naupa-

457 4222 607 4266 ctum
649 4212 800 4279 fecit,
835 4227 939 4267 uec
986 4212 1152 4267 etiam
1190 4212 1260 4268 ah
1306 4214 1527 4284 regione
1550 4214 1605 4269 in
1657 4212 2034 4282 Peloponneso

456 4303 791 4360 Venetorum
841 4305 988 4361 circa
1014 4303 1352 4367 Melitenam,
1387 4305 1519 4372 regii
1545 4306 1636 4374 jus
1671 4304 1797 4359 belli
1856 4305 2034 4360 absti-
2072 4378 2075 4381 _

458 4405 727 4451 nuerunt.
785 4395 879 4451 llis
911 4396 1131 4451 accensi
1172 4396 1387 4460 Veneti,
1416 4398 1560 4452 haud
1622 4398 1859 4468 amplius
1900 4413 2035 4454 cun-

457 4488 716 4545 ctandum
760 4498 814 4545 et
837 4488 1122 4545 ferendum
1156 4489 1281 4557 rati,
1322 4489 1390 4545 ad
1439 4489 1859 4546 consultandum
1903 4491 2034 4562 quid

2137 3378 2311 3442 ὄντων
2353 3391 2468 3453 τοῖς
2500 3386 2786 3460 ὑπηκόοις·
2821 3388 3075 3460 ἐνέμενον
3110 3388 3159 3442 δ’
3194 3389 3346 3459 ὅμως
3393 3388 3514 3451 ταῖς
3554 3402 3733 3440 σπον-

2136 3481 2278 3545 δαῖς,
2312 3483 2745 3554 καραδοκοῦντες
2840 3482 3183 3552 ἀποόήσεται
3224 3482 3377 3550 cpia:
3420 3480 3489 3534 τὰ
3535 3480 3730 3550 πράγ-

2138 3594 2307 3646 ματα.
2356 3577 2443 3640 Ὠς
2477 3577 2535 3631 δὲ
2564 3576 2621 3630 τό
2646 3594 2706 3630 τε
2734 3576 2791 3630 ἒν
2826 3576 3223 3644 Πελοποννήσῳ
3261 3576 3487 3645 Ἄργος,
3520 3573 3725 3643 ἱερέως

2136 3668 2246 3723 τῶν
2277 3669 2335 3722 ἐν
2360 3670 2427 3739 τῇ
2460 3667 2617 3723 πόλει
2656 3668 2995 3737 παραδόντος
3022 3666 3307 3738 προδοσίᾳ,
3337 3666 3528 3721 ἔλαϐεν
3556 3667 3585 3718 ὁ
3623 3665 3727 3720 τοῦ

2139 3762 2410 3833 βασιλέως
2438 3760 2687 3833 ὕπαρχος
2711 3760 2990 3814 Ἀλῦάνεω
3021 3762 3175 3828 παῖς,
3200 3758 3442 3831 τοῦνομα
3479 3759 3725 3829 Ἰησοῦς,

2136 3853 2229 3907 καὶ
2263 3850 2487 3907 ἐπέθετο
2527 3854 2843 3921 περιφανῶς
2884 3851 2987 3923 ἥδη
3031 3852 3308 3921 πολεμεῖν*
3352 3853 3449 3906 καὶ
3492 3851 3734 3907 Ναύπα-

2135 3961 2264 3999 κτον
2285 3946 2385 4012 μὲν
2408 3945 2713 4013 ἐπέδραμεν
2747 3942 2990 4017 ὐμάρης
3011 3946 3039 3998 ὁ
3058 3945 3440 4017 Τουραχάνεω·
3461 3942 3559 4015 τὴν
3580 3943 3642 3997 δὲ
3666 3947 3733 3999 ἐν

2138 4034 2535 4103 Πελοποννήσῳ
2559 4032 2742 4104 χώραν
2777 4034 3081 4096 Ούενετῶν,
3108 4035 3208 4105 τὴν
3243 4035 3371 4105 περὶ
3419 4034 3722 4107 Μεθώνην,

2138 4126 2545 4188 καταλαϐόντες
2575 4126 2625 4178 oi.
2668 4126 2761 4179 τοῦ
2790 4125 3082 4195 βασιλέως,
3115 4128 3218 4180 οὐκ
3251 4126 3560 4180 ἐνεδίδοσαν
3583 4143 3599 4158 ·
3632 4130 3725 4182 ἐν-

2138 4216 2310 4269 ταῦθα
2337 4215 2546 4269 οὐκέτι
2585 4218 2885 4286 ἀνασχετὸν
2931 4218 3221 4271 ἑποιοῦντο
3253 4219 3490 4290 ἡσυχίαν
3533 4218 3724 4284 ἄγειν.

2152 4310 2292 4363 Ἀλλ’
2325 4308 2680 4364 ἐϐουλεύοντο
2719 4311 2815 4378 μὲν
2847 4310 2938 4363 ἐπ’
2966 4310 3256 4381 ἀμφότερα
3283 4312 3563 4380 γινόμενοι
3596 4312 3730 4374 ταῖς

2137 4400 2410 4473 γνώμαις.
2450 4403 2820 4473 Καταστάσης
2876 4402 2932 4456 δὲ
2981 4402 3221 4473 πολλαχῆ
3270 4403 3569 4473 ἐκκλησίας
3606 4403 3729 4459 τῶν

2139 4492 2374 4562 Κλητῶν
2404 4492 2782 4563 καλουμένων,
2814 4492 3033 4564 Βίκτωρ
3057 4491 3167 4546 τῶν
3193 4492 3497 4546 Καπέλλων
3515 4492 3719 4557 οἰκίας,

458 4598 685 4655 agerent
717 4586 1090 4655 potissimum,
1147 4585 1569 4652 conveniebant,
1623 4589 1913 4642 sententiis
1976 4587 2032 4641 in

2140 4586 2278 4655 ἀνὴρ
2313 4586 2530 4657 πλούτῳ
2567 4603 2625 4638 τε
2672 4586 2769 4639 καὶ¹
2800 4583 3073 4655 ἀξιώματι
3103 4585 3372 4656 προέχων,
3413 4586 3508 4640 καὶ
3558 4584 3731 4653 ἄγειν

458 4687 750 4749 utramque
784 4689 991 4751 partem
1021 4680 1190 4750 probe
1222 4679 1604 4749 pensiculatis,
1637 4696 1762 4737 cum
1785 4682 1897 4753 jam
1927 4696 2033 4737 ste-

459 4772 587 4839 pius
618 4773 1028 4828 consultassent
1049 4782 1339 4828 senatores
1367 4773 1459 4842 qui
1494 4774 1712 4828 Evocati
1748 4773 2030 4829 dicuntur.

466 4864 651 4918 Victor
681 4866 748 4919 de
781 4863 990 4919 familia
1016 4866 1361 4933 Capellarum
1390 4866 1533 4937 (14),
1589 4867 1670 4920 vir
1719 4865 1923 4922 divitiis
1980 4874 2036 4921 et

457 4957 723 5027 dignitate
753 4958 1093 5027 praecellens,
1124 4958 1331 5030 quique
1363 4959 1553 5014 urbem
1582 4974 1769 5029 regere
1796 4958 2038 5028 optimus

461 5049 814 5114 censebatur,
831 5052 1081 5108 adductis
1108 5054 1162 5108 in
1182 5069 1341 5108 suam
1360 5056 1681 5108 sententiam
1717 5054 2040 5123 propinquis

459 5154 519 5199 et
551 5144 822 5215 cognatis,
851 5146 1232 5201 conscendens
1267 5147 1531 5212 tribunal,
1555 5146 1721 5202 talem
1735 5147 2038 5201 orationem

460 5238 720 5293 habuisse
751 5236 962 5292 fertur:
995 5239 1108 5293 Viri
1142 5238 1354 5304 Veneti,
1391 5242 1595 5309 saepius
1638 5240 1773 5295 alias
1807 5240 2038 5310 cognovi

461 5331 631 5386 certis
659 5330 1079 5400 experimentis,
1114 5332 1279 5400 hujus
1303 5333 1553 5387 civitatis
1584 5334 1794 5387 incolas
1826 5348 2036 5401 nequa-

462 5437 631 5491 quam
649 5427 845 5479 cedere
873 5423 1095 5491 animis,
1127 5426 1175 5480 si
1235 5426 1457 5495 quando
1505 5426 1792 5481 instituant
1848 5440 2030 5480 rerum

466 5519 928 5585 necessariarum,
988 5533 1111 5587 qua:
1161 5519 1230 5573 ad
1283 5518 1679 5588 rempublicam
1741 5520 2036 5587 pertinent,

465 5608 949 5666 consultationem.
983 5611 1325 5682 Quapropter
1356 5615 1544 5683 paucis
1587 5628 1684 5669 vos
1706 5614 2039 5683 compellan-

2142 4680 2316 4733 δοκῶν
2352 4682 2452 4748 τὴν
2482 4680 2644 4735 πόλιν
2674 4681 2997 4752 κράτιστος,
3031 4681 3573 4752 προσπαρακαλέσας
3620 4685 3723 4734 καὶ

2139 4775 2267 4834 τοὺς
2300 4773 2683 4845 προσήκοντας
2724 4773 2873 4843 αὐτῷ
2933 4776 3030 4827 καὶ
3062 4778 3348 4842 συγγενεῖς
3375 4777 3432 4837 ἐς
3460 4776 3560 4845 τὴν
3592 4775 3725 4827 ἑαυ-

2140 4866 2235 4920 τοῦ
2262 4868 2464 4937 ψῆφον,
2497 4867 2716 4937 παριὼν
2758 4869 2850 4920 ἐπὶ
2891 4868 2952 4920 τὸ
2987 4867 3137 4939 βῆμα
3167 4868 3322 4931 ἔλεγε
3347 4868 3549 4922 τοιάδε·
3589 4868 3723 4920 Ἂν-

2141 4961 2263 5031 δρες
2294 4962 2573 5025 Οὐενετοὶ,
2598 4961 2847 5031 πολλαχῆ
2879 4962 2976 5030 μὲν
3007 4963 3102 5015 καὶ
3132 4962 3325 5015 ἄλλοτε
3370 4962 3546 5015 δοκῶν
3588 4960 3725 5024 τοὺς

2135 5054 2485 5116 ἐνοικοῦντας
2526 5053 2590 5106 τὸ
2617 5053 2754 5106 ἄστυ
2782 5054 2901 5106 τάδε
2944 5054 3021 5123 μὴ
3059 5054 3381 5107 διαπίπτειν
3430 5053 3726 5121 λογιζομέ-

2136 5164 2258 5208 νους
2285 5147 2354 5200 τὰ.
2390 5146 2599 5208 δέοντα,
2631 5144 2825 5214 βραχεῖ
2886 5162 2998 5200 τινι
3030 5145 3176 5217 λόγῳ
3212 5147 3460 5216 ὲνὸμιξον
3506 5146 3725 5200 δεῖσθαι

2134 5241 2194 5304 ἐς
2227 5241 2392 5307 ὑμᾶς·
2423 5239 2604 5294 πάντα
2627 5239 2686 5293 δὲ
2715 5239 2785 5293 τὰ
2805 5239 3134 5309 πράγματα,
3155 5236 3245 5293 οἷοι
3276 5238 3720 5309 προτρέπεσθαι,

2134 5334 2342 5404 καὶμὴ
2381 5333 2878 5403 προθυμουμένους
2926 5334 3021 5387 ἐπὶ
3073 5333 3165 5387 τὸν
3217 5334 3456 5403 πόλεμον
3504 5332 3723 5399 τοῦτον,

2140 5427 2265 5479 ἐπεὶ
2313 5425 2371 5479 δὲ
2417 5427 2514 5479 καὶ
2563 5425 2672 5478 τῶν
2724 5426 3030 5495 πρωτεύειν
3079 5425 3383 5491 ἀξιούντων
3416 5422 3549 5496 παρ’
3583 5427 3725 5495 ἡμῖν

2148 5519 2249 5571 οὐκ
2282 5517 2504 5585 ὀλίγων,
2535 5517 2826 5586 παριόντες
2862 5517 3179 5572 κελεύουσιν
3229 5519 3372 5587 ὑμᾶς
3416 5519 3494 5588 μὴ
3542 5516 3727 5580 οὕτως

2150 5610 2409 5680 ἐπαχθῶς
2461 5611 2591 5681 περὶ
2645 5611 2896 5681 μεγάλων
2949 5611 3306 5680 βουλεύεσθαι
3348 5627 3723 5684 πραγματων,

1686 5785 1699 5795 .
1741 5726 1990 5790 Νοιυιω
2021 5725 2434 5805 marginales.

537 5870 650 5947 (l3)
682 5874 784 5931 Alii
823 5876 1160 5955 excoriatum
1188 5877 1457 5943 scribunt,
1498 5875 1651 5933 “63.

2210 5876 2322 5947 (ιι)
2356 5874 2432 5932 De
2459 5875 2729 5933 Caselliis.
