  <div class='ocr_page' id='page_1' title='image "/cluster/home/n/w/nwhite01/storage/ocr_20150623/159/coo.31924054870641/276.png"; bbox 0 0 4126 6432; ppageno 0'>
   <div class='ocr_carea' id='block_1_1' title="bbox 370 436 477 500">
    <p class='ocr_par' dir='ltr' id='par_1_1' title="bbox 370 436 477 500">
     <span class='ocr_line' id='line_1_1' title="bbox 370 436 477 500; baseline 0 0"><span class='ocrx_word' id='word_1_1' title='bbox 370 436 477 500; x_wconf 74' lang='grc'><strong>537</strong></span> 
     </span>
    </p>
   </div>
   <div class='ocr_carea' id='block_1_2' title="bbox 1420 433 2486 501">
    <p class='ocr_par' dir='ltr' id='par_1_2' title="bbox 1420 433 2486 501">
     <span class='ocr_line' id='line_1_2' title="bbox 1420 433 2486 501; baseline 0.008 -8"><span class='ocrx_word' id='word_1_2' title='bbox 1420 434 1520 494; x_wconf 89' lang='lat' dir='ltr'><strong>DE</strong></span> <span class='ocrx_word' id='word_1_3' title='bbox 1548 433 1799 496; x_wconf 79' lang='lat' dir='ltr'><strong>REBUS</strong></span> <span class='ocrx_word' id='word_1_4' title='bbox 1837 434 2193 498; x_wconf 78' lang='lat' dir='ltr'><strong>TURCICIS</strong></span> <span class='ocrx_word' id='word_1_5' title='bbox 2226 437 2368 501; x_wconf 85' lang='lat' dir='ltr'><strong>LIB.</strong></span> <span class='ocrx_word' id='word_1_6' title='bbox 2414 439 2486 501; x_wconf 82' lang='lat' dir='ltr'><strong>X.</strong></span> 
     </span>
    </p>
   </div>
   <div class='ocr_carea' id='block_1_3' title="bbox 3517 445 3620 507">
    <p class='ocr_par' dir='ltr' id='par_1_3' title="bbox 3517 445 3620 507">
     <span class='ocr_line' id='line_1_3' title="bbox 3517 445 3620 507; baseline 0.01 -2"><span class='ocrx_word' id='word_1_7' title='bbox 3517 445 3620 507; x_wconf 64' lang='lat'><strong>5‘38</strong></span> 
     </span>
    </p>
   </div>
   <div class='ocr_carea' id='block_1_4' title="bbox 366 551 1965 623">
    <p class='ocr_par' dir='ltr' id='par_1_4' title="bbox 366 551 1965 623">
     <span class='ocr_line' id='line_1_4' title="bbox 366 551 1965 623; baseline -0.003 -14"><span class='ocrx_word' id='word_1_8' title='bbox 366 555 480 609; x_wconf 71' lang='grc' dir='ltr'>ἀλλ’</span> <span class='ocrx_word' id='word_1_9' title='bbox 510 551 804 623; x_wconf 74' lang='grc' dir='ltr'>ἀνέχεσθαι</span> <span class='ocrx_word' id='word_1_10' title='bbox 830 551 1057 621; x_wconf 78' lang='grc' dir='ltr'>μᾶλλον,</span> <span class='ocrx_word' id='word_1_11' title='bbox 1089 552 1392 622; x_wconf 82' lang='grc' dir='ltr'>πρεσϐείαν</span> <span class='ocrx_word' id='word_1_12' title='bbox 1415 554 1734 623; x_wconf 75' lang='grc' dir='ltr'><strong>πέμποντας</strong></span> <span class='ocrx_word' id='word_1_13' title='bbox 1756 554 1815 616; x_wconf 83' lang='grc' dir='ltr'><strong>ἐς</strong></span> <span class='ocrx_word' id='word_1_14' title='bbox 1843 553 1934 605; x_wconf 83' lang='grc' dir='ltr'>τὸν</span> <span class='ocrx_word' id='word_1_15' title='bbox 1963 612 1965 620; x_wconf 23' lang='grc' dir='ltr'><em>Α</em></span> 
     </span>
    </p>
   </div>
   <div class='ocr_carea' id='block_1_5' title="bbox 2051 551 3619 623">
    <p class='ocr_par' dir='ltr' id='par_1_5' title="bbox 2051 553 3619 619">
     <span class='ocr_line' id='line_1_5' title="bbox 2051 553 3619 619; baseline 0.002 -13"><span class='ocrx_word' id='word_1_16' title='bbox 2051 553 2137 609; x_wconf 85' lang='lat' dir='ltr'><strong>los</strong></span> <span class='ocrx_word' id='word_1_17' title='bbox 2186 554 2520 619; x_wconf 76' lang='lat' dir='ltr'><strong>existimavi,</strong></span> <span class='ocrx_word' id='word_1_18' title='bbox 2547 570 2672 611; x_wconf 90' lang='lat' dir='ltr'><strong>cum</strong></span> <span class='ocrx_word' id='word_1_19' title='bbox 2702 555 2911 611; x_wconf 83' lang='lat' dir='ltr'><strong>videam</strong></span> <span class='ocrx_word' id='word_1_20' title='bbox 2943 555 3110 611; x_wconf 87' lang='lat' dir='ltr'><strong>etiam</strong></span> <span class='ocrx_word' id='word_1_21' title='bbox 3140 555 3327 611; x_wconf 80' lang='lat' dir='ltr'><strong>invitis</strong></span> <span class='ocrx_word' id='word_1_22' title='bbox 3378 564 3435 611; x_wconf 90' lang='lat' dir='ltr'><strong>et</strong></span> <span class='ocrx_word' id='word_1_23' title='bbox 3464 565 3619 611; x_wconf 78' lang='lat' dir='ltr'><strong>arma</strong></span> 
     </span>
    </p>
   </div>
   <div class='ocr_carea' id='block_1_6' title="bbox 367 644 1943 721">
    <p class='ocr_par' dir='ltr' id='par_1_6' title="bbox 367 644 1943 721">
     <span class='ocr_line' id='line_1_6' title="bbox 367 644 1943 721; baseline 0.002 -24"><span class='ocrx_word' id='word_1_24' title='bbox 367 647 644 719; x_wconf 73' lang='grc' dir='ltr'>βάρϐαρον</span> <span class='ocrx_word' id='word_1_25' title='bbox 679 644 812 714; x_wconf 76' lang='grc' dir='ltr'>περὶ</span> <span class='ocrx_word' id='word_1_26' title='bbox 843 644 954 721; x_wconf 78' lang='grc' dir='ltr'><strong>τῷν</strong></span> <span class='ocrx_word' id='word_1_27' title='bbox 984 644 1247 712; x_wconf 81' lang='grc' dir='ltr'><strong>σπονδῶν,</strong></span> <span class='ocrx_word' id='word_1_28' title='bbox 1279 645 1354 709; x_wconf 85' lang='grc' dir='ltr'><strong>ὡς</strong></span> <span class='ocrx_word' id='word_1_29' title='bbox 1384 646 1445 698; x_wconf 75' lang='grc' dir='ltr'>οὐ</span> <span class='ocrx_word' id='word_1_30' title='bbox 1490 646 1676 699; x_wconf 82' lang='grc' dir='ltr'>δίκαια</span> <span class='ocrx_word' id='word_1_31' title='bbox 1709 645 1943 715; x_wconf 78' lang='grc' dir='ltr'><strong>πράττοι</strong></span> 
     </span>
    </p>
   </div>
   <div class='ocr_carea' id='block_1_7' title="bbox 375 738 1944 808">
    <p class='ocr_par' dir='ltr' id='par_1_7' title="bbox 375 738 1944 808">
     <span class='ocr_line' id='line_1_7' title="bbox 375 738 1944 808; baseline -0.001 -15"><span class='ocrx_word' id='word_1_32' title='bbox 375 738 728 807; x_wconf 87' lang='grc' dir='ltr'>παραϐαίνων</span> <span class='ocrx_word' id='word_1_33' title='bbox 764 738 892 801; x_wconf 81' lang='grc' dir='ltr'>τοὺς</span> <span class='ocrx_word' id='word_1_34' title='bbox 920 738 1140 808; x_wconf 85' lang='grc' dir='ltr'>ὅρκους,</span> <span class='ocrx_word' id='word_1_35' title='bbox 1180 740 1270 791; x_wconf 76' lang='grc' dir='ltr'><strong>καὶ</strong></span> <span class='ocrx_word' id='word_1_36' title='bbox 1291 738 1392 802; x_wconf 69' lang='grc' dir='ltr'><strong>τὰς</strong></span> <span class='ocrx_word' id='word_1_37' title='bbox 1416 740 1670 803; x_wconf 70' lang='grc' dir='ltr'>σπονδὰς,</span> <span class='ocrx_word' id='word_1_38' title='bbox 1695 740 1791 792; x_wconf 77' lang='grc' dir='ltr'><strong>καὶ</strong></span> <span class='ocrx_word' id='word_1_39' title='bbox 1817 756 1944 793; x_wconf 64' lang='grc' dir='ltr'>νουη</span> 
     </span>
    </p>
   </div>
   <div class='ocr_carea' id='block_1_8' title="bbox 380 824 1946 899">
    <p class='ocr_par' dir='ltr' id='par_1_8' title="bbox 380 824 1946 899">
     <span class='ocr_line' id='line_1_8' title="bbox 380 824 1946 899; baseline -0.001 -18"><span class='ocrx_word' id='word_1_40' title='bbox 380 829 551 881; x_wconf 67' lang='grc' dir='ltr'>θετεῖν</span> <span class='ocrx_word' id='word_1_41' title='bbox 573 828 739 880; x_wconf 77' lang='grc' dir='ltr'>αὐτὸν</span> <span class='ocrx_word' id='word_1_42' title='bbox 772 827 839 880; x_wconf 81' lang='grc' dir='ltr'>τὰ</span> <span class='ocrx_word' id='word_1_43' title='bbox 868 824 1077 891; x_wconf 79' lang='grc' dir='ltr'><strong>δέοντα,</strong></span> <span class='ocrx_word' id='word_1_44' title='bbox 1115 826 1185 896; x_wconf 77' lang='grc' dir='ltr'>ἦν</span> <span class='ocrx_word' id='word_1_45' title='bbox 1216 826 1310 899; x_wconf 81' lang='grc' dir='ltr'><strong>δὲῃ</strong></span> <span class='ocrx_word' id='word_1_46' title='bbox 1348 828 1694 897; x_wconf 71' lang='grc' dir='ltr'>πεισόμενον.</span> <span class='ocrx_word' id='word_1_47' title='bbox 1730 828 1859 881; x_wconf 72' lang='grc' dir='ltr'><strong>Ἐὰν</strong></span> <span class='ocrx_word' id='word_1_48' title='bbox 1886 827 1946 880; x_wconf 74' lang='grc' dir='ltr'>δὲ</span> 
     </span>
    </p>
   </div>
   <div class='ocr_carea' id='block_1_9' title="bbox 384 919 1947 991">
    <p class='ocr_par' dir='ltr' id='par_1_9' title="bbox 384 919 1947 991">
     <span class='ocr_line' id='line_1_9' title="bbox 384 919 1947 991; baseline -0.001 -17"><span class='ocrx_word' id='word_1_49' title='bbox 384 920 720 991; x_wconf 78' lang='grc' dir='ltr'>ἀναιρεῖσθαι</span> <span class='ocrx_word' id='word_1_50' title='bbox 751 919 1011 989; x_wconf 77' lang='grc' dir='ltr'>πόλεμον,</span> <span class='ocrx_word' id='word_1_51' title='bbox 1036 921 1338 987; x_wconf 79' lang='grc' dir='ltr'>ἀναγκαῖον</span> <span class='ocrx_word' id='word_1_52' title='bbox 1362 919 1520 987; x_wconf 77' lang='grc' dir='ltr'>λόγον</span> <span class='ocrx_word' id='word_1_53' title='bbox 1558 922 1689 988; x_wconf 77' lang='grc' dir='ltr'>περὶ</span> <span class='ocrx_word' id='word_1_54' title='bbox 1717 920 1813 974; x_wconf 86' lang='grc' dir='ltr'>τοῦ</span> <span class='ocrx_word' id='word_1_55' title='bbox 1844 937 1947 973; x_wconf 89' lang='grc' dir='ltr'>πα-</span> 
     </span>
    </p>
   </div>
   <div class='ocr_carea' id='block_1_10' title="bbox 382 1010 1941 1084">
    <p class='ocr_par' dir='ltr' id='par_1_10' title="bbox 382 1010 1941 1084">
     <span class='ocr_line' id='line_1_10' title="bbox 382 1010 1941 1084; baseline -0.001 -18"><span class='ocrx_word' id='word_1_56' title='bbox 382 1013 566 1084; x_wconf 76' lang='grc' dir='ltr'>ρόντος</span> <span class='ocrx_word' id='word_1_57' title='bbox 603 1011 866 1082; x_wconf 82' lang='grc' dir='ltr'>πολέμου,</span> <span class='ocrx_word' id='word_1_58' title='bbox 896 1012 1341 1080; x_wconf 73' lang='grc' dir='ltr'>ὲπιμνησὰμενον</span> <span class='ocrx_word' id='word_1_59' title='bbox 1369 1011 1578 1076; x_wconf 79' lang='grc' dir='ltr'>ἱκανὸν,</span> <span class='ocrx_word' id='word_1_60' title='bbox 1606 1010 1777 1076; x_wconf 76' lang='grc' dir='ltr'>οὕτως</span> <span class='ocrx_word' id='word_1_61' title='bbox 1805 1012 1941 1065; x_wconf 87' lang='grc' dir='ltr'>ίέναι</span> 
     </span>
    </p>
   </div>
   <div class='ocr_carea' id='block_1_11' title="bbox 374 1102 1945 1175">
    <p class='ocr_par' dir='ltr' id='par_1_11' title="bbox 374 1102 1945 1175">
     <span class='ocr_line' id='line_1_11' title="bbox 374 1102 1945 1175; baseline 0 -17"><span class='ocrx_word' id='word_1_62' title='bbox 374 1105 469 1158; x_wconf 70' lang='grc' dir='ltr'><strong>ἐπὶ</strong></span> <span class='ocrx_word' id='word_1_63' title='bbox 501 1105 599 1173; x_wconf 83' lang='grc' dir='ltr'><strong>τὴν</strong></span> <span class='ocrx_word' id='word_1_64' title='bbox 630 1104 837 1174; x_wconf 70' lang='grc' dir='ltr'>ψῆφον.</span> <span class='ocrx_word' id='word_1_65' title='bbox 867 1106 959 1156; x_wconf 81' lang='grc' dir='ltr'><strong>Δεῖ</strong></span> <span class='ocrx_word' id='word_1_66' title='bbox 996 1103 1052 1157; x_wconf 71' lang='grc' dir='ltr'>δὲ</span> <span class='ocrx_word' id='word_1_67' title='bbox 1082 1102 1290 1157; x_wconf 67' lang='grc' dir='ltr'>ἕκαστα</span> <span class='ocrx_word' id='word_1_68' title='bbox 1318 1103 1696 1174; x_wconf 73' lang='grc' dir='ltr'><strong>λογιζομένοις</strong></span> <span class='ocrx_word' id='word_1_69' title='bbox 1725 1106 1794 1159; x_wconf 86' lang='grc' dir='ltr'><strong>τά</strong></span> <span class='ocrx_word' id='word_1_70' title='bbox 1846 1122 1945 1175; x_wconf 83' lang='grc' dir='ltr'><strong>χα-</strong></span> 
     </span>
    </p>
   </div>
   <div class='ocr_carea' id='block_1_12' title="bbox 376 1195 1943 1266">
    <p class='ocr_par' dir='ltr' id='par_1_12' title="bbox 376 1195 1943 1266">
     <span class='ocr_line' id='line_1_12' title="bbox 376 1195 1943 1266; baseline 0.001 -18"><span class='ocrx_word' id='word_1_71' title='bbox 376 1195 514 1250; x_wconf 84' lang='grc' dir='ltr'>λεπά</span> <span class='ocrx_word' id='word_1_72' title='bbox 574 1196 922 1266; x_wconf 80' lang='grc' dir='ltr'>μετριώτερα</span> <span class='ocrx_word' id='word_1_73' title='bbox 994 1196 1333 1266; x_wconf 70' lang='grc' dir='ltr'><strong>φαινομένων</strong></span> <span class='ocrx_word' id='word_1_74' title='bbox 1386 1195 1596 1249; x_wconf 80' lang='grc' dir='ltr'>τούτων</span> <span class='ocrx_word' id='word_1_75' title='bbox 1662 1197 1943 1266; x_wconf 77' lang='grc' dir='ltr'>αἱρεῖσθαι</span> 
     </span>
    </p>
   </div>
   <div class='ocr_carea' id='block_1_13' title="bbox 376 1286 1945 1359">
    <p class='ocr_par' dir='ltr' id='par_1_13' title="bbox 376 1286 1945 1359">
     <span class='ocr_line' id='line_1_13' title="bbox 376 1286 1945 1359; baseline 0 -18"><span class='ocrx_word' id='word_1_76' title='bbox 376 1288 827 1358; x_wconf 68' lang='grc' dir='ltr'><strong>ἐπιλεγομένους.</strong></span> <span class='ocrx_word' id='word_1_77' title='bbox 875 1286 1098 1358; x_wconf 83' lang='grc' dir='ltr'>Πρῶτον</span> <span class='ocrx_word' id='word_1_78' title='bbox 1150 1287 1206 1341; x_wconf 78' lang='grc' dir='ltr'>δὲ</span> <span class='ocrx_word' id='word_1_79' title='bbox 1259 1289 1562 1354; x_wconf 76' lang='grc' dir='ltr'>ἀναγκαῖον</span> <span class='ocrx_word' id='word_1_80' title='bbox 1606 1287 1945 1359; x_wconf 79' lang='grc' dir='ltr'><strong>προθέμενον</strong></span> 
     </span>
    </p>
   </div>
   <div class='ocr_carea' id='block_1_14' title="bbox 372 1377 1947 1451">
    <p class='ocr_par' dir='ltr' id='par_1_14' title="bbox 372 1377 1947 1451">
     <span class='ocr_line' id='line_1_14' title="bbox 372 1377 1947 1451; baseline 0 -19"><span class='ocrx_word' id='word_1_81' title='bbox 372 1381 578 1451; x_wconf 64' lang='grc' dir='ltr'>ιξρῆφον,</span> <span class='ocrx_word' id='word_1_82' title='bbox 610 1380 836 1448; x_wconf 76' lang='grc' dir='ltr'><strong>γνώμην</strong></span> <span class='ocrx_word' id='word_1_83' title='bbox 861 1380 1069 1449; x_wconf 80' lang='grc' dir='ltr'>ταύτην</span> <span class='ocrx_word' id='word_1_84' title='bbox 1089 1377 1163 1442; x_wconf 82' lang='grc' dir='ltr'><strong>ὡς</strong></span> <span class='ocrx_word' id='word_1_85' title='bbox 1204 1380 1410 1433; x_wconf 69' lang='grc' dir='ltr'>ἕκαστα</span> <span class='ocrx_word' id='word_1_86' title='bbox 1435 1379 1776 1435; x_wconf 85' lang='grc' dir='ltr'>ἀποϐαίνειν.</span> <span class='ocrx_word' id='word_1_87' title='bbox 1804 1380 1947 1433; x_wconf 78' lang='grc' dir='ltr'>Φασὶ</span> 
     </span>
    </p>
   </div>
   <div class='ocr_carea' id='block_1_15' title="bbox 373 1466 1946 1543">
    <p class='ocr_par' dir='ltr' id='par_1_15' title="bbox 373 1466 1946 1543">
     <span class='ocr_line' id='line_1_15' title="bbox 373 1466 1946 1543; baseline -0.001 -18"><span class='ocrx_word' id='word_1_88' title='bbox 373 1476 483 1541; x_wconf 75' lang='grc' dir='ltr'><strong>γὰρ</strong></span> <span class='ocrx_word' id='word_1_89' title='bbox 512 1466 684 1532; x_wconf 70' lang='grc' dir='ltr'>οὗτοι,</span> <span class='ocrx_word' id='word_1_90' title='bbox 713 1472 797 1525; x_wconf 84' lang='grc' dir='ltr'><strong>ὅτι</strong></span> <span class='ocrx_word' id='word_1_91' title='bbox 827 1474 875 1524; x_wconf 81' lang='grc' dir='ltr'><strong>εί</strong></span> <span class='ocrx_word' id='word_1_92' title='bbox 903 1472 1315 1542; x_wconf 79' lang='grc' dir='ltr'><strong>πολεμήσομεν,</strong></span> <span class='ocrx_word' id='word_1_93' title='bbox 1343 1473 1395 1525; x_wconf 87' lang='grc' dir='ltr'><strong>αί</strong></span> <span class='ocrx_word' id='word_1_94' title='bbox 1424 1472 1567 1525; x_wconf 79' lang='grc' dir='ltr'>κατὰ</span> <span class='ocrx_word' id='word_1_95' title='bbox 1595 1471 1691 1542; x_wconf 76' lang='grc' dir='ltr'>τὴν</span> <span class='ocrx_word' id='word_1_96' title='bbox 1715 1471 1946 1543; x_wconf 72' lang='grc' dir='ltr'>ἤπειρον</span> 
     </span>
    </p>
   </div>
   <div class='ocr_carea' id='block_1_16' title="bbox 372 1562 1947 1635">
    <p class='ocr_par' dir='ltr' id='par_1_16' title="bbox 372 1562 1947 1635">
     <span class='ocr_line' id='line_1_16' title="bbox 372 1562 1947 1635; baseline -0.001 -19"><span class='ocrx_word' id='word_1_97' title='bbox 372 1565 561 1627; x_wconf 72' lang='grc' dir='ltr'>πόλεις</span> <span class='ocrx_word' id='word_1_98' title='bbox 595 1563 775 1633; x_wconf 77' lang='grc' dir='ltr'>ἡμῶν,</span> <span class='ocrx_word' id='word_1_99' title='bbox 804 1562 858 1626; x_wconf 70' lang='grc' dir='ltr'><strong>ἐς</strong></span> <span class='ocrx_word' id='word_1_100' title='bbox 885 1580 944 1615; x_wconf 88' lang='grc' dir='ltr'><strong>τε</strong></span> <span class='ocrx_word' id='word_1_101' title='bbox 974 1563 1066 1615; x_wconf 80' lang='grc' dir='ltr'>τὸν</span> <span class='ocrx_word' id='word_1_102' title='bbox 1095 1562 1298 1630; x_wconf 67' lang='grc' dir='ltr'>Ἰόνιον,</span> <span class='ocrx_word' id='word_1_103' title='bbox 1325 1565 1421 1617; x_wconf 76' lang='grc' dir='ltr'>καὶ</span> <span class='ocrx_word' id='word_1_104' title='bbox 1464 1567 1521 1627; x_wconf 80' lang='grc' dir='ltr'><strong>ἐς</strong></span> <span class='ocrx_word' id='word_1_105' title='bbox 1544 1563 1645 1635; x_wconf 77' lang='grc' dir='ltr'><strong>τὴν</strong></span> <span class='ocrx_word' id='word_1_106' title='bbox 1677 1563 1947 1618; x_wconf 72' lang='grc' dir='ltr'>Πελοπόν-</span> 
     </span>
    </p>
   </div>
   <div class='ocr_carea' id='block_1_17' title="bbox 373 1653 1947 1727">
    <p class='ocr_par' dir='ltr' id='par_1_17' title="bbox 373 1653 1947 1727">
     <span class='ocr_line' id='line_1_17' title="bbox 373 1653 1947 1727; baseline 0.001 -19"><span class='ocrx_word' id='word_1_107' title='bbox 373 1673 561 1724; x_wconf 74' lang='grc' dir='ltr'>νησον,</span> <span class='ocrx_word' id='word_1_108' title='bbox 594 1656 691 1707; x_wconf 79' lang='grc' dir='ltr'>καὶ</span> <span class='ocrx_word' id='word_1_109' title='bbox 720 1653 817 1723; x_wconf 79' lang='grc' dir='ltr'><strong>τὴν</strong></span> <span class='ocrx_word' id='word_1_110' title='bbox 861 1653 1032 1724; x_wconf 73' lang='grc' dir='ltr'>ἄλλην</span> <span class='ocrx_word' id='word_1_111' title='bbox 1066 1655 1299 1727; x_wconf 75' lang='grc' dir='ltr'>ἦπειρον</span> <span class='ocrx_word' id='word_1_112' title='bbox 1345 1656 1547 1720; x_wconf 78' lang='grc' dir='ltr'>πόλεις,</span> <span class='ocrx_word' id='word_1_113' title='bbox 1589 1658 1687 1727; x_wconf 82' lang='grc' dir='ltr'><strong>οὐχ</strong></span> <span class='ocrx_word' id='word_1_114' title='bbox 1732 1656 1947 1721; x_wconf 77' lang='grc' dir='ltr'>ἕξουσιν</span> 
     </span>
    </p>
   </div>
   <div class='ocr_carea' id='block_1_18' title="bbox 372 1746 1944 1819">
    <p class='ocr_par' dir='ltr' id='par_1_18' title="bbox 372 1746 1944 1819">
     <span class='ocr_line' id='line_1_18' title="bbox 372 1746 1944 1819; baseline 0.001 -18"><span class='ocrx_word' id='word_1_115' title='bbox 372 1752 522 1811; x_wconf 77' lang='grc' dir='ltr'>ὅπως</span> <span class='ocrx_word' id='word_1_116' title='bbox 556 1746 920 1817; x_wconf 79' lang='grc' dir='ltr'>διαρκέσωσιν</span> <span class='ocrx_word' id='word_1_117' title='bbox 947 1747 1040 1801; x_wconf 66' lang='grc' dir='ltr'>ἐπὶ</span> <span class='ocrx_word' id='word_1_118' title='bbox 1087 1748 1278 1819; x_wconf 79' lang='grc' dir='ltr'>χρόνον</span> <span class='ocrx_word' id='word_1_119' title='bbox 1316 1751 1459 1813; x_wconf 74' lang='grc' dir='ltr'>τινὰ,</span> <span class='ocrx_word' id='word_1_120' title='bbox 1509 1748 1626 1804; x_wconf 82' lang='grc' dir='ltr'><strong>ἀλλ’</strong></span> <span class='ocrx_word' id='word_1_121' title='bbox 1674 1750 1944 1819; x_wconf 65' lang='grc' dir='ltr'>ἔτειλείψει</span> 
     </span>
    </p>
   </div>
   <div class='ocr_carea' id='block_1_19' title="bbox 376 1839 1943 1912">
    <p class='ocr_par' dir='ltr' id='par_1_19' title="bbox 376 1839 1943 1912">
     <span class='ocr_line' id='line_1_19' title="bbox 376 1839 1943 1912; baseline 0.001 -19"><span class='ocrx_word' id='word_1_122' title='bbox 376 1858 435 1893; x_wconf 84' lang='grc' dir='ltr'><strong>τε</strong></span> <span class='ocrx_word' id='word_1_123' title='bbox 472 1839 745 1903; x_wconf 72' lang='grc' dir='ltr'>αὑτὰς.τά</span> <span class='ocrx_word' id='word_1_124' title='bbox 794 1839 1098 1910; x_wconf 75' lang='grc' dir='ltr'>ἐπιτήδεια,</span> <span class='ocrx_word' id='word_1_125' title='bbox 1148 1841 1241 1893; x_wconf 69' lang='grc' dir='ltr'><strong>καὶ</strong></span> <span class='ocrx_word' id='word_1_126' title='bbox 1270 1841 1600 1895; x_wconf 76' lang='grc' dir='ltr'>ἀπολοῦνται</span> <span class='ocrx_word' id='word_1_127' title='bbox 1640 1842 1705 1912; x_wconf 70' lang='grc' dir='ltr'>ἦν</span> <span class='ocrx_word' id='word_1_128' title='bbox 1736 1859 1788 1895; x_wconf 88' lang='grc' dir='ltr'><strong>τι</strong></span> <span class='ocrx_word' id='word_1_129' title='bbox 1815 1842 1943 1912; x_wconf 74' lang='grc' dir='ltr'>ὲπίῃ</span> 
     </span>
    </p>
   </div>
   <div class='ocr_carea' id='block_1_20' title="bbox 375 1932 1942 2007">
    <p class='ocr_par' dir='ltr' id='par_1_20' title="bbox 375 1932 1942 2007">
     <span class='ocr_line' id='line_1_20' title="bbox 375 1932 1942 2007; baseline 0.001 -22"><span class='ocrx_word' id='word_1_130' title='bbox 375 1937 434 1996; x_wconf 81' lang='grc' dir='ltr'><strong>ἐς</strong></span> <span class='ocrx_word' id='word_1_131' title='bbox 458 1932 628 1996; x_wconf 73' lang='grc' dir='ltr'>αὑτὰς</span> <span class='ocrx_word' id='word_1_132' title='bbox 665 1932 920 2002; x_wconf 81' lang='grc' dir='ltr'>χαλεπόν.</span> <span class='ocrx_word' id='word_1_133' title='bbox 970 1933 1078 1987; x_wconf 72' lang='grc' dir='ltr'><strong>Καὶ</strong></span> <span class='ocrx_word' id='word_1_134' title='bbox 1119 1935 1215 2004; x_wconf 76' lang='grc' dir='ltr'><strong>τῆς</strong></span> <span class='ocrx_word' id='word_1_135' title='bbox 1257 1952 1317 1987; x_wconf 79' lang='grc' dir='ltr'><strong>τε</strong></span> <span class='ocrx_word' id='word_1_136' title='bbox 1348 1936 1621 2006; x_wconf 70' lang='grc' dir='ltr'>ἐμπορίας</span> <span class='ocrx_word' id='word_1_137' title='bbox 1650 1937 1748 2007; x_wconf 78' lang='grc' dir='ltr'><strong>τῆς</strong></span> <span class='ocrx_word' id='word_1_138' title='bbox 1778 1935 1942 1988; x_wconf 69' lang='grc' dir='ltr'>αὑτοῦ</span> 
     </span>
    </p>
   </div>
   <div class='ocr_carea' id='block_1_21' title="bbox 371 2026 1944 2098">
    <p class='ocr_par' dir='ltr' id='par_1_21' title="bbox 371 2026 1944 2098">
     <span class='ocr_line' id='line_1_21' title="bbox 371 2026 1944 2098; baseline -0.001 -19"><span class='ocrx_word' id='word_1_139' title='bbox 371 2026 560 2098; x_wconf 73' lang='grc' dir='ltr'>χώρας</span> <span class='ocrx_word' id='word_1_140' title='bbox 598 2026 992 2097; x_wconf 75' lang='grc' dir='ltr'>στερουμένης,</span> <span class='ocrx_word' id='word_1_141' title='bbox 1017 2027 1164 2096; x_wconf 76' lang='grc' dir='ltr'><strong>ἡμᾶς</strong></span> <span class='ocrx_word' id='word_1_142' title='bbox 1192 2044 1326 2096; x_wconf 83' lang='grc' dir='ltr'>φασι</span> <span class='ocrx_word' id='word_1_143' title='bbox 1370 2027 1583 2096; x_wconf 77' lang='grc' dir='ltr'>μεγάλα</span> <span class='ocrx_word' id='word_1_144' title='bbox 1616 2027 1681 2080; x_wconf 82' lang='grc' dir='ltr'>ἂν</span> <span class='ocrx_word' id='word_1_145' title='bbox 1714 2026 1944 2096; x_wconf 78' lang='grc' dir='ltr'>βλάπτε-</span> 
     </span>
    </p>
   </div>
   <div class='ocr_carea' id='block_1_22' title="bbox 376 2113 1944 2188">
    <p class='ocr_par' dir='ltr' id='par_1_22' title="bbox 376 2113 1944 2188">
     <span class='ocr_line' id='line_1_22' title="bbox 376 2113 1944 2188; baseline -0.001 -17"><span class='ocrx_word' id='word_1_146' title='bbox 376 2119 507 2171; x_wconf 86' lang='grc' dir='ltr'>σΟαι</span> <span class='ocrx_word' id='word_1_147' title='bbox 544 2115 639 2169; x_wconf 85' lang='grc' dir='ltr'>τοῦ</span> <span class='ocrx_word' id='word_1_148' title='bbox 672 2116 883 2170; x_wconf 79' lang='grc' dir='ltr'>λοιποῦ.</span> <span class='ocrx_word' id='word_1_149' title='bbox 937 2117 1255 2188; x_wconf 79' lang='grc' dir='ltr'>’Λνέχεσοαι</span> <span class='ocrx_word' id='word_1_150' title='bbox 1286 2116 1368 2170; x_wconf 85' lang='grc' dir='ltr'><strong>δεῖ</strong></span> <span class='ocrx_word' id='word_1_151' title='bbox 1394 2113 1487 2171; x_wconf 78' lang='grc' dir='ltr'><strong>οῦν</strong></span> <span class='ocrx_word' id='word_1_152' title='bbox 1518 2116 1605 2171; x_wconf 68' lang='grc' dir='ltr'>διὰ</span> <span class='ocrx_word' id='word_1_153' title='bbox 1626 2116 1818 2183; x_wconf 83' lang='grc' dir='ltr'><strong>ταῦτα⁹</strong></span> <span class='ocrx_word' id='word_1_154' title='bbox 1852 2118 1944 2170; x_wconf 70' lang='grc' dir='ltr'><strong>καὶ</strong></span> 
     </span>
    </p>
   </div>
   <div class='ocr_carea' id='block_1_23' title="bbox 381 2207 1945 2279">
    <p class='ocr_par' dir='ltr' id='par_1_23' title="bbox 381 2207 1945 2279">
     <span class='ocr_line' id='line_1_23' title="bbox 381 2207 1945 2279; baseline -0.001 -18"><span class='ocrx_word' id='word_1_155' title='bbox 381 2209 678 2277; x_wconf 77' lang='grc' dir='ltr'>πρεσϐείαν</span> <span class='ocrx_word' id='word_1_156' title='bbox 732 2209 975 2279; x_wconf 80' lang='grc' dir='ltr'><strong>πέμπειν</strong></span> <span class='ocrx_word' id='word_1_157' title='bbox 1018 2208 1493 2279; x_wconf 73' lang='grc' dir='ltr'>διισχυριζομένην</span> <span class='ocrx_word' id='word_1_158' title='bbox 1542 2210 1617 2274; x_wconf 82' lang='grc' dir='ltr'><strong>ὡς</strong></span> <span class='ocrx_word' id='word_1_159' title='bbox 1682 2210 1826 2273; x_wconf 79' lang='grc' dir='ltr'>εἰκὸς</span> <span class='ocrx_word' id='word_1_160' title='bbox 1876 2207 1945 2260; x_wconf 77' lang='grc' dir='ltr'>τὰ</span> 
     </span>
    </p>
   </div>
   <div class='ocr_carea' id='block_1_24' title="bbox 384 2297 1945 2372">
    <p class='ocr_par' dir='ltr' id='par_1_24' title="bbox 384 2297 1945 2372">
     <span class='ocr_line' id='line_1_24' title="bbox 384 2297 1945 2372; baseline 0.001 -22"><span class='ocrx_word' id='word_1_161' title='bbox 384 2299 630 2353; x_wconf 82' lang='grc' dir='ltr'>τοιαῦτα.</span> <span class='ocrx_word' id='word_1_162' title='bbox 655 2300 819 2351; x_wconf 69' lang='grc' dir='ltr'>Ἀλλὰ</span> <span class='ocrx_word' id='word_1_163' title='bbox 846 2301 977 2369; x_wconf 79' lang='grc' dir='ltr'>περὶ</span> <span class='ocrx_word' id='word_1_164' title='bbox 1021 2301 1120 2372; x_wconf 77' lang='grc' dir='ltr'>μὲν</span> <span class='ocrx_word' id='word_1_165' title='bbox 1159 2301 1256 2370; x_wconf 81' lang='grc' dir='ltr'><strong>τῆς</strong></span> <span class='ocrx_word' id='word_1_166' title='bbox 1293 2299 1591 2370; x_wconf 80' lang='grc' dir='ltr'>πρεσϐείας</span> <span class='ocrx_word' id='word_1_167' title='bbox 1618 2300 1833 2371; x_wconf 77' lang='grc' dir='ltr'>πρῶτον</span> <span class='ocrx_word' id='word_1_168' title='bbox 1855 2297 1945 2368; x_wconf 80' lang='grc' dir='ltr'><strong>ἔρ·</strong></span> 
     </span>
    </p>
   </div>
   <div class='ocr_carea' id='block_1_25' title="bbox 390 2388 1942 2461">
    <p class='ocr_par' dir='ltr' id='par_1_25' title="bbox 390 2388 1942 2461">
     <span class='ocr_line' id='line_1_25' title="bbox 390 2388 1942 2461; baseline -0.001 -18"><span class='ocrx_word' id='word_1_169' title='bbox 390 2407 559 2460; x_wconf 82' lang='grc' dir='ltr'>χομαι</span> <span class='ocrx_word' id='word_1_170' title='bbox 587 2389 738 2458; x_wconf 75' lang='grc' dir='ltr'>ἐρῶν,</span> <span class='ocrx_word' id='word_1_171' title='bbox 783 2391 862 2454; x_wconf 80' lang='grc' dir='ltr'>ὡς</span> <span class='ocrx_word' id='word_1_172' title='bbox 912 2389 1264 2461; x_wconf 71' lang='grc' dir='ltr'>ἀφικομένων</span> <span class='ocrx_word' id='word_1_173' title='bbox 1289 2390 1398 2445; x_wconf 83' lang='grc' dir='ltr'>τῶν</span> <span class='ocrx_word' id='word_1_174' title='bbox 1431 2388 1716 2460; x_wconf 82' lang='grc' dir='ltr'>πρέσϐεων</span> <span class='ocrx_word' id='word_1_175' title='bbox 1766 2390 1942 2461; x_wconf 76' lang='grc' dir='ltr'>ἡμῶν,</span> 
     </span>
    </p>
   </div>
   <div class='ocr_carea' id='block_1_26' title="bbox 388 2481 1947 2554">
    <p class='ocr_par' dir='ltr' id='par_1_26' title="bbox 388 2481 1947 2554">
     <span class='ocr_line' id='line_1_26' title="bbox 388 2481 1947 2554; baseline -0.001 -19"><span class='ocrx_word' id='word_1_176' title='bbox 388 2481 679 2553; x_wconf 70' lang='grc' dir='ltr'>ἐλλογίμων</span> <span class='ocrx_word' id='word_1_177' title='bbox 700 2484 870 2537; x_wconf 71' lang='grc' dir='ltr'>ὄντων</span> <span class='ocrx_word' id='word_1_178' title='bbox 891 2485 1031 2554; x_wconf 73' lang='grc' dir='ltr'>ἅμα.</span> <span class='ocrx_word' id='word_1_179' title='bbox 1056 2486 1150 2539; x_wconf 73' lang='grc' dir='ltr'>καὶ</span> <span class='ocrx_word' id='word_1_180' title='bbox 1173 2483 1429 2549; x_wconf 82' lang='grc' dir='ltr'>ξυνετῶν,</span> <span class='ocrx_word' id='word_1_181' title='bbox 1460 2483 1583 2537; x_wconf 81' lang='grc' dir='ltr'>οῦτε</span> <span class='ocrx_word' id='word_1_182' title='bbox 1610 2481 1947 2554; x_wconf 74' lang='grc' dir='ltr'>ἐπιστροφὴν</span> 
     </span>
    </p>
   </div>
   <div class='ocr_carea' id='block_1_27' title="bbox 381 2575 1943 2648">
    <p class='ocr_par' dir='ltr' id='par_1_27' title="bbox 381 2575 1943 2648">
     <span class='ocr_line' id='line_1_27' title="bbox 381 2575 1943 2648; baseline 0.001 -22"><span class='ocrx_word' id='word_1_183' title='bbox 381 2575 670 2646; x_wconf 80' lang='grc' dir='ltr'>ἐποιήσατο</span> <span class='ocrx_word' id='word_1_184' title='bbox 695 2577 803 2629; x_wconf 82' lang='grc' dir='ltr'>τῶν</span> <span class='ocrx_word' id='word_1_185' title='bbox 832 2576 1139 2647; x_wconf 81' lang='grc' dir='ltr'>πρέσϐεων,</span> <span class='ocrx_word' id='word_1_186' title='bbox 1193 2576 1547 2648; x_wconf 73' lang='grc' dir='ltr'>ἐξαπατήσας</span> <span class='ocrx_word' id='word_1_187' title='bbox 1577 2594 1637 2630; x_wconf 77' lang='grc' dir='ltr'>τι</span> <span class='ocrx_word' id='word_1_188' title='bbox 1667 2575 1744 2646; x_wconf 81' lang='grc' dir='ltr'>τῷ</span> <span class='ocrx_word' id='word_1_189' title='bbox 1777 2575 1943 2646; x_wconf 82' lang='grc' dir='ltr'>λόγῳ,</span> 
     </span>
    </p>
   </div>
   <div class='ocr_carea' id='block_1_28' title="bbox 377 2666 1942 2739">
    <p class='ocr_par' dir='ltr' id='par_1_28' title="bbox 377 2666 1942 2739">
     <span class='ocr_line' id='line_1_28' title="bbox 377 2666 1942 2739; baseline 0.003 -21"><span class='ocrx_word' id='word_1_190' title='bbox 377 2669 448 2719; x_wconf 69' lang='grc' dir='ltr'>τὰ</span> <span class='ocrx_word' id='word_1_191' title='bbox 486 2668 700 2721; x_wconf 77' lang='grc' dir='ltr'>ἐναντία</span> <span class='ocrx_word' id='word_1_192' title='bbox 735 2669 983 2737; x_wconf 82' lang='grc' dir='ltr'>φαίνεται</span> <span class='ocrx_word' id='word_1_193' title='bbox 1040 2667 1385 2739; x_wconf 79' lang='grc' dir='ltr'>πεποιηκώς.</span> <span class='ocrx_word' id='word_1_194' title='bbox 1443 2669 1601 2722; x_wconf 81' lang='grc' dir='ltr'>Ὥστε</span> <span class='ocrx_word' id='word_1_195' title='bbox 1649 2668 1748 2722; x_wconf 78' lang='grc' dir='ltr'>οῦκ</span> <span class='ocrx_word' id='word_1_196' title='bbox 1800 2666 1942 2732; x_wconf 65' lang='grc' dir='ltr'>οἶδα,</span> 
     </span>
    </p>
   </div>
   <div class='ocr_carea' id='block_1_29' title="bbox 374 2760 1947 2836">
    <p class='ocr_par' dir='ltr' id='par_1_29' title="bbox 374 2760 1947 2836">
     <span class='ocr_line' id='line_1_29' title="bbox 374 2760 1947 2836; baseline 0.003 -24"><span class='ocrx_word' id='word_1_197' title='bbox 374 2760 404 2812; x_wconf 80' lang='grc' dir='ltr'><strong><em>ὃ</em></strong></span> <span class='ocrx_word' id='word_1_198' title='bbox 438 2778 492 2813; x_wconf 83' lang='grc' dir='ltr'>τι</span> <span class='ocrx_word' id='word_1_199' title='bbox 524 2763 591 2815; x_wconf 79' lang='grc' dir='ltr'>ἂν</span> <span class='ocrx_word' id='word_1_200' title='bbox 622 2764 793 2832; x_wconf 80' lang='grc' dir='ltr'>ἔχοιεν</span> <span class='ocrx_word' id='word_1_201' title='bbox 824 2761 972 2833; x_wconf 76' lang='grc' dir='ltr'>αὐτῷ</span> <span class='ocrx_word' id='word_1_202' title='bbox 1004 2764 1182 2830; x_wconf 83' lang='grc' dir='ltr'>λέγειν</span> <span class='ocrx_word' id='word_1_203' title='bbox 1214 2767 1261 2817; x_wconf 81' lang='grc' dir='ltr'><strong>οἱ</strong></span> <span class='ocrx_word' id='word_1_204' title='bbox 1288 2764 1567 2836; x_wconf 77' lang='grc' dir='ltr'>πρέσϐεις,</span> <span class='ocrx_word' id='word_1_205' title='bbox 1590 2762 1947 2834; x_wconf 79' lang='grc' dir='ltr'>ἐπικαιρότα-</span> 
     </span>
    </p>
   </div>
   <div class='ocr_carea' id='block_1_30' title="bbox 373 2845 1947 2927">
    <p class='ocr_par' dir='ltr' id='par_1_30' title="bbox 373 2845 1947 2927">
     <span class='ocr_line' id='line_1_30' title="bbox 373 2845 1947 2927; baseline 0.001 -22"><span class='ocrx_word' id='word_1_206' title='bbox 373 2870 470 2906; x_wconf 86' lang='grc' dir='ltr'>τον</span> <span class='ocrx_word' id='word_1_207' title='bbox 499 2845 575 2906; x_wconf 82' lang='grc' dir='ltr'>ὦν</span> <span class='ocrx_word' id='word_1_208' title='bbox 610 2853 849 2924; x_wconf 82' lang='grc' dir='ltr'>πρόσθεν</span> <span class='ocrx_word' id='word_1_209' title='bbox 873 2856 1196 2926; x_wconf 81' lang='grc' dir='ltr'>ἀφικόμενοι</span> <span class='ocrx_word' id='word_1_210' title='bbox 1236 2855 1629 2927; x_wconf 75' lang='grc' dir='ltr'><strong>ἐχρημάτιζον,</strong></span> <span class='ocrx_word' id='word_1_211' title='bbox 1680 2857 1727 2908; x_wconf 81' lang='grc' dir='ltr'><strong>εί</strong></span> <span class='ocrx_word' id='word_1_212' title='bbox 1761 2854 1836 2925; x_wconf 79' lang='grc' dir='ltr'><strong>μὴ</strong></span> <span class='ocrx_word' id='word_1_213' title='bbox 1866 2855 1947 2907; x_wconf 83' lang='grc' dir='ltr'><strong>ὅτι</strong></span> 
     </span>
    </p>
   </div>
   <div class='ocr_carea' id='block_1_31' title="bbox 372 2946 1946 3019">
    <p class='ocr_par' dir='ltr' id='par_1_31' title="bbox 372 2946 1946 3019">
     <span class='ocr_line' id='line_1_31' title="bbox 372 2946 1946 3019; baseline -0.001 -18"><span class='ocrx_word' id='word_1_214' title='bbox 372 2946 765 3012; x_wconf 78' lang='grc' dir='ltr'><strong>ἀδυνατοῦντες</strong></span> <span class='ocrx_word' id='word_1_215' title='bbox 813 2948 1046 3017; x_wconf 76' lang='grc' dir='ltr'>πόλεμον</span> <span class='ocrx_word' id='word_1_216' title='bbox 1080 2948 1383 3019; x_wconf 72' lang='grc' dir='ltr'><strong>ἐπιφέρειν,</strong></span> <span class='ocrx_word' id='word_1_217' title='bbox 1432 2948 1696 3019; x_wconf 79' lang='grc' dir='ltr'>πρέσϐεσι</span> <span class='ocrx_word' id='word_1_218' title='bbox 1741 2947 1946 2999; x_wconf 78' lang='grc' dir='ltr'>διαλύε-</span> 
     </span>
    </p>
   </div>
   <div class='ocr_carea' id='block_1_32' title="bbox 374 3037 1947 3111">
    <p class='ocr_par' dir='ltr' id='par_1_32' title="bbox 374 3037 1947 3111">
     <span class='ocr_line' id='line_1_32' title="bbox 374 3037 1947 3111; baseline -0.001 -19"><span class='ocrx_word' id='word_1_219' title='bbox 374 3042 501 3094; x_wconf 70' lang='grc' dir='ltr'>σθαι</span> <span class='ocrx_word' id='word_1_220' title='bbox 544 3038 829 3111; x_wconf 75' lang='grc' dir='ltr'>βούλεσθαι</span> <span class='ocrx_word' id='word_1_221' title='bbox 859 3041 900 3072; x_wconf 79' lang='grc'>⁸⁸</span> <span class='ocrx_word' id='word_1_222' title='bbox 934 3041 1082 3110; x_wconf 78' lang='grc' dir='ltr'>ἡμᾶς</span> <span class='ocrx_word' id='word_1_223' title='bbox 1114 3041 1183 3093; x_wconf 72' lang='grc' dir='ltr'>τὰ</span> <span class='ocrx_word' id='word_1_224' title='bbox 1212 3041 1559 3110; x_wconf 72' lang='grc' dir='ltr'>ἐγκλήματα,</span> <span class='ocrx_word' id='word_1_225' title='bbox 1601 3043 1657 3102; x_wconf 68' lang='grc' dir='ltr'><strong>ἐς</strong></span> <span class='ocrx_word' id='word_1_226' title='bbox 1694 3037 1947 3092; x_wconf 82' lang='grc' dir='ltr'>τοσοῦτον</span> 
     </span>
    </p>
   </div>
   <div class='ocr_carea' id='block_1_33' title="bbox 371 3129 1941 3207">
    <p class='ocr_par' dir='ltr' id='par_1_33' title="bbox 371 3129 1941 3207">
     <span class='ocr_line' id='line_1_33' title="bbox 371 3129 1941 3207; baseline -0.001 -20"><span class='ocrx_word' id='word_1_227' title='bbox 371 3135 528 3206; x_wconf 72' lang='grc' dir='ltr'><strong>αὖτῷ</strong></span> <span class='ocrx_word' id='word_1_228' title='bbox 559 3133 965 3207; x_wconf 68' lang='grc' dir='ltr'>προσφέρεσθαι</span> <span class='ocrx_word' id='word_1_229' title='bbox 995 3134 1125 3205; x_wconf 70' lang='grc' dir='ltr'>περὶ</span> <span class='ocrx_word' id='word_1_230' title='bbox 1165 3133 1273 3186; x_wconf 82' lang='grc' dir='ltr'>τῶν</span> <span class='ocrx_word' id='word_1_231' title='bbox 1303 3134 1608 3204; x_wconf 77' lang='grc' dir='ltr'>ἡμετέρων.</span> <span class='ocrx_word' id='word_1_232' title='bbox 1638 3133 1822 3187; x_wconf 81' lang='grc' dir='ltr'>Ταῦτα</span> <span class='ocrx_word' id='word_1_233' title='bbox 1863 3129 1941 3194; x_wconf 74' lang='grc' dir='ltr'><strong>δὲ,</strong></span> 
     </span>
    </p>
   </div>
   <div class='ocr_carea' id='block_1_34' title="bbox 2050 644 3625 718">
    <p class='ocr_par' dir='ltr' id='par_1_34' title="bbox 2050 644 3625 718">
     <span class='ocr_line' id='line_1_34' title="bbox 2050 644 3625 718; baseline 0.002 -20"><span class='ocrx_word' id='word_1_234' title='bbox 2050 644 2478 701; x_wconf 75' lang='lat' dir='ltr'><strong>detrectantibus</strong></span> <span class='ocrx_word' id='word_1_235' title='bbox 2509 647 2629 702; x_wconf 89' lang='lat' dir='ltr'><strong>belli</strong></span> <span class='ocrx_word' id='word_1_236' title='bbox 2658 649 3038 703; x_wconf 75' lang='lat' dir='ltr'><strong>necessitatem</strong></span> <span class='ocrx_word' id='word_1_237' title='bbox 3062 648 3290 718; x_wconf 86' lang='lat' dir='ltr'><strong>imponi.</strong></span> <span class='ocrx_word' id='word_1_238' title='bbox 3312 646 3446 703; x_wconf 82' lang='lat' dir='ltr'><strong>Nam</strong></span> <span class='ocrx_word' id='word_1_239' title='bbox 3475 649 3625 703; x_wconf 83' lang='lat' dir='ltr'><strong>vide-</strong></span> 
     </span>
    </p>
   </div>
   <div class='ocr_carea' id='block_1_35' title="bbox 2053 735 3618 809">
    <p class='ocr_par' dir='ltr' id='par_1_35' title="bbox 2053 735 3618 809">
     <span class='ocr_line' id='line_1_35' title="bbox 2053 735 3618 809; baseline 0.003 -21"><span class='ocrx_word' id='word_1_240' title='bbox 2053 735 2184 789; x_wconf 89' lang='lat' dir='ltr'><strong>mini</strong></span> <span class='ocrx_word' id='word_1_241' title='bbox 2219 736 2351 792; x_wconf 81' lang='lat' dir='ltr'><strong>mihi</strong></span> <span class='ocrx_word' id='word_1_242' title='bbox 2382 738 2773 807; x_wconf 77' lang='lat' dir='ltr'><strong>rempublicam</strong></span> <span class='ocrx_word' id='word_1_243' title='bbox 2811 740 3130 809; x_wconf 82' lang='lat' dir='ltr'><strong>planissime</strong></span> <span class='ocrx_word' id='word_1_244' title='bbox 3158 740 3414 808; x_wconf 75' lang='lat' dir='ltr'><strong>prodere,</strong></span> <span class='ocrx_word' id='word_1_245' title='bbox 3487 740 3618 793; x_wconf 91' lang='lat' dir='ltr'><strong>dum</strong></span> 
     </span>
    </p>
   </div>
   <div class='ocr_carea' id='block_1_36' title="bbox 2051 829 3626 899">
    <p class='ocr_par' dir='ltr' id='par_1_36' title="bbox 2051 829 3626 899">
     <span class='ocr_line' id='line_1_36' title="bbox 2051 829 3626 899; baseline 0.002 -17"><span class='ocrx_word' id='word_1_246' title='bbox 2051 829 2389 883; x_wconf 74' lang='lat' dir='ltr'><strong>cunctamini</strong></span> <span class='ocrx_word' id='word_1_247' title='bbox 2414 845 2565 883; x_wconf 84' lang='lat' dir='ltr'><strong>arma</strong></span> <span class='ocrx_word' id='word_1_248' title='bbox 2594 830 2647 883; x_wconf 90' lang='lat' dir='ltr'><strong>in</strong></span> <span class='ocrx_word' id='word_1_249' title='bbox 2675 832 3094 899; x_wconf 71' lang='lat' dir='ltr'><strong>praesentiarum</strong></span> <span class='ocrx_word' id='word_1_250' title='bbox 3120 832 3386 888; x_wconf 86' lang='lat' dir='ltr'><strong>adversus</strong></span> <span class='ocrx_word' id='word_1_251' title='bbox 3426 831 3626 887; x_wconf 80' lang='lat' dir='ltr'><strong>barba-</strong></span> 
     </span>
    </p>
   </div>
   <div class='ocr_carea' id='block_1_37' title="bbox 2051 918 3620 993">
    <p class='ocr_par' dir='ltr' id='par_1_37' title="bbox 2051 918 3620 993">
     <span class='ocr_line' id='line_1_37' title="bbox 2051 918 3620 993; baseline 0.003 -22"><span class='ocrx_word' id='word_1_252' title='bbox 2051 933 2170 972; x_wconf 89' lang='lat' dir='ltr'><strong>rum</strong></span> <span class='ocrx_word' id='word_1_253' title='bbox 2206 934 2423 988; x_wconf 83' lang='lat' dir='ltr'><strong>capere.</strong></span> <span class='ocrx_word' id='word_1_254' title='bbox 2465 918 2750 988; x_wconf 74' lang='lat' dir='ltr'><strong>Siquidem</strong></span> <span class='ocrx_word' id='word_1_255' title='bbox 2782 923 2837 977; x_wconf 84' lang='lat' dir='ltr'><strong>bi</strong></span> <span class='ocrx_word' id='word_1_256' title='bbox 2877 923 2971 993; x_wconf 92' lang='lat' dir='ltr'><strong>qui</strong></span> <span class='ocrx_word' id='word_1_257' title='bbox 3010 923 3167 993; x_wconf 60' lang='lat' dir='ltr'><strong>apud.</strong></span> <span class='ocrx_word' id='word_1_258' title='bbox 3200 936 3296 979; x_wconf 85' lang='lat' dir='ltr'><strong>vos</strong></span> <span class='ocrx_word' id='word_1_259' title='bbox 3326 922 3620 992; x_wconf 85' lang='lat' dir='ltr'><strong>nonpanei</strong></span> 
     </span>
    </p>
   </div>
   <div class='ocr_carea' id='block_1_38' title="bbox 2052 1011 3625 1079">
    <p class='ocr_par' dir='ltr' id='par_1_38' title="bbox 2052 1011 3625 1079">
     <span class='ocr_line' id='line_1_38' title="bbox 2052 1011 3625 1079; baseline 0.003 -16"><span class='ocrx_word' id='word_1_260' title='bbox 2052 1011 2259 1079; x_wconf 87' lang='lat' dir='ltr'><strong>primas</strong></span> <span class='ocrx_word' id='word_1_261' title='bbox 2287 1020 2493 1079; x_wconf 86' lang='lat' dir='ltr'><strong>tenent,</strong></span> <span class='ocrx_word' id='word_1_262' title='bbox 2520 1026 2767 1079; x_wconf 87' lang='lat' dir='ltr'><strong>monent,</strong></span> <span class='ocrx_word' id='word_1_263' title='bbox 2795 1030 2863 1069; x_wconf 75' lang='lat' dir='ltr'><strong>ne</strong></span> <span class='ocrx_word' id='word_1_264' title='bbox 2899 1027 3103 1071; x_wconf 86' lang='lat' dir='ltr'><strong>temere</strong></span> <span class='ocrx_word' id='word_1_265' title='bbox 3127 1025 3184 1072; x_wconf 86' lang='lat' dir='ltr'><strong>et</strong></span> <span class='ocrx_word' id='word_1_266' title='bbox 3222 1016 3414 1071; x_wconf 82' lang='lat' dir='ltr'><strong>odiose</strong></span> <span class='ocrx_word' id='word_1_267' title='bbox 3440 1016 3508 1070; x_wconf 88' lang='lat' dir='ltr'><strong>de</strong></span> <span class='ocrx_word' id='word_1_268' title='bbox 3540 1030 3625 1068; x_wconf 85' lang='lat' dir='ltr'><strong>re-</strong></span> 
     </span>
    </p>
   </div>
   <div class='ocr_carea' id='block_1_39' title="bbox 2050 1103 3617 1176">
    <p class='ocr_par' dir='ltr' id='par_1_39' title="bbox 2050 1103 3617 1176">
     <span class='ocr_line' id='line_1_39' title="bbox 2050 1103 3617 1176; baseline 0.003 -20"><span class='ocrx_word' id='word_1_269' title='bbox 2050 1105 2153 1157; x_wconf 85' lang='lat' dir='ltr'><strong>bus</strong></span> <span class='ocrx_word' id='word_1_270' title='bbox 2181 1103 2318 1157; x_wconf 90' lang='lat' dir='ltr'><strong>adeo</strong></span> <span class='ocrx_word' id='word_1_271' title='bbox 2342 1104 2532 1161; x_wconf 83' lang='lat' dir='ltr'><strong>arduis</strong></span> <span class='ocrx_word' id='word_1_272' title='bbox 2555 1107 2872 1162; x_wconf 84' lang='lat' dir='ltr'><strong>eonsultetis</strong></span> <span class='ocrx_word' id='word_1_273' title='bbox 2898 1124 2913 1161; x_wconf 91' lang='lat'><strong>:</strong></span> <span class='ocrx_word' id='word_1_274' title='bbox 2957 1122 3151 1164; x_wconf 83' lang='lat' dir='ltr'><strong>verum</strong></span> <span class='ocrx_word' id='word_1_275' title='bbox 3182 1117 3412 1163; x_wconf 83' lang='lat' dir='ltr'><strong>censent</strong></span> <span class='ocrx_word' id='word_1_276' title='bbox 3465 1106 3617 1176; x_wconf 75' lang='lat' dir='ltr'><strong>lega-</strong></span> 
     </span>
    </p>
   </div>
   <div class='ocr_carea' id='block_1_40' title="bbox 2053 1194 3625 1267">
    <p class='ocr_par' dir='ltr' id='par_1_40' title="bbox 2053 1194 3625 1267">
     <span class='ocr_line' id='line_1_40' title="bbox 2053 1194 3625 1267; baseline 0.003 -20"><span class='ocrx_word' id='word_1_277' title='bbox 2053 1201 2137 1250; x_wconf 90' lang='lat' dir='ltr'><strong>tos</strong></span> <span class='ocrx_word' id='word_1_278' title='bbox 2170 1194 2464 1251; x_wconf 88' lang='lat' dir='ltr'><strong>mittendos</strong></span> <span class='ocrx_word' id='word_1_279' title='bbox 2495 1199 2561 1251; x_wconf 86' lang='lat' dir='ltr'><strong>ad</strong></span> <span class='ocrx_word' id='word_1_280' title='bbox 2588 1196 2883 1253; x_wconf 79' lang='lat' dir='ltr'><strong>barbarum</strong></span> <span class='ocrx_word' id='word_1_281' title='bbox 2906 1214 3071 1267; x_wconf 82' lang='lat' dir='ltr'><strong>super</strong></span> <span class='ocrx_word' id='word_1_282' title='bbox 3121 1199 3327 1256; x_wconf 72' lang='lat' dir='ltr'><strong>fmdere</strong></span> <span class='ocrx_word' id='word_1_283' title='bbox 3365 1209 3625 1267; x_wconf 78' lang='lat' dir='ltr'><strong>expostu-</strong></span> 
     </span>
    </p>
   </div>
   <div class='ocr_carea' id='block_1_41' title="bbox 2051 1284 3623 1360">
    <p class='ocr_par' dir='ltr' id='par_1_41' title="bbox 2051 1284 3623 1360">
     <span class='ocr_line' id='line_1_41' title="bbox 2051 1284 3623 1360; baseline 0.003 -23"><span class='ocrx_word' id='word_1_284' title='bbox 2051 1284 2245 1350; x_wconf 88' lang='lat' dir='ltr'><strong>lantes,</strong></span> <span class='ocrx_word' id='word_1_285' title='bbox 2276 1296 2331 1339; x_wconf 91' lang='lat' dir='ltr'><strong>ut</strong></span> <span class='ocrx_word' id='word_1_286' title='bbox 2360 1288 2453 1357; x_wconf 90' lang='lat' dir='ltr'><strong>qui</strong></span> <span class='ocrx_word' id='word_1_287' title='bbox 2493 1288 2693 1358; x_wconf 84' lang='lat' dir='ltr'><strong>injuste</strong></span> <span class='ocrx_word' id='word_1_288' title='bbox 2716 1300 2862 1357; x_wconf 71' lang='lat' dir='ltr'><strong>agat,</strong></span> <span class='ocrx_word' id='word_1_289' title='bbox 2890 1290 3157 1345; x_wconf 61' lang='lat' dir='ltr'><strong>federum</strong></span> <span class='ocrx_word' id='word_1_290' title='bbox 3181 1300 3234 1345; x_wconf 91' lang='lat' dir='ltr'><strong>et</strong></span> <span class='ocrx_word' id='word_1_291' title='bbox 3260 1288 3623 1360; x_wconf 77' lang='lat' dir='ltr'><strong>iurisiurandi</strong></span> 
     </span>
    </p>
   </div>
   <div class='ocr_carea' id='block_1_42' title="bbox 2051 1377 3629 1452">
    <p class='ocr_par' dir='ltr' id='par_1_42' title="bbox 2051 1377 3629 1452">
     <span class='ocr_line' id='line_1_42' title="bbox 2051 1377 3629 1452; baseline 0.006 -24"><span class='ocrx_word' id='word_1_292' title='bbox 2051 1377 2369 1448; x_wconf 68' lang='lat' dir='ltr'><strong>religionem</strong></span> <span class='ocrx_word' id='word_1_293' title='bbox 2395 1382 2726 1450; x_wconf 87' lang='lat' dir='ltr'><strong>abrumpens</strong></span> <span class='ocrx_word' id='word_1_294' title='bbox 2751 1399 2767 1447; x_wconf 88' lang='lat'><strong>;</strong></span> <span class='ocrx_word' id='word_1_295' title='bbox 2795 1384 3128 1437; x_wconf 82' lang='lat' dir='ltr'><strong>tuonendum</strong></span> <span class='ocrx_word' id='word_1_296' title='bbox 3162 1395 3381 1452; x_wconf 89' lang='lat' dir='ltr'><strong>quoque</strong></span> <span class='ocrx_word' id='word_1_297' title='bbox 3402 1396 3543 1447; x_wconf 87' lang='lat' dir='ltr'><strong>esse,</strong></span> <span class='ocrx_word' id='word_1_298' title='bbox 3567 1386 3629 1434; x_wconf 76' lang='lat' dir='ltr'><strong>ut</strong></span> 
     </span>
    </p>
   </div>
   <div class='ocr_carea' id='block_1_43' title="bbox 2050 1472 3631 1543">
    <p class='ocr_par' dir='ltr' id='par_1_43' title="bbox 2050 1472 3631 1543">
     <span class='ocr_line' id='line_1_43' title="bbox 2050 1472 3631 1543; baseline 0.003 -22"><span class='ocrx_word' id='word_1_299' title='bbox 2050 1485 2256 1537; x_wconf 86' lang='lat' dir='ltr'><strong>pacem,</strong></span> <span class='ocrx_word' id='word_1_300' title='bbox 2279 1472 2735 1541; x_wconf 88' lang='lat' dir='ltr'><strong>quemadmodum</strong></span> <span class='ocrx_word' id='word_1_301' title='bbox 2753 1476 3095 1543; x_wconf 73' lang='lat' dir='ltr'><strong>convenerit,</strong></span> <span class='ocrx_word' id='word_1_302' title='bbox 3133 1476 3405 1538; x_wconf 75' lang='lat' dir='ltr'><strong>observet,</strong></span> <span class='ocrx_word' id='word_1_303' title='bbox 3430 1475 3473 1528; x_wconf 97' lang='lat' dir='ltr'><strong>si</strong></span> <span class='ocrx_word' id='word_1_304' title='bbox 3503 1489 3631 1527; x_wconf 86' lang='lat' dir='ltr'><strong>ver-</strong></span> 
     </span>
    </p>
   </div>
   <div class='ocr_carea' id='block_1_44' title="bbox 2051 1562 3621 1636">
    <p class='ocr_par' dir='ltr' id='par_1_44' title="bbox 2051 1562 3621 1636">
     <span class='ocr_line' id='line_1_44' title="bbox 2051 1562 3621 1636; baseline 0.001 -19"><span class='ocrx_word' id='word_1_305' title='bbox 2051 1562 2136 1618; x_wconf 89' lang='lat' dir='ltr'><strong>bis</strong></span> <span class='ocrx_word' id='word_1_306' title='bbox 2155 1565 2335 1632; x_wconf 81' lang='lat' dir='ltr'><strong>potius</strong></span> <span class='ocrx_word' id='word_1_307' title='bbox 2354 1581 2517 1635; x_wconf 88' lang='lat' dir='ltr'><strong>quam</strong></span> <span class='ocrx_word' id='word_1_308' title='bbox 2537 1567 2708 1625; x_wconf 78' lang='lat' dir='ltr'><strong>armis</strong></span> <span class='ocrx_word' id='word_1_309' title='bbox 2730 1582 2762 1622; x_wconf 88' lang='lat' dir='ltr'><strong>a</strong></span> <span class='ocrx_word' id='word_1_310' title='bbox 2783 1568 2977 1636; x_wconf 72' lang='lat' dir='ltr'><strong>emptis</strong></span> <span class='ocrx_word' id='word_1_311' title='bbox 2999 1584 3124 1623; x_wconf 90' lang='lat' dir='ltr'><strong>eum</strong></span> <span class='ocrx_word' id='word_1_312' title='bbox 3147 1568 3421 1623; x_wconf 81' lang='lat' dir='ltr'><strong>deterrere</strong></span> <span class='ocrx_word' id='word_1_313' title='bbox 3442 1566 3621 1636; x_wconf 82' lang='lat' dir='ltr'><strong>possi-</strong></span> 
     </span>
    </p>
   </div>
   <div class='ocr_carea' id='block_1_45' title="bbox 2051 1640 3628 1729">
    <p class='ocr_par' dir='ltr' id='par_1_45' title="bbox 2051 1640 3628 1729">
     <span class='ocr_line' id='line_1_45' title="bbox 2051 1640 3628 1729; baseline 0.003 -21"><span class='ocrx_word' id='word_1_314' title='bbox 2051 1671 2189 1710; x_wconf 90' lang='lat' dir='ltr'><strong>mus.</strong></span> <span class='ocrx_word' id='word_1_315' title='bbox 2214 1656 2368 1723; x_wconf 86' lang='lat' dir='ltr'><strong>Quod</strong></span> <span class='ocrx_word' id='word_1_316' title='bbox 2400 1658 2444 1712; x_wconf 89' lang='lat' dir='ltr'><strong>si</strong></span> <span class='ocrx_word' id='word_1_317' title='bbox 2477 1657 2560 1712; x_wconf 85' lang='lat' dir='ltr'><strong>his</strong></span> <span class='ocrx_word' id='word_1_318' title='bbox 2589 1640 2724 1714; x_wconf 81' lang='lat' dir='ltr'><strong>nihil</strong></span> <span class='ocrx_word' id='word_1_319' title='bbox 2744 1662 2885 1729; x_wconf 82' lang='lat' dir='ltr'><strong>apud</strong></span> <span class='ocrx_word' id='word_1_320' title='bbox 2913 1661 3203 1715; x_wconf 84' lang='lat' dir='ltr'><strong>barbarum</strong></span> <span class='ocrx_word' id='word_1_321' title='bbox 3224 1658 3475 1715; x_wconf 74' lang='lat' dir='ltr'><strong>effectum</strong></span> <span class='ocrx_word' id='word_1_322' title='bbox 3505 1658 3628 1712; x_wconf 86' lang='lat' dir='ltr'><strong>fue-</strong></span> 
     </span>
    </p>
   </div>
   <div class='ocr_carea' id='block_1_46' title="bbox 2050 1748 3625 1823">
    <p class='ocr_par' dir='ltr' id='par_1_46' title="bbox 2050 1748 3625 1823">
     <span class='ocr_line' id='line_1_46' title="bbox 2050 1748 3625 1823; baseline 0.003 -21"><span class='ocrx_word' id='word_1_323' title='bbox 2050 1748 2141 1812; x_wconf 89' lang='lat' dir='ltr'><strong>rit,</strong></span> <span class='ocrx_word' id='word_1_324' title='bbox 2172 1760 2285 1804; x_wconf 91' lang='lat' dir='ltr'><strong>tum</strong></span> <span class='ocrx_word' id='word_1_325' title='bbox 2312 1748 2532 1804; x_wconf 85' lang='lat' dir='ltr'><strong>demum</strong></span> <span class='ocrx_word' id='word_1_326' title='bbox 2558 1752 2866 1808; x_wconf 80' lang='lat' dir='ltr'><strong>necessaria</strong></span> <span class='ocrx_word' id='word_1_327' title='bbox 2885 1756 2990 1808; x_wconf 87' lang='lat' dir='ltr'><strong>erit</strong></span> <span class='ocrx_word' id='word_1_328' title='bbox 3005 1754 3184 1808; x_wconf 82' lang='lat' dir='ltr'><strong>oratio</strong></span> <span class='ocrx_word' id='word_1_329' title='bbox 3203 1766 3325 1823; x_wconf 68' lang='lat' dir='ltr'><strong>quae</strong></span> <span class='ocrx_word' id='word_1_330' title='bbox 3341 1752 3408 1807; x_wconf 85' lang='lat' dir='ltr'><strong>ad</strong></span> <span class='ocrx_word' id='word_1_331' title='bbox 3426 1752 3625 1808; x_wconf 89' lang='lat' dir='ltr'><strong>bellum</strong></span> 
     </span>
    </p>
   </div>
   <div class='ocr_carea' id='block_1_47' title="bbox 2048 1841 3632 1917">
    <p class='ocr_par' dir='ltr' id='par_1_47' title="bbox 2048 1841 3632 1917">
     <span class='ocr_line' id='line_1_47' title="bbox 2048 1841 3632 1917; baseline 0.002 -21"><span class='ocrx_word' id='word_1_332' title='bbox 2048 1842 2279 1897; x_wconf 85' lang='lat' dir='ltr'><strong>barbaro</strong></span> <span class='ocrx_word' id='word_1_333' title='bbox 2299 1841 2642 1898; x_wconf 81' lang='lat' dir='ltr'><strong>inferendum</strong></span> <span class='ocrx_word' id='word_1_334' title='bbox 2675 1860 2777 1901; x_wconf 87' lang='lat' dir='ltr'><strong>nos</strong></span> <span class='ocrx_word' id='word_1_335' title='bbox 2812 1847 2865 1899; x_wconf 91' lang='lat' dir='ltr'><strong>in</strong></span> <span class='ocrx_word' id='word_1_336' title='bbox 2898 1846 3152 1917; x_wconf 80' lang='lat' dir='ltr'><strong>sntl‘ragia</strong></span> <span class='ocrx_word' id='word_1_337' title='bbox 3182 1846 3375 1900; x_wconf 83' lang='lat' dir='ltr'><strong>mittet.</strong></span> <span class='ocrx_word' id='word_1_338' title='bbox 3403 1844 3632 1914; x_wconf 79' lang='lat' dir='ltr'><strong>Opertet</strong></span> 
     </span>
    </p>
   </div>
   <div class='ocr_carea' id='block_1_48' title="bbox 2047 1936 3618 2008">
    <p class='ocr_par' dir='ltr' id='par_1_48' title="bbox 2047 1936 3618 2008">
     <span class='ocr_line' id='line_1_48' title="bbox 2047 1936 3618 2008; baseline 0.002 -19"><span class='ocrx_word' id='word_1_339' title='bbox 2047 1950 2179 1990; x_wconf 85' lang='lat' dir='ltr'><strong>sane</strong></span> <span class='ocrx_word' id='word_1_340' title='bbox 2209 1950 2304 1990; x_wconf 88' lang='lat' dir='ltr'><strong>eos</strong></span> <span class='ocrx_word' id='word_1_341' title='bbox 2335 1936 2428 2004; x_wconf 82' lang='lat' dir='ltr'><strong>qui</strong></span> <span class='ocrx_word' id='word_1_342' title='bbox 2462 1937 2706 2006; x_wconf 86' lang='lat' dir='ltr'><strong>pericula</strong></span> <span class='ocrx_word' id='word_1_343' title='bbox 2740 1948 3023 2008; x_wconf 87' lang='lat' dir='ltr'><strong>reputant,</strong></span> <span class='ocrx_word' id='word_1_344' title='bbox 3050 1955 3121 1993; x_wconf 80' lang='lat' dir='ltr'><strong>ea</strong></span> <span class='ocrx_word' id='word_1_345' title='bbox 3144 1940 3286 1993; x_wconf 86' lang='lat' dir='ltr'><strong>inter</strong></span> <span class='ocrx_word' id='word_1_346' title='bbox 3312 1953 3372 1994; x_wconf 84' lang='lat' dir='ltr'><strong>se</strong></span> <span class='ocrx_word' id='word_1_347' title='bbox 3401 1953 3618 2007; x_wconf 84' lang='lat' dir='ltr'><strong>compa-</strong></span> 
     </span>
    </p>
   </div>
   <div class='ocr_carea' id='block_1_49' title="bbox 2045 2027 3632 2101">
    <p class='ocr_par' dir='ltr' id='par_1_49' title="bbox 2045 2027 3632 2101">
     <span class='ocr_line' id='line_1_49' title="bbox 2045 2027 3632 2101; baseline 0.001 -19"><span class='ocrx_word' id='word_1_348' title='bbox 2045 2043 2203 2082; x_wconf 89' lang='lat' dir='ltr'><strong>rare:</strong></span> <span class='ocrx_word' id='word_1_349' title='bbox 2239 2037 2295 2082; x_wconf 90' lang='lat' dir='ltr'><strong>et</strong></span> <span class='ocrx_word' id='word_1_350' title='bbox 2330 2043 2452 2096; x_wconf 73' lang='lat' dir='ltr'><strong>quae</strong></span> <span class='ocrx_word' id='word_1_351' title='bbox 2476 2027 2684 2083; x_wconf 87' lang='lat' dir='ltr'><strong>minora</strong></span> <span class='ocrx_word' id='word_1_352' title='bbox 2712 2032 3082 2099; x_wconf 86' lang='lat' dir='ltr'><strong>apparuerint,</strong></span> <span class='ocrx_word' id='word_1_353' title='bbox 3117 2030 3338 2101; x_wconf 74' lang='lat' dir='ltr'><strong>eligere.</strong></span> <span class='ocrx_word' id='word_1_354' title='bbox 3378 2030 3512 2083; x_wconf 86' lang='lat' dir='ltr'><strong>Eum</strong></span> <span class='ocrx_word' id='word_1_355' title='bbox 3535 2027 3632 2098; x_wconf 84' lang='lat' dir='ltr'><strong>qui</strong></span> 
     </span>
    </p>
   </div>
   <div class='ocr_carea' id='block_1_50' title="bbox 2044 2118 3629 2191">
    <p class='ocr_par' dir='ltr' id='par_1_50' title="bbox 2044 2118 3629 2191">
     <span class='ocr_line' id='line_1_50' title="bbox 2044 2118 3629 2191; baseline 0.002 -18"><span class='ocrx_word' id='word_1_356' title='bbox 2044 2118 2360 2190; x_wconf 76' lang='lat' dir='ltr'><strong>sutiraginm</strong></span> <span class='ocrx_word' id='word_1_357' title='bbox 2396 2120 2521 2182; x_wconf 89' lang='lat' dir='ltr'><strong>fert.</strong></span> <span class='ocrx_word' id='word_1_358' title='bbox 2558 2124 2706 2176; x_wconf 88' lang='lat' dir='ltr'><strong>circa</strong></span> <span class='ocrx_word' id='word_1_359' title='bbox 2742 2122 2960 2191; x_wconf 77' lang='lat' dir='ltr'><strong>singula</strong></span> <span class='ocrx_word' id='word_1_360' title='bbox 3001 2122 3140 2177; x_wconf 80' lang='lat' dir='ltr'><strong>hanc</strong></span> <span class='ocrx_word' id='word_1_361' title='bbox 3168 2121 3495 2177; x_wconf 86' lang='lat' dir='ltr'><strong>sententiam</strong></span> <span class='ocrx_word' id='word_1_362' title='bbox 3543 2132 3629 2176; x_wconf 84' lang='lat' dir='ltr'><strong>te-</strong></span> 
     </span>
    </p>
   </div>
   <div class='ocr_carea' id='block_1_51' title="bbox 2044 2212 3628 2277">
    <p class='ocr_par' dir='ltr' id='par_1_51' title="bbox 2044 2212 3628 2277">
     <span class='ocr_line' id='line_1_51' title="bbox 2044 2212 3628 2277; baseline 0.001 -11"><span class='ocrx_word' id='word_1_363' title='bbox 2044 2227 2173 2267; x_wconf 90' lang='lat' dir='ltr'><strong>nere</strong></span> <span class='ocrx_word' id='word_1_364' title='bbox 2188 2214 2458 2269; x_wconf 80' lang='lat' dir='ltr'><strong>convenit.</strong></span> <span class='ocrx_word' id='word_1_365' title='bbox 2483 2212 2615 2269; x_wconf 85' lang='lat' dir='ltr'><strong>Nam</strong></span> <span class='ocrx_word' id='word_1_366' title='bbox 2645 2214 2943 2269; x_wconf 83' lang='lat' dir='ltr'><strong>adversarii</strong></span> <span class='ocrx_word' id='word_1_367' title='bbox 2972 2215 3140 2270; x_wconf 79' lang='lat' dir='ltr'><strong>nostri</strong></span> <span class='ocrx_word' id='word_1_368' title='bbox 3160 2216 3334 2277; x_wconf 87' lang='lat' dir='ltr'><strong>aiunt,</strong></span> <span class='ocrx_word' id='word_1_369' title='bbox 3354 2216 3401 2269; x_wconf 92' lang='lat' dir='ltr'><strong>si</strong></span> <span class='ocrx_word' id='word_1_370' title='bbox 3431 2213 3628 2269; x_wconf 85' lang='lat' dir='ltr'><strong>bellum</strong></span> 
     </span>
    </p>
   </div>
   <div class='ocr_carea' id='block_1_52' title="bbox 2045 2304 3633 2374">
    <p class='ocr_par' dir='ltr' id='par_1_52' title="bbox 2045 2304 3633 2374">
     <span class='ocr_line' id='line_1_52' title="bbox 2045 2304 3633 2374; baseline 0.002 -18"><span class='ocrx_word' id='word_1_371' title='bbox 2045 2304 2398 2368; x_wconf 86' lang='lat' dir='ltr'><strong>moverimus,</strong></span> <span class='ocrx_word' id='word_1_372' title='bbox 2419 2308 2580 2361; x_wconf 88' lang='lat' dir='ltr'><strong>urbes</strong></span> <span class='ocrx_word' id='word_1_373' title='bbox 2604 2315 2801 2360; x_wconf 79' lang='lat' dir='ltr'><strong>nostra:</strong></span> <span class='ocrx_word' id='word_1_374' title='bbox 2825 2307 2878 2361; x_wconf 89' lang='lat' dir='ltr'><strong>in</strong></span> <span class='ocrx_word' id='word_1_375' title='bbox 2914 2307 3250 2369; x_wconf 75' lang='lat' dir='ltr'><strong>continente,</strong></span> <span class='ocrx_word' id='word_1_376' title='bbox 3273 2321 3393 2374; x_wconf 67' lang='lat' dir='ltr'><strong>quae</strong></span> <span class='ocrx_word' id='word_1_377' title='bbox 3422 2314 3633 2372; x_wconf 79' lang='lat' dir='ltr'><strong>spectat</strong></span> 
     </span>
    </p>
   </div>
   <div class='ocr_carea' id='block_1_53' title="bbox 2048 2394 3632 2466">
    <p class='ocr_par' dir='ltr' id='par_1_53' title="bbox 2048 2394 3632 2466">
     <span class='ocr_line' id='line_1_53' title="bbox 2048 2394 3632 2466; baseline 0.002 -19"><span class='ocrx_word' id='word_1_378' title='bbox 2048 2394 2254 2449; x_wconf 89' lang='lat' dir='ltr'><strong>Ionium</strong></span> <span class='ocrx_word' id='word_1_379' title='bbox 2313 2404 2367 2449; x_wconf 89' lang='lat' dir='ltr'><strong>et</strong></span> <span class='ocrx_word' id='word_1_380' title='bbox 2417 2394 2882 2466; x_wconf 82' lang='lat' dir='ltr'><strong>Peloponnesum,</strong></span> <span class='ocrx_word' id='word_1_381' title='bbox 2943 2412 3157 2450; x_wconf 78' lang='lat' dir='ltr'><strong>necnon</strong></span> <span class='ocrx_word' id='word_1_382' title='bbox 3193 2396 3354 2466; x_wconf 73' lang='grc'><strong>292</strong></span> <span class='ocrx_word' id='word_1_383' title='bbox 3409 2396 3632 2465; x_wconf 74' lang='lat' dir='ltr'><strong>reliqua:</strong></span> 
     </span>
    </p>
   </div>
   <div class='ocr_carea' id='block_1_54' title="bbox 2045 2486 3633 2559">
    <p class='ocr_par' dir='ltr' id='par_1_54' title="bbox 2045 2486 3633 2559">
     <span class='ocr_line' id='line_1_54' title="bbox 2045 2486 3633 2559; baseline 0 -18"><span class='ocrx_word' id='word_1_384' title='bbox 2045 2486 2377 2542; x_wconf 85' lang='lat' dir='ltr'><strong>continentis</strong></span> <span class='ocrx_word' id='word_1_385' title='bbox 2408 2487 2591 2553; x_wconf 86' lang='lat' dir='ltr'><strong>urbes,</strong></span> <span class='ocrx_word' id='word_1_386' title='bbox 2628 2488 2771 2543; x_wconf 90' lang='lat' dir='ltr'><strong>haud</strong></span> <span class='ocrx_word' id='word_1_387' title='bbox 2804 2488 3081 2544; x_wconf 88' lang='lat' dir='ltr'><strong>habebunt</strong></span> <span class='ocrx_word' id='word_1_388' title='bbox 3104 2491 3306 2559; x_wconf 85' lang='lat' dir='ltr'><strong>quibus</strong></span> <span class='ocrx_word' id='word_1_389' title='bbox 3326 2504 3387 2544; x_wconf 86' lang='lat' dir='ltr'><strong>se</strong></span> <span class='ocrx_word' id='word_1_390' title='bbox 3410 2497 3633 2543; x_wconf 87' lang='lat' dir='ltr'><strong>susten-</strong></span> 
     </span>
    </p>
   </div>
   <div class='ocr_carea' id='block_1_55' title="bbox 2047 2580 3632 2652">
    <p class='ocr_par' dir='ltr' id='par_1_55' title="bbox 2047 2580 3632 2652">
     <span class='ocr_line' id='line_1_55' title="bbox 2047 2580 3632 2652; baseline -0.001 -17"><span class='ocrx_word' id='word_1_391' title='bbox 2047 2590 2159 2635; x_wconf 88' lang='lat' dir='ltr'><strong>tent</strong></span> <span class='ocrx_word' id='word_1_392' title='bbox 2184 2581 2249 2636; x_wconf 89' lang='lat' dir='ltr'><strong>ad</strong></span> <span class='ocrx_word' id='word_1_393' title='bbox 2276 2580 2442 2637; x_wconf 83' lang='lat' dir='ltr'><strong>breve</strong></span> <span class='ocrx_word' id='word_1_394' title='bbox 2482 2581 2771 2637; x_wconf 86' lang='lat' dir='ltr'><strong>admodum</strong></span> <span class='ocrx_word' id='word_1_395' title='bbox 2818 2590 3053 2652; x_wconf 85' lang='lat' dir='ltr'><strong>tempus.</strong></span> <span class='ocrx_word' id='word_1_396' title='bbox 3098 2583 3292 2636; x_wconf 74' lang='lat' dir='ltr'><strong>Verum</strong></span> <span class='ocrx_word' id='word_1_397' title='bbox 3327 2580 3632 2636; x_wconf 86' lang='lat' dir='ltr'><strong>necessaria</strong></span> 
     </span>
    </p>
   </div>
   <div class='ocr_carea' id='block_1_56' title="bbox 2046 2670 3630 2742">
    <p class='ocr_par' dir='ltr' id='par_1_56' title="bbox 2046 2670 3630 2742">
     <span class='ocr_line' id='line_1_56' title="bbox 2046 2670 3630 2742; baseline -0.001 -16"><span class='ocrx_word' id='word_1_398' title='bbox 2046 2688 2141 2727; x_wconf 88' lang='lat' dir='ltr'><strong>eos</strong></span> <span class='ocrx_word' id='word_1_399' title='bbox 2181 2672 2512 2726; x_wconf 88' lang='lat' dir='ltr'><strong>destituent:</strong></span> <span class='ocrx_word' id='word_1_400' title='bbox 2548 2682 2603 2726; x_wconf 88' lang='lat' dir='ltr'><strong>et</strong></span> <span class='ocrx_word' id='word_1_401' title='bbox 2648 2670 2924 2742; x_wconf 89' lang='lat' dir='ltr'><strong>peribunt,</strong></span> <span class='ocrx_word' id='word_1_402' title='bbox 2969 2674 3012 2727; x_wconf 87' lang='lat' dir='ltr'><strong>si</strong></span> <span class='ocrx_word' id='word_1_403' title='bbox 3061 2671 3362 2742; x_wconf 82' lang='lat' dir='ltr'><strong>periculum</strong></span> <span class='ocrx_word' id='word_1_404' title='bbox 3411 2670 3630 2739; x_wconf 73' lang='lat' dir='ltr'><strong>aliquod</strong></span> 
     </span>
    </p>
   </div>
   <div class='ocr_carea' id='block_1_57' title="bbox 2048 2763 3632 2835">
    <p class='ocr_par' dir='ltr' id='par_1_57' title="bbox 2048 2763 3632 2835">
     <span class='ocr_line' id='line_1_57' title="bbox 2048 2763 3632 2835; baseline 0 -17"><span class='ocrx_word' id='word_1_405' title='bbox 2048 2764 2329 2835; x_wconf 74' lang='lat' dir='ltr'><strong>ingruerit.</strong></span> <span class='ocrx_word' id='word_1_406' title='bbox 2354 2766 2620 2819; x_wconf 78' lang='lat' dir='ltr'><strong>Praeterea</strong></span> <span class='ocrx_word' id='word_1_407' title='bbox 2646 2766 2690 2819; x_wconf 90' lang='lat' dir='ltr'><strong>si</strong></span> <span class='ocrx_word' id='word_1_408' title='bbox 2720 2764 2972 2834; x_wconf 66' lang='lat' dir='ltr'><strong>praedicta</strong></span> <span class='ocrx_word' id='word_1_409' title='bbox 2997 2766 3147 2834; x_wconf 77' lang='lat' dir='ltr'><strong>regio</strong></span> <span class='ocrx_word' id='word_1_410' title='bbox 3169 2766 3439 2820; x_wconf 82' lang='lat' dir='ltr'><strong>mercibus</strong></span> <span class='ocrx_word' id='word_1_411' title='bbox 3466 2763 3632 2818; x_wconf 85' lang='lat' dir='ltr'><strong>fuerit</strong></span> 
     </span>
    </p>
   </div>
   <div class='ocr_carea' id='block_1_58' title="bbox 2045 2855 3631 2927">
    <p class='ocr_par' dir='ltr' id='par_1_58' title="bbox 2045 2855 3631 2927">
     <span class='ocr_line' id='line_1_58' title="bbox 2045 2855 3631 2927; baseline -0.003 -14"><span class='ocrx_word' id='word_1_412' title='bbox 2045 2859 2333 2922; x_wconf 78' lang='lat' dir='ltr'><strong>exhausta,</strong></span> <span class='ocrx_word' id='word_1_413' title='bbox 2369 2867 2421 2911; x_wconf 92' lang='lat' dir='ltr'><strong>et</strong></span> <span class='ocrx_word' id='word_1_414' title='bbox 2459 2855 2779 2927; x_wconf 86' lang='lat' dir='ltr'><strong>despoliata,</strong></span> <span class='ocrx_word' id='word_1_415' title='bbox 2819 2858 2984 2911; x_wconf 85' lang='lat' dir='ltr'><strong>etiam</strong></span> <span class='ocrx_word' id='word_1_416' title='bbox 3023 2856 3285 2927; x_wconf 82' lang='lat' dir='ltr'><strong>deindeps</strong></span> <span class='ocrx_word' id='word_1_417' title='bbox 3328 2864 3381 2911; x_wconf 90' lang='lat' dir='ltr'><strong>et</strong></span> <span class='ocrx_word' id='word_1_418' title='bbox 3426 2857 3479 2909; x_wconf 90' lang='lat' dir='ltr'><strong>in</strong></span> <span class='ocrx_word' id='word_1_419' title='bbox 3529 2869 3631 2909; x_wconf 78' lang='lat' dir='ltr'><strong>nos</strong></span> 
     </span>
    </p>
   </div>
   <div class='ocr_carea' id='block_1_59' title="bbox 2046 2946 3624 3017">
    <p class='ocr_par' dir='ltr' id='par_1_59' title="bbox 2046 2946 3624 3017">
     <span class='ocr_line' id='line_1_59' title="bbox 2046 2946 3624 3017; baseline -0.003 -13"><span class='ocrx_word' id='word_1_420' title='bbox 2046 2948 2243 3005; x_wconf 86' lang='lat' dir='ltr'><strong>dauma</strong></span> <span class='ocrx_word' id='word_1_421' title='bbox 2290 2949 2527 3004; x_wconf 77' lang='lat' dir='ltr'><strong>maxima</strong></span> <span class='ocrx_word' id='word_1_422' title='bbox 2590 2947 2990 3003; x_wconf 85' lang='lat' dir='ltr'><strong>redundabuut.</strong></span> <span class='ocrx_word' id='word_1_423' title='bbox 3040 2948 3377 3017; x_wconf 80' lang='lat' dir='ltr'><strong>Quapropter</strong></span> <span class='ocrx_word' id='word_1_424' title='bbox 3424 2946 3624 3001; x_wconf 89' lang='lat' dir='ltr'><strong>bellum</strong></span> 
     </span>
    </p>
   </div>
   <div class='ocr_carea' id='block_1_60' title="bbox 2047 3038 3629 3113">
    <p class='ocr_par' dir='ltr' id='par_1_60' title="bbox 2047 3038 3629 3113">
     <span class='ocr_line' id='line_1_60' title="bbox 2047 3038 3629 3113; baseline -0.003 -16"><span class='ocrx_word' id='word_1_425' title='bbox 2047 3042 2424 3113; x_wconf 83' lang='lat' dir='ltr'><strong>prolatandum</strong></span> <span class='ocrx_word' id='word_1_426' title='bbox 2474 3051 2579 3106; x_wconf 72' lang='lat' dir='ltr'><strong>est,</strong></span> <span class='ocrx_word' id='word_1_427' title='bbox 2623 3048 2676 3096; x_wconf 91' lang='lat' dir='ltr'><strong>et</strong></span> <span class='ocrx_word' id='word_1_428' title='bbox 2721 3041 2918 3111; x_wconf 78' lang='lat' dir='ltr'><strong>legatio</strong></span> <span class='ocrx_word' id='word_1_429' title='bbox 2999 3039 3282 3104; x_wconf 86' lang='lat' dir='ltr'><strong>mittenda,</strong></span> <span class='ocrx_word' id='word_1_430' title='bbox 3351 3054 3471 3109; x_wconf 74' lang='lat' dir='ltr'><strong>qua:</strong></span> <span class='ocrx_word' id='word_1_431' title='bbox 3524 3038 3629 3092; x_wconf 84' lang='lat' dir='ltr'><strong>ista</strong></span> 
     </span>
    </p>
   </div>
   <div class='ocr_carea' id='block_1_61' title="bbox 2048 3131 3625 3207">
    <p class='ocr_par' dir='ltr' id='par_1_61' title="bbox 2048 3131 3625 3207">
     <span class='ocr_line' id='line_1_61' title="bbox 2048 3131 3625 3207; baseline -0.005 -17"><span class='ocrx_word' id='word_1_432' title='bbox 2048 3134 2262 3190; x_wconf 86' lang='lat' dir='ltr'><strong>elliciet.</strong></span> <span class='ocrx_word' id='word_1_433' title='bbox 2294 3134 2370 3190; x_wconf 87' lang='lat' dir='ltr'><strong>De</strong></span> <span class='ocrx_word' id='word_1_434' title='bbox 2393 3134 2663 3207; x_wconf 78' lang='lat' dir='ltr'><strong>legatione</strong></span> <span class='ocrx_word' id='word_1_435' title='bbox 2684 3138 2859 3204; x_wconf 89' lang='lat' dir='ltr'><strong>primo</strong></span> <span class='ocrx_word' id='word_1_436' title='bbox 2886 3132 3049 3187; x_wconf 82' lang='lat' dir='ltr'><strong>verba</strong></span> <span class='ocrx_word' id='word_1_437' title='bbox 3082 3131 3297 3186; x_wconf 85' lang='lat' dir='ltr'><strong>faciam.</strong></span> <span class='ocrx_word' id='word_1_438' title='bbox 3334 3131 3468 3184; x_wconf 79' lang='lat' dir='ltr'><strong>Nam</strong></span> <span class='ocrx_word' id='word_1_439' title='bbox 3501 3144 3625 3183; x_wconf 92' lang='lat' dir='ltr'><strong>cum</strong></span> 
     </span>
    </p>
   </div>
   <div class='ocr_carea' id='block_1_62' title="bbox 372 3223 1965 3326">
    <p class='ocr_par' dir='ltr' id='par_1_62' title="bbox 372 3227 1946 3302">
     <span class='ocr_line' id='line_1_62' title="bbox 372 3227 1946 3302; baseline -0.002 -19"><span class='ocrx_word' id='word_1_440' title='bbox 372 3228 549 3301; x_wconf 77' lang='grc' dir='ltr'>οἶμαι,</span> <span class='ocrx_word' id='word_1_441' title='bbox 575 3227 934 3302; x_wconf 77' lang='grc' dir='ltr'>καλῶςέῐχεν</span> <span class='ocrx_word' id='word_1_442' title='bbox 957 3230 1106 3302; x_wconf 80' lang='grc' dir='ltr'><strong>αὗτῷ</strong></span> <span class='ocrx_word' id='word_1_443' title='bbox 1134 3230 1410 3300; x_wconf 75' lang='grc' dir='ltr'>λέγεσθαι,</span> <span class='ocrx_word' id='word_1_444' title='bbox 1436 3228 1501 3300; x_wconf 70' lang='grc' dir='ltr'><strong>ἣν</strong></span> <span class='ocrx_word' id='word_1_445' title='bbox 1535 3229 1611 3300; x_wconf 85' lang='grc' dir='ltr'><strong>μὴ</strong></span> <span class='ocrx_word' id='word_1_446' title='bbox 1638 3229 1698 3282; x_wconf 81' lang='grc' dir='ltr'><strong>τὸ</strong></span> <span class='ocrx_word' id='word_1_447' title='bbox 1740 3229 1946 3298; x_wconf 77' lang='grc' dir='ltr'>Ἀργος</span> 
     </span>
    </p>
   </div>
   <div class='ocr_carea' id='block_1_63' title="bbox 2051 3223 3629 3326">
    <p class='ocr_par' dir='ltr' id='par_1_63' title="bbox 2051 3223 3629 3300">
     <span class='ocr_line' id='line_1_63' title="bbox 2051 3223 3629 3300; baseline -0.004 -18"><span class='ocrx_word' id='word_1_448' title='bbox 2051 3227 2206 3300; x_wconf 82' lang='lat' dir='ltr'><strong>legati</strong></span> <span class='ocrx_word' id='word_1_449' title='bbox 2240 3228 2432 3292; x_wconf 88' lang='lat' dir='ltr'><strong>nostri,</strong></span> <span class='ocrx_word' id='word_1_450' title='bbox 2465 3228 2563 3281; x_wconf 83' lang='lat' dir='ltr'><strong>viri</strong></span> <span class='ocrx_word' id='word_1_451' title='bbox 2595 3233 2886 3297; x_wconf 77' lang='lat' dir='ltr'><strong>prudentes</strong></span> <span class='ocrx_word' id='word_1_452' title='bbox 2916 3236 2966 3280; x_wconf 91' lang='lat' dir='ltr'><strong>et</strong></span> <span class='ocrx_word' id='word_1_453' title='bbox 2990 3225 3375 3295; x_wconf 80' lang='lat' dir='ltr'><strong>intelligentes,</strong></span> <span class='ocrx_word' id='word_1_454' title='bbox 3402 3223 3468 3278; x_wconf 85' lang='lat' dir='ltr'><strong>ad</strong></span> <span class='ocrx_word' id='word_1_455' title='bbox 3501 3237 3629 3277; x_wconf 88' lang='lat' dir='ltr'><strong>eum</strong></span> 
     </span>
    </p>
   </div>
   <div class='ocr_carea' id='block_1_64' title="bbox 372 3322 1943 3394">
    <p class='ocr_par' dir='ltr' id='par_1_64' title="bbox 372 3322 1943 3394">
     <span class='ocr_line' id='line_1_64' title="bbox 372 3322 1943 3394; baseline 0.001 -20"><span class='ocrx_word' id='word_1_456' title='bbox 372 3322 733 3393; x_wconf 74' lang='grc' dir='ltr'>παραλαϐὼν,</span> <span class='ocrx_word' id='word_1_457' title='bbox 776 3324 1012 3394; x_wconf 82' lang='grc' dir='ltr'>πόλεμον</span> <span class='ocrx_word' id='word_1_458' title='bbox 1055 3325 1186 3394; x_wconf 81' lang='grc' dir='ltr'>ἡμῖν</span> <span class='ocrx_word' id='word_1_459' title='bbox 1236 3322 1550 3392; x_wconf 79' lang='grc' dir='ltr'>περιφανῶς</span> <span class='ocrx_word' id='word_1_460' title='bbox 1603 3322 1943 3394; x_wconf 72' lang='grc' dir='ltr'><strong>ἀπαγγέλλῃ.</strong></span> 
     </span>
    </p>
   </div>
   <div class='ocr_carea' id='block_1_65' title="bbox 382 3412 1945 3488">
    <p class='ocr_par' dir='ltr' id='par_1_65' title="bbox 382 3412 1945 3488">
     <span class='ocr_line' id='line_1_65' title="bbox 382 3412 1945 3488; baseline -0.001 -19"><span class='ocrx_word' id='word_1_461' title='bbox 382 3414 682 3487; x_wconf 77' lang='grc' dir='ltr'>Ἐπειρᾶτο</span> <span class='ocrx_word' id='word_1_462' title='bbox 717 3418 814 3488; x_wconf 75' lang='grc' dir='ltr'><strong>μὲν</strong></span> <span class='ocrx_word' id='word_1_463' title='bbox 848 3417 1040 3488; x_wconf 78' lang='grc' dir='ltr'><strong>μέχρις</strong></span> <span class='ocrx_word' id='word_1_464' title='bbox 1067 3412 1126 3471; x_wconf 76' lang='grc' dir='ltr'>οὗ</span> <span class='ocrx_word' id='word_1_465' title='bbox 1161 3415 1336 3470; x_wconf 85' lang='grc' dir='ltr'>ταῦτα</span> <span class='ocrx_word' id='word_1_466' title='bbox 1364 3416 1430 3469; x_wconf 84' lang='grc' dir='ltr'>ἂν</span> <span class='ocrx_word' id='word_1_467' title='bbox 1461 3416 1744 3485; x_wconf 84' lang='grc' dir='ltr'>φέροιμεν,</span> <span class='ocrx_word' id='word_1_468' title='bbox 1773 3415 1867 3469; x_wconf 72' lang='grc' dir='ltr'><strong>καὶ</strong></span> <span class='ocrx_word' id='word_1_469' title='bbox 1897 3415 1945 3467; x_wconf 78' lang='grc' dir='ltr'>εἰ</span> 
     </span>
    </p>
   </div>
   <div class='ocr_carea' id='block_1_66' title="bbox 376 3506 1948 3581">
    <p class='ocr_par' dir='ltr' id='par_1_66' title="bbox 376 3506 1948 3581">
     <span class='ocr_line' id='line_1_66' title="bbox 376 3506 1948 3581; baseline -0.001 -21"><span class='ocrx_word' id='word_1_470' title='bbox 376 3508 476 3579; x_wconf 73' lang='grc' dir='ltr'><strong>μὲν</strong></span> <span class='ocrx_word' id='word_1_471' title='bbox 505 3506 829 3581; x_wconf 69' lang='grc' dir='ltr'>ἀνεχόμεθα,</span> <span class='ocrx_word' id='word_1_472' title='bbox 857 3508 958 3579; x_wconf 73' lang='grc' dir='ltr'><strong>ήδη</strong></span> <span class='ocrx_word' id='word_1_473' title='bbox 1006 3511 1203 3580; x_wconf 85' lang='grc' dir='ltr'>χωρεῖν</span> <span class='ocrx_word' id='word_1_474' title='bbox 1228 3507 1390 3560; x_wconf 71' lang='grc' dir='ltr'>αὐτὸν</span> <span class='ocrx_word' id='word_1_475' title='bbox 1437 3507 1533 3561; x_wconf 76' lang='grc' dir='ltr'>καὶ</span> <span class='ocrx_word' id='word_1_476' title='bbox 1560 3508 1651 3559; x_wconf 71' lang='grc' dir='ltr'><strong>ἐπὶ</strong></span> <span class='ocrx_word' id='word_1_477' title='bbox 1682 3506 1750 3559; x_wconf 80' lang='grc' dir='ltr'>τὰ</span> <span class='ocrx_word' id='word_1_478' title='bbox 1785 3506 1948 3559; x_wconf 79' lang='grc' dir='ltr'>λοιπά</span> 
     </span>
    </p>
   </div>
   <div class='ocr_carea' id='block_1_67' title="bbox 370 3595 1950 3668">
    <p class='ocr_par' dir='ltr' id='par_1_67' title="bbox 370 3595 1950 3668">
     <span class='ocr_line' id='line_1_67' title="bbox 370 3595 1950 3668; baseline -0.002 -16"><span class='ocrx_word' id='word_1_479' title='bbox 370 3597 568 3661; x_wconf 61' lang='grc' dir='ltr'>ἀδεῶς</span> <span class='ocrx_word' id='word_1_480' title='bbox 598 3601 647 3651; x_wconf 78' lang='grc' dir='ltr'>εἰ</span> <span class='ocrx_word' id='word_1_481' title='bbox 678 3598 733 3651; x_wconf 67' lang='grc' dir='ltr'>δὲ</span> <span class='ocrx_word' id='word_1_482' title='bbox 771 3598 868 3668; x_wconf 85' lang='grc' dir='ltr'>μὴ,</span> <span class='ocrx_word' id='word_1_483' title='bbox 916 3599 1220 3667; x_wconf 75' lang='grc' dir='ltr'>ὑποχωρεῖν</span> <span class='ocrx_word' id='word_1_484' title='bbox 1267 3597 1370 3667; x_wconf 68' lang='grc' dir='ltr'><strong>ἤδη</strong></span> <span class='ocrx_word' id='word_1_485' title='bbox 1406 3599 1461 3660; x_wconf 72' lang='grc' dir='ltr'><strong>ἐς</strong></span> <span class='ocrx_word' id='word_1_486' title='bbox 1506 3598 1629 3650; x_wconf 83' lang='grc' dir='ltr'>ὅσον</span> <span class='ocrx_word' id='word_1_487' title='bbox 1671 3596 1818 3667; x_wconf 80' lang='grc' dir='ltr'>αὐτῷ</span> <span class='ocrx_word' id='word_1_488' title='bbox 1858 3595 1950 3665; x_wconf 75' lang='grc' dir='ltr'>ὐιρ’</span> 
     </span>
    </p>
   </div>
   <div class='ocr_carea' id='block_1_68' title="bbox 368 3689 1951 3762">
    <p class='ocr_par' dir='ltr' id='par_1_68' title="bbox 368 3689 1951 3762">
     <span class='ocr_line' id='line_1_68' title="bbox 368 3689 1951 3762; baseline 0 -19"><span class='ocrx_word' id='word_1_489' title='bbox 368 3691 407 3762; x_wconf 75' lang='grc' dir='ltr'><strong>ἡ</strong></span> <span class='ocrx_word' id='word_1_490' title='bbox 416 3691 530 3761; x_wconf 84' lang='grc' dir='ltr'>μῶν</span> <span class='ocrx_word' id='word_1_491' title='bbox 560 3694 916 3762; x_wconf 76' lang='grc' dir='ltr'>συγχωροίτο.</span> <span class='ocrx_word' id='word_1_492' title='bbox 941 3692 1046 3743; x_wconf 79' lang='grc' dir='ltr'>Καὶ</span> <span class='ocrx_word' id='word_1_493' title='bbox 1070 3693 1125 3743; x_wconf 78' lang='grc' dir='ltr'>ἰν</span> <span class='ocrx_word' id='word_1_494' title='bbox 1157 3689 1328 3761; x_wconf 78' lang='grc' dir='ltr'>τούτῳ</span> <span class='ocrx_word' id='word_1_495' title='bbox 1350 3690 1449 3760; x_wconf 76' lang='grc' dir='ltr'><strong>τὴν</strong></span> <span class='ocrx_word' id='word_1_496' title='bbox 1476 3689 1707 3759; x_wconf 77' lang='grc' dir='ltr'>ἀπορίαν</span> <span class='ocrx_word' id='word_1_497' title='bbox 1725 3691 1769 3722; x_wconf 82' lang='grc'><strong>⁶²</strong></span> <span class='ocrx_word' id='word_1_498' title='bbox 1796 3706 1951 3760; x_wconf 85' lang='grc' dir='ltr'>ποιη-</span> 
     </span>
    </p>
   </div>
   <div class='ocr_carea' id='block_1_69' title="bbox 374 3777 1953 3854">
    <p class='ocr_par' dir='ltr' id='par_1_69' title="bbox 374 3777 1953 3854">
     <span class='ocr_line' id='line_1_69' title="bbox 374 3777 1953 3854; baseline -0.003 -17"><span class='ocrx_word' id='word_1_499' title='bbox 374 3785 626 3853; x_wconf 80' lang='grc' dir='ltr'>σόμενος,</span> <span class='ocrx_word' id='word_1_500' title='bbox 657 3783 807 3837; x_wconf 69' lang='grc' dir='ltr'>οὐδὲν</span> <span class='ocrx_word' id='word_1_501' title='bbox 845 3784 1024 3853; x_wconf 85' lang='grc' dir='ltr'>μέντοι</span> <span class='ocrx_word' id='word_1_502' title='bbox 1047 3777 1207 3854; x_wconf 78' lang='grc' dir='ltr'>ἦττον</span> <span class='ocrx_word' id='word_1_503' title='bbox 1251 3785 1520 3853; x_wconf 78' lang='grc' dir='ltr'>χωρήσων</span> <span class='ocrx_word' id='word_1_504' title='bbox 1548 3782 1640 3834; x_wconf 72' lang='grc' dir='ltr'>ἐπὶ</span> <span class='ocrx_word' id='word_1_505' title='bbox 1671 3781 1762 3834; x_wconf 81' lang='grc' dir='ltr'>τὸν</span> <span class='ocrx_word' id='word_1_506' title='bbox 1794 3779 1953 3834; x_wconf 81' lang='grc' dir='ltr'>πόλε-</span> 
     </span>
    </p>
   </div>
   <div class='ocr_carea' id='block_1_70' title="bbox 380 3870 1952 3951">
    <p class='ocr_par' dir='ltr' id='par_1_70' title="bbox 380 3870 1952 3951">
     <span class='ocr_line' id='line_1_70' title="bbox 380 3870 1952 3951; baseline -0.001 -22"><span class='ocrx_word' id='word_1_507' title='bbox 380 3893 504 3948; x_wconf 88' lang='grc' dir='ltr'>μον.</span> <span class='ocrx_word' id='word_1_508' title='bbox 537 3877 601 3928; x_wconf 75' lang='grc' dir='ltr'><strong>ΕΞ</strong></span> <span class='ocrx_word' id='word_1_509' title='bbox 647 3877 704 3929; x_wconf 78' lang='grc' dir='ltr'>δὲ</span> <span class='ocrx_word' id='word_1_510' title='bbox 754 3875 851 3946; x_wconf 77' lang='grc' dir='ltr'><strong>μὴ,</strong></span> <span class='ocrx_word' id='word_1_511' title='bbox 910 3875 1117 3943; x_wconf 69' lang='grc' dir='ltr'>λεγέτω</span> <span class='ocrx_word' id='word_1_512' title='bbox 1167 3875 1264 3946; x_wconf 83' lang='grc' dir='ltr'><strong>μέν</strong></span> <span class='ocrx_word' id='word_1_513' title='bbox 1318 3893 1430 3947; x_wconf 88' lang='grc' dir='ltr'>μοι,</span> <span class='ocrx_word' id='word_1_514' title='bbox 1476 3876 1567 3929; x_wconf 74' lang='grc' dir='ltr'>καὶ</span> <span class='ocrx_word' id='word_1_515' title='bbox 1614 3874 1829 3946; x_wconf 84' lang='grc' dir='ltr'>πρῶτον</span> <span class='ocrx_word' id='word_1_516' title='bbox 1859 3870 1952 3951; x_wconf 52' lang='grc' dir='ltr'>ἰπὶ</span> 
     </span>
    </p>
   </div>
   <div class='ocr_carea' id='block_1_71' title="bbox 377 3966 1949 4040">
    <p class='ocr_par' dir='ltr' id='par_1_71' title="bbox 377 3966 1949 4040">
     <span class='ocr_line' id='line_1_71' title="bbox 377 3966 1949 4040; baseline -0.002 -19"><span class='ocrx_word' id='word_1_517' title='bbox 377 3968 784 4040; x_wconf 79' lang='grc' dir='ltr'>Πελοπόννησον</span> <span class='ocrx_word' id='word_1_518' title='bbox 824 3969 1178 4037; x_wconf 69' lang='grc' dir='ltr'><strong>ἀφικόμενος,</strong></span> <span class='ocrx_word' id='word_1_519' title='bbox 1212 3968 1314 4037; x_wconf 77' lang='grc' dir='ltr'>τήν</span> <span class='ocrx_word' id='word_1_520' title='bbox 1361 3984 1420 4021; x_wconf 78' lang='grc' dir='ltr'>τι</span> <span class='ocrx_word' id='word_1_521' title='bbox 1471 3966 1703 4023; x_wconf 72' lang='grc' dir='ltr'>Εὔϐοιαν</span> <span class='ocrx_word' id='word_1_522' title='bbox 1747 3966 1949 4036; x_wconf 68' lang='grc' dir='ltr'>ἐπέστη</span> 
     </span>
    </p>
   </div>
   <div class='ocr_carea' id='block_1_72' title="bbox 373 4062 1956 4135">
    <p class='ocr_par' dir='ltr' id='par_1_72' title="bbox 373 4062 1956 4135">
     <span class='ocr_line' id='line_1_72' title="bbox 373 4062 1956 4135; baseline 0.001 -21"><span class='ocrx_word' id='word_1_523' title='bbox 373 4062 658 4130; x_wconf 66' lang='grc' dir='ltr'>ὀψόμενος,</span> <span class='ocrx_word' id='word_1_524' title='bbox 681 4062 797 4126; x_wconf 79' lang='grc' dir='ltr'>οἴω,</span> <span class='ocrx_word' id='word_1_525' title='bbox 832 4067 926 4117; x_wconf 71' lang='grc' dir='ltr'>καὶ</span> <span class='ocrx_word' id='word_1_526' title='bbox 949 4064 1041 4115; x_wconf 77' lang='grc' dir='ltr'>ἐπί</span> <span class='ocrx_word' id='word_1_527' title='bbox 1069 4066 1168 4134; x_wconf 78' lang='grc' dir='ltr'>τὴν</span> <span class='ocrx_word' id='word_1_528' title='bbox 1199 4063 1440 4135; x_wconf 84' lang='grc' dir='ltr'>Εὐρίπου</span> <span class='ocrx_word' id='word_1_529' title='bbox 1462 4065 1636 4118; x_wconf 82' lang='grc' dir='ltr'>πόλιν.</span> <span class='ocrx_word' id='word_1_530' title='bbox 1668 4064 1775 4118; x_wconf 70' lang='grc' dir='ltr'>Καὶ</span> <span class='ocrx_word' id='word_1_531' title='bbox 1793 4063 1956 4130; x_wconf 72' lang='grc' dir='ltr'>ἐξιὼν</span> 
     </span>
    </p>
   </div>
   <div class='ocr_carea' id='block_1_73' title="bbox 374 4151 1958 4227">
    <p class='ocr_par' dir='ltr' id='par_1_73' title="bbox 374 4151 1958 4227">
     <span class='ocr_line' id='line_1_73' title="bbox 374 4151 1958 4227; baseline 0.001 -21"><span class='ocrx_word' id='word_1_532' title='bbox 374 4151 534 4219; x_wconf 70' lang='grc' dir='ltr'>αὖθις</span> <span class='ocrx_word' id='word_1_533' title='bbox 565 4154 672 4208; x_wconf 71' lang='grc' dir='ltr'>ἀπὸ</span> <span class='ocrx_word' id='word_1_534' title='bbox 707 4154 1137 4224; x_wconf 83' lang='grc' dir='ltr'>Πελοποννήσου,</span> <span class='ocrx_word' id='word_1_535' title='bbox 1181 4157 1278 4208; x_wconf 75' lang='grc' dir='ltr'>καὶ</span> <span class='ocrx_word' id='word_1_536' title='bbox 1301 4156 1360 4209; x_wconf 80' lang='grc' dir='ltr'>τὺ</span> <span class='ocrx_word' id='word_1_537' title='bbox 1384 4156 1634 4227; x_wconf 82' lang='grc' dir='ltr'>δεύτερον</span> <span class='ocrx_word' id='word_1_538' title='bbox 1663 4155 1764 4227; x_wconf 73' lang='grc' dir='ltr'><strong>ἤδη</strong></span> <span class='ocrx_word' id='word_1_539' title='bbox 1798 4154 1958 4208; x_wconf 70' lang='grc' dir='ltr'>ἐλαύ-</span> 
     </span>
    </p>
   </div>
   <div class='ocr_carea' id='block_1_74' title="bbox 373 4246 1955 4319">
    <p class='ocr_par' dir='ltr' id='par_1_74' title="bbox 373 4246 1955 4319">
     <span class='ocr_line' id='line_1_74' title="bbox 373 4246 1955 4319; baseline -0.001 -17"><span class='ocrx_word' id='word_1_540' title='bbox 373 4266 484 4302; x_wconf 84' lang='grc' dir='ltr'>νων</span> <span class='ocrx_word' id='word_1_541' title='bbox 513 4250 609 4303; x_wconf 81' lang='grc' dir='ltr'>σὺν</span> <span class='ocrx_word' id='word_1_542' title='bbox 641 4251 750 4313; x_wconf 78' lang='grc' dir='ltr'>τοῖς</span> <span class='ocrx_word' id='word_1_543' title='bbox 790 4247 1214 4319; x_wconf 74' lang='grc' dir='ltr'>πειρασομένοις</span> <span class='ocrx_word' id='word_1_544' title='bbox 1262 4247 1356 4301; x_wconf 87' lang='grc' dir='ltr'>τοῦ</span> <span class='ocrx_word' id='word_1_545' title='bbox 1395 4249 1587 4318; x_wconf 85' lang='grc' dir='ltr'>πόρου,</span> <span class='ocrx_word' id='word_1_546' title='bbox 1633 4248 1860 4316; x_wconf 72' lang='grc' dir='ltr'>ἀφίκετο</span> <span class='ocrx_word' id='word_1_547' title='bbox 1896 4246 1955 4312; x_wconf 72' lang='grc' dir='ltr'><strong>ἐς</strong></span> 
     </span>
    </p>
   </div>
   <div class='ocr_carea' id='block_1_75' title="bbox 377 4338 1951 4414">
    <p class='ocr_par' dir='ltr' id='par_1_75' title="bbox 377 4338 1951 4414">
     <span class='ocr_line' id='line_1_75' title="bbox 377 4338 1951 4414; baseline -0.003 -19"><span class='ocrx_word' id='word_1_548' title='bbox 377 4341 505 4413; x_wconf 71' lang='grc' dir='ltr'>ὄψιν</span> <span class='ocrx_word' id='word_1_549' title='bbox 533 4343 632 4414; x_wconf 82' lang='grc' dir='ltr'><strong>τῆς</strong></span> <span class='ocrx_word' id='word_1_550' title='bbox 667 4343 898 4406; x_wconf 83' lang='grc' dir='ltr'>πόλεως,</span> <span class='ocrx_word' id='word_1_551' title='bbox 925 4342 1071 4406; x_wconf 85' lang='grc' dir='ltr'>ὅπως</span> <span class='ocrx_word' id='word_1_552' title='bbox 1100 4341 1164 4395; x_wconf 78' lang='grc' dir='ltr'>ἂν</span> <span class='ocrx_word' id='word_1_553' title='bbox 1188 4338 1285 4412; x_wconf 80' lang='grc' dir='ltr'><strong>τὴν</strong></span> <span class='ocrx_word' id='word_1_554' title='bbox 1316 4340 1625 4412; x_wconf 75' lang='grc' dir='ltr'>προσϐολὴν</span> <span class='ocrx_word' id='word_1_555' title='bbox 1647 4342 1951 4409; x_wconf 84' lang='grc' dir='ltr'><strong>ποιήσαιτο,</strong></span> 
     </span>
    </p>
   </div>
   <div class='ocr_carea' id='block_1_76' title="bbox 374 4430 1955 4505">
    <p class='ocr_par' dir='ltr' id='par_1_76' title="bbox 374 4430 1955 4505">
     <span class='ocr_line' id='line_1_76' title="bbox 374 4430 1955 4505; baseline -0.001 -20"><span class='ocrx_word' id='word_1_556' title='bbox 374 4432 549 4487; x_wconf 79' lang='grc' dir='ltr'>ἐπιὼν</span> <span class='ocrx_word' id='word_1_557' title='bbox 585 4435 679 4488; x_wconf 75' lang='grc' dir='ltr'>ἐπὶ</span> <span class='ocrx_word' id='word_1_558' title='bbox 710 4433 808 4505; x_wconf 80' lang='grc' dir='ltr'><strong>τὴν</strong></span> <span class='ocrx_word' id='word_1_559' title='bbox 857 4433 1032 4489; x_wconf 77' lang='grc' dir='ltr'>πόλιν.</span> <span class='ocrx_word' id='word_1_560' title='bbox 1067 4435 1175 4489; x_wconf 77' lang='grc' dir='ltr'>Καὶ</span> <span class='ocrx_word' id='word_1_561' title='bbox 1207 4433 1235 4486; x_wconf 81' lang='grc' dir='ltr'><strong><em>ὁ</em></strong></span> <span class='ocrx_word' id='word_1_562' title='bbox 1286 4434 1385 4503; x_wconf 74' lang='grc' dir='ltr'><strong>μὲν</strong></span> <span class='ocrx_word' id='word_1_563' title='bbox 1439 4432 1593 4502; x_wconf 84' lang='grc' dir='ltr'>ίππῳ</span> <span class='ocrx_word' id='word_1_564' title='bbox 1628 4430 1821 4495; x_wconf 70' lang='grc' dir='ltr'>διαϐὰς</span> <span class='ocrx_word' id='word_1_565' title='bbox 1861 4432 1955 4483; x_wconf 74' lang='grc' dir='ltr'><strong>τὸν</strong></span> 
     </span>
    </p>
   </div>
   <div class='ocr_carea' id='block_1_77' title="bbox 373 4522 1953 4597">
    <p class='ocr_par' dir='ltr' id='par_1_77' title="bbox 373 4522 1953 4597">
     <span class='ocr_line' id='line_1_77' title="bbox 373 4522 1953 4597; baseline -0.002 -17"><span class='ocrx_word' id='word_1_566' title='bbox 373 4525 616 4596; x_wconf 74' lang='grc' dir='ltr'>Εὔριπον</span> <span class='ocrx_word' id='word_1_567' title='bbox 642 4529 844 4581; x_wconf 82' lang='grc' dir='ltr'>συνίδοι</span> <span class='ocrx_word' id='word_1_568' title='bbox 861 4528 908 4558; x_wconf 84' lang='grc'><strong><em>⁸³</em></strong></span> <span class='ocrx_word' id='word_1_569' title='bbox 931 4527 1079 4591; x_wconf 82' lang='grc' dir='ltr'>ὅπως</span> <span class='ocrx_word' id='word_1_570' title='bbox 1104 4524 1313 4597; x_wconf 76' lang='grc' dir='ltr'>βάσιμά</span> <span class='ocrx_word' id='word_1_571' title='bbox 1335 4542 1391 4579; x_wconf 85' lang='grc' dir='ltr'><strong>τε</strong></span> <span class='ocrx_word' id='word_1_572' title='bbox 1410 4526 1498 4594; x_wconf 83' lang='grc' dir='ltr'>είη</span> <span class='ocrx_word' id='word_1_573' title='bbox 1513 4523 1662 4594; x_wconf 80' lang='grc' dir='ltr'>αὐτῷ</span> <span class='ocrx_word' id='word_1_574' title='bbox 1684 4522 1953 4593; x_wconf 77' lang='grc' dir='ltr'>προσϐάλ-</span> 
     </span>
    </p>
   </div>
   <div class='ocr_carea' id='block_1_78' title="bbox 371 4601 2028 4689">
    <p class='ocr_par' dir='ltr' id='par_1_78' title="bbox 371 4601 2028 4689">
     <span class='ocr_line' id='line_1_78' title="bbox 371 4601 2028 4689; baseline -0.002 -19"><span class='ocrx_word' id='word_1_575' title='bbox 371 4617 519 4670; x_wconf 77' lang='grc' dir='ltr'>λοντι</span> <span class='ocrx_word' id='word_1_576' title='bbox 547 4616 612 4685; x_wconf 74' lang='grc'><strong>⁸⁸,</strong></span> <span class='ocrx_word' id='word_1_577' title='bbox 649 4619 745 4671; x_wconf 78' lang='grc' dir='ltr'><strong>καὶ</strong></span> <span class='ocrx_word' id='word_1_578' title='bbox 778 4619 1191 4689; x_wconf 79' lang='grc' dir='ltr'>εὐεπιχείρητα.</span> <span class='ocrx_word' id='word_1_579' title='bbox 1238 4617 1423 4670; x_wconf 84' lang='grc' dir='ltr'>Ταῦτα</span> <span class='ocrx_word' id='word_1_580' title='bbox 1460 4616 1558 4685; x_wconf 81' lang='grc' dir='ltr'><strong>μὲν</strong></span> <span class='ocrx_word' id='word_1_581' title='bbox 1589 4613 1682 4669; x_wconf 75' lang='grc' dir='ltr'>οὖν</span> <span class='ocrx_word' id='word_1_582' title='bbox 1732 4614 1805 4685; x_wconf 76' lang='grc' dir='ltr'><strong>μὴ</strong></span> <span class='ocrx_word' id='word_1_583' title='bbox 1857 4630 1953 4668; x_wconf 89' lang='grc' dir='ltr'><strong>πο-</strong></span> <span class='ocrx_word' id='word_1_584' title='bbox 1984 4601 2028 4656; x_wconf 77' lang='grc' dir='ltr'><strong>Ῑ)</strong></span> 
     </span>
    </p>
   </div>
   <div class='ocr_carea' id='block_1_79' title="bbox 372 4700 1957 4781">
    <p class='ocr_par' dir='ltr' id='par_1_79' title="bbox 372 4700 1957 4781">
     <span class='ocr_line' id='line_1_79' title="bbox 372 4700 1957 4781; baseline -0.003 -19"><span class='ocrx_word' id='word_1_585' title='bbox 372 4709 543 4778; x_wconf 79' lang='grc' dir='ltr'>λέμου</span> <span class='ocrx_word' id='word_1_586' title='bbox 570 4711 846 4781; x_wconf 85' lang='grc' dir='ltr'>τεκμήριά</span> <span class='ocrx_word' id='word_1_587' title='bbox 870 4711 987 4763; x_wconf 80' lang='grc' dir='ltr'>ἐστι</span> <span class='ocrx_word' id='word_1_588' title='bbox 1016 4710 1311 4780; x_wconf 79' lang='grc' dir='ltr'>περιφανῆ,</span> <span class='ocrx_word' id='word_1_589' title='bbox 1345 4709 1439 4778; x_wconf 83' lang='grc' dir='ltr'><strong>ἀφ’</strong></span> <span class='ocrx_word' id='word_1_590' title='bbox 1464 4700 1540 4762; x_wconf 81' lang='grc' dir='ltr'>ὧν</span> <span class='ocrx_word' id='word_1_591' title='bbox 1583 4706 1649 4761; x_wconf 85' lang='grc' dir='ltr'><strong>ἀν</strong></span> <span class='ocrx_word' id='word_1_592' title='bbox 1678 4724 1760 4769; x_wconf 88' lang='grc' dir='ltr'>τις</span> <span class='ocrx_word' id='word_1_593' title='bbox 1791 4706 1957 4759; x_wconf 75' lang='grc' dir='ltr'>αὑτὸν</span> 
     </span>
    </p>
   </div>
   <div class='ocr_carea' id='block_1_80' title="bbox 369 4797 1953 4874">
    <p class='ocr_par' dir='ltr' id='par_1_80' title="bbox 369 4797 1953 4874">
     <span class='ocr_line' id='line_1_80' title="bbox 369 4797 1953 4874; baseline -0.003 -20"><span class='ocrx_word' id='word_1_594' title='bbox 369 4802 473 4855; x_wconf 79' lang='grc' dir='ltr'><strong>ἐπὶ</strong></span> <span class='ocrx_word' id='word_1_595' title='bbox 495 4800 587 4853; x_wconf 79' lang='grc' dir='ltr'>τὸν</span> <span class='ocrx_word' id='word_1_596' title='bbox 615 4802 854 4871; x_wconf 76' lang='grc' dir='ltr'>πόλεμον</span> <span class='ocrx_word' id='word_1_597' title='bbox 899 4800 1463 4874; x_wconf 83' lang='grc' dir='ltr'>παρασκευασάμενον</span> <span class='ocrx_word' id='word_1_598' title='bbox 1507 4799 1613 4852; x_wconf 76' lang='grc' dir='ltr'><strong>ἀπὸ</strong></span> <span class='ocrx_word' id='word_1_599' title='bbox 1645 4797 1841 4853; x_wconf 84' lang='grc' dir='ltr'>πολλοῦ</span> <span class='ocrx_word' id='word_1_600' title='bbox 1870 4797 1953 4850; x_wconf 85' lang='grc' dir='ltr'><strong>δι-</strong></span> 
     </span>
    </p>
   </div>
   <div class='ocr_carea' id='block_1_81' title="bbox 372 4890 1953 4966">
    <p class='ocr_par' dir='ltr' id='par_1_81' title="bbox 372 4890 1953 4966">
     <span class='ocr_line' id='line_1_81' title="bbox 372 4890 1953 4966; baseline -0.004 -15"><span class='ocrx_word' id='word_1_601' title='bbox 372 4895 739 4966; x_wconf 81' lang='grc' dir='ltr'>ισχυρίσαιτο,</span> <span class='ocrx_word' id='word_1_602' title='bbox 761 4895 1166 4964; x_wconf 80' lang='grc' dir='ltr'>διαμαχόμενον</span> <span class='ocrx_word' id='word_1_603' title='bbox 1198 4896 1309 4957; x_wconf 82' lang='grc' dir='ltr'>τοῖς</span> <span class='ocrx_word' id='word_1_604' title='bbox 1338 4890 1510 4957; x_wconf 76' lang='grc' dir='ltr'>οὕτως</span> <span class='ocrx_word' id='word_1_605' title='bbox 1537 4890 1794 4955; x_wconf 81' lang='grc' dir='ltr'>ἐπιεικῶς</span> <span class='ocrx_word' id='word_1_606' title='bbox 1830 4890 1953 4958; x_wconf 80' lang='grc' dir='ltr'>βου-</span> 
     </span>
    </p>
   </div>
   <div class='ocr_carea' id='block_1_82' title="bbox 365 4984 1954 5056">
    <p class='ocr_par' dir='ltr' id='par_1_82' title="bbox 365 4984 1954 5056">
     <span class='ocr_line' id='line_1_82' title="bbox 365 4984 1954 5056; baseline -0.006 -13"><span class='ocrx_word' id='word_1_607' title='bbox 365 4991 716 5056; x_wconf 78' lang='grc' dir='ltr'>λευομένοις;</span> <span class='ocrx_word' id='word_1_608' title='bbox 754 4987 899 5041; x_wconf 80' lang='grc' dir='ltr'><strong>Ἀλλ’</strong></span> <span class='ocrx_word' id='word_1_609' title='bbox 934 4989 1060 5040; x_wconf 76' lang='grc' dir='ltr'>ἐπεὶ</span> <span class='ocrx_word' id='word_1_610' title='bbox 1093 4987 1331 5055; x_wconf 78' lang='grc' dir='ltr'>πόλεμος</span> <span class='ocrx_word' id='word_1_611' title='bbox 1370 4985 1469 5056; x_wconf 77' lang='grc' dir='ltr'><strong>μὲν</strong></span> <span class='ocrx_word' id='word_1_612' title='bbox 1503 4986 1636 5056; x_wconf 77' lang='grc' dir='ltr'>ἡμῖν</span> <span class='ocrx_word' id='word_1_613' title='bbox 1686 4984 1954 5055; x_wconf 76' lang='grc' dir='ltr'>κηρύττε-</span> 
     </span>
    </p>
   </div>
   <div class='ocr_carea' id='block_1_83' title="bbox 367 5075 1953 5151">
    <p class='ocr_par' dir='ltr' id='par_1_83' title="bbox 367 5075 1953 5151">
     <span class='ocr_line' id='line_1_83' title="bbox 367 5075 1953 5151; baseline -0.005 -15"><span class='ocrx_word' id='word_1_614' title='bbox 367 5102 463 5138; x_wconf 81' lang='grc' dir='ltr'><strong>ται</strong></span> <span class='ocrx_word' id='word_1_615' title='bbox 512 5086 574 5137; x_wconf 73' lang='grc' dir='ltr'><strong>ἐκ</strong></span> <span class='ocrx_word' id='word_1_616' title='bbox 603 5082 800 5136; x_wconf 82' lang='grc' dir='ltr'>πολλοῦ</span> <span class='ocrx_word' id='word_1_617' title='bbox 834 5080 1062 5151; x_wconf 69' lang='grc' dir='ltr'>προῖὼν,</span> <span class='ocrx_word' id='word_1_618' title='bbox 1097 5080 1167 5135; x_wconf 81' lang='grc' dir='ltr'><strong>τά</strong></span> <span class='ocrx_word' id='word_1_619' title='bbox 1214 5081 1310 5151; x_wconf 71' lang='grc' dir='ltr'><strong>μὲν</strong></span> <span class='ocrx_word' id='word_1_620' title='bbox 1354 5076 1447 5148; x_wconf 61' lang='grc' dir='ltr'><strong>ὑφ’</strong></span> <span class='ocrx_word' id='word_1_621' title='bbox 1496 5075 1659 5132; x_wconf 78' lang='grc' dir='ltr'>αὑτοῦ</span> <span class='ocrx_word' id='word_1_622' title='bbox 1695 5076 1741 5109; x_wconf 81' lang='grc'><strong><em>⁸³</em></strong></span> <span class='ocrx_word' id='word_1_623' title='bbox 1768 5076 1953 5130; x_wconf 81' lang='grc' dir='ltr'>ποιού-</span> 
     </span>
    </p>
   </div>
   <div class='ocr_carea' id='block_1_84' title="bbox 371 5167 1951 5245">
    <p class='ocr_par' dir='ltr' id='par_1_84' title="bbox 371 5167 1951 5245">
     <span class='ocr_line' id='line_1_84' title="bbox 371 5167 1951 5245; baseline -0.003 -20"><span class='ocrx_word' id='word_1_624' title='bbox 371 5190 557 5243; x_wconf 74' lang='grc' dir='ltr'>μενος,</span> <span class='ocrx_word' id='word_1_625' title='bbox 593 5174 910 5245; x_wconf 76' lang='grc' dir='ltr'>ἀφαιρεῖται</span> <span class='ocrx_word' id='word_1_626' title='bbox 942 5173 1117 5243; x_wconf 52' lang='grc' dir='ltr'><strong>ἡμᾶς’</strong></span> <span class='ocrx_word' id='word_1_627' title='bbox 1145 5170 1215 5223; x_wconf 67' lang='grc' dir='ltr'>τὰ</span> <span class='ocrx_word' id='word_1_628' title='bbox 1251 5169 1308 5223; x_wconf 79' lang='grc' dir='ltr'>δὲ</span> <span class='ocrx_word' id='word_1_629' title='bbox 1353 5169 1446 5222; x_wconf 65' lang='grc' dir='ltr'><strong>καὶ</strong></span> <span class='ocrx_word' id='word_1_630' title='bbox 1479 5167 1782 5222; x_wconf 77' lang='grc' dir='ltr'>διαϐάλλων</span> <span class='ocrx_word' id='word_1_631' title='bbox 1824 5167 1951 5231; x_wconf 77' lang='grc' dir='ltr'>τοὺς</span> 
     </span>
    </p>
   </div>
   <div class='ocr_carea' id='block_1_85' title="bbox 366 5258 1952 5338">
    <p class='ocr_par' dir='ltr' id='par_1_85' title="bbox 366 5258 1952 5338">
     <span class='ocr_line' id='line_1_85' title="bbox 366 5258 1952 5338; baseline -0.007 -16"><span class='ocrx_word' id='word_1_632' title='bbox 366 5268 674 5332; x_wconf 77' lang='grc' dir='ltr'>ἐπιστάτας</span> <span class='ocrx_word' id='word_1_633' title='bbox 708 5266 878 5338; x_wconf 79' lang='grc' dir='ltr'>αὐτῷ,</span> <span class='ocrx_word' id='word_1_634' title='bbox 919 5267 986 5319; x_wconf 71' lang='grc' dir='ltr'>τὰ</span> <span class='ocrx_word' id='word_1_635' title='bbox 1019 5264 1310 5335; x_wconf 76' lang='grc' dir='ltr'>πρόσφορα</span> <span class='ocrx_word' id='word_1_636' title='bbox 1337 5260 1673 5331; x_wconf 69' lang='grc' dir='ltr'>ἐπιτηδεύει,</span> <span class='ocrx_word' id='word_1_637' title='bbox 1697 5260 1789 5313; x_wconf 72' lang='grc' dir='ltr'>καὶ</span> <span class='ocrx_word' id='word_1_638' title='bbox 1809 5258 1952 5312; x_wconf 82' lang='grc' dir='ltr'><strong>κατά</strong></span> 
     </span>
    </p>
   </div>
   <div class='ocr_carea' id='block_1_86' title="bbox 370 5349 1950 5429">
    <p class='ocr_par' dir='ltr' id='par_1_86' title="bbox 370 5349 1950 5429">
     <span class='ocr_line' id='line_1_86' title="bbox 370 5349 1950 5429; baseline -0.006 -17"><span class='ocrx_word' id='word_1_639' title='bbox 370 5359 551 5429; x_wconf 74' lang='grc' dir='ltr'>βραχὺ</span> <span class='ocrx_word' id='word_1_640' title='bbox 584 5358 799 5429; x_wconf 78' lang='grc' dir='ltr'>μεγάλα</span> <span class='ocrx_word' id='word_1_641' title='bbox 833 5355 1323 5427; x_wconf 78' lang='grc' dir='ltr'>προσποιούμενος,</span> <span class='ocrx_word' id='word_1_642' title='bbox 1346 5353 1501 5423; x_wconf 77' lang='grc' dir='ltr'>ἄφνω</span> <span class='ocrx_word' id='word_1_643' title='bbox 1523 5349 1950 5422; x_wconf 78' lang='grc' dir='ltr'>ἀπαρασκεύοις,</span> 
     </span>
    </p>
   </div>
   <div class='ocr_carea' id='block_1_87' title="bbox 370 5442 1947 5518">
    <p class='ocr_par' dir='ltr' id='par_1_87' title="bbox 370 5442 1947 5518">
     <span class='ocr_line' id='line_1_87' title="bbox 370 5442 1947 5518; baseline -0.005 -14"><span class='ocrx_word' id='word_1_644' title='bbox 370 5455 421 5504; x_wconf 84' lang='grc' dir='ltr'>εἰ</span> <span class='ocrx_word' id='word_1_645' title='bbox 449 5451 687 5512; x_wconf 70' lang='grc' dir='ltr'>δύναιτο,</span> <span class='ocrx_word' id='word_1_646' title='bbox 725 5450 1101 5513; x_wconf 76' lang='grc' dir='ltr'>ἒπεισπεσεϊν,</span> <span class='ocrx_word' id='word_1_647' title='bbox 1130 5445 1526 5518; x_wconf 79' lang='grc' dir='ltr'>παραλαϐὼν⁶⁴</span> <span class='ocrx_word' id='word_1_648' title='bbox 1557 5445 1675 5498; x_wconf 73' lang='grc' dir='ltr'>ἃττ’</span> <span class='ocrx_word' id='word_1_649' title='bbox 1706 5443 1774 5497; x_wconf 76' lang='grc' dir='ltr'><strong>ἂν</strong></span> <span class='ocrx_word' id='word_1_650' title='bbox 1798 5442 1947 5514; x_wconf 81' lang='grc' dir='ltr'>αὐτῷ</span> 
     </span>
    </p>
   </div>
   <div class='ocr_carea' id='block_1_88' title="bbox 372 5532 1950 5615">
    <p class='ocr_par' dir='ltr' id='par_1_88' title="bbox 372 5532 1950 5615">
     <span class='ocr_line' id='line_1_88' title="bbox 372 5532 1950 5615; baseline -0.006 -20"><span class='ocrx_word' id='word_1_651' title='bbox 372 5542 603 5615; x_wconf 72' lang='grc' dir='ltr'>δύναμιν</span> <span class='ocrx_word' id='word_1_652' title='bbox 631 5545 898 5614; x_wconf 76' lang='grc' dir='ltr'>ἀξιόχρεω</span> <span class='ocrx_word' id='word_1_653' title='bbox 916 5540 1359 5613; x_wconf 83' lang='grc' dir='ltr'>περιποιήσαιτο.</span> <span class='ocrx_word' id='word_1_654' title='bbox 1376 5536 1521 5607; x_wconf 70' lang='grc' dir='ltr'><strong>Φημὶ</strong></span> <span class='ocrx_word' id='word_1_655' title='bbox 1538 5537 1654 5601; x_wconf 71' lang='grc' dir='ltr'>οὖν,</span> <span class='ocrx_word' id='word_1_656' title='bbox 1676 5537 1725 5588; x_wconf 74' lang='grc' dir='ltr'><strong>εἰ</strong></span> <span class='ocrx_word' id='word_1_657' title='bbox 1755 5532 1831 5605; x_wconf 78' lang='grc' dir='ltr'>μὴ</span> <span class='ocrx_word' id='word_1_658' title='bbox 1852 5533 1950 5586; x_wconf 67' lang='grc' dir='ltr'>πόα</span> 
     </span>
    </p>
   </div>
   <div class='ocr_carea' id='block_1_89' title="bbox 2051 3316 3631 3384">
    <p class='ocr_par' dir='ltr' id='par_1_89' title="bbox 2051 3316 3631 3384">
     <span class='ocr_line' id='line_1_89' title="bbox 2051 3316 3631 3384; baseline -0.006 -7"><span class='ocrx_word' id='word_1_659' title='bbox 2051 3322 2452 3384; x_wconf 82' lang='lat' dir='ltr'><strong>convenissent,</strong></span> <span class='ocrx_word' id='word_1_660' title='bbox 2487 3336 2676 3376; x_wconf 89' lang='lat' dir='ltr'><strong>eorum</strong></span> <span class='ocrx_word' id='word_1_661' title='bbox 2727 3322 2928 3373; x_wconf 83' lang='lat' dir='ltr'><strong>nullam</strong></span> <span class='ocrx_word' id='word_1_662' title='bbox 2968 3320 3236 3374; x_wconf 85' lang='lat' dir='ltr'><strong>rationem</strong></span> <span class='ocrx_word' id='word_1_663' title='bbox 3278 3316 3500 3371; x_wconf 81' lang='lat' dir='ltr'><strong>habuit:</strong></span> <span class='ocrx_word' id='word_1_664' title='bbox 3536 3329 3631 3370; x_wconf 85' lang='lat' dir='ltr'><strong>ve-</strong></span> 
     </span>
    </p>
   </div>
   <div class='ocr_carea' id='block_1_90' title="bbox 2050 3411 3627 3472">
    <p class='ocr_par' dir='ltr' id='par_1_90' title="bbox 2050 3411 3627 3472">
     <span class='ocr_line' id='line_1_90' title="bbox 2050 3411 3627 3472; baseline -0.006 -3"><span class='ocrx_word' id='word_1_665' title='bbox 2050 3431 2168 3469; x_wconf 88' lang='lat' dir='ltr'><strong>rum</strong></span> <span class='ocrx_word' id='word_1_666' title='bbox 2197 3412 2560 3468; x_wconf 76' lang='lat' dir='ltr'><strong>frattdulentis</strong></span> <span class='ocrx_word' id='word_1_667' title='bbox 2577 3421 2629 3466; x_wconf 89' lang='lat' dir='ltr'><strong>et</strong></span> <span class='ocrx_word' id='word_1_668' title='bbox 2649 3411 2853 3467; x_wconf 89' lang='lat' dir='ltr'><strong>dolosis</strong></span> <span class='ocrx_word' id='word_1_669' title='bbox 2869 3411 3212 3467; x_wconf 65' lang='lat' dir='ltr'><strong>sr-rmonibus</strong></span> <span class='ocrx_word' id='word_1_670' title='bbox 3237 3424 3389 3472; x_wconf 90' lang='lat' dir='ltr'><strong>usus,</strong></span> <span class='ocrx_word' id='word_1_671' title='bbox 3415 3416 3627 3463; x_wconf 77' lang='lat' dir='ltr'><strong>contra-</strong></span> 
     </span>
    </p>
   </div>
   <div class='ocr_carea' id='block_1_91' title="bbox 2050 3498 3625 3573">
    <p class='ocr_par' dir='ltr' id='par_1_91' title="bbox 2050 3498 3625 3573">
     <span class='ocr_line' id='line_1_91' title="bbox 2050 3498 3625 3573; baseline -0.006 -13"><span class='ocrx_word' id='word_1_672' title='bbox 2050 3508 2152 3567; x_wconf 80' lang='lat' dir='ltr'><strong>ria,</strong></span> <span class='ocrx_word' id='word_1_673' title='bbox 2175 3520 2336 3573; x_wconf 80' lang='lat' dir='ltr'><strong>quam</strong></span> <span class='ocrx_word' id='word_1_674' title='bbox 2372 3519 2474 3558; x_wconf 90' lang='lat' dir='ltr'><strong>nos</strong></span> <span class='ocrx_word' id='word_1_675' title='bbox 2509 3502 2963 3566; x_wconf 78' lang='lat' dir='ltr'><strong>existimavimus,</strong></span> <span class='ocrx_word' id='word_1_676' title='bbox 2987 3501 3184 3557; x_wconf 85' lang='lat' dir='ltr'><strong>fecisse</strong></span> <span class='ocrx_word' id='word_1_677' title='bbox 3208 3500 3476 3570; x_wconf 86' lang='lat' dir='ltr'><strong>apparuit.</strong></span> <span class='ocrx_word' id='word_1_678' title='bbox 3508 3498 3625 3552; x_wconf 87' lang='lat' dir='ltr'><strong>Non</strong></span> 
     </span>
    </p>
   </div>
   <div class='ocr_carea' id='block_1_92' title="bbox 2050 3591 3629 3667">
    <p class='ocr_par' dir='ltr' id='par_1_92' title="bbox 2050 3591 3629 3667">
     <span class='ocr_line' id='line_1_92' title="bbox 2050 3591 3629 3667; baseline -0.006 -13"><span class='ocrx_word' id='word_1_679' title='bbox 2050 3600 2231 3667; x_wconf 80' lang='lat' dir='ltr'><strong>itaque</strong></span> <span class='ocrx_word' id='word_1_680' title='bbox 2270 3599 2401 3652; x_wconf 81' lang='lat' dir='ltr'><strong>satis</strong></span> <span class='ocrx_word' id='word_1_681' title='bbox 2432 3596 2571 3665; x_wconf 88' lang='lat' dir='ltr'><strong>apud</strong></span> <span class='ocrx_word' id='word_1_682' title='bbox 2604 3612 2687 3651; x_wconf 90' lang='lat' dir='ltr'><strong>me</strong></span> <span class='ocrx_word' id='word_1_683' title='bbox 2736 3603 2968 3657; x_wconf 66' lang='lat' dir='ltr'><strong>Constat,</strong></span> <span class='ocrx_word' id='word_1_684' title='bbox 3003 3595 3260 3665; x_wconf 87' lang='lat' dir='ltr'><strong>quidnam</strong></span> <span class='ocrx_word' id='word_1_685' title='bbox 3293 3591 3629 3662; x_wconf 78' lang='lat' dir='ltr'><strong>principalis-</strong></span> 
     </span>
    </p>
   </div>
   <div class='ocr_carea' id='block_1_93' title="bbox 2051 3686 3624 3759">
    <p class='ocr_par' dir='ltr' id='par_1_93' title="bbox 2051 3686 3624 3759">
     <span class='ocr_line' id='line_1_93' title="bbox 2051 3686 3624 3759; baseline -0.005 -13"><span class='ocrx_word' id='word_1_686' title='bbox 2051 3692 2246 3746; x_wconf 88' lang='lat' dir='ltr'><strong>simum</strong></span> <span class='ocrx_word' id='word_1_687' title='bbox 2265 3704 2448 3743; x_wconf 88' lang='lat' dir='ltr'><strong>eorum</strong></span> <span class='ocrx_word' id='word_1_688' title='bbox 2471 3706 2636 3757; x_wconf 89' lang='lat' dir='ltr'><strong>super</strong></span> <span class='ocrx_word' id='word_1_689' title='bbox 2652 3686 2850 3759; x_wconf 85' lang='lat' dir='ltr'><strong>quibus</strong></span> <span class='ocrx_word' id='word_1_690' title='bbox 2880 3688 2946 3741; x_wconf 83' lang='lat' dir='ltr'><strong>ad</strong></span> <span class='ocrx_word' id='word_1_691' title='bbox 2977 3703 3103 3741; x_wconf 87' lang='lat' dir='ltr'><strong>eum</strong></span> <span class='ocrx_word' id='word_1_692' title='bbox 3126 3694 3407 3747; x_wconf 80' lang='lat' dir='ltr'><strong>venerant,</strong></span> <span class='ocrx_word' id='word_1_693' title='bbox 3436 3700 3624 3738; x_wconf 85' lang='lat' dir='ltr'><strong>coram</strong></span> 
     </span>
    </p>
   </div>
   <div class='ocr_carea' id='block_1_94' title="bbox 2051 3778 3628 3851">
    <p class='ocr_par' dir='ltr' id='par_1_94' title="bbox 2051 3778 3628 3851">
     <span class='ocr_line' id='line_1_94' title="bbox 2051 3778 3628 3851; baseline -0.006 -11"><span class='ocrx_word' id='word_1_694' title='bbox 2051 3798 2118 3840; x_wconf 88' lang='lat' dir='ltr'><strong>eo</strong></span> <span class='ocrx_word' id='word_1_695' title='bbox 2153 3796 2469 3851; x_wconf 74' lang='lat' dir='ltr'><strong>expromere</strong></span> <span class='ocrx_word' id='word_1_696' title='bbox 2495 3780 2747 3849; x_wconf 85' lang='lat' dir='ltr'><strong>debeant,</strong></span> <span class='ocrx_word' id='word_1_697' title='bbox 2788 3782 2832 3835; x_wconf 91' lang='lat' dir='ltr'><strong>si</strong></span> <span class='ocrx_word' id='word_1_698' title='bbox 2860 3782 3039 3835; x_wconf 88' lang='lat' dir='ltr'><strong>denuo</strong></span> <span class='ocrx_word' id='word_1_699' title='bbox 3080 3778 3405 3849; x_wconf 79' lang='lat' dir='ltr'><strong>legationem</strong></span> <span class='ocrx_word' id='word_1_700' title='bbox 3442 3792 3628 3831; x_wconf 88' lang='lat' dir='ltr'><strong>susce-</strong></span> 
     </span>
    </p>
   </div>
   <div class='ocr_carea' id='block_1_95' title="bbox 2053 3866 3625 3944">
    <p class='ocr_par' dir='ltr' id='par_1_95' title="bbox 2053 3866 3625 3944">
     <span class='ocr_line' id='line_1_95' title="bbox 2053 3866 3625 3944; baseline -0.008 -15"><span class='ocrx_word' id='word_1_701' title='bbox 2053 3874 2250 3944; x_wconf 88' lang='lat' dir='ltr'><strong>perint,</strong></span> <span class='ocrx_word' id='word_1_702' title='bbox 2274 3888 2434 3942; x_wconf 89' lang='lat' dir='ltr'><strong>quam</strong></span> <span class='ocrx_word' id='word_1_703' title='bbox 2455 3872 2583 3925; x_wconf 89' lang='lat' dir='ltr'><strong>illud</strong></span> <span class='ocrx_word' id='word_1_704' title='bbox 2611 3886 2626 3922; x_wconf 88' lang='lat'><strong>:</strong></span> <span class='ocrx_word' id='word_1_705' title='bbox 2656 3886 2782 3937; x_wconf 54' lang='lat' dir='ltr'><strong>nos,</strong></span> <span class='ocrx_word' id='word_1_706' title='bbox 2803 3886 2925 3926; x_wconf 90' lang='lat' dir='ltr'><strong>cum</strong></span> <span class='ocrx_word' id='word_1_707' title='bbox 2946 3885 3051 3923; x_wconf 91' lang='lat' dir='ltr'><strong>non</strong></span> <span class='ocrx_word' id='word_1_708' title='bbox 3076 3875 3367 3937; x_wconf 81' lang='lat' dir='ltr'><strong>suppetunt</strong></span> <span class='ocrx_word' id='word_1_709' title='bbox 3391 3867 3532 3919; x_wconf 82' lang='lat' dir='ltr'><strong>vires</strong></span> <span class='ocrx_word' id='word_1_710' title='bbox 3556 3866 3625 3918; x_wconf 84' lang='lat' dir='ltr'><strong>ad</strong></span> 
     </span>
    </p>
   </div>
   <div class='ocr_carea' id='block_1_96' title="bbox 2053 3957 3625 4035">
    <p class='ocr_par' dir='ltr' id='par_1_96' title="bbox 2053 3957 3625 4035">
     <span class='ocr_line' id='line_1_96' title="bbox 2053 3957 3625 4035; baseline -0.006 -15"><span class='ocrx_word' id='word_1_711' title='bbox 2053 3968 2280 4033; x_wconf 87' lang='lat' dir='ltr'><strong>bellum,</strong></span> <span class='ocrx_word' id='word_1_712' title='bbox 2306 3965 2441 4020; x_wconf 78' lang='lat' dir='ltr'><strong>velle</strong></span> <span class='ocrx_word' id='word_1_713' title='bbox 2474 3964 2839 4035; x_wconf 76' lang='lat' dir='ltr'><strong>legationibus</strong></span> <span class='ocrx_word' id='word_1_714' title='bbox 2890 3977 3003 4015; x_wconf 88' lang='lat' dir='ltr'><strong>rem</strong></span> <span class='ocrx_word' id='word_1_715' title='bbox 3052 3975 3262 4031; x_wconf 83' lang='lat' dir='ltr'><strong>gerere,</strong></span> <span class='ocrx_word' id='word_1_716' title='bbox 3300 3969 3355 4014; x_wconf 89' lang='lat' dir='ltr'><strong>et</strong></span> <span class='ocrx_word' id='word_1_717' title='bbox 3382 3957 3445 4011; x_wconf 85' lang='lat' dir='ltr'><strong>ad</strong></span> <span class='ocrx_word' id='word_1_718' title='bbox 3479 3959 3625 4011; x_wconf 90' lang='lat' dir='ltr'><strong>hune</strong></span> 
     </span>
    </p>
   </div>
   <div class='ocr_carea' id='block_1_97' title="bbox 2056 4051 3623 4129">
    <p class='ocr_par' dir='ltr' id='par_1_97' title="bbox 2056 4051 3623 4129">
     <span class='ocr_line' id='line_1_97' title="bbox 2056 4051 3623 4129; baseline -0.008 -14"><span class='ocrx_word' id='word_1_719' title='bbox 2056 4060 2277 4115; x_wconf 87' lang='lat' dir='ltr'><strong>modum</strong></span> <span class='ocrx_word' id='word_1_720' title='bbox 2310 4052 2543 4129; x_wconf 82' lang='lat' dir='ltr'><strong>injurias</strong></span> <span class='ocrx_word' id='word_1_721' title='bbox 2571 4059 2918 4129; x_wconf 81' lang='lat' dir='ltr'><strong>propulsare,</strong></span> <span class='ocrx_word' id='word_1_722' title='bbox 2939 4064 2994 4110; x_wconf 91' lang='lat' dir='ltr'><strong>et</strong></span> <span class='ocrx_word' id='word_1_723' title='bbox 3019 4053 3256 4110; x_wconf 85' lang='lat' dir='ltr'><strong>erimina</strong></span> <span class='ocrx_word' id='word_1_724' title='bbox 3286 4051 3623 4128; x_wconf 73' lang='lat' dir='ltr'><strong>dissolvere:</strong></span> 
     </span>
    </p>
   </div>
   <div class='ocr_carea' id='block_1_98' title="bbox 2055 4144 3630 4223">
    <p class='ocr_par' dir='ltr' id='par_1_98' title="bbox 2055 4144 3630 4223">
     <span class='ocr_line' id='line_1_98' title="bbox 2055 4144 3630 4223; baseline -0.009 -13"><span class='ocrx_word' id='word_1_725' title='bbox 2055 4156 2191 4211; x_wconf 84' lang='lat' dir='ltr'><strong>adeo</strong></span> <span class='ocrx_word' id='word_1_726' title='bbox 2226 4170 2322 4209; x_wconf 85' lang='lat' dir='ltr'><strong>nos</strong></span> <span class='ocrx_word' id='word_1_727' title='bbox 2359 4167 2479 4209; x_wconf 89' lang='lat' dir='ltr'><strong>esse</strong></span> <span class='ocrx_word' id='word_1_728' title='bbox 2510 4161 2790 4223; x_wconf 89' lang='lat' dir='ltr'><strong>promptos</strong></span> <span class='ocrx_word' id='word_1_729' title='bbox 2848 4161 2903 4207; x_wconf 87' lang='lat' dir='ltr'><strong>et</strong></span> <span class='ocrx_word' id='word_1_730' title='bbox 2936 4160 3154 4221; x_wconf 65' lang='lat' dir='ltr'><strong>paratos</strong></span> <span class='ocrx_word' id='word_1_731' title='bbox 3182 4163 3281 4217; x_wconf 89' lang='lat' dir='ltr'><strong>pro</strong></span> <span class='ocrx_word' id='word_1_732' title='bbox 3331 4144 3502 4215; x_wconf 90' lang='lat' dir='ltr'><strong>ipsius</strong></span> <span class='ocrx_word' id='word_1_733' title='bbox 3538 4159 3630 4198; x_wconf 88' lang='lat' dir='ltr'><strong>ar-</strong></span> 
     </span>
    </p>
   </div>
   <div class='ocr_carea' id='block_1_99' title="bbox 2054 4237 3628 4317">
    <p class='ocr_par' dir='ltr' id='par_1_99' title="bbox 2054 4237 3628 4317">
     <span class='ocr_line' id='line_1_99' title="bbox 2054 4237 3628 4317; baseline -0.007 -14"><span class='ocrx_word' id='word_1_734' title='bbox 2054 4246 2219 4303; x_wconf 90' lang='lat' dir='ltr'><strong>bitrio</strong></span> <span class='ocrx_word' id='word_1_735' title='bbox 2243 4260 2367 4301; x_wconf 91' lang='lat' dir='ltr'><strong>cum</strong></span> <span class='ocrx_word' id='word_1_736' title='bbox 2408 4246 2529 4315; x_wconf 87' lang='lat' dir='ltr'><strong>ipso</strong></span> <span class='ocrx_word' id='word_1_737' title='bbox 2557 4261 2737 4317; x_wconf 81' lang='lat' dir='ltr'><strong>agere.</strong></span> <span class='ocrx_word' id='word_1_738' title='bbox 2776 4243 2898 4300; x_wconf 71' lang='lat' dir='ltr'><strong>llme</strong></span> <span class='ocrx_word' id='word_1_739' title='bbox 2930 4244 3151 4314; x_wconf 84' lang='lat' dir='ltr'><strong>quidem</strong></span> <span class='ocrx_word' id='word_1_740' title='bbox 3198 4238 3431 4295; x_wconf 87' lang='lat' dir='ltr'><strong>honesta</strong></span> <span class='ocrx_word' id='word_1_741' title='bbox 3488 4237 3628 4292; x_wconf 88' lang='lat' dir='ltr'><strong>ratio</strong></span> 
     </span>
    </p>
   </div>
   <div class='ocr_carea' id='block_1_100' title="bbox 2055 4330 3629 4407">
    <p class='ocr_par' dir='ltr' id='par_1_100' title="bbox 2055 4330 3629 4407">
     <span class='ocr_line' id='line_1_100' title="bbox 2055 4330 3629 4407; baseline -0.009 -10"><span class='ocrx_word' id='word_1_742' title='bbox 2055 4347 2161 4403; x_wconf 83' lang='lat' dir='ltr'><strong>est,</strong></span> <span class='ocrx_word' id='word_1_743' title='bbox 2202 4337 2310 4393; x_wconf 87' lang='lat' dir='ltr'><strong>dici</strong></span> <span class='ocrx_word' id='word_1_744' title='bbox 2344 4337 2639 4407; x_wconf 88' lang='lat' dir='ltr'><strong>posset:si</strong></span> <span class='ocrx_word' id='word_1_745' title='bbox 2682 4351 2789 4390; x_wconf 92' lang='lat' dir='ltr'><strong>non</strong></span> <span class='ocrx_word' id='word_1_746' title='bbox 2839 4344 3110 4404; x_wconf 88' lang='lat' dir='ltr'><strong>occupato</strong></span> <span class='ocrx_word' id='word_1_747' title='bbox 3175 4334 3343 4404; x_wconf 78' lang='lat' dir='ltr'><strong>Argo,</strong></span> <span class='ocrx_word' id='word_1_748' title='bbox 3389 4330 3501 4401; x_wconf 83' lang='lat' dir='ltr'><strong>jam</strong></span> <span class='ocrx_word' id='word_1_749' title='bbox 3561 4346 3629 4384; x_wconf 78' lang='lat' dir='ltr'><strong>ex</strong></span> 
     </span>
    </p>
   </div>
   <div class='ocr_carea' id='block_1_101' title="bbox 2059 4420 3629 4499">
    <p class='ocr_par' dir='ltr' id='par_1_101' title="bbox 2059 4420 3629 4499">
     <span class='ocr_line' id='line_1_101' title="bbox 2059 4420 3629 4499; baseline -0.005 -15"><span class='ocrx_word' id='word_1_750' title='bbox 2059 4441 2246 4499; x_wconf 85' lang='lat' dir='ltr'><strong>aperto</strong></span> <span class='ocrx_word' id='word_1_751' title='bbox 2273 4428 2432 4483; x_wconf 89' lang='lat' dir='ltr'><strong>nobis</strong></span> <span class='ocrx_word' id='word_1_752' title='bbox 2503 4428 2703 4483; x_wconf 90' lang='lat' dir='ltr'><strong>bellum</strong></span> <span class='ocrx_word' id='word_1_753' title='bbox 2732 4427 3051 4483; x_wconf 87' lang='lat' dir='ltr'><strong>intentaret.</strong></span> <span class='ocrx_word' id='word_1_754' title='bbox 3107 4424 3333 4478; x_wconf 85' lang='lat' dir='ltr'><strong>Animos</strong></span> <span class='ocrx_word' id='word_1_755' title='bbox 3383 4420 3629 4491; x_wconf 70' lang='lat' dir='ltr'><strong>profecto</strong></span> 
     </span>
    </p>
   </div>
   <div class='ocr_carea' id='block_1_102' title="bbox 2061 4511 3628 4587">
    <p class='ocr_par' dir='ltr' id='par_1_102' title="bbox 2061 4511 3628 4587">
     <span class='ocr_line' id='line_1_102' title="bbox 2061 4511 3628 4587; baseline -0.006 -12"><span class='ocrx_word' id='word_1_756' title='bbox 2061 4528 2283 4575; x_wconf 80' lang='lat' dir='ltr'><strong>nostros</strong></span> <span class='ocrx_word' id='word_1_757' title='bbox 2315 4520 2369 4573; x_wconf 88' lang='lat' dir='ltr'><strong>in</strong></span> <span class='ocrx_word' id='word_1_758' title='bbox 2402 4518 2550 4573; x_wconf 90' lang='lat' dir='ltr'><strong>hunc</strong></span> <span class='ocrx_word' id='word_1_759' title='bbox 2571 4518 2793 4573; x_wconf 89' lang='lat' dir='ltr'><strong>modum</strong></span> <span class='ocrx_word' id='word_1_760' title='bbox 2825 4524 3117 4587; x_wconf 78' lang='lat' dir='ltr'><strong>pertentat,</strong></span> <span class='ocrx_word' id='word_1_761' title='bbox 3143 4512 3387 4583; x_wconf 83' lang='lat' dir='ltr'><strong>quandiu</strong></span> <span class='ocrx_word' id='word_1_762' title='bbox 3409 4511 3628 4566; x_wconf 87' lang='lat' dir='ltr'><strong>tandem</strong></span> 
     </span>
    </p>
   </div>
   <div class='ocr_carea' id='block_1_103' title="bbox 2059 4603 3619 4683">
    <p class='ocr_par' dir='ltr' id='par_1_103' title="bbox 2059 4603 3619 4683">
     <span class='ocr_line' id='line_1_103' title="bbox 2059 4603 3619 4683; baseline -0.008 -13"><span class='ocrx_word' id='word_1_763' title='bbox 2059 4616 2158 4670; x_wconf 85' lang='lat' dir='ltr'><strong>ista</strong></span> <span class='ocrx_word' id='word_1_764' title='bbox 2191 4612 2397 4683; x_wconf 89' lang='lat' dir='ltr'><strong>perpeti</strong></span> <span class='ocrx_word' id='word_1_765' title='bbox 2425 4612 2674 4666; x_wconf 84' lang='lat' dir='ltr'><strong>velimus.</strong></span> <span class='ocrx_word' id='word_1_766' title='bbox 2711 4611 2770 4664; x_wconf 87' lang='lat' dir='ltr'><strong>Si</strong></span> <span class='ocrx_word' id='word_1_767' title='bbox 2798 4608 3055 4680; x_wconf 87' lang='lat' dir='ltr'><strong>patimur,</strong></span> <span class='ocrx_word' id='word_1_768' title='bbox 3098 4607 3263 4662; x_wconf 89' lang='lat' dir='ltr'><strong>etiam</strong></span> <span class='ocrx_word' id='word_1_769' title='bbox 3313 4605 3377 4657; x_wconf 84' lang='lat' dir='ltr'><strong>ad</strong></span> <span class='ocrx_word' id='word_1_770' title='bbox 3410 4603 3619 4673; x_wconf 87' lang='lat' dir='ltr'><strong>reliqua</strong></span> 
     </span>
    </p>
   </div>
   <div class='ocr_carea' id='block_1_104' title="bbox 2059 4692 3631 4771">
    <p class='ocr_par' dir='ltr' id='par_1_104' title="bbox 2059 4692 3631 4771">
     <span class='ocr_line' id='line_1_104' title="bbox 2059 4692 3631 4771; baseline -0.005 -12"><span class='ocrx_word' id='word_1_771' title='bbox 2059 4704 2397 4760; x_wconf 83' lang='lat' dir='ltr'><strong>confidenter</strong></span> <span class='ocrx_word' id='word_1_772' title='bbox 2421 4713 2475 4758; x_wconf 81' lang='lat' dir='ltr'><strong>et</strong></span> <span class='ocrx_word' id='word_1_773' title='bbox 2533 4704 2788 4758; x_wconf 86' lang='lat' dir='ltr'><strong>audacter</strong></span> <span class='ocrx_word' id='word_1_774' title='bbox 2818 4698 3090 4771; x_wconf 89' lang='lat' dir='ltr'><strong>procedet.</strong></span> <span class='ocrx_word' id='word_1_775' title='bbox 3128 4693 3224 4751; x_wconf 84' lang='lat' dir='ltr'><strong>Sin</strong></span> <span class='ocrx_word' id='word_1_776' title='bbox 3270 4692 3631 4751; x_wconf 87' lang='lat' dir='ltr'><strong>restiterimus</strong></span> 
     </span>
    </p>
   </div>
   <div class='ocr_carea' id='block_1_105' title="bbox 2060 4782 3622 4863">
    <p class='ocr_par' dir='ltr' id='par_1_105' title="bbox 2060 4782 3622 4863">
     <span class='ocr_line' id='line_1_105' title="bbox 2060 4782 3622 4863; baseline -0.009 -12"><span class='ocrx_word' id='word_1_777' title='bbox 2060 4796 2294 4861; x_wconf 80' lang='lat' dir='ltr'><strong>fortiter,</strong></span> <span class='ocrx_word' id='word_1_778' title='bbox 2346 4796 2561 4851; x_wconf 87' lang='lat' dir='ltr'><strong>recedet</strong></span> <span class='ocrx_word' id='word_1_779' title='bbox 2612 4808 2721 4863; x_wconf 90' lang='lat' dir='ltr'><strong>quo</strong></span> <span class='ocrx_word' id='word_1_780' title='bbox 2766 4805 2860 4863; x_wconf 90' lang='lat' dir='ltr'><strong>per</strong></span> <span class='ocrx_word' id='word_1_781' title='bbox 2906 4804 3007 4844; x_wconf 90' lang='lat' dir='ltr'><strong>nos</strong></span> <span class='ocrx_word' id='word_1_782' title='bbox 3060 4788 3110 4845; x_wconf 90' lang='lat' dir='ltr'><strong>ei</strong></span> <span class='ocrx_word' id='word_1_783' title='bbox 3146 4785 3398 4841; x_wconf 89' lang='lat' dir='ltr'><strong>licuerit:</strong></span> <span class='ocrx_word' id='word_1_784' title='bbox 3456 4793 3509 4839; x_wconf 90' lang='lat' dir='ltr'><strong>et</strong></span> <span class='ocrx_word' id='word_1_785' title='bbox 3569 4782 3622 4838; x_wconf 90' lang='lat' dir='ltr'><strong>in</strong></span> 
     </span>
    </p>
   </div>
   <div class='ocr_carea' id='block_1_106' title="bbox 2058 4875 3632 4961">
    <p class='ocr_par' dir='ltr' id='par_1_106' title="bbox 2058 4875 3632 4961">
     <span class='ocr_line' id='line_1_106' title="bbox 2058 4875 3632 4961; baseline -0.008 -16"><span class='ocrx_word' id='word_1_786' title='bbox 2058 4889 2218 4946; x_wconf 81' lang='lat' dir='ltr'><strong>trivio</strong></span> <span class='ocrx_word' id='word_1_787' title='bbox 2288 4888 2467 4961; x_wconf 88' lang='lat' dir='ltr'><strong>(quod</strong></span> <span class='ocrx_word' id='word_1_788' title='bbox 2524 4878 2715 4953; x_wconf 75' lang='lat' dir='ltr'><strong>aiunt)</strong></span> <span class='ocrx_word' id='word_1_789' title='bbox 2744 4883 3074 4941; x_wconf 88' lang='lat' dir='ltr'><strong>constitutus</strong></span> <span class='ocrx_word' id='word_1_790' title='bbox 3100 4920 3117 4947; x_wconf 90' lang='lat'><strong>,</strong></span> <span class='ocrx_word' id='word_1_791' title='bbox 3151 4876 3354 4935; x_wconf 89' lang='lat' dir='ltr'><strong>bellum</strong></span> <span class='ocrx_word' id='word_1_792' title='bbox 3399 4875 3632 4949; x_wconf 79' lang='lat' dir='ltr'><strong>posthac</strong></span> 
     </span>
    </p>
   </div>
   <div class='ocr_carea' id='block_1_107' title="bbox 2058 4966 3630 5038">
    <p class='ocr_par' dir='ltr' id='par_1_107' title="bbox 2058 4966 3630 5038">
     <span class='ocr_line' id='line_1_107' title="bbox 2058 4966 3630 5038; baseline -0.01 -2"><span class='ocrx_word' id='word_1_793' title='bbox 2058 4981 2297 5036; x_wconf 87' lang='lat' dir='ltr'><strong>omittet.</strong></span> <span class='ocrx_word' id='word_1_794' title='bbox 2351 4977 2406 5033; x_wconf 87' lang='lat' dir='ltr'><strong>Si</strong></span> <span class='ocrx_word' id='word_1_795' title='bbox 2444 4993 2602 5034; x_wconf 89' lang='lat' dir='ltr'><strong>secus</strong></span> <span class='ocrx_word' id='word_1_796' title='bbox 2661 4968 2975 5038; x_wconf 81' lang='lat' dir='ltr'><strong>fecerimus,</strong></span> <span class='ocrx_word' id='word_1_797' title='bbox 3036 4982 3232 5027; x_wconf 82' lang='lat' dir='ltr'><strong>vereor</strong></span> <span class='ocrx_word' id='word_1_798' title='bbox 3287 4982 3465 5025; x_wconf 86' lang='lat' dir='ltr'><strong>seram</strong></span> <span class='ocrx_word' id='word_1_799' title='bbox 3531 4966 3630 5021; x_wconf 83' lang='lat' dir='ltr'><strong>ali-</strong></span> 
     </span>
    </p>
   </div>
   <div class='ocr_carea' id='block_1_108' title="bbox 2054 5060 3632 5142">
    <p class='ocr_par' dir='ltr' id='par_1_108' title="bbox 2054 5060 3632 5142">
     <span class='ocr_line' id='line_1_108' title="bbox 2054 5060 3632 5142; baseline -0.008 -16"><span class='ocrx_word' id='word_1_800' title='bbox 2054 5073 2273 5142; x_wconf 86' lang='lat' dir='ltr'><strong>quando</strong></span> <span class='ocrx_word' id='word_1_801' title='bbox 2353 5068 2730 5141; x_wconf 72' lang='lat' dir='ltr'><strong>pmnitentiam</strong></span> <span class='ocrx_word' id='word_1_802' title='bbox 2800 5075 3115 5121; x_wconf 76' lang='lat' dir='ltr'><strong>Venturam.</strong></span> <span class='ocrx_word' id='word_1_803' title='bbox 3176 5060 3383 5117; x_wconf 81' lang='lat' dir='ltr'><strong>Ferunt</strong></span> <span class='ocrx_word' id='word_1_804' title='bbox 3431 5060 3632 5116; x_wconf 85' lang='lat' dir='ltr'><strong>barba-</strong></span> 
     </span>
    </p>
   </div>
   <div class='ocr_carea' id='block_1_109' title="bbox 2055 5151 3631 5232">
    <p class='ocr_par' dir='ltr' id='par_1_109' title="bbox 2055 5151 3631 5232">
     <span class='ocr_line' id='line_1_109' title="bbox 2055 5151 3631 5232; baseline -0.01 -13"><span class='ocrx_word' id='word_1_805' title='bbox 2055 5178 2201 5229; x_wconf 89' lang='lat' dir='ltr'><strong>rum,</strong></span> <span class='ocrx_word' id='word_1_806' title='bbox 2230 5160 2321 5218; x_wconf 86' lang='lat' dir='ltr'><strong>ubi</strong></span> <span class='ocrx_word' id='word_1_807' title='bbox 2359 5162 2595 5232; x_wconf 88' lang='lat' dir='ltr'><strong>primum</strong></span> <span class='ocrx_word' id='word_1_808' title='bbox 2651 5160 2705 5213; x_wconf 88' lang='lat' dir='ltr'><strong>in</strong></span> <span class='ocrx_word' id='word_1_809' title='bbox 2756 5156 3199 5228; x_wconf 82' lang='lat' dir='ltr'><strong>Pel0pounesum</strong></span> <span class='ocrx_word' id='word_1_810' title='bbox 3268 5151 3631 5224; x_wconf 73' lang='lat' dir='ltr'><strong>pervenisset,</strong></span> 
     </span>
    </p>
   </div>
   <div class='ocr_carea' id='block_1_110' title="bbox 2053 5244 3631 5317">
    <p class='ocr_par' dir='ltr' id='par_1_110' title="bbox 2053 5244 3631 5317">
     <span class='ocr_line' id='line_1_110' title="bbox 2053 5244 3631 5317; baseline -0.009 -7"><span class='ocrx_word' id='word_1_811' title='bbox 2053 5256 2220 5310; x_wconf 82' lang='lat' dir='ltr'><strong>etiam</strong></span> <span class='ocrx_word' id='word_1_812' title='bbox 2263 5253 2530 5309; x_wconf 83' lang='lat' dir='ltr'><strong>Euboiam</strong></span> <span class='ocrx_word' id='word_1_813' title='bbox 2576 5251 2897 5315; x_wconf 84' lang='lat' dir='ltr'><strong>accessisse,</strong></span> <span class='ocrx_word' id='word_1_814' title='bbox 2930 5249 3177 5305; x_wconf 87' lang='lat' dir='ltr'><strong>visurum</strong></span> <span class='ocrx_word' id='word_1_815' title='bbox 3199 5245 3384 5317; x_wconf 85' lang='lat' dir='ltr'><strong>Euripi</strong></span> <span class='ocrx_word' id='word_1_816' title='bbox 3414 5244 3631 5299; x_wconf 90' lang='lat' dir='ltr'><strong>urbem.</strong></span> 
     </span>
    </p>
   </div>
   <div class='ocr_carea' id='block_1_111' title="bbox 2053 5341 3635 5419">
    <p class='ocr_par' dir='ltr' id='par_1_111' title="bbox 2053 5341 3635 5419">
     <span class='ocr_line' id='line_1_111' title="bbox 2053 5341 3635 5419; baseline -0.008 -16"><span class='ocrx_word' id='word_1_817' title='bbox 2053 5346 2323 5419; x_wconf 83' lang='lat' dir='ltr'><strong>Egressus</strong></span> <span class='ocrx_word' id='word_1_818' title='bbox 2370 5346 2569 5402; x_wconf 89' lang='lat' dir='ltr'><strong>iterum</strong></span> <span class='ocrx_word' id='word_1_819' title='bbox 2636 5343 3042 5415; x_wconf 81' lang='lat' dir='ltr'><strong>Peloponneso,</strong></span> <span class='ocrx_word' id='word_1_820' title='bbox 3109 5341 3384 5411; x_wconf 83' lang='lat' dir='ltr'><strong>profectus</strong></span> <span class='ocrx_word' id='word_1_821' title='bbox 3437 5349 3521 5393; x_wconf 86' lang='lat' dir='ltr'><strong>est</strong></span> <span class='ocrx_word' id='word_1_822' title='bbox 3568 5346 3635 5392; x_wconf 73' lang='lat' dir='ltr'><strong>ut</strong></span> 
     </span>
    </p>
   </div>
   <div class='ocr_carea' id='block_1_112' title="bbox 2055 5423 3642 5504">
    <p class='ocr_par' dir='ltr' id='par_1_112' title="bbox 2055 5423 3642 5504">
     <span class='ocr_line' id='line_1_112' title="bbox 2055 5423 3642 5504; baseline -0.01 -9"><span class='ocrx_word' id='word_1_823' title='bbox 2055 5447 2288 5495; x_wconf 82' lang='lat' dir='ltr'><strong>tentaret</strong></span> <span class='ocrx_word' id='word_1_824' title='bbox 2334 5437 2623 5492; x_wconf 84' lang='lat' dir='ltr'><strong>transitum</strong></span> <span class='ocrx_word' id='word_1_825' title='bbox 2650 5475 2665 5501; x_wconf 92' lang='lat'><strong>,</strong></span> <span class='ocrx_word' id='word_1_826' title='bbox 2696 5437 2950 5504; x_wconf 82' lang='lat' dir='ltr'><strong>venitque</strong></span> <span class='ocrx_word' id='word_1_827' title='bbox 2998 5429 3051 5483; x_wconf 86' lang='lat' dir='ltr'><strong>in</strong></span> <span class='ocrx_word' id='word_1_828' title='bbox 3083 5438 3433 5494; x_wconf 69' lang='lat' dir='ltr'><strong>conspectum</strong></span> <span class='ocrx_word' id='word_1_829' title='bbox 3473 5423 3642 5480; x_wconf 80' lang='lat' dir='ltr'><strong>urbis-</strong></span> 
     </span>
    </p>
   </div>
   <div class='ocr_carea' id='block_1_113' title="bbox 2054 5514 3635 5597">
    <p class='ocr_par' dir='ltr' id='par_1_113' title="bbox 2054 5514 3635 5597">
     <span class='ocr_line' id='line_1_113' title="bbox 2054 5514 3635 5597; baseline -0.01 -10"><span class='ocrx_word' id='word_1_830' title='bbox 2054 5547 2122 5589; x_wconf 92' lang='lat' dir='ltr'><strong>eo</strong></span> <span class='ocrx_word' id='word_1_831' title='bbox 2147 5531 2353 5597; x_wconf 85' lang='lat' dir='ltr'><strong>animo,</strong></span> <span class='ocrx_word' id='word_1_832' title='bbox 2392 5540 2449 5584; x_wconf 87' lang='lat' dir='ltr'><strong>ut</strong></span> <span class='ocrx_word' id='word_1_833' title='bbox 2471 5544 2589 5586; x_wconf 88' lang='lat' dir='ltr'><strong>eam</strong></span> <span class='ocrx_word' id='word_1_834' title='bbox 2622 5527 2889 5584; x_wconf 85' lang='lat' dir='ltr'><strong>hostiliter</strong></span> <span class='ocrx_word' id='word_1_835' title='bbox 2917 5523 3325 5597; x_wconf 79' lang='lat' dir='ltr'><strong>aggrederetur.</strong></span> <span class='ocrx_word' id='word_1_836' title='bbox 3380 5514 3446 5573; x_wconf 78' lang='lat' dir='ltr'><strong>Et</strong></span> <span class='ocrx_word' id='word_1_837' title='bbox 3496 5517 3635 5589; x_wconf 69' lang='lat' dir='ltr'><strong>qui-</strong></span> 
     </span>
    </p>
   </div>
   <div class='ocr_carea' id='block_1_114' title="bbox 1644 5679 2341 5757">
    <p class='ocr_par' dir='ltr' id='par_1_114' title="bbox 1644 5679 2341 5757">
     <span class='ocr_line' id='line_1_114' title="bbox 1644 5679 2341 5757; baseline -0.004 -13"><span class='ocrx_word' id='word_1_838' title='bbox 1644 5680 1893 5743; x_wconf 68' lang='lat' dir='ltr'><strong>Notulaa</strong></span> <span class='ocrx_word' id='word_1_839' title='bbox 1932 5679 2341 5757; x_wconf 83' lang='lat' dir='ltr'><strong>marginales.</strong></span> 
     </span>
    </p>
   </div>
   <div class='ocr_carea' id='block_1_115' title="bbox 449 5836 1124 5901">
    <p class='ocr_par' dir='ltr' id='par_1_115' title="bbox 449 5836 1124 5901">
     <span class='ocr_line' id='line_1_115' title="bbox 449 5836 1124 5901; baseline -0.006 -8"><span class='ocrx_word' id='word_1_840' title='bbox 449 5837 492 5871; x_wconf 80' lang='lat'>“</span> <span class='ocrx_word' id='word_1_841' title='bbox 521 5836 588 5893; x_wconf 74' lang='lat' dir='ltr'><strong>In</strong></span> <span class='ocrx_word' id='word_1_842' title='bbox 625 5855 751 5901; x_wconf 85' lang='lat' dir='ltr'><strong>uno,</strong></span> <span class='ocrx_word' id='word_1_843' title='bbox 786 5836 1124 5893; x_wconf 77' lang='grc' dir='ltr'>Ἑϐούλεσθε.</span> 
     </span>
    </p>
   </div>
   <div class='ocr_carea' id='block_1_116' title="bbox 1202 5832 2817 5903">
    <p class='ocr_par' dir='ltr' id='par_1_116' title="bbox 1202 5832 2817 5903">
     <span class='ocr_line' id='line_1_116' title="bbox 1202 5832 2817 5903; baseline -0.003 -12"><span class='ocrx_word' id='word_1_844' title='bbox 1202 5837 1246 5868; x_wconf 81' lang='grc'><strong>⁶’</strong></span> <span class='ocrx_word' id='word_1_845' title='bbox 1276 5837 1386 5890; x_wconf 77' lang='grc' dir='ltr'>Καὶ</span> <span class='ocrx_word' id='word_1_846' title='bbox 1413 5838 1469 5888; x_wconf 79' lang='grc' dir='ltr'><strong>ὲν</strong></span> <span class='ocrx_word' id='word_1_847' title='bbox 1503 5835 1715 5896; x_wconf 76' lang='grc' dir='ltr'>τούτοις</span> <span class='ocrx_word' id='word_1_848' title='bbox 1743 5833 1842 5902; x_wconf 77' lang='grc' dir='ltr'>τὴν</span> <span class='ocrx_word' id='word_1_849' title='bbox 1866 5834 2192 5903; x_wconf 80' lang='grc' dir='ltr'>ἀπόπειραν.</span> <span class='ocrx_word' id='word_1_850' title='bbox 2271 5835 2315 5867; x_wconf 83' lang='grc'><strong>⁸³</strong></span> <span class='ocrx_word' id='word_1_851' title='bbox 2349 5833 2412 5891; x_wconf 80' lang='lat' dir='ltr'><strong>In</strong></span> <span class='ocrx_word' id='word_1_852' title='bbox 2442 5850 2566 5902; x_wconf 83' lang='lat' dir='ltr'><strong>uno,</strong></span> <span class='ocrx_word' id='word_1_853' title='bbox 2594 5832 2817 5888; x_wconf 81' lang='grc' dir='ltr'>συνίδει.</span> 
     </span>
    </p>
   </div>
   <div class='ocr_carea' id='block_1_117' title="bbox 2923 5818 3642 5895">
    <p class='ocr_par' dir='ltr' id='par_1_117' title="bbox 2923 5818 3642 5895">
     <span class='ocr_line' id='line_1_117' title="bbox 2923 5818 3642 5895; baseline -0.013 -14"><span class='ocrx_word' id='word_1_854' title='bbox 2923 5829 2963 5861; x_wconf 57' lang='grc' dir='ltr'><strong>θ’</strong></span> <span class='ocrx_word' id='word_1_855' title='bbox 3018 5824 3405 5895; x_wconf 62' lang='grc' dir='ltr'>Προσῧαὶὸιτε.</span> <span class='ocrx_word' id='word_1_856' title='bbox 3446 5818 3534 5878; x_wconf 72' lang='grc' dir='ltr'>διε</span> <span class='ocrx_word' id='word_1_857' title='bbox 3567 5821 3642 5873; x_wconf 68' lang='lat' dir='ltr'><strong>in:</strong></span> 
     </span>
    </p>
   </div>
   <div class='ocr_carea' id='block_1_118' title="bbox 378 5904 2130 5979">
    <p class='ocr_par' dir='ltr' id='par_1_118' title="bbox 378 5904 2130 5979">
     <span class='ocr_line' id='line_1_118' title="bbox 378 5904 2130 5979; baseline -0.002 -18"><span class='ocrx_word' id='word_1_858' title='bbox 378 5920 502 5978; x_wconf 64' lang='lat' dir='ltr'><strong>sua,</strong></span> <span class='ocrx_word' id='word_1_859' title='bbox 533 5913 585 5966; x_wconf 80' lang='lat' dir='ltr'><strong>in</strong></span> <span class='ocrx_word' id='word_1_860' title='bbox 633 5911 705 5965; x_wconf 83' lang='lat' dir='ltr'><strong>al.</strong></span> <span class='ocrx_word' id='word_1_861' title='bbox 742 5920 795 5965; x_wconf 79' lang='lat' dir='ltr'><strong>ut</strong></span> <span class='ocrx_word' id='word_1_862' title='bbox 822 5928 867 5966; x_wconf 83' lang='lat' dir='ltr'><strong>c.</strong></span> <span class='ocrx_word' id='word_1_863' title='bbox 948 5911 992 5944; x_wconf 83' lang='lat'><strong><em>&quot;</em></strong></span> <span class='ocrx_word' id='word_1_864' title='bbox 1027 5908 1117 5962; x_wconf 67' lang='lat' dir='ltr'><strong>At.</strong></span> <span class='ocrx_word' id='word_1_865' title='bbox 1156 5907 1323 5979; x_wconf 72' lang='grc' dir='ltr'>αὐτῷ.</span> <span class='ocrx_word' id='word_1_866' title='bbox 1403 5908 1446 5938; x_wconf 79' lang='grc'><strong>⁸⁸</strong></span> <span class='ocrx_word' id='word_1_867' title='bbox 1476 5904 1539 5959; x_wconf 82' lang='lat' dir='ltr'><strong>In</strong></span> <span class='ocrx_word' id='word_1_868' title='bbox 1568 5921 1667 5959; x_wconf 79' lang='lat' dir='ltr'><strong>uno</strong></span> <span class='ocrx_word' id='word_1_869' title='bbox 1693 5906 2130 5975; x_wconf 68' lang='grc' dir='ltr'>παραλαϐἐσθαι.</span> 
     </span>
    </p>
   </div>
  </div>
