4126 6426
475 435 580 498 539

1596 433 1907 496 LAONICI
1945 428 2625 494 CIIALCOCONDYLrE

3623 434 3737 500 {£0

477 555 600 601 dom
635 546 749 614 ipse
772 559 914 615 equo
937 555 1285 602 transvectus
1317 545 1608 618 Euripum,
1658 547 2050 616 speculabatur

2169 555 2320 619 ’.εμον
2344 550 2563 604 ἔσεσθαι
2605 551 2739 620 ἡμῖν
2779 551 2915 621 πρὸς
2961 551 3055 605 τοῦ
3094 551 3378 623 βασιλέως,
3411 554 3736 620 ὑπισχνοῦν-

478 655 585 707 qua
615 639 903 692 commode
929 639 1104 708 copiis
1139 641 1400 705 transire,
1429 650 1485 696 ct
1522 642 1709 696 urbem
1735 657 2053 712 oppugnare

476 741 680 800 posset.
714 729 840 785 Haec
874 731 1119 804 profecto
1181 733 1469 788 manifesta
1508 735 1634 789 belli
1686 745 1816 789 sunt
1875 735 2052 803 signa,

475 842 542 878 ex
573 825 771 892 quibus
803 826 937 879 satis
979 825 1103 894 quis
1132 827 1366 895 probare
1395 838 1594 898 potest,
1658 845 1784 884 eum
1836 828 2056 898 jamdu-

477 918 604 968 dum
649 916 965 973 decrevisse
1009 918 1146 973 satis
1182 933 1542 989 pra'paraltttn
1598 920 1867 976 adversus
1917 925 2056 976 adeo

475 1009 736 1062 decenter
764 1009 1136 1065 deliberantes
1169 1027 1436 1081 pugnare.
1491 1013 1569 1068 Eo
1616 1016 1670 1069 in
1701 1013 1864 1078 bello,
1908 1014 2054 1084 quod

479 1101 1108 1170 nuntiaturjamdudum
1143 1105 1410 1160 adversus
1437 1121 1534 1160 nos
1577 1107 1896 1176 sumpsisse,
1919 1119 2058 1162 stre-

478 1209 588 1248 nue
616 1204 826 1265 perget,
863 1197 1114 1264 quandam
1146 1198 1251 1252 sibi
1285 1199 1574 1268 subigens,
1633 1199 1904 1270 nobisque
1954 1217 2055 1255 au-

478 1284 996 1357 l‘creu'szquzedam,
1026 1290 1314 1358 praefectos
1370 1294 1619 1362 culpatis,
1677 1295 1952 1364 subjiciet.
2004 1304 2059 1350 et

479 1379 928 1434 commodissima
955 1399 1186 1452 qua'que
1215 1387 1536 1441 sectabitur.
1594 1387 1716 1443 Mox
1749 1389 1839 1443 isti
1897 1404 2058 1449 nemo

479 1486 540 1524 sc
568 1474 903 1541 apposuerit,
939 1491 1133 1547 magna
1165 1481 1406 1548 potentia
1433 1483 1774 1549 succinctus.
1833 1487 2045 1551 subito,

481 1563 524 1615 si
557 1565 775 1632 poterit,
814 1566 1114 1637 imparatos
1163 1574 1457 1642 opprimet.
1511 1575 1648 1631 Nam
1685 1594 1910 1649 magnas
1951 1580 2054 1634 sibi

481 1657 728 1712 conﬂare
758 1660 956 1726 poterit
985 1663 1192 1732 copias,
1243 1679 1370 1720 cum
1404 1682 1511 1721 non
1571 1679 1751 1724 cesset
1786 1670 2059 1738 plurimos

480 1763 583 1802 suo
620 1749 866 1804 dominio
935 1768 1105 1824 usque
1129 1756 1446 1827 adjungere.
1482 1758 1666 1815 Dicam
1702 1761 1884 1832 igitur,
1905 1763 2060 1819 nobis

2155 659 2225 695 τα
2255 642 2468 709 τοῦτον,
2510 646 2584 713 μὴ
2621 645 2972 716 ἀναιρεῖσθαι
3010 648 3308 717 φάσκοντες
3345 648 3438 701 τὸν
3472 649 3737 716 πόλεμον,

2157 734 2252 786 καὶ
2301 735 2438 804 μηδὲ
2468 735 2512 767 ⁸⁷
2555 739 3003 810 παραιρούμενον
3052 742 3152 810 τῆς
3205 742 3484 812 ἡμετέρας
3532 741 3736 810 ἀρχῆς.

2158 829 2276 881 ἄττ’
2313 828 2380 882 ἂν
2420 831 2603 902 δοκοίη
2649 833 2808 904 essu
2857 835 3251 906 προσχωρῆσαι
3287 837 3458 907 αύτῷ,
3494 836 3742 902 πόλεμον

2161 921 2261 992 μὲν
2291 923 2366 993 μὴ
2397 925 2693 988 ποιεῖσθαι,
2715 927 2944 997 ἡσυχίαν
2966 928 3022 982 δὲ
3053 929 3228 996 ἄγειν,
3264 928 3556 998 μηδοτιοῦν
3580 929 3742 998 αὐτῷ

2158 1019 2266 1071 τῶν
2315 1018 2548 1073 δεόντων
2594 1023 3052 1092 προϊσχομένους.
3108 1024 3168 1076 Εἰ
3199 1022 3256 1075 δὲ
3289 1022 3490 1084 πάντες
3541 1021 3741 1074 τοῦτον

2160 1110 2588 1180 ξυνομολογοῦσι
2620 1111 2795 1182 δήπου
2828 1115 2960 1181 ἡμῖν
2985 1113 3058 1176 ὡς
3087 1113 3217 1166 πολε
3228 1129 3302 1182 μη
3315 1111 3494 1180 μένον,
3523 1110 3737 1162 ἕκαστα

2161 1203 2382 1257 πάντων
2418 1204 2658 1275 πρόσθεν
2708 1206 3162 1277 ἀποπειρώμενος
3208 1205 3270 1260 ού
3303 1203 3564 1266 παύεται,
3597 1203 3737 1271 πρόι

2159 1316 2295 1368 τερα
2340 1297 2547 1351 τούτων
2594 1299 2935 1368 αἱρετώτερα
2975 1299 3130 1368 ἡμῖν,
3174 1297 3407 1366 ἡσυχίαν
3443 1295 3542 1364 μὲν
3592 1295 3743 1362 ὑμᾶς

2159 1395 2397 1463 ἄγοντας
2454 1392 2811 1463 ἀφαιρεῖσθαι
2856 1391 2957 1460 τὴν
2995 1390 3200 1461 χώραν,
3245 1392 3340 1443 καὶ
3389 1389 3464 1450 ώς
3495 1387 3746 1456 πολεμή-

2164 1505 2363 1551 σαντας
2414 1486 2644 1557 αύτῷ,ἥ
2680 1487 2920 1554 πόλεμον
2957 1485 3179 1554 ἐμφανῆ
3214 1483 3413 1536 αὐτίκα
3467 1481 3745 1533 καθιστα-

2165 1582 2382 1651 μένους,
2413 1578 2787 1634 ἐνδείκνυσθαι
2831 1577 2984 1648 αύτῷ
3013 1579 3113 1646 τῆς
3145 1579 3420 1646 ἡμετέρας
3451 1573 3742 1640 δυνάμεως

2160 1676 2261 1729 ὅσα
2310 1673 2546 1745 Extirpa;
2575 1673 2633 1725 ἐν
2677 1673 2786 1743 γάρ
2829 1671 2911 1742 τῷ
2959 1671 3182 1740 πολέμῳ
3223 1670 3318 1721 καὶ
3366 1665 3743 1736 φυλάττεσθαι

2161 1769 2324 1821 αὐτὸν
2359 1766 2588 1832 ἔξεστιν,
2617 1767 2682 1818 ἐκ
2715 1764 2809 1819 τοῦ
2837 1762 3076 1834 φανεροῦ
3115 1759 3747 1829 παρασκευαζομένους,

479 1856 587 1894 mn
611 1840 727 1896 fore
750 1843 948 1898 bellum
973 1862 1094 1901 cum
1120 1864 1245 1919 rege
1262 1851 1286 1903 ‘!
1306 1849 1565 1918 Quidam,
1591 1857 1733 1923 quod
1753 1855 1889 1921 scio,
1915 1873 2053 1912 vana

2169 1861 2258 1915 καὶ
2323 1857 2726 1930 ἐπιτηροῦντας
2799 1857 2963 1910 αὐτὸν
3019 1855 3064 1890 ⁸⁸
3109 1853 3521 1926 στρατεύσεταιο
3555 1851 3588 1920 ἡ
3619 1866 3746 1901 πει-

480 1949 577 2002 spe
599 1935 924 2006 semetipsos
945 1939 1108 2010 293
1141 1951 1194 1996 et
1228 1943 1366 1997 alios
1399 1943 1623 2010 lactant,
1651 1949 1896 2005 dicentes
1928 1965 2053 2005 eum

480 2041 759 2096 nunquam
782 2030 832 2083 in
854 2045 952 2086 nos
971 2048 1286 2089 aversurum
1312 2035 1436 2092 belli
1464 2051 1863 2110 tempestatem,
1888 2061 2064 2114 neque

480 2131 581 2172 nos
609 2128 798 2176 nostro
829 2122 1246 2183 deturbaturum
1285 2131 1616 2202 principatu,
1642 2137 1894 2203 quamvis
1919 2137 1972 2192 id
1996 2154 2061 2194 ex

481 2207 628 2264 facili
661 2222 866 2281 posset.
915 2216 1264 2290 Quapropter
1317 2237 1348 2277 a
1381 2223 1520 2279 bello
1581 2226 1738 2282 nobis
1799 2238 2062 2298 tempere-

479 2322 620 2368 mus.
663 2321 961 2380 pacemque
994 2323 1048 2366 et
1074 2316 1525 2385 tranquillitatem
1559 2323 2059 2391 apprehendamus,

479 2398 614 2452 nihil
639 2399 859 2456 interim
885 2404 964 2458 rei
1009 2407 1336 2462 necessaria:
1365 2413 1675 2466 oscitanter
1711 2417 2058 2473 omittentes.

479 2488 679 2545 Verum
718 2493 1000 2549 enimvero
1047 2497 1092 2551 si
1119 2513 1184 2553 ex
1241 2486 1657 2572 prmdictisjam
1705 2507 1864 2576 plane
1918 2509 2060 2577 apud

478 2597 670 2638 omnes
702 2584 754 2639 in
787 2586 1041 2642 confesso
1066 2599 1308 2653 est,eum
1329 2593 1648 2660 jamdudum
1680 2602 1836 2657 nobis
1861 2603 2060 2658 bellum

481 2675 766 2742 indixisse,
799 2690 981 2734 utrum
1015 2683 1173 2738 nobis
1203 2686 1617 2746 conducibilius
1648 2703 1702 2748 et
1763 2695 2062 2766 eligibilius

481 2770 605 2822 fore
647 2769 928 2839 iudicatis,
987 2775 1307 2844 quietemne
1367 2783 1623 2853 amplecti
1674 2797 1728 2841 et
1778 2793 2060 2860 regionem

481 2871 726 2917 nostram
774 2866 937 2921 nobis
975 2869 1084 2937 pati
1131 2871 1316 2940 eripi:
1370 2888 1438 2928 an
1503 2892 1567 2930 ex
1613 2891 1802 2949 aperto
1860 2882 2060 2941 bellum

481 2955 803 3026 inferentes,
831 2963 1124 3018 ostendere
1154 2965 1411 3033 barbaro,
1439 2982 1645 3039 quanta
1682 2977 1848 3032 etiam
1875 2991 2064 3036 nostra

479 3051 552 3104 sit
576 3053 836 3120 potentia,
864 3065 1193 3125 quantaque
1231 3058 1374 3117 vires
1407 3063 1430 3116 ?
1457 3061 1594 3118 Nam
1623 3067 1679 3120 in
1712 3070 2063 3129 manifestum

481 3147 527 3198 si
567 3145 1015 3204 descenderimus
1048 3150 1268 3218 bellum,
1301 3169 1425 3210 eum
1458 3158 1689 3232 ejusque
1726 3163 1954 3222 insidias
1975 3184 2066 3224 Ca-

2168 1954 2412 2025 ρὼμενον
2442 1955 2510 2005 ἐκ
2560 1951 2657 2004 τοῦ
2696 1948 2966 2018 ἀφανοῦς,
3005 1947 3360 2018 ἀφαιρεῖσθαι
3409 1945 3508 2012 τὴν
3553 1945 3750 2012 χώραν

2164 2049 2344 2120 ἡμῶν,
2371 2046 2446 2117 μὴ
2470 2043 2879 2116 προσφέρεσθαι
2909 2041 2982 2106 ὡς
3020 2041 3284 2108 πολεμίῳ,
3315 2039 3457 2090 δυοῖν
3480 2038 3539 2089 ἐν
3564 2034 3753 2103 τούτῳ

2165 2142 2490 2210 προέχοντι;
2524 2139 2627 2192 Ἦν
2662 2139 2760 2206 μέν
2811 2134 3094 2206 ἀποϐαίνῃ,
3135 2129 3285 2201 αύτῴ
3333 2129 3476 2182 κατά
3511 2127 3752 2198 γνώμην

2162 2231 2556 2305 ἐπιχειροῦντι,
2596 2229 2920 2283 πιστεύουσί
2959 2244 3018 2278 τε
3057 2227 3242 2286 αὐτοῖς
3276 2224 3350 2285 ώς
3399 2221 3598 2291 φίλοις,
3645 2219 3753 2286 φέ-

2165 2327 2355 2399 ρεσθαι
2381 2325 2541 2378 τοῦτό
2568 2324 2616 2377 οἱ
2645 2321 2857 2393 κέρδος.
2912 2321 3014 2372 Ἦν
3039 2319 3114 2398 ¹δέ
3151 2317 3317 2387 μηδὲν
3350 2333 3402 2368 τι
3433 2313 3604 2366 κακὸν
3635 2311 3752 2364 ἀπὺ

2162 2419 2353 2474 τούτου
2387 2418 2660 2489 ξυμϐαίνῃ
2691 2415 2935 2485 αύτῷ....
2958 2413 3020 2466 Εἰ
3057 2412 3156 2482 μέν
3192 2410 3284 2464 οῦν
3312 2408 3482 2462 ταῦτα
3503 2405 3744 2474 ἀμείνω,

2165 2518 2210 2548 iis
2242 2517 2420 2585 αἱρεῖν
2459 2515 2524 2567 ἂν
2557 2513 2666 2579 πρὸ
2699 2510 2808 2562 τῶν
2845 2507 3021 2562 ἄλλων
3055 2506 3164 2559 δέοι
3215 2505 3411 2576 ταύτῃ.
3455 2501 3516 2554 Εἰ
3544 2501 3604 2554 δὲ
3639 2500 3743 2569 μὴν

2162 2610 2374 2679 ἀμείνω
2421 2606 2558 2662 ἄλλα
2605 2605 2852 2674 ἔχοντας,
2905 2601 3140 2672 ἡσυχίαν
3199 2595 3510 2667 ἀνέχεσθαι,
3554 2593 3745 2645 ἐκεῖνα

2164 2704 2306 2756 ἔστω
2335 2702 2468 2770 ἡμῖν
2521 2696 2886 2767 αἱρετώτερα.
2931 2693 3042 2763 Τὴν
3081 2689 3339 2762 μὲλλησίν
3388 2705 3530 2758 φημι
3560 2686 3743 2752 ἔγωγε

2166 2793 2311 2865 μέγα
2343 2792 2440 2862 μὲν
2478 2789 2700 2860 βλάψαι,
2732 2790 2826 2841 καὶ
2858 2787 3084 2847 πολλοὺς
3120 2782 3227 2837 τῶν
3260 2781 3401 2834 κατᾶ
3434 2781 3534 2848 τὴν
3561 2779 3750 2830 οἰκουο

2169 2890 2361 2959 μένην,
2392 2889 2484 2939 καὶ
2508 2887 2644 2955 ἡμῖν
2669 2885 2725 2934 ἐν
2746 2883 2823 2953 τῷ
2849 2881 3100 2950 παρόντι,
3130 2877 3378 2946 μεγάλην
3394 2876 3442 2907 τυ
3465 2873 3754 2943 ἐπήνεγκε

2167 2981 2398 3052 βλάϐην,
2423 2977 2786 3048 προϊεμένους
2838 2975 2939 3045 τὴν
2989 2973 3187 3043 ἀρχὴν,
3219 2971 3308 3024 ὅτε
3365 2966 3755 3037 ἐπολιορκεῖτο

2167 3071 2762 3136 Κωνσταντινούπολις,
2793 3067 3067 3138 Ἐλληνάς
3097 3081 3156 3118 τε
3197 3064 3293 3117 καὶ
3335 3061 3617 3130 Ἑλλήνων
3646 3058 3754 3129 βα-

2169 3172 2345 3235 σιλέα,
2387 3168 2481 3237 ἀφ’
2525 3161 2600 3220 ὧν
2655 3165 2726 3219 τόι
2770 3181 2830 3216 τε
2887 3160 3134 3232 ἐμπόρια
3173 3159 3304 3229 ἡμῖν
3339 3154 3551 3226 μεγάλα
3584 3152 3759 3223 ἐπῄει

484 3253 611 3294 vere
636 3241 940 3309 poterimus
977 3247 1197 3313 armati,
1234 3250 1441 3306 etsatis
1476 3254 1731 3312 instructi
1766 3258 1817 3314 in
1845 3276 2060 3318 omnem

2169 3263 2540 3331 αὐξανόμενα·
2587 3258 2728 3330 μετὰ
2774 3255 2830 3309 δέ
2873 3249 3428 3323 διαπρεσϐευομένων
3479 3247 3593 3300 τῶν
3644 3247 3759 3298 Hs-

483 3341 770 3399 eventum,
811 3336 1003 3391 scdulo
1047 3338 1408 3398 observantes
1441 3360 1732 3416 quemnam
1771 3355 2061 3411 castrislo-

485 3442 614 3480 cum
649 3428 850 3497 capiat.
881 3431 960 3484 An
989 3448 1094 3487 non
1129 3434 1174 3490 is
1201 3451 1300 3504 pro
1328 3437 1487 3496 boste
1526 3443 1742 3500 tandem
1778 3447 2064 3508 habendus

483 3530 591 3584 cst,
620 3519 711 3588 qui
741 3523 957 3579 insidiis
986 3527 1260 3598 regionem
1317 3544 1562 3590 nostram
1619 3543 1914 3610 praeripere.
1945 3552 2065 3599 ten-

489 3621 591 3676 tat,
617 3623 672 3666 et
697 3614 912 3671 duobus
935 3617 1019 3673 his
1048 3621 1303 3677 excellit?
1327 3623 1383 3679 Si
1409 3625 1565 3684 felice
1594 3641 1648 3685 et
1677 3648 1937 3705 prospero
1968 3653 2062 3692 rex

486 3717 676 3764 utatur
702 3725 989 3778 successu,
1025 3715 1293 3788 .Barbaris
1339 3721 1588 3782 homines
1609 3729 1840 3784 credunt
1880 3746 1958 3796 se,
2007 3742 2068 3788 ut

487 3802 693 3858 amicos
723 3807 975 3863 nonnihil
1007 3809 1146 3865 lucri
1171 3812 1295 3868 inde
1330 3827 1728 3887 percepturos:
1761 3822 1845 3876 sin
1879 3832 2066 3879 autem

489 3896 618 3950 mali
671 3899 809 3954 nihil
860 3900 990 3956 inde
1028 3904 1352 3962 redundarit
1409 3909 1463 3964 in
1525 3911 1818 3967 barbarum
1858 3953 1873 3968 .
1910 3953 1925 3967 .
1954 3955 1971 3972 .
2008 3917 2066 3972 Si

487 3989 672 4059 itaque
703 3993 818 4048 haec
844 3994 1078 4065 reliquis
1135 4002 1518 4068 praestantiora
1568 4014 1716 4069 sunt,
1751 4009 1878 4076 quis
1929 4009 2068 4066 adeo

487 4092 572 4136 est
609 4097 812 4148 caecus,
859 4094 919 4138 ut
970 4102 1078 4140 non
1131 4101 1322 4144 cernat
1363 4108 1426 4146 ea
1472 4109 1594 4149 esse
1631 4095 1930 4165 eligenda?
1983 4102 2068 4156 sin

490 4191 692 4236 caicus,
714 4175 941 4230 meliora
963 4179 1248 4247 habentes,
1285 4185 1522 4250 quietem
1545 4188 1799 4258 amplecti
1831 4202 2072 4260 oportet.

491 4268 585 4322 Illa
617 4285 856 4339 namque
882 4270 1040 4326 nobis
1062 4273 1392 4343 eligibiliora
1415 4278 1626 4346 judico.
1647 4283 2070 4344 Cunctationem

492 4363 580 4416 aio
606 4363 838 4417 multum
877 4364 1063 4420 multis
1098 4383 1193 4437 per
1230 4369 1419 4424 orbem
1451 4373 1770 4431 damnosam
1801 4393 1926 4435 esse
1967 4397 1982 4436 :
2017 4390 2074 4438 et

493 4460 650 4515 nobis
677 4459 972 4530 plurimum
999 4461 1184 4517 damni
1210 4464 1378 4524 dedit.
1402 4467 1760 4534 prodentibus
1783 4471 2072 4543 imperium

2164 3357 2500 3426 λοποννήσου
2521 3353 2825 3426 ἡγεμόνων,
2853 3349 2994 3403 ὥστε
3017 3348 3278 3418 τιμωρεῖν
3300 3343 3453 3414 σφίσι
3473 3341 3762 3410 πολεμου-

2171 3453 2375 3523 μένοις,
2415 3449 2766 3519 περιείδομεν
2817 3445 2920 3515 τήν
2974 3459 3035 3496 τε
3074 3441 3484 3507 Πελοπόννησον
3523 3434 3633 3488 ὑπὸ
3671 3435 3762 3503 τῷ

2169 3545 2380 3616 βασιλεῖ
2410 3543 2544 3613 τῷδε
2571 3541 2874 3596 ἀνάστατον
2906 3536 3232 3607 γενομένην.
3263 3533 3376 3587 Καὶ
3406 3531 3532 3602 ἄρτι
3559 3527 3619 3582 δέ
3656 3528 3759 3582 τοῦ

2179 3637 2454 3709 Ἰλλυριῶν
2486 3635 2755 3706 βασιλέως
2809 3630 3126 3693 κελεύοντος
3171 3626 3401 3697 ἀμύνειν
3444 3621 3616 3692 αὐτῷ,
3655 3622 3762 3674 καὶ

2169 3735 2332 3805 χάριν
2363 3727 2753 3786 κατατίθεσθαι
2789 3726 2850 3778 οὗ
2898 3727 3105 3795 μικρὰν
3133 3727 3232 3794 τῆς
3264 3717 3523 3790 βοηθείας
3555 3715 3759 3777 ἕνεκα,

2171 3825 2522 3898 περιείδομεν
2557 3822 2653 3874 καὶ
2697 3819 2864 3872 αὑτὸν
2892 3816 3268 3886 διαφθαρέντα
3317 3813 3423 3866 ὑπὸ
3464 3809 3756 3880 Τούρκων.

2169 3919 2390 3975 Τούτων
2428 3917 2638 3970 ἕκαστα
2664 3912 2755 3983 ὑφ’
2788 3910 2947 3982 ἡμῶν
2971 3908 3314 3980 προϊεμένων
3345 3903 3617 3974 αἰσχύνην
3653 3902 3759 3969 φέο

2174 4031 2258 4085 ρει
2295 4011 2388 4064 καὶ
2419 4008 2618 4069 ὄνειδος
2650 4008 2706 4069 ἐς
2731 4006 2856 4068 τοὺς
2881 4003 3079 4064 ἄλλους
3105 4002 3235 4063 τοὺς
3265 4001 3410 4052 κατὰ
3434 3999 3533 4065 τὴν
3560 3994 3759 4064 Εὐρώ-

2172 4121 2304 4177 πην,
2338 4103 2413 4164 ὡς
2439 4099 2548 4153 τῶν
2575 4095 2858 4168 ἐμπορίων
2885 4095 3073 4156 ἕνεκα,
3106 4093 3201 4144 καὶ
3229 4088 3459 4160 αἰσχροῦ
3495 4087 3755 4177 κέρδους,

2174 4176 2485 4263 προϊέμεθα
2518 4189 2654 4257 γένη
2702 4187 2984 4256 ὁμότροπα
3016 4185 3122 4237 ύπδ
3154 4181 3250 4235 τοῦ
3288 4179 3555 4252 βασιλέως
3597 4176 3758 4231 τοῦδε

2173 4287 2527 4356 φθειρόμενα.
2568 4279 2867 4335 Ξυνελόντα
2899 4279 2956 4330 δὲ
2996 4278 3071 4340 ὡς
3121 4277 3298 4329 ἔνεστι
3329 4274 3518 4344 φάναι,
3561 4275 3611 4325 εἰ
3651 4273 3759 4340 μὲν

2173 4383 2287 4443 τοῖς
2318 4377 2546 4432 Παίοσιν
2571 4373 2770 4428 αὐτίκα
2817 4370 3139 4440 συνθέμενοι
3181 4368 3296 4438 ἀμα
3343 4366 3586 4435 πόλεμον
3625 4364 3756 4417 ἀνε-

2175 4471 2417 4542 λώμεθα.
2456 4467 2611 4521 ἔσται
2639 4467 2773 4537 ἡμῖν
2807 4461 3154 4535 καρποῦσθαι
3192 4463 3308 4522 τοῖς
3337 4457 3634 4529 ἡμετέροις
3661 4473 3674 4485 ·
3705 4457 3758 4509 εἰ

493 4551 714 4607 Graecos
753 4561 807 4607 et
832 4551 1147 4609 Graecorum
1174 4570 1382 4624 regem,
1422 4560 1644 4623 quando
1673 4559 1939 4618 barbarus
1979 4564 2065 4619 in-

2176 4565 2233 4619 δέ
2269 4563 2586 4633 ἀνεχόμενοι
2633 4556 2872 4628 ἡσυχίαν
2913 4554 3162 4622 ἄγωμεν,
3210 4553 3267 4604 ἐν
3307 4551 3502 4622 βραχεῖ
3554 4546 3760 4652 δψεσθε

496 4644 664 4700 festos
725 4647 930 4702 arietes
991 4648 1470 4719 (:onstantinOpoli
1527 4652 1870 4710 admovebat.
1933 4656 2066 4712 Nam

494 4753 712 4792 merces
749 4748 953 4795 nostra:
982 4741 1279 4809 plurimum
1314 4744 1382 4797 ab
1409 4742 1613 4798 Grzecis
1645 4745 1980 4814 iuvabantur
2019 4758 2075 4805 et

494 4831 854 4899 augebantur.
871 4834 1077 4890 Deinde
1095 4836 1528 4906 contempsimus
1548 4849 1601 4896 et
1621 4841 1859 4895 aversati
1887 4857 2080 4897 sumus

497 4938 686 4992 preces
707 4925 906 4980 ducum
940 4925 1560 4998 Peloponnesiacorum,
1598 4932 1690 5002 qui
1743 4932 2082 5003 impensissi-

495 5017 600 5070 tuis
630 5018 886 5086 precibus
917 5021 1181 5076 auxilium
1215 5031 1463 5077 nostrum
1495 5023 1880 5094 implorabant.
1905 5023 2080 5079 Etiam

495 5126 590 5178 per
618 5118 857 5166 nostram
887 5115 1194 5169 socordiam
1221 5116 1455 5172 vidimus
1479 5129 1532 5173 et
1555 5116 1988 5188 Peloponnesum
2011 5118 2082 5174 ab

497 5205 602 5260 isto
647 5221 772 5276 rege
813 5206 1106 5262 devictam.
1149 5207 1334 5280 Nuper
1379 5212 1694 5272 admodum,
1721 5227 1846 5266 cum
1879 5213 2085 5283 Illyrio-

501 5314 623 5352 rum
654 5315 745 5354 rex
782 5311 1031 5355 nostrum
1062 5303 1326 5358 auxilium
1375 5305 1604 5374 supplex
1657 5315 1861 5368 oraret,
1895 5317 1965 5360 et-
1985 5306 2080 5361 lati

499 5390 687 5445 auxilii
718 5407 830 5447 non
867 5392 1196 5451 mediocrem
1226 5397 1456 5466 gratiam
1501 5413 1562 5453 se
1602 5397 1902 5452 relaturum
1959 5415 2083 5470 pro-

501 5487 764 5552 mitteret,
821 5502 946 5541 cum
975 5489 1044 5543 ab
1097 5487 1294 5545 Turcis
1353 5489 1650 5545 crudeliter
1702 5491 1885 5544 necari
1933 5493 2083 5563 passi

505 5591 719 5634 sumus.
753 5579 851 5637 llis
875 5583 1156 5652 sigillatim
1196 5583 1248 5636 in
1278 5583 1426 5638 hunc
1454 5584 1676 5638 modum
1703 5597 1732 5635 a
1763 5584 1924 5638 nobis
1957 5599 2082 5653 pro-

2171 4658 2594 4732 ἀπαρασκεύους
2625 4654 2972 4723 ἐπιθέμενον,
3016 4647 3497 4721 ἀφαιρησομένους
3525 4643 3623 4714 τὴν
3649 4642 3764 4713 χώ-

2177 4776 2297 4831 ραν,
2343 4755 2444 4821 ὅση
2496 4749 2644 4820 αὐτῷ
2697 4750 2899 4816 ὅμορος
2933 4739 3070 4822 οὖσα
3098 4743 3379 4813 τυγχάνει.
3438 4739 3598 4792 Δοκεῖ
3639 4735 3760 4801 οὖν,

2177 4852 2304 4922 ἐμοὶ
2324 4846 2590 4919 πρέσϐεις
2612 4861 2670 4896 τε
2697 4841 2792 4896 ἐπὶ
2820 4837 3063 4901 Παίονας
3090 4838 3355 4904 πέμπειν,
3377 4832 3475 4922 καλ.
3497 4831 3765 4900 χρήματα

2182 4921 2278 4998 καὶ
2331 4939 2531 5000 αὐτοὺς
2567 4931 2910 5004 πληροῦντας
2944 4928 3081 4995 νῆας
3114 4927 3206 4980 ἐπὶ
3261 4927 3382 4988 ταῖς
3415 4921 3602 4984 οὔσαις
3627 4922 3766 4990 ἡμῖν

2184 5035 2352 5096 ἄλλας
2401 5032 2533 5092 ὅσας
2580 5028 2646 5083 ἂν
2693 5023 3014 5095 δυναίμεθα.
3071 5017 3649 5089 Συμπαραλαμὸάνειν
3704 5015 3766 5068 δέ

2184 5131 2281 5184 καὶ
2334 5127 2426 5180 τὸν
2481 5123 2653 5193 μέγαν
2703 5119 2965 5189 ἀρχιερέα
2998 5115 3092 5168 ἐπὶ
3147 5114 3240 5166 τὸν
3292 5111 3532 5178 πόλεμον
3586 5109 3766 5171 τόνδε,

2183 5225 2433 5293 ἡγεμόνα
2473 5234 2534 5270 τε
2563 5214 2658 5269 τοῦ
2705 5213 2906 5273 παντὸς
2952 5211 3335 5278 ποιουμένους.
3361 5204 3475 5276 Τὴν
3506 5203 3562 5256 δὲ
3603 5203 3776 5256 Πελο-

2188 5316 2454 5383 πόννησον
2503 5307 2808 5375 ἀποστῆναι
2849 5301 3169 5372 πειρᾶσθαι.
3221 5300 3280 5352 Εἰ
3337 5298 3447 5366 γὰρ
3498 5296 3605 5350 τῶν
3636 5295 3774 5363 ἡγε-

2193 5408 2371 5476 μόνων
2397 5403 2474 5471 τῷ
2503 5401 2676 5470 ἐτὲρῳ
2705 5395 3037 5466 ἀφεστηκότι
3070 5393 3178 5446 ἀπὸ
3222 5390 3316 5446 τοῦ
3353 5390 3645 5462 βασιλέως,
3671 5389 3776 5438 καὶ

2198 5497 2434 5566 μετρίως
2468 5493 2645 5563 ἔχοντι
2702 5491 2844 5557 βίου.
2882 5489 3200 5543 συνείποντο
3233 5487 3289 5550 ἐς
3329 5484 3433 5552 τὴν
3465 5483 3778 5535 ἀπόστασιν

2195 5586 2442 5648 ἐλθόντες
2493 5584 2540 5636 oi.
2593 5581 3038 5649 Πελοποννήσιοι,
3065 5577 3116 5630 οἱ
3175 5575 3273 5647 μέν
3321 5573 3639 5633 ἐκλιπόντες
3671 5569 3780 5641 τὴν

1804 5724 2053 5787 Νοῐιιιεο
2097 5722 2506 5802 marginales.

580 5855 622 5886 ⁵⁷
671 5854 1124 5922 ’Λφαιρούμενον.
1164 5855 1226 5910 Π.
1256 5866 1309 5909 ut
1346 5857 1396 5907 iu
1421 5871 1467 5908 c.
1537 5855 1581 5885 ⁸⁸
1621 5853 2009 5926 Στρατεύεται.
2042 5850 2101 5906 li.
2141 5851 2277 5926 ut__t'tt
2305 5851 2762 5926 C-_hﬁ£_£_§0liié‘/G'J
2800 5847 2960 5904 αὖτεῦ
2992 5849 3086 5918 ἀφ.

3185 5848 3226 5878 ε³
3259 5843 3356 5900 llic
3381 5854 3552 5912 pauca
3591 5837 3782 5894 deesse

507 5928 769 5983 tidettittr.
803 5921 868 5978 Π.
907 5927 1040 5981 utin
1077 5943 1124 5980 ε.
1170 5927 1465 5999 αἰρείσθμι.
1501 5921 1706 5980 ταῦταί
1770 5927 1814 5957 7"
1841 5925 2065 5992 ἐῖῑενέγε

2175 5922 2261 5975 Sic
2296 5922 2454 5976 ctiam
2484 5921 2544 5976 ll.
