4126 6438
370 467 470 532 stt
1482 464 1582 525 ns
1627 419 2270 550 uenusrunmms
2310 467 2453 528 LIB.
2496 469 2568 528 x.
3152 493 3158 500 -
3513 469 3626 533 ste

369 587 544 643 πέλιν,
579 585 628 636 οἱ
662 583 718 636 δὲ
771 587 827 648 ἐς
877 587 982 638 πᾶν
1033 584 1125 638 τοῦ
1183 580 1354 637 κακοῦ
1391 583 1732 652 ἀφικόμενοι,
1761 581 1938 650 πολλῷ

2064 583 2195 646 litis,
2227 600 2333 637 non
2385 600 2676 652 possumus
2714 584 2995 638 infamiam
3061 585 3203 654 apud
3251 583 3490 655 reliquas
3525 604 3620 657 per

366 678 434 731 ἃ)
467 675 671 747 μᾶλλον
711 675 930 729 ἕποιντο
957 676 1191 746 δύναμίν
1235 693 1295 728 τε
1334 673 1600 745 ἀξιόχρεω
1628 673 1716 726 διὰ
1749 673 1940 726 θαλάτ-

2064 677 2320 746 Europam
2354 688 2543 747 gentes
2569 677 2826 747 effugere,
2857 678 2987 749 quin
3017 678 3222 744 dicant,
3261 693 3361 732 nos
3405 695 3620 733 merca-

367 787 465 836 της
507 767 764 836 ὁρῶντες,
797 767 892 820 καὶ
914 767 1034 820 κατ’
1064 768 1289 838 ἤπειρον
1314 766 1561 835 κομίζειν
1591 765 1700 818 τῶν
1727 765 1942 820 ἱππέων

2071 785 2180 822 urze
2201 780 2254 822 et
2300 770 2476 838 turpis
2537 769 2674 824 lucri
2706 771 2894 824 avidos
2937 770 3242 839 neglexisse
3281 780 3470 837 gentes
3523 786 3618 824 eo-

2047 861 2295 914 rumdem
2327 860 2614 914 nobiscum
2643 876 2880 926 morum,
2900 861 3254 931 ejusdemque
3284 862 3568 932 religionis
3599 879 3615 916 :

2041 960 2091 1004 et
2115 952 2268 1020 quasi
2295 965 2595 1020 Spectasse.
2627 962 2685 1006 ut
2733 953 2995 1006 caderent
3056 951 3364 1006 Tureorum
3417 962 3615 1006 marte.

2043 1041 2297 1106 Proinde,
2329 1053 2384 1096 ut
2411 1045 2476 1097 αι
2509 1058 2679 1112 pauca
2711 1045 3011 1105 redeam.si
3041 1045 3282 1113 auljuucti
3322 1044 3621 1100 Pannoniis

2045 1150 2194 1188 arma
2230 1135 2648 1204 arripuerimus,
2680 1137 2885 1190 nostris
2917 1138 3074 1192 nobis
3101 1137 3205 1191 frui
3233 1138 3438 1192 licebit.
3461 1140 3619 1204 Quod

2045 1227 2090 1282 si
2127 1230 2364 1282 cunctati
2396 1238 2450 1282 et
2473 1229 2712 1296 quietem
2742 1229 2916 1283 secuti
2943 1229 3227 1292 fuerimus.
3284 1232 3433 1285 brevi
3473 1235 3619 1286 vide-

2046 1320 2227 1374 bimus
2255 1335 2379 1374 eum
2410 1321 2707 1388 imparatos
2736 1336 3155 1389 Oppressurum,
3189 1333 3244 1376 et
3270 1333 3614 1376 cxtorlurnttl

2045 1415 2201 1467 nobis
2232 1414 2508 1478 regionem
2537 1412 2702 1484 294
2734 1424 3001 1478 nostram,
3036 1432 3142 1483 qua
3172 1414 3221 1468 ei
3251 1415 3480 1468 finitima
3511 1425 3622 1467 est.

2043 1507 2287 1561 Consulo
2340 1507 2527 1576 igitur,
2565 1518 2625 1560 ut
2689 1512 2893 1577 legatos
2941 1524 3064 1561 cum
3125 1524 3321 1577 magna
3382 1507 3624 1572 pecunia:

2044 1600 2096 1653 vi
2140 1601 2224 1655 ire
2248 1601 2541 1671 iubeamus
2569 1601 2637 1655 ad
2671 1601 2980 1656 Pannones.
3014 1599 3307 1665 Pra-terea,
3344 1610 3401 1653 ut
3433 1610 3625 1668 pra-ter

2045 1708 2211 1748 naves
2241 1709 2363 1763 quae
2419 1693 2578 1749 nobis
2639 1703 2836 1763 praesto
2875 1704 3022 1757 sunt,
3070 1694 3234 1748 etiam
3293 1693 3430 1747 alias
3470 1701 3626 1758 quot-

2053 1798 2191 1858 quot
2217 1805 2530 1859 possumus,
2582 1790 2907 1856 impleamus
2971 1791 3261 1844 militibus.
3296 1786 3406 1842 Nec
3459 1788 3626 1843 etiam

2050 1881 2455 1948 praetereundus
2481 1891 2564 1936 est
2590 1881 2834 1950 pontich
2884 1881 3175 1944 maximus,
3222 1881 3339 1950 qui,
3379 1894 3630 1949 quoquo-

381 1970 800 2040 ἀναγκασθῆναί
833 1988 965 2024 ποτε
1003 1971 1218 2024 ἑλέσθαι
1245 1974 1430 2040 σφίσιν
1461 1972 1670 2041 αἵρεσίν
1703 1990 1823 2026 τινα
1850 1973 1945 2027 ἀλ-

2064 1973 2211 2025 :uodo
2238 1973 2352 2027 ﬁeri
2376 1984 2578 2042 potest,
2601 1975 2654 2027 in
2677 1974 2800 2028 belli
2831 1974 3148 2028 societatem
3181 1973 3550 2034 adhibendus,
3577 1987 3633 2025 et.

379 2059 500 2128 λην,
529 2061 900 2128 τρεπομένους
930 2063 990 2123 ἐς
1018 2062 1108 2115 τὸν
1141 2063 1401 2131 πόλεμον.

2064 2065 2222 2119 .mius
2257 2065 2379 2118 belli
2430 2065 2542 2119 dux
2586 2065 2951 2120 declarandos
3001 2076 3106 2119 est.
3149 2065 3228 2118 Ad
3277 2066 3411 2126 llaec,
3460 2079 3628 2131 Opera

381 2151 555 2204 danda
592 2163 696 2215 cst,
754 2163 810 2205 ut
853 2153 1264 2222 Poloponnesus
1295 2153 1361 2208 ad
1415 2153 1782 2208 defectionem
1839 2153 2190 2208 sollicitetur.
2219 2153 2285 2207 Et
2314 2154 2364 2208 id
2394 2155 2617 2223 quidem
2681 2155 2736 2209 in
2793 2155 3019 2224 proclivi
3069 2164 3196 2220 est;
3250 2154 3297 2208 si
3365 2155 3512 2208 enim
3555 2153 3633 2206 al-

389 2255 558 2296 terum
591 2247 652 2297 de
674 2248 868 2298 ducum
897 2261 1142 2309 numero,
1169 2245 1261 2316 qui
1287 2246 1518 2301 descivit
1543 2247 1610 2301 ab
1639 2263 1784 2316 rege,
1807 2258 2022 2302 tenuem
2045 2258 2294 2317 agentem
2322 2249 2483 2302 vitam
2504 2248 2946 2319 Peloponnesiaci
2975 2247 3148 2303 seculi
3184 2257 3332 2310 sunt,
3361 2262 3484 2300 eum
3511 2247 3632 2314 qui-

391 2342 514 2394 dam
545 2342 850 2396 desererent
895 2343 1080 2401 urbes.
1107 2344 1194 2397 alii
1223 2345 1420 2398 veroin
1463 2361 1675 2399 summa
1693 2346 1942 2398 venirent
1981 2345 2250 2413 pericula,
2283 2346 2411 2412 quid
2442 2345 2682 2399 futurum
2728 2346 2975 2410 creditis,
3052 2345 3097 2398 si
3151 2341 3386 2396 viderint
3446 2352 3627 2394 tantas

394 2433 577 2500 copias
603 2443 734 2487 terra
769 2437 1014 2503 marique
1041 2434 1304 2491 adversus
1332 2437 1619 2491 barbarum
1641 2438 1974 2492 adventare?
2011 2437 2218 2492 Censeo
2243 2438 2464 2507 inStlpel‘
2508 2438 2722 2508 equites
2763 2445 3082 2492 etarmatos
3108 2436 3320 2490 Italicos
3346 2437 3427 2490 bis
3479 2436 3624 2488 tnille

391 2526 684 2584 mittendos
731 2529 783 2584 in
845 2530 1299 2600 Peloponnesum.
1357 2531 1704 2588 Cretensibus
1767 2549 1982 2601 quoque
2023 2535 2182 2588 venia
2243 2543 2296 2588 et
2343 2535 2636 2588 criminum
2689 2532 2916 2588 abolitio
2955 2531 3136 2587 danda
3204 2543 3309 2585 cst.-
3380 2530 3503 2584 Hinc
3529 2530 3617 2584 ubi

390 2640 492 2680 nos
532 2643 690 2704 agere
714 2629 975 2695 viderint,
1031 2630 1290 2684 continuo
1321 2630 1388 2685 ad
1433 2646 1532 2685 nos
1587 2631 1964 2686 transitionem
2005 2629 2226 2694 facient,
2275 2641 2329 2686 et
2373 2630 2812 2700 Polnponnesum
2891 2627 3201 2694 subjicient,
3252 2628 3397 2680 unde
3453 2625 3636 2680 licebit

384 2725 602 2792 negotia
637 2729 749 2795 regi
780 2726 1074 2783 facessere.
1107 2728 1238 2783 Nam
1271 2729 1338 2782 ab
1381 2729 1758 2799 Peloponneso
1801 2729 2146 2783 commodius
2171 2731 2229 2780 in
2261 2730 2382 2792 ejus
2409 2729 2693 2798 regionem
2753 2726 2978 2780 dabitur
3056 2740 3340 2779 accessus.
3431 2721 3488 2773 Si
3539 2722 3640 2786 igi-

384 2831 472 2873 tur
507 2821 822 2875 societatem
854 2823 1185 2878 coiverimns
1211 2840 1334 2878 cum
1360 2823 1735 2886 Pannonibus,
1786 2824 2075 2878 Pannones
2142 2824 2210 2877 ab
2263 2822 2426 2890 Istro,
2485 2837 2587 2877 nos
2627 2825 2694 2878 ab
2735 2822 3108 2890 Peloponneso
3174 2819 3396 2873 Barbari
3457 2817 3635 2883 regio-

383 2930 509 2968 nem
545 2912 948 2979 populabimur.
991 2913 1097 2967 Nec
1137 2913 1366 2981 pressis,
1389 2915 1534 2983 quod
1561 2916 1735 2977 aiunt,
1765 2915 2018 2969 sedentes
2081 2915 2332 2971 manibus
2363 2957 2378 2978 ,
2413 2915 2750 2985 negligemus
2801 2917 3076 2987 regionem
3133 2923 3372 2968 nostram
3434 2909 3643 2964 vastari

384 3021 440 3064 et
462 3009 707 3065 subditos
745 3017 962 3062 nostros
989 3005 1296 3061 Turcorum
1350 3008 1621 3077 mancipia
1671 3009 1810 3062 fieri.
1846 3006 2042 3062 Verum
2084 3010 2166 3064 his
2190 3013 2408 3066 tandem
2436 3021 2691 3066 auctores
2742 3011 2972 3076 erimus,
3034 3020 3094 3065 ut
3158 3007 3454 3078 aliquando
3491 3005 3638 3058 aliud

387 3103 682 3160 consilium
719 3111 960 3168 captent,
984 3111 1036 3154 et
1077 3103 1247 3154 armis
1269 3101 1502 3156 barbaro
1524 3101 1735 3166 fortiter
1754 3102 2008 3158 resistere
2048 3103 2358 3161 instituant.

459 3197 647 3250 Ταῦτα
674 3194 920 3255 εἰπόντος
947 3193 1041 3246 τοῦ
1069 3192 1368 3261 Βίκτωρος,
1405 3193 1724 3246 συνέπαινοι
1750 3211 1809 3245 τε
1833 3194 1956 3261 ἐγέ-

2133 3196 2336 3262 Victor,
2372 3195 2745 3265 hujuscemodi
2766 3195 3012 3250 oratione
3045 3193 3248 3255 habita.
3272 3193 3538 3264 plurimos
3582 3194 3636 3246 in

392 3305 546 3341 νοντο
575 3289 671 3341 καὶ
713 3286 763 3337 οἱ
811 3285 1030 3346 πλείους
1076 3284 1123 3313 τί
1173 3283 1230 3334 ἐν
1274 3283 1444 3350 αὐτῷ.
1483 3283 1779 3346 Ἰσοπαλεῖς
1813 3283 1869 3335 δὲ
1900 3283 1958 3337 αἱ

2065 3304 2220 3343 suam
2253 3291 2578 3343 sententiam
2635 3289 2823 3343 travit.
2875 3288 3077 3342 Calculi
3120 3297 3300 3342 autem
3352 3303 3475 3341 cum
3510 3303 3642 3354 pro-

397 3383 565 3450 ψῆφοι
612 3380 794 3443 οὖσαι,
823 3379 971 3447 ὅμως
1035 3377 1418 3447 ἐπεκράτησαν
1477 3377 1533 3429 αἱ
1586 3375 1678 3429 τὸν
1723 3375 1960 3443 πόλεμον

2065 3381 2356 3450 pemodnm
2386 3383 2640 3449 utrinque
2663 3391 2852 3436 essent
2901 3381 3141 3462 aequales
3172 3396 3419 3442 numero,
3463 3381 3640 3434 vicere

403 3473 863 3541 ἀπαγγέλλουσαι.
909 3470 1062 3524 Μετά
1112 3470 1169 3522 δὲ
1217 3469 1413 3520 αὐτίκα
1468 3467 1644 3521 ἐδόκει
1701 3467 1960 3538 πρέσϐεις

2065 3484 2270 3537 tamen,
2303 3473 2429 3542 quia
2489 3474 2770 3543 aliquanto
2831 3474 3015 3540 plures
3066 3481 3246 3540 erant,
3301 3473 3396 3542 qui
3436 3473 3638 3527 bellum

405 3568 510 3637 μὲν
539 3569 590 3626 ἐς
621 3568 714 3619 τὶν
758 3564 932 3634 μέγαν
965 3561 1229 3631 ἀρχιερέα
1259 3561 1523 3629 πέμπειν,
1552 3561 1649 3613 καὶ
1676 3560 1768 3612 ὲπί
1800 3558 1960 3612 Παίο-

2066 3563 2412 3620 nuntiabant.
2443 3565 2755 3620 Secundum
2781 3565 2897 3617 haec
2938 3565 3214 3618 decretum
3270 3565 3473 3618 factum
3528 3575 3638 3627 est,

399 3681 501 3725 νας
531 3663 728 3715 αὐτίκα
786 3659 1048 3728 πρέσϐεις
1103 3657 1345 3726 πέμπειν
1382 3655 1663 3716 ὡσαύτως,
1701 3653 1960 3723 χρήματα

2065 3655 2310 3722 utlegali
2351 3657 2564 3710 abirent
2617 3655 2684 3710 ad
2736 3655 3050 3724 pontificem
3094 3671 3376 3724 magnum.
3421 3665 3477 3709 el
3541 3655 3640 3708 alii

395 3758 644 3826 ἔχοντας.
697 3754 761 3808 Ol
823 3754 919 3821 μὲν
953 3752 1046 3806 οὖν
1099 3751 1360 3821 πρέσϐεις
1421 3747 1744 3817 ἀφικόμενοι
1776 3747 1833 3808 ἐς
1871 3743 1960 3797 τὸν

2067 3764 2228 3815 porro
2268 3749 2332 3802 ad
2361 3747 2647 3802 Pannonez
2694 3747 3078 3816 ablegarentur
3145 3762 3270 3799 cum
3316 3761 3513 3814 magna
3548 3760 3639 3813 pc-

398 3851 569 3909 ᾰκρον
608 3845 889 3916 ἀρχιερέα,
937 3845 1122 3908 έλεγυν
1157 3844 1224 3895 τὰ
1258 3842 1570 3911 καθήκοντα
1599 3840 1710 3902 τοῖς
1763 3839 1960 3891 Οὐενε-

2068 3841 2243 3893 cunite
2286 3841 2357 3893 vi.
2409 3837 2596 3908 Legati
2636 3839 2915 3891 venientes
2963 3838 3028 3890 ad
3094 3837 3418 3908 pontificem,
3463 3835 3642 3888 maxi«

397 3942 535 4000 τοῖς,
565 3939 640 4001 ὡς
686 3941 742 3992 ἐν
793 3937 974 4008 καιρῷ
1014 3937 1154 3989 πάνυ
1190 3935 1273 4000 εῐη
1310 3935 1426 4000 ἀμα
1460 3934 1646 3994 αὐτοῖς
1680 3932 1770 3984 τὸν
1808 3931 1960 3984 πόλε-

2068 3948 2241 3995 mum,
2273 3930 2528 3985 dixerunt
2560 3947 2681 3998 qua:
2708 3928 2946 3984 Venetos
2995 3929 3177 3984 dicere
3237 3943 3453 3996 aequum
3502 3937 3641 3989 erat,

404 4050 506 4100 μον
556 4030 953 4099 ἀναιρούμενον
1005 4030 1116 4088 τοῖς
1154 4027 1465 4096 Βαρὸἀροις
1511 4023 1960 4092 διαπράττεσθαι,

2068 4025 2322 4080 videlicet
2354 4035 2565 4092 tempus
2605 4038 2747 4078 nunc
2786 4023 3016 4086 instare,
3054 4032 3109 4075 et
3151 4034 3395 4084 monere,
3431 4027 3491 4072 ut
3533 4034 3641 4071 una

400 4123 522 4176 ἃττ’
547 4123 614 4176 ἀν
645 4120 796 4190 αύτῷ
835 4122 928 4173 καὶ
959 4121 1226 4189 πρότερον
1257 4120 1313 4170 ἐν
1361 4118 1586 4188 Μαντύῃ
1623 4119 1960 4186 ὲπετήδευτο.

2069 4132 2192 4170 eum
2247 4116 2378 4186 ipsis
2432 4117 2631 4171 bellum
2674 4116 2936 4180 adversus
2985 4113 3254 4168 Barbaros
3313 4120 3642 4181 capesseret,

412 4217 476 4267 '0
500 4215 545 4268 δ’
565 4217 852 4286 ἀρχιερεὺς
876 4213 1161 4267 ὑπολαϐων
1177 4213 1382 4280 ἔλεγεν,
1401 4213 1476 4274 ὡς
1497 4213 1796 4278 ἀναγκαῖον
1818 4211 1960 4279 πρῶ-

2069 4208 2523 4278 qnetnadmodum
2569 4205 2800 4260 lliantute
2840 4204 3205 4260 convenisset.
3276 4200 3525 4256 Pontifex
3558 4217 3647 4254 re-

398 4325 495 4361 τον
525 4309 682 4361 αὑτὸν
710 4307 799 4360 τὸν
827 4307 1021 4376 μικρὸν
1048 4306 1332 4371 Βάρϐαοον
1360 4305 1422 4355 ἐκ
1461 4306 1632 4372 μέσον
1676 4305 1960 4369 ποιεῖσθαι,

2071 4301 2346 4369 Spondens
2400 4299 2620 4368 inquit:
2657 4297 2892 4353 Necesse
2921 4306 3004 4350 est
3051 4307 3108 4350 ut
3141 4296 3291 4365 prius
3331 4295 3554 4364 impium
3593 4303 3648 4346 et

400 4401 506 4454 εἷθ’
551 4403 722 4464 οὕτως
758 4403 896 4456 ἰέναι
951 4402 1046 4456 καὶ
1078 4402 1168 4454 ἐπὶ
1192 4402 1284 4453 τὸν
1313 4405 1485 4468 μέγαν
1506 4419 1521 4434 ο
1552 4402 1833 4468 σημαίνων
1881 4400 1960 4452 τὸν

2072 4393 2506 4446 consceleratum
2561 4391 2939 4459 minoremque
2995 4389 3296 4442 Barbarum
3363 4401 3395 4441 e
3463 4385 3646 4439 medio

403 4496 699 4565 Ἀριμήνου
717 4496 983 4564 ἡγεμόνα,
1017 4495 1150 4565 πρὸς
1173 4497 1230 4547 ὃν
1248 4495 1482 4564 πόλεμος
1500 4490 1566 4562 ἦν
1604 4494 1772 4563 αὐτῷ,
1803 4493 1960 4546 διενε-

2074 4485 2279 4539 tollam.
2331 4483 2534 4538 Deinde
2577 4483 2683 4536 diis
2728 4484 2866 4537 bene
2919 4482 3266 4534 monentibus
3327 4478 3644 4546 proficiscar

376 863 590 925 ὁπλίτας
612 863 719 913 τῶν
767 861 1044 914 Ἰταλικῶν
1073 864 1127 924 ἐς
1159 861 1475 930 δισχιλίους.
1514 861 1832 929 Πέμπεσθαι
1882 860 1940 912 δὲ

380 956 434 1014 ἐς
464 954 866 1020 Πελοπόννησον
902 954 998 1005 καὶ
1040 955 1164 1016 τοὺς
1209 956 1265 1005 ὲν
1294 956 1406 1014 τοῖς
1447 953 1758 1021 ἐγκλήμασι
1792 952 1941 1022 Κρῆ-

377 1063 472 1106 τας
502 1046 592 1097 ἐπὶ
627 1045 870 1099 διαλύσει
902 1045 1007 1097 τῶν
1057 1046 1438 1115 ἐγκλημάτων.
1481 1045 1663 1098 Ταῦτα
1698 1045 1755 1096 δὲ
1805 1044 1941 1097 ὲπά-

376 1156 570 1204 γοντας
603 1139 745 1206 ὑμᾶς
769 1137 1004 1206 ὁρῶντες
1031 1136 1252 1206 ὄψονταί
1281 1154 1340 1191 τε
1399 1137 1619 1200 αὐτίκα,
1656 1139 1748 1190 καὶ
1779 1155 1942 1206 μετα-

378 1231 598 1292 στάντες
651 1232 738 1297 ἐφ’
780 1230 951 1298 ἡμᾶς,
986 1228 1315 1297 παρέξουσιν
1363 1227 1676 1297 ὑποχείριον
1711 1227 1809 1296 τὴν
1842 1228 1944 1279 Πε-

373 1322 728 1389 λοπόννησον.
791 1321 909 1387 Ἀφ’
962 1313 1026 1389 ἦς
1078 1319 1231 1370 ἔσται
1293 1320 1422 1386 ἡμῖν
1479 1318 1840 1387 ταμιεύεσθαι
1876 1319 1941 1386 τῇ

375 1417 583 1467 ἐκείνου
601 1413 774 1483 χώρα,
795 1414 887 1464 καὶ
907 1411 1110 1464 εἴσοδον
1134 1410 1324 1480 ἱκανὴν
1349 1411 1740 1480 ἀποφέρεσθαι.
1759 1409 1945 1462 Ταῦτα

372 1508 427 1558 6‘2
471 1506 834 1573 συνθεμένους
867 1507 976 1564 τοῖς
1012 1506 1258 1565 Παίοσιν.
1305 1503 1545 1566 ἐκείνους
1570 1505 1667 1572 μὲν
1711 1504 1818 1556 ἀπὸ
1847 1502 1942 1555 τοῦ

381 1601 619 1666 "lupae.
645 1599 791 1668 ἡμᾶς
825 1598 880 1650 δὲ
930 1599 1038 1650 ἀπὸ
1082 1597 1182 1665 τῆς
1221 1597 1631 1666 Πελοποννήσου
1675 1597 1944 1666 ὠρμημέ·

375 1708 522 1750 νονς,
559 1692 856 1757 ἐπιλειρεῖν
882 1693 946 1758 τῇ
985 1691 1193 1742 ἐκείνου
1242 1691 1408 1758 ἀρχῇ.
1469 1691 1577 1743 Καὶ
1613 1689 1688 1759 μὴ
1717 1688 1948 1754 καθεζο-

381 1779 574 1847 μένους
609 1785 872 1852 περιορᾷί
909 1783 1005 1850 τὴν
1045 1781 1226 1851 χώραν
1276 1780 1433 1850 ἡμῶν
1485 1781 1814 1854 δῃουμένην,
1852 1782 1945 1835 καὶ

380 1875 440 1937 ἐς
470 1876 902 1944 ἁνδραποδισμὶν
927 1879 1051 1940 τοὺς
1105 1877 1382 1946 ὑπηκόους
1423 1877 1582 1946 ἡμῶν
1615 1877 1941 1946 ἀγομένους,

404 4588 602 4658 χθέντα
652 4589 747 4640 ἐπὶ
797 4588 1004 4658 τρόπῳ,
1047 4588 1104 4640 ὃν
1157 4588 1492 4653 παραλιπεῖν
1546 4587 1718 4650 ἄξιον.
1763 4584 1860 4636 Διά
1908 4582 1973 4652 δὴ

400 4677 580 4730 ταῦτα
638 4677 814 4731 αἰτίαν
873 4675 1153 4745 ἐπιφέρων
1204 4675 1480 4742 τοιαύτην,
1521 4675 1802 4742 ἐπολέμει.
1860 4675 1973 4726 Καὶ

2073 4587 2263 4632 contra
2307 4591 2560 4646 magnum
2595 4575 2921 4629 Barbarum.
2953 4574 3023 4627 At
3053 4569 3636 4638 intelligebatArimini

2075 4670 2291 4729 ducem,
2341 4685 2465 4721 cum
2525 4683 2636 4736 quo
2682 4666 2881 4720 belltnn
2933 4680 2996 4718 ea
3045 4671 3360 4729 tempestate
3397 4660 3638 4728 gerebat.

400 4769 550 4822 οὕτω
584 4769 684 4838 μὲν
715 4773 741 4820 ὁ
775 4769 1069 4838 ἀρχιερεὺς
1126 4769 1482 4835 διεκρούσατο
1515 4771 1628 4830 τοῖς
1665 4769 1960 4830 Οὐενετοῖς,

2074 4761 2274 4817 Verum
2308 4777 2527 4815 causam
2551 4761 2668 4830 ejus
2708 4760 2832 4813 belli
2856 4773 3002 4811 nunc
3037 4756 3290 4810 omisisse
3334 4754 3509 4809 satius
3539 4765 3645 4808 est.

403 4864 546 4932 ἔχων
602 4859 862 4930 ἐμφύλιον
910 4863 1110 4912 οἰκεῖον
1162 4862 1427 4928 πόλεμον·
1481 4861 1620 4928 μετά
1671 4861 1727 4914 δὲ
1779 4862 1827 4912 οἱ
1881 4861 1977 4912 ἐπὶ

407 4953 644 5013 Παίονας
674 4951 1040 5020 πεμφθέντες.
1071 4951 1211 5004 ὥστε
1247 4952 1340 5004 ἐπὶ
1394 4952 1483 5005 τὸν
1518 4953 1756 5020 πόλεμον
1795 4969 1978 5022 παρα-

406 5044 724 5112 λαμϐάνειν,
746 5045 801 5106 ἐς
843 5043 966 5111 ὄψιν
996 5043 1242 5105 ἐλθόντες
1262 5043 1338 5112 τῷ
1363 5044 1570 5114 βασιλεῖ
1598 5045 1859 5110 Παιόνων,
1886 5045 1979 5098 καὶ

405 5139 477 5204 τῇ
536 5136 844 5206 συγκλήτῳ,
905 5136 1090 5203 ελεγον
1140 5136 1354 5189 τοιάδε·
1433 5136 1660 5206 Ἄνδρες
1723 5137 1979 5199 Παίονες,

409 5229 575 5296 ὁρᾶτε
614 5229 677 5295 δὴ
710 5229 865 5294 ὑμεῖς
900 5227 996 5297 τὴν
1032 5226 1296 5296 Τούρκων
1352 5229 1621 5296 βασιλέως
1657 5229 1910 5296 δύναμιν,

412 5320 824 5390 προεχώρησεν,
866 5321 941 5384 ὡς
991 5321 1280 5390 δυναστείᾳ
1315 5323 1414 5386 μὲν
1447 5323 1576 5383 τοὺς
1611 5323 1670 5374 ἐν
1702 5324 1768 5391 τῇ
1800 5323 1983 5374 οἰκου-

420 5413 556 5482 μένῃ
593 5413 895 5478 ὁμοφύλους
928 5415 1062 5482 ἡμῖν
1111 5413 1548 5480 κατεστρέψατο.
1588 5413 1695 5465 Καὶ
1725 5414 1882 5482 ἡμῶν
1925 5413 1983 5465 δὲ

418 5505 516 5572 τὴν
547 5502 728 5573 χώραν
757 5503 830 5563 ὡς
855 5502 1184 5572 ληϊζόμενοι,
1220 5503 1566 5570 ἀνδραπόδων
1596 5504 1691 5570 τήν
1714 5519 1772 5554 τε
1803 5502 1985 5555 Ἀσίαν

419 5596 512 5647 καὶ
557 5593 823 5663 Εὐρώπην
868 5595 1193 5661 ἐνέπλησαν.
1232 5597 1341 5648 Καὶ
1390 5596 1482 5647 τόν
1527 5612 1588 5663 γε
1639 5595 1851 5660 Ἴστρον
1895 5593 1984 5646 ἀεὶ

425 5684 808 5750 διαῦαίνοντες,
841 5685 1028 5756 δῃοῦσί
1058 5704 1114 5740 τε
1147 5691 1241 5756 τὴν
1268 5687 1471 5759 χώραν,
1499 5688 1591 5741 καὶ
1615 5687 1977 5743 ὲπικαίουσιν.

2077 4855 2287 4924 Legati,
2334 4854 2429 4922 qui
2481 4853 2546 4906 ad
2603 4852 2923 4905 Pannonum
2976 4849 3194 4903 animos
3247 4847 3647 4903 conciliandos.

2080 4959 2140 5004 ut
2173 4947 2406 5018 prompti
2465 4954 2827 5014 sequerentur
2887 4943 2944 4996 in
3017 4941 3304 4996 Turcicam
3351 4942 3650 5009 expeditio-

2080 5055 2227 5102 nem,
2261 5039 2416 5091 missi
2451 5045 2630 5098 erant,
2655 5034 2988 5104 prodeuntes
3023 5035 3075 5086 in
3108 5033 3269 5103 295
3296 5047 3651 5104 conspectum

2081 5136 2228 5206 regis
2275 5131 2510 5196 Malitire,
2578 5131 2630 5183 in
2693 5128 2962 5198 frequenti
3024 5139 3216 5183 senatu
3273 5129 3649 5198 hujuscemodi

2083 5226 2385 5279 orationem
2440 5220 2622 5276 exorsi
2675 5232 2861 5274 sunt:
2919 5219 3032 5272 Viri
3091 5217 3406 5286 Pannones,
3465 5219 3656 5286 utique

2084 5315 2307 5370 cernitis
2336 5313 2640 5368 Turcorum
2691 5313 2836 5380 regis
2887 5311 3184 5378 potentiam
3239 5327 3349 5380 quo
3397 5310 3654 5363 evaserit.

2088 5410 2196 5464 Eos
2230 5409 2320 5477 qui
2364 5409 2416 5459 in
2451 5406 2581 5459 orbe
2621 5405 2933 5459 Christiano
2979 5402 3224 5471 ejusdem
3261 5402 3550 5456 nobiscum
3603 5411 3658 5455 et

2091 5501 2213 5555 tidci
2271 5509 2325 5554 ct
2387 5499 2563 5566 gentis
2615 5505 2763 5561 sunt,
2830 5510 2987 5550 suum
3035 5494 3321 5562 imperium
3371 5494 3660 5562 suscipere

2092 5595 2288 5660 Coegit.
2323 5591 2396 5644 Ex
2425 5589 2737 5660 regionibus
2775 5585 2974 5642 nostris
3010 5584 3221 5656 praedas
3262 5601 3450 5655 agens,
3475 5585 3661 5639 Asiam

2091 5691 2144 5738 et
2171 5681 2443 5748 Europam
2472 5678 2759 5749 mancipiis
2786 5676 2986 5733 nostris
3017 5675 3264 5746 replevit.
3295 5675 3491 5731 lstrum
3525 5693 3664 5744 prte-

1694 5803 1941 5865 Nolulm
1976 5795 2383 5877 marginales.

515 5927 560 5960 "
597 5927 666 5982 In
690 5945 788 5981 uno
822 5929 934 5981 des.
