4126 6436
511 436 619 496 5ί3

1641 446 1944 507 LAONICI
1985 448 2646 516 CHM.(‘.OCONDYL.E

3631 453 3741 519 544

515 561 660 603 ιρι-εει
709 549 1018 615 freque::tcr
1051 554 1480 622 transgrediens,
1527 559 1805 626 regionem
1850 561 2076 630 popula-

2194 566 2277 628 Ὠς
2343 566 2400 618 δὲ
2458 568 2622 631 αὐτὸς
2673 571 2701 623 ό
2766 568 3066 637 Βάρϐαρος,
3124 569 3222 621 οῦκ
3275 568 3355 621 ἔτι
3411 567 3598 630 διαϐὰς
3657 568 3760 621 τὸν

515 653 623 704 tur,
656 656 920 710 agrosque
950 640 1071 695 urit.
1105 641 1292 711 Itaque
1337 646 1383 698 si
1409 661 1508 700 nos
1539 648 1844 714 audieritis,
1875 650 2078 707 Barba-

516 749 610 786 rus
663 750 766 786 non
837 734 1071 803 amplius
1139 736 1378 804 trajirict
1444 738 1662 806 Istrum,
1730 754 1788 794 ut
1837 755 2075 798 vestram

517 827 788 895 g-cgionrm
847 827 1144 898 impugnet.
1175 827 1309 882 Nam
1367 832 1712 887 manifestum
1769 850 1894 890 esse
1957 852 2080 890 reor

516 920 787 982 omnibus,
844 921 890 975 si
951 923 1112 976 modo
1177 923 1320 977 vires
1378 925 1686 981 intellectus
1746 944 1840 982 seu
1886 930 2082 984 mentis

522 1013 882 1073 intenderim.
920 1015 1060 1080 fore,
1109 1016 1153 1069 si
1191 1032 1288 1071 vos
1331 1017 1532 1072 Istrum
1563 1022 1996 1086 transmiseritis,
2028 1031 2084 1077 et

522 1106 576 1158 in
623 1105 743 1174 ejus
773 1105 1047 1172 regionem
1101 1107 1285 1162 hostili
1331 1110 1516 1164 animo
1566 1112 1777 1168 fueritis
1823 1114 2079 1183 ingressi,

521 1205 582 1248 ut
625 1199 922 1252 maximum
964 1201 1255 1254 tumultum
1284 1201 1336 1255 in
1369 1202 1490 1270 ejus
1523 1204 1743 1274 regione
1773 1205 2080 1270 concitetis,

521 1305 718 1357 resque
761 1291 881 1359 ejus
920 1292 1233 1359 planissime
1267 1295 1629 1350 conturbetis.
1659 1296 1891 1363 Turcus,
1934 1308 1993 1351 ut
2019 1298 2085 1352 li—

519 1379 689 1448 quido
717 1390 947 1445 constat,
978 1381 1194 1437 Cra-cos
1231 1384 1544 1447 debellavit,
1591 1396 1646 1441 et
1694 1403 1882 1442 eorum
1912 1389 2085 1455 regio-

520 1489 642 1525 nem
699 1488 798 1526 suo
849 1474 1093 1528 dominio
1120 1475 1338 1545 adjecit.
1373 1478 1739 1533 Triballorum
1779 1481 2080 1550 regionem,

516 1577 570 1617 et
603 1566 910 1620 universam
958 1567 1388 1634 Peloponnesum
1445 1573 1529 1625 sui
1567 1571 1712 1641 juris
1767 1573 1917 1628 fecit.
1946 1572 2087 1627 Tra-

521 1661 836 1725 pezuntlum
874 1673 1051 1728 regem
1083 1659 1310 1726 domuit,
1357 1661 1586 1731 ejusque
1625 1663 1846 1733 regione
1886 1665 2088 1734 potitus

521 1761 626 1803 est.
689 1751 864 1804 Dacia:
930 1751 1119 1804 ducem
1168 1753 1336 1807 dedit.
1397 1754 1738 1824 Illyricorum
1805 1757 2086 1826 regionem

521 1842 723 1896 misere
749 1845 1042 1909 evastavit;
1083 1860 1384 1915 eorumque
1421 1862 1624 1916 regem,
1655 1849 1830 1902 virum
1871 1865 2084 1920 atquum

522 1941 576 1986 et
633 1935 962 2000 modestum,
1023 1939 1165 2006 cepit
1220 1947 1274 1992 et
1339 1939 1562 1994 occidit.
1607 1939 1740 1995 Eum
1778 1941 1963 2010 igitur,
1993 1943 2087 2012 qui

523 2025 669 2078 brevi
699 2026 987 2082 admodum
1036 2039 1274 2098 tempore
1326 2041 1406 2086 tot
1445 2032 1779 2102 principatus
1803 2043 1857 2089 et
1897 2045 2087 2105 poten-

525 2127 668 2184 tatus
697 2117 992 2172 demolitus
1057 2131 1162 2186 est,
1228 2123 1359 2192 quid
1421 2139 1589 2192 porro
1639 2126 1911 2180 facturum
1969 2142 2089 2182 cre-

522 2206 693 2260 ditis?
725 2205 875 2262 llaud
931 2208 1098 2280 quieti
1145 2220 1198 2265 et
1253 2212 1480 2282 ignaviae
1516 2229 1574 2269 se
1626 2217 2086 2285 corrumpendum

523 2299 720 2366 tradet,
785 2317 967 2354 verum
1015 2302 1270 2358 ﬁnitimos
1323 2306 1495 2362 armis
1529 2318 1758 2377 appetet,
1788 2323 2090 2378 eorumque

527 2391 778 2460 regiones
806 2409 914 2446 sua:
943 2393 1221 2463 adjungct.
1254 2394 1362 2451 Nec
1408 2414 1590 2454 moras
1630 2401 1899 2456 nectendo
1935 2401 2089 2456 sede-

525 2482 638 2546 bit;
678 2498 862 2536 verum
899 2483 1043 2537 illico
1081 2486 1134 2538 in
1167 2485 1427 2545 finitimos
1457 2506 1606 2545 arma
1635 2494 1893 2550 vibrabit.
1933 2496 2091 2551 Nunc

526 2573 694 2642 igitur
755 2591 854 2630 nec
909 2576 1062 2632 vobis
1119 2578 1316 2634 bellum
1371 2593 1574 2651 parcet.
1621 2583 1754 2640 Nam
1803 2591 2092 2646 conabitur

529 2667 800 2723 universis
831 2668 944 2722 suis
976 2671 1147 2740 copiis
1179 2671 1370 2740 frctus,
1427 2675 1481 2730 in
1540 2678 1813 2748 regionem
1851 2693 2089 2737 vestram

529 2760 787 2827 impetum
831 2759 1030 2826 facere,
1092 2775 1150 2819 et
1206 2781 1270 2820 ex
1316 2783 1379 2823 ea
1427 2769 1708 2825 hominum
1746 2773 2091 2845 aliarumque

529 2868 712 2908 rerum
762 2856 970 2924 pra-das
995 2872 1174 2925 agere,
1211 2859 1483 2930 principes
1505 2871 1714 2918 vestros
1766 2866 2093 2936 turpissimae

532 2944 646 3000 neci
687 2947 900 3004 tradere
947 2949 1088 3004 haud
1133 2953 1499 3008 cunctabitur.
1539 2955 1674 3010 Nam
1725 2959 1943 3015 animus
1975 2961 2093 3031 ejus

530 3052 745 3107 semper
773 3049 854 3094 est
892 3040 1252 3110 implacabilis
1287 3059 1414 3116 erga
1451 3057 1685 3114 nostros,
1719 3061 1772 3105 et
1818 3069 1942 3124 erga
1978 3072 2092 3110 om-

532 3146 628 3184 nes
650 3146 744 3185 eos
775 3132 866 3200 qui
907 3133 1231 3190 Christiana:
1261 3139 1507 3208 religioni
1547 3145 1921 3212 acquiescunt.
1951 3148 2094 3202 Prae-

530 3231 674 3275 terea
707 3239 896 3291 parum
933 3237 1182 3294 pacatum
1235 3233 1474 3285 animum
1503 3234 1641 3303 gerit
1684 3251 1806 3306 erga
1838 3255 1960 3293 eum
1998 3242 2086 3311 qui
2117 3257 2161 3316 ρ

530 3330 590 3368 se
632 3313 951 3370 benevolum
997 3328 1049 3373 et
1081 3319 1369 3390 benignum
1406 3325 1587 3381 offert.
1627 3326 1776 3383 ilaud
1823 3333 1967 3386 enim
2002 3350 2094 3389 vos

531 3408 794 3475 pratterit,
849 3408 977 3477 quid
1035 3409 1225 3466 fecerit
1287 3413 1560 3471 Vladislao
1620 3421 1849 3491 principi
1887 3435 2090 3481 vestro.

532 3496 730 3552 Verum
773 3500 1054 3556 enimvero
1105 3503 1318 3558 veniam
1346 3505 1432 3562 hic
1458 3520 1694 3564 meretur
1745 3512 1989 3580 Turcus;
2023 3515 2095 3570 si-

529 3591 749 3660 quidem
779 3590 1089 3650 Vladislaus
1127 3595 1178 3650 in
1217 3598 1403 3667 praelio
1455 3612 1645 3670 captus
1696 3603 1924 3662 interiit.
1989 3607 2094 3665 Sed

532 3681 662 3750 quid
703 3683 830 3736 mali
865 3698 1054 3752 passus
1091 3697 1192 3752 est,
1227 3698 1319 3743 aut
1364 3707 1657 3760 quanmam
1715 3695 1971 3766 injuriam
2007 3717 2096 3755 ac-

531 3774 673 3842 cepit
705 3775 770 3828 ab
806 3773 1004 3832 Davide
1037 3777 1398 3849 Trapezuntis
1423 3798 1570 3854 rege,
1603 3795 1657 3840 et
1691 3787 1760 3842 ab
1791 3788 2094 3860 Illyriorum

535 3877 589 3922 et
620 3865 778 3923 Lesbi
819 3868 976 3935 duce,
1043 3886 1255 3928 necnon
1324 3875 1392 3929 ab
1455 3878 1675 3946 reliquis
1739 3895 1875 3948 quos
1905 3897 2098 3938 omnes

536 3960 831 4014 crudeliter
857 3962 1113 4016 necavit?
1162 3967 1206 4020 si
1265 3967 1449 4036 itaque
1503 3972 1800 4025 contractis
1839 3973 2010 4041 copiis
2043 3976 2097 4030 in

535 4050 654 4119 ejus
687 4050 966 4120 regionem
1016 4053 1306 4119 irrueritis,
1347 4064 1495 4112 certe
1549 4059 1698 4115 brevi
1731 4064 1954 4131 spiritus
1980 4065 2099 4134 ejus

531 4157 848 4208 generosos.
890 4158 1028 4212 quos
1059 4157 1246 4199 contra
1276 4146 1617 4204 Pannoniam
1656 4155 1926 4223 concepit,
1969 4171 2100 4209 con-

537 4234 810 4289 tuderitis.
847 4233 942 4289 Sin
994 4246 1172 4292 autem
1214 4238 1481 4308 patienter
1520 4259 1641 4312 quae
1689 4245 1758 4299 ab
1804 4263 1932 4316 rege
1964 4245 2102 4303 infe-

536 4334 752 4388 runtur,
808 4328 1202 4392 sustinueritis,
1272 4333 1701 4402 transgredictur
1753 4338 1800 4392 is
1857 4339 2099 4395 universi

533 4420 805 4475 exercitus
862 4421 1056 4475 robore
1109 4425 1172 4475 ad
1239 4439 1354 4479 vos.
1387 4425 1593 4480 Vereor
1640 4429 1783 4498 quod
1829 4431 1873 4484 si
1906 4431 2100 4486 deinde

535 4511 703 4566 semel
738 4512 1141 4575 aberraveritis,
1179 4514 1344 4586 296
1370 4524 1424 4570 et
1457 4533 1650 4586 parum
1707 4518 1937 4576 feliciter
1967 4538 2100 4577 cou-

535 4614 620 4656 tra
669 4619 791 4657 eum
849 4599 1242 4674 pugnaveritis,
1299 4615 1356 4661 ut
1409 4609 1663 4665 universa
1718 4610 1994 4668 Pannonia
2043 4617 2098 4672 in
2131 4591 2174 4648 θ

533 4695 652 4761 ejus
707 4695 968 4750 ditionem
1010 4697 1186 4762 cedat,
1220 4709 1274 4752 et
1319 4693 1430 4755 ‘vos
1473 4701 1856 4759 crudelissime
1886 4707 2095 4776 perdat.

537 4783 774 4852 Venetis,
835 4803 957 4842 cum
1025 4786 1241 4843 dicendi
1297 4791 1457 4844 tinem
1509 4791 1808 4860 fecissent,
1855 4797 1906 4849 in
1953 4797 2097 4854 hunc

535 4877 752 4930 modum
801 4877 1080 4947 respondit
1135 4877 1457 4936 Pammnum
1527 4899 1618 4938 rex
1667 4901 1681 4937 :
1722 4881 1836 4940 Viri
1883 4885 2096 4955 Veneti,

535 4984 666 5022 sane
702 4977 844 5024 recte
875 4970 1076 5031 dicitis.
1146 4981 1202 5026 et
1237 4972 1506 5040 lvidcmini
1572 4978 1622 5029 in
1699 4977 1946 5045 plurimis
1974 4994 2095 5036 esse

533 5058 635 5110 viri
676 5073 780 5111 non
818 5060 1107 5115 admodum
1157 5062 1546 5131 imprudentes,
1583 5081 1680 5121 uec
1725 5068 1898 5123 solum
1941 5071 1993 5124 in
2027 5070 2096 5126 iis

535 5167 656 5218 qua:
685 5150 751 5204 ad
785 5152 1118 5221 quotidianae
1155 5157 1276 5209 vita:
1305 5173 1461 5211 usum
1499 5167 1781 5225 spectant;
1824 5175 2008 5216 verum
2044 5171 2098 5217 et

537 5246 590 5296 iu
619 5243 686 5297 iis
723 5259 843 5311 quae
885 5244 1152 5312 publicam
1206 5247 1497 5316 aliquando
1553 5247 1618 5301 de
1651 5249 1813 5303 rebus
1847 5265 2098 5307 necessa-

537 5337 632 5389 riis
675 5334 1129 5391 consultationem
1179 5341 1475 5406 postulaut.
1528 5337 1724 5394 Parum
1778 5351 1962 5395 autem
2011 5359 2099 5399 re-

533 5429 860 5494 cordamini,
925 5441 984 5484 ut
1033 5431 1216 5485 videre
1281 5433 1489 5499 videor,
1549 5435 1691 5502 quod
1745 5435 1942 5502 sacpius
2003 5451 2100 5491 vos

531 5521 802 5576 cohortati
831 5538 1047 5587 sumus,
1097 5533 1156 5577 ut
1204 5539 1306 5594 una
1360 5524 1646 5580 nobiscum
1699 5527 2100 5596 expeditionem

531 5617 829 5671 sumeretis
870 5626 1061 5672 contra
1115 5612 1362 5682 Turcos;
1418 5631 1604 5672 verum
1667 5617 2099 5675 cobortationem

2188 663 2440 732 Ἴστρον,
2493 665 2624 733 περὶ
2674 665 2773 731 τῆς
2830 665 3101 734 ὑμετέρας
3163 666 3347 718 αὐτῶν
3410 666 3504 716 τὸν
3563 665 3764 732 ἀγῶνα

2185 756 2442 818 ποιεῖται,
2471 754 2609 822 δῆλά
2650 756 2768 808 ἔστι
2800 756 3170 823 λογιζομένοις
3208 756 3360 822 ὑμῖν,
3391 756 3473 808 δτι
3516 756 3612 808 ἐπὶ
3652 754 3764 823 τὴν

2185 843 2396 897 ἐκείνου
2441 845 2837 908 διαϐαίνοντες,
2870 847 2928 908 ἐς
2963 846 3191 915 θόρυϐον
3219 846 3460 898 ἐτίθεσθε
3489 845 3655 899 αὐτοῦ
3688 847 3764 898 τὰ

2188 937 2520 1005 πράγματα.
2543 937 2660 990 Νῦν
2687 938 2743 990 δὲ
2783 936 2909 1000 τούς
2956 955 3014 991 τε
3046 937 3319 1006 ’Έλληνας
3356 937 3623 1001 καθελὼν,
3658 939 3763 992 καὶ

2199 1027 2470 1096 Ἑλλήνων
2503 1028 2744 1098 βασιλέα.
2779 1029 2934 1084 Μετὰ
2964 1030 3023 1082 δὲ
3070 1029 3169 1100 τὴν
3206 1029 3522 1098 Τριϐαλλῶν
3566 1028 3758 1097 χώραν

2189 1119 2280 1188 ὑφ’
2314 1120 2464 1190 αύτῷ
2491 1121 2875 1190 ποιησάμενος,
2897 1121 2992 1174 καὶ
3019 1123 3427 1191 Πελοπόννησον
3451 1139 3752 1191 καταστρε-

2187 1210 2431 1280 ψάμενος
2506 1213 2827 1281 σύμπασαν,
2874 1213 2970 1266 καὶ
3047 1214 3273 1284 βασιλέα
3335 1213 3758 1283 Τραπεζοῦντος

2191 1304 2704 1374 παραστησάμενος,
2737 1305 2834 1359 καὶ
2872 1305 2973 1375 τήν
3003 1319 3061 1358 τε
3106 1304 3292 1376 χώραν
3339 1305 3506 1358 αὐτοῦ
3552 1306 3760 1369 ἑπαγό-

2193 1412 2373 1462 μενος,
2405 1395 2542 1465 μετὰ
2574 1396 2629 1449 δὲ
2680 1397 2982 1465 ἐπιστήσας
3033 1395 3268 1466 ἄρχοντα
3313 1397 3379 1464 τῇ
3428 1395 3620 1461 Δακία,
3657 1395 3763 1447 καὶ

2191 1487 2291 1554 τὴν
2326 1487 2605 1556 Ἰλλυριῶν
2641 1487 2826 1557 χώραν
2883 1488 3256 1560 δῃωσάμενος,
3296 1489 3388 1540 καὶ
3445 1487 3582 1538 ἐλὼν
3635 1486 3761 1554 ἅμα

2192 1577 2288 1628 καὶ
2336 1575 2427 1628 τὸν
2468 1575 2714 1645 βασιλέα,
2761 1577 2931 1647 ἄνδρα
2981 1577 3202 1648 ἐπιεικῆ
3255 1579 3650 1646 καὶ’μέτριον,
3703 1577 3762 1628 ἐν

2195 1666 2387 1736 βραχεῖ
2408 1666 2548 1720 οὕτω
2583 1685 2614 1736 χ
2624 1668 2781 1737 μόνῳ,
2820 1669 3092 1732 τοσαύτας
3118 1669 3441 1730 δυναστείας
3484 1667 3760 1721 καθελών.

2193 1759 2261 1815 Τί
2295 1759 2378 1812 ἔτι
2411 1757 2587 1813 οἴεσθε
2612 1760 2775 1813 αὐτὸν
2803 1761 2896 1813 τοῦ
2925 1760 3114 1814 λοιποῦ
3146 1762 3432 1831 ποιήσεως
3467 1761 3762 1830 Καθεστή-

2199 1873 2350 1909 σεται
2398 1854 2497 1924 μὲν
2533 1855 2805 1924 οὐδαμῶς,
2835 1855 2950 1908 ἀλλ’
2979 1855 3072 1909 ἐπὶ
3116 1858 3242 1919 τοὺς
3274 1845 3508 1926 ὁμόρους
3550 1854 3765 1908 τούτων

2187 1947 2446 2014 ἐλαύνων,
2476 1948 2800 2018 πειράσεται
2824 1951 2922 2009 τὰς
2946 1948 3126 2000 αὐτῶν
3155 1948 3449 2017 γινομένας
3483 1949 3574 2016 ὑφ’
3604 1946 3765 2014 αὐτῷ

2189 2037 2484 2101 ποιεῖσθαι,
2513 2035 2586 2100 ὡς
2619 2036 2684 2090 ἂν
2731 2037 2950 2090 δύναιτο
2973 2037 3204 2106 τάχιστα
3236 2038 3420 2099 αὐτοῖς
3447 2035 3760 2106 προσφερό-

2190 2147 2372 2200 μενος.
2396 2127 2512 2182 Νῦν
2537 2129 2591 2182 δὲ
2616 2130 2740 2200 ἥκει
2764 2129 2859 2182 καὶ
2891 2129 2976 2198 ἐφ’
3008 2128 3153 2198 ὑμᾶς
3177 2128 3274 2196 οὐχ
3308 2128 3507 2198 ἥκιστα
3536 2129 3566 2180 ὁ
3594 2127 3756 2180 πόλε-

2191 2238 2311 2289 μος,
2345 2221 2440 2274 καὶ
2491 2223 2655 2273 παντὶ
2712 2219 2892 2272 σθένει
2941 2220 3261 2289 πειράσεται
3317 2219 3628 2284 διαϐαίνων,
3659 2222 3766 2290 τήν

2189 2331 2248 2365 τε
2279 2313 2460 2383 χώραν
2492 2311 2644 2382 ὑμῶν
2674 2311 3179 2382 ἀνδραποδίζεσθαι,
3209 2312 3304 2365 καὶ
3333 2313 3458 2374 τοὺς
3485 2311 3766 2382 ἄρχοντας

2190 2405 2454 2474 αἰσχίστῳ
2511 2403 2722 2476 ὀλέθρῳ
2778 2405 3113 2472 διαφθεῖραι.
3165 2405 3240 2458 Οὐ
3303 2406 3410 2475 γὰρ
3459 2405 3524 2458 ἂν
3576 2405 3765 2476 ψυχὴν

2191 2497 2354 2549 αὑτοῦ
2405 2497 2520 2548 ἔστι
2570 2495 2902 2548 διαλλάττειν
2935 2499 2991 2559 ὲς
3030 2497 3157 2560 τοὺς
3208 2496 3511 2566 ὑμετέρους
3556 2513 3616 2549 τε
3661 2498 3764 2550 καὶ

2193 2588 2296 2640 ὑπὸ
2348 2590 2448 2658 τὴν
2501 2567 2773 2658 ἡμετέραν
2821 2587 3120 2658 Θρησκείαν
3161 2588 3340 2652 ὄντας.
3403 2587 3546 2641 Ἀλλ’
3599 2588 3762 2656 ἀμεί-

2189 2681 2372 2742 λικτος
2415 2680 2646 2748 πάμπαν
2686 2680 2942 2749 τυγχάνει
2988 2677 3064 2732 ὢν
3090 2680 3290 2747 ὁμοίως
3336 2681 3559 2743 παντὸς,
3581 2679 3655 2749 τῷ
3695 2697 3758 2732 τε

2191 2775 2242 2826 οἱ
2277 2773 2538 2836 ἐπιεικῶς
2572 2773 2881 2843 φερομένῳ.
2927 2771 3270 2824 Πυνοάνεσοε
3307 2770 3416 2841 γὰρ
3449 2771 3621 2840 δήπου
3665 2765 3764 2825 οἷα

2192 2864 2281 2918 τὸν
2311 2863 2609 2918 Λαδίσλαον
2642 2861 2867 2932 βασιλέα
2918 2861 3182 2932 πρότερον
3219 2862 3454 2931 ἄρχοντα
3499 2863 3762 2930 ἐποίησε.

2193 2958 2308 3010 Κάν
2341 2953 2519 3026 τούτῳ
2569 2956 2666 3024 μὲν
2717 2954 2846 3017 ἴσως
2900 2953 3233 3024 συγγνώμην
3266 2954 3422 3024 ἔσχεν
3467 2955 3646 3023 ἑαυτῷ
3705 2957 3766 3008 ἐν

2195 3049 2342 3118 μάχῃ
2372 3048 2567 3101 ἁλόντα
2616 3045 2932 3108 ἀπεκτονώς
2954 3061 2969 3077 ⁸
3001 3046 3092 3098 τὸν
3135 3045 3190 3098 δέ
3228 3062 3287 3114 γε
3337 3045 3560 3114 βασιλέα
3592 3045 3765 3106 Δαϐὶδ

2191 3137 2628 3209 Τραπεζοῦντος,
2652 3139 2746 3191 καὶ
2780 3137 3077 3209 Ἰλλυριῶν,
3105 3138 3200 3191 καὶ
3247 3136 3455 3190 Λέσϐου
3487 3137 3766 3205 ἡγεμόνα,

2193 3235 2319 3295 τούς
2368 3250 2427 3285 τε
2473 3231 2687 3299 ἄλλους,
2743 3231 2795 3284 τι
2848 3230 3084 3301 χαλεπὸν
3133 3231 3224 3281 ὑπ’
3269 3230 3494 3282 ἐκείνων
3545 3229 3766 3297 παθὼν,

2194 3303 2498 3394 διαφθείρει
2537 3325 2644 3376 αἰεὶ
2685 3323 2818 3392 ὁμοῦ
2869 3323 3114 3386 πάνταςς
3173 3322 3232 3373 Εἰ
3294 3322 3392 3389 μὲν
3439 3319 3531 3374 οὖν
3581 3338 3769 3392 παρα-

2196 3414 2525 3477 σκευάζεσθε
2560 3417 2653 3469 ἐπὶ
2687 3416 2784 3485 τὴν
2816 3415 3023 3468 ἐκείνου
3060 3415 3245 3485 χώραν
3284 3413 3528 3467 ἐλαύνειν
3558 3415 3630 3482 ⁷⁸,
3669 3418 3769 3468 τὸν

2194 3509 2430 3578 πόλεμον
2481 3506 2744 3572 ποιεῖσθε,
2789 3509 2927 3577 τάχα
2979 3507 3045 3560 ἄν
3109 3524 3160 3558 τι
3211 3507 3614 3574 ἐπικουφίζοι-τε
3664 3509 3767 3561 καὶ

2194 3601 2294 3669 τὴν
2337 3598 2429 3651 ἐπὶ
2459 3599 2632 3653 ταῦτα
2682 3597 2944 3668 ἐσομένην
2971 3598 3147 3668 ὁρμὴν
3177 3597 3343 3650 αὐτοῦ
3367 3598 3424 3660 ὲς
3461 3597 3560 3665 τὴν
3589 3597 3765 3650 Παιο-

2195 3689 2313 3744 νίαν
2334 3707 2348 3722 ο
2378 3692 2425 3742 εξ
2453 3691 2510 3742 δὲ
2536 3688 2788 3757 ἀνέχεσθε
2817 3686 3042 3741 τοιαῦτα
3078 3687 3402 3757 πάσχοντες,
3435 3687 3766 3756 διαϐήσεται

2193 3779 2251 3833 δὲ
2279 3783 2486 3842 ἐκεῖνος
2518 3779 2683 3832 παντὶ
2712 3778 2788 3848 τῷ
2815 3777 3056 3848 στρατῷ,
3083 3779 3296 3832 δέδοικα
3354 3781 3428 3850 μὴ
3462 3780 3769 3848 σφαλέντες

2197 3871 2363 3936 ἅπαξ,
2393 3872 2514 3926 τάδε
2565 3872 2742 3924 πάντα
2789 3871 2882 3922 ὕπ’
2927 3870 3122 3941 ἐκείνῳ
3173 3873 3416 3942 γένηται,
3467 3875 3560 3925 καὶ
3610 3872 3766 3941 ἡμᾶς

2197 3964 2431 4016 κάκιστα
2466 3962 2730 4033 ἀπολέσῃ.
2762 3960 2948 4013 Ταῦτα
2983 3962 3246 4032 εἰπόντων
3284 3962 3392 4014 τῶν
3423 3965 3707 4016 Οὑενετῶν
3735 3967 3764 4017 ὀ

2199 4053 2449 4124 βασιλεὺς
2482 4052 2725 4104 Παιόνων
2752 4051 3061 4118 ὑπολαϐὼν,
3090 4052 3244 4121 ἔλεγε
3275 4051 3452 4106 τοιάδε
3480 4071 3496 4087 ο
3535 4055 3766 4124 Ἀνδρες

2199 4145 2472 4207 Ούενετοὶ,
2501 4139 2560 4197 εὖ
2613 4161 2671 4196 τε
2710 4143 2920 4212 λέγετε,
2962 4146 3055 4198 καὶ
3086 4145 3292 4198 δοκεῖτε
3341 4145 3474 4216 πρὸς
3502 4146 3675 4200 πολ.λᾶ
3719 4148 3767 4180 ⁷³

2199 4235 2388 4304 ἄνδρες
2425 4227 2567 4287 εἶναι
2598 4235 2698 4287 οὐκ
2725 4235 2996 4301 ἀξύνετοι,
3025 4235 3082 4298 ἔς
3122 4253 3181 4289 τε
3215 4236 3284 4289 τὰ
3316 4236 3452 4291 ἄλλα
3492 4237 3588 4289 τοῦ
3621 4238 3763 4306 βξου,

2200 4327 2294 4382 καὶ
2328 4329 2385 4390 ἐς
2416 4327 2481 4381 τὰ
2513 4327 2700 4380 δέοντα
2753 4327 2936 4390 αὐτοῖς
2977 4327 3311 4396 λογίζεσθαι.
3356 4327 3562 4383 Ἐκεῖνο
3603 4329 3658 4382 δὲ
3702 4331 3766 4383 ού

2200 4419 2407 4474 δοκεῖτε
2437 4419 2570 4490 ἡμῖν
2624 4419 2956 4489 μεμνῆσθαι,
2995 4420 3070 4482 ὼς
3121 4421 3210 4474 τὸν
3246 4421 3474 4473 ἐπὶτῶν
3503 4419 3767 4491 Τούρκων

2204 4513 2433 4584 πόλεμον
2486 4512 3095 4584 συμπαρελαμϐάνομεν
3159 4511 3419 4577 πολλάκις
3467 4515 3632 4583 ὑμᾶς,
3668 4517 3770 4567 καὶ

2201 4606 2302 4661 οὐκ
2354 4605 2657 4676 ἠθελήσατε
2707 4609 2994 4676 τιμωρεῖν,
3031 4607 3475 4677 παρακαλοῦντος
3517 4608 3640 4678 ἅμα,
3668 4610 3767 4659 καὶ

2202 4698 2294 4752 τοῦ
2328 4696 2583 4769 μεγίστου
2616 4698 2935 4769 ἀρχιερέως.
2983 4699 3128 4752 Ἀλλ’
3169 4697 3489 4752 ὲσπὲνδεσοε
3525 4698 3602 4769 τῷ
3631 4701 3767 4769 βαρ-

2203 4793 2376 4862 ϐάρῳ,
2407 4793 2500 4844 καὶ
2531 4790 2689 4861 ἡμῶν
2719 4790 2876 4858 λόγον
2901 4789 3091 4843 οὐδένα
3117 4790 3412 4845 ἐποιεῖσθε.
3463 4790 3768 4858 Ἐφάσκετε

2200 4885 2278 4951 δὲ,
2321 4883 2395 4948 ὡς
2440 4883 2539 4937 οὐκ
2587 4884 2772 4936 εἰκότα
2819 4883 2971 4952 ὑμῶν
3017 4883 3413 4952 προσδεόμεθα,
3449 4884 3767 4945 κελεύοντες

2201 4974 2520 5044 ἐπαμύνειν,
2566 4973 2848 5044 μηδοτιοῦν
2907 4975 3140 5043 χαλεπὸν
3182 4975 3458 5037 ἐπιδόντες
3507 4975 3611 5027 ὑπὸ
3666 4974 3766 5026 to?»

2203 5065 2506 5139 βαρϐάρου.
2543 5068 2651 5120 Καὶ
2689 5067 2850 5137 ἡμεῖς
2888 5067 2950 5134 δὴ
2979 5067 3118 5118 οὕτω
3141 5066 3404 5129 πολλάκις
3431 5066 3521 5119 τὸν
3549 5065 3766 5134 Ἴστρον

2201 5159 2516 5220 διαϐάντες,
2579 5159 2854 5226 ἀνήκεστα
2911 5157 3314 5228 ἐπεπόνοαμεν.
3379 5157 3487 5211 Καὶ
3542 5157 3767 5224 πρῶτον

2207 5252 2306 5320 μὲν
2339 5250 2637 5312 Λαδίσλαος
2668 5253 2694 5302 ὸ
2720 5250 2882 5316 τῆσδε
2915 5249 3014 5317 τῆς
3045 5248 3227 5318 χώρας
3269 5249 3522 5318 βασιλεὺς
3549 5249 3766 5302 ἐτελεύ-

2203 5357 2389 5412 τησεν,
2416 5343 2556 5412 ἀνὴρ
2606 5343 2897 5412 γενόμενος
2940 5342 3168 5409 ἁγαθός.
3205 5342 3278 5394 Τὸ
3309 5342 3559 5412 δεύτερον
3605 5337 3770 5405 αὖθις

2202 5433 2388 5487 πολλοί
2418 5450 2477 5486 τε
2511 5435 2625 5502 ἆμα
2653 5435 2746 5486 καὶ
2781 5435 2998 5501 ἁγαθοὶ,
3034 5436 3089 5488 ὲν
3140 5434 3369 5504 Κοσόϐῳ
3399 5437 3495 5504 τῆς
3527 5434 3768 5505 Τριϐαλ-

2197 5525 2306 5577 λῶν
2352 5524 2557 5595 χώρας,
2600 5526 2650 5577 οἱ
2692 5525 2790 5594 μὲν
2821 5527 2878 5578 ὲν
2923 5526 3001 5596 τῷ
3029 5527 3253 5598 πολέμῳ
3296 5528 3585 5590 ἀπέθανον,
3625 5525 3672 5578 οἱ
3707 5526 3770 5579 δὲ

2202 5620 2296 5670 καὶ
2338 5617 2583 5672 ἑάλωσαν
2619 5616 2723 5670 ὑπὸ
2751 5616 3026 5686 Τούρκων.
3055 5617 3238 5671 Ταῦτα
3287 5619 3388 5689 μέν
3432 5635 3515 5672 τοι
3545 5617 3672 5687 ὑμῖν
3704 5619 3771 5671 ἐν

1817 5753 2060 5816 Notulce
2092 5753 2488 5833 marginales.

607 5866 652 5897 ‘"
687 5866 750 5920 lu
782 5885 905 5935 uno,
936 5873 1271 5934 ἐλαύνοντες.
1354 5874 1397 5906 ⁷³
1433 5873 1498 5927 In
1531 5892 1651 5942 uno,
1688 5875 1916 5929 πολλῶν.
