4126 6470
481 339 501 399 .'
514 337 589 402 Η
1608 325 1884 390 LAONIC
1896 325 1923 385 Ι
1979 317 2423 385 CHALCOCUN
2436 318 2650 380 DYLA!
3644 314 3757 378 ξιιίὸ
3820 352 3823 353 ν

478 456 593 522 jam
627 450 990 520 desperarent
1042 446 1125 516 (ιιι
1162 444 1258 515 qui
1292 444 1621 513 semetipsos
1655 442 1903 512 proditos
1934 453 2056 494 cre-
2084 454 2098 496 ι

2204 435 2258 489 αἱ
2312 434 2603 505 Πεληνιϊς.
2675 435 2740 487 '0
2781 433 2840 487 δὲ
2902 432 3321 502 Πελοποννήσου
3376 430 3644 501 ὕπαρχος,
3696 436 3764 485 ἐν

483 518 701 615 tlercnt)
732 518 792 598 se
827 556 986 612 posse
1019 540 1217 594 illazsos
1263 544 1321 591 et
1367 536 1553 592 salvos
1600 542 1928 601 prazsentem
1963 545 2064 585 ne-

2204 527 2404 599 ιεοντίῃ
2434 529 2537 599 τῆς
2588 526 3027 595 Μεγαλοπόλεως
3081 525 3399 596 διατρίϐων,
3459 525 3686 578 ἐσκόπει

485 637 799 693 ressitatem
841 634 1099 702 effugere.
1143 628 1407 695 Laconia,
1452 629 1659 699 quique
1697 625 1985 680 Tartarum
2010 632 2069 677 et

2204 638 2379 676 καστα
2406 621 2774 692 προσήσεται.
2800 622 2912 675 Καὶ
2948 621 3171 691 κήρυκα
3221 619 3463 690 πέμπων
3511 619 3570 681 ἐς
3600 617 3765 688 βασι-

486 728 848 797 Epidamnum
882 724 996 793 (15)
1054 722 1339 785 tenebant,
1379 735 1595 775 necnon
1645 716 1864 772 ﬁnitimi
1917 715 2067 770 illico

2204 717 2292 779 ια,
2323 715 2538 785 ἐδήλου,
2579 716 2657 778 ὼς
2689 714 2944 769 Οὐενετοὶ
2968 718 3068 783 τήν
3094 731 3152 768 τε
3191 713 3382 784 χώραν
3425 713 3771 780 ἀφιστάντες

486 815 882 873 accedentibus
941 812 1166 867 Venetis
1220 812 1293 865 ab
1349 825 1476 882 rege
1526 808 1905 864 desciverunt.
1956 804 2068 861 llos

2204 809 2498 880 πολεμοῦσι,
2525 810 2623 862 καὶ
2644 808 2707 861 τὸ
2751 810 2956 878 Ἀργος
2983 810 3232 871 ἐπιόντες
3274 804 3386 860 ἀπὸ
3443 806 3769 867 Ναυπλίου.

487 909 662 964 secuti
691 916 820 963 sunt
856 907 1098 963 Arcades
1150 914 1205 959 et
1268 903 1642 959 Pellenenses.
1699 898 2066 970 Pel0ponnesi

2205 902 2261 956 ιὰ
2290 903 2391 973 τῆς
2435 888 2700 973 ἠπείρου,
2754 903 2852 956 καὶ
2905 901 2995 955 διὰ
3048 900 3352 970 θαλάσσης,
3399 897 3775 968 ἐπολιόρκουν

2174 995 2603 1066 προσϐαλόντες.
2664 996 2777 1048 Καὶ
2834 993 3142 1064 ἐπειρῶντο
3194 993 3381 1061 μολεῖν
3415 992 3485 1047 ⁷⁷.
3529 990 3772 1062 Ἐνῆσαν

2175 1090 2234 1144 δὲ
2265 1088 2360 1143 τοῦ
2389 1088 2656 1160 βασιλέως
2680 1088 3024 1157 πεντήκοντα
3050 1085 3328 1154 νεήλυδες,
3348 1086 3445 1138 καὶ
3476 1084 3764 1155 ἁρμοστὴς

2176 1182 2405 1246 τούτων,
2437 1181 2489 1234 oi
2514 1180 2948 1251 προσεχώρησαν
2978 1180 3087 1239 τοῖς
3118 1176 3405 1240 Οὐενετοῖς
3457 1174 3585 1230 καθ’
3635 1176 3770 1246 ὁμο-

2178 1274 2394 1341 λογίαν,
2453 1273 2551 1326 ml.
2604 1273 2827 1342 ἀφῆκαν
2880 1271 3120 1335 ἀπαθεῖς
3172 1271 3419 1324 ἀπιέναι.
3464 1266 3629 1325 Οὗτοι
3669 1271 3778 1338 μὲν

2178 1364 2325 1420 οὕτω
2352 1366 2615 1433 διέφυγον
2646 1364 2721 1434 μὴ
2745 1364 3072 1426 ἀπολέσθαι,
3109 1363 3206 1415 καὶ¹
3229 1363 3290 1415 το
3335 1362 3545 1431 Ἀργος
3582 1378 3781 1432 παρα-

2177 1456 2441 1519 λαΰόντες
2470 1456 2749 1518 Ούενετοὶ,
2800 1456 3052 1527 φρουράν
3099 1473 3159 1509 τε
3219 1455 3608 1524 ἐγκατέλιπον.
3679 1456 3788 1506 καὶ

495 1551 877 1606 transitionem
932 1548 1137 1605 facere.
1195 1548 1363 1604 Erant
1420 1551 1472 1604 in
1510 1566 1575 1605 ea
1609 1550 1746 1605 urbe
1793 1548 2070 1618 peregrini

2204 1551 2422 1620 ἱρχοντα
2440 1551 2497 1603 ὲν
2513 1549 2685 1619 αὐτῷ.
2714 1546 2885 1603 Ἔνθα
2907 1548 2972 1617 δὴ
2990 1548 3294 1620 συνηνέχθη
3321 1549 3511 1612 αὐτοῖς
3538 1546 3788 1601 τοιόνδε.

495 1644 703 1698 milites
771 1642 914 1711 regis
968 1642 1366 1712 quinquaginta
1437 1656 1544 1695 una
1600 1656 1725 1697 cum
1767 1640 1904 1695 duce
1939 1652 2079 1695 suo:

2204 1641 2285 1703 Ὠς
2320 1642 2429 1711 γὰρ
2481 1641 2872 1711 ἐπεκράτησαν
2916 1639 3014 1693 τοῦ
3049 1643 3313 1712 Ἀργους,
3365 1642 3462 1695 καὶ
3519 1639 3789 1710 βοήθειαν

496 1734 617 1802 qni,
663 1732 1078 1786 conditionibus
1126 1729 1977 1801 quibusdamintercedentibus,
2025 1742 2084 1783 se

2204 1733 2461 1801 ἔπεμπον,
2515 1732 2916 1803 ἐπιτρέψαντες
2959 1734 3114 1805 ἀνδρὶ
3158 1733 3474 1804 Ἱερωνύμῳ
3539 1731 3791 1801 Βερνςὶρ⁴

502 1825 721 1881 Venetis
752 1823 1030 1890 dedidere,
1070 1839 1209 1894 quos
1246 1823 1392 1893 passi
1427 1832 1557 1878 sunt
1604 1824 1760 1878 abire
1791 1821 2086 1877 inviolatos

2204 1828 2295 1880 imv
2317 1827 2527 1894 γένους,
2559 1831 2656 1879 καὶ
2687 1825 3081 1892 ἑπιτείλαντες,
3111 1827 3187 1888 ὡς
3217 1826 3284 1879 ἂν
3328 1826 3416 1879 διὰ
3465 1822 3561 1877 τοῦ
3599 1823 3790 1891 αῑγια-

499 1932 556 1974 et
605 1919 930 1974 incolumes.
978 1919 1095 1973 lloc
1138 1918 1304 1972 tnodo
1362 1917 1451 1972 isti
1506 1912 1738 1972 exitium
1792 1917 2087 1971 imminens

2204 1920 2287 1974 λοῦ
2316 1919 2546 1987 προῖὼν,
2577 1904 2832 1985 ἀφίκοιτο
2863 1919 2919 1982 ις
2943 1920 3006 1972 τὸ
3029 1920 3235 1990 Ἀργος
3264 1933 3279 1948 ’
3313 1921 3340 1972 ό
3367 1918 3424 1971 δὲ
3465 1918 3787 1985 ἀπειθήσας

498 2022 812 2067 evaserunt.
848 2008 1037 2066 Veneti
1064 2013 1216 2075 Argo
1255 2011 1403 2075 urbi,
1439 2025 1564 2079 quae
1605 2010 1659 2063 in
1684 2008 1951 2063 ditionem
1994 2023 2091 2065 ve-

2204 2015 2282 2087 ᾔει
2317 2015 2364 2047 ’⁸
2392 2015 2492 2083 τὴν
2521 2013 2850 2083 μεσόγαιον,
2884 2013 3160 2084 φέρουσαν
3183 2013 3272 2066 διὰ
3311 2013 3413 2082 τῆς
3469 2011 3770 2081 ὑπωρείας.

502 2115 684 2170 nerat,
713 2104 1024 2174 praesidium
1076 2103 1478 2175 imposuerunt,
1537 2102 1731 2157 relicto
1781 2101 1980 2156 ibidem
2033 2111 2089 2158 et

2207 2108 2474 2162 Ἐνταῦθα
2520 2109 2570 2162 οἱ
2621 2107 2860 2177 Τοῦρκοι
2899 2107 3340 2177 προλοχήσαντες
3386 2106 3489 2175 τὴν
3553 2106 3652 2159 ἐπὶ
3696 2103 3771 2173 τῷ

500 2196 665 2250 duce.
725 2195 828 2251 Ubi
887 2194 1206 2265 imjusmo-Ji
1272 2209 1436 2251 casus
1483 2192 1709 2250 Venetis
1760 2194 1983 2249 accidit.
2018 2193 2089 2250 Ut

2204 2203 2396 2271 Ἀργει
2424 2201 2569 2267 όδὺν,
2595 2200 2691 2254 καὶ
2718 2200 3048 2265 ὑποισαντες
3082 2202 3287 2270 ἄνδρας
3317 2198 3539 2262 ἑκατὸν,
3585 2200 3786 2267 ἀνέμε-

499 2293 646 2349 enim
678 2292 835 2362 potiti
862 2301 991 2347 sunt
1026 2292 1197 2360 Argo,
1245 2290 1621 2347 submiserunt
1650 2290 1914 2345 auxilium
1948 2289 2090 2345 duce

2204 2314 2288 2351 νον
2320 2296 2372 2348 si
2392 2311 2444 2347 τι
2476 2294 2615 2365 ἀπίῃ
2654 2294 2711 2354 ἐς
2763 2293 3047 2363 τιμωρίαν
3097 2293 3266 2362 φέρον
3324 2294 3440 2354 τοῖς
3488 2290 3798 2361 Ἀργείοις.

490 1001 777 1072 praefectus
824 1000 878 1053 in
941 997 1169 1052 Leontia
1206 995 1321 1069 (16)
1379 994 1736 1066 Megalopolis
1798 1002 2070 1059 moratus,

487 1088 843 1159 exspectabat
899 1088 978 1141 rei
1031 1097 1309 1141 eventum.
1362 1084 1630 1140 Nuntium
1662 1084 1729 1139 ad
1768 1098 1955 1156 regem
1992 1083 2074 1138 di-

491 1185 639 1236 misit
675 1180 771 1251 qui
808 1182 1086 1235 nuntiaret
1124 1179 1362 1235 Venetos
1395 1181 1450 1234 in
1495 1178 1667 1233 armis
1694 1192 1839 1244 esse,
1881 1183 1937 1231 et
1987 1190 2074 1232 re-

491 1276 710 1344 gionem
777 1273 844 1327 ad
902 1272 1265 1327 defectionem
1318 1271 1644 1327 sollicitare.
1696 1267 1887 1325 Veneti
1931 1278 2075 1323 terra

493 1366 742 1434 marique
768 1365 838 1419 ab
875 1362 1116 1432 Nauplio
1148 1365 1519 1434 properabant
1544 1363 1748 1435 Argos;
1787 1377 1950 1432 quam
1979 1377 2076 1417 ur-

494 1460 616 1513 bem
647 1456 888 1527 aggressi
956 1457 1347 1529 oppugnabant
1377 1475 1393 1525 ;
1448 1457 1706 1528 Oppidani
1735 1457 2080 1511 conabantur

500 2384 841 2456 ilieronymo
889 2384 960 2440 de
1017 2383 1226 2439 fatniiia
1279 2381 1713 2449 Bernardornm;
1768 2382 1855 2437 cui
1889 2395 2091 2451 praece-

504 2492 659 2551 ptum
683 2488 826 2543 erat,
864 2487 924 2532 ut
968 2493 1064 2547 per
1102 2477 1257 2531 littus
1284 2476 1586 2532 auxiliares
1622 2476 1857 2541 ducens,
1895 2489 2090 2545 perge-

504 2583 589 2629 ret
620 2576 818 2641 Argos.
846 2571 920 2635 is,
963 2579 1282 2639 contempto
1311 2569 1548 2638 imperio
1584 2569 1957 2637 magistratus,
1997 2584 2094 2622 au-

505 2665 702 2719 xiliare
732 2676 932 2733 agmen
965 2663 1113 2716 ducit
1167 2676 1265 2731 per
1304 2661 1760 2717 mediterranea.n
1790 2661 2092 2730 regionem,

508 2758 614 2812 iter
637 2754 851 2809 faciens
889 2769 985 2824 per
1026 2753 1266 2808 radicem
1332 2754 1557 2808 montis.
1608 2752 1685 2808 ibi
1731 2762 1845 2807 tum
1900 2750 2091 2820 Turci,

509 2848 689 2904 locum
727 2849 946 2905 insidiis
987 2856 1437 2920 praeoccupantes
1475 2847 1529 2902 in
1585 2847 1779 2901 itinere
1807 2844 1955 2916 quod
1992 2847 2097 2900 fert

506 2941 704 3012 Argos,
760 2940 1268 3010 submittentesque
1315 2938 1467 2994 viros
1513 2948 1756 3002 centum,
1806 2945 2116 3007 exspectas

510 3037 660 3091 runt,
714 3029 759 3083 si
813 3043 922 3098 qua
975 3028 1194 3082 occasio
1245 3027 1475 3081 daretur
1507 3023 1814 3079 ulciscendi
1840 3023 2092 3093 Argivos.

514 3119 583 3176 Ut
625 3119 926 3191 conspicati
981 3129 1111 3175 sunt
1174 3118 1566 3189 Hieronymum
1613 3119 1716 3171 iter
1768 3117 1949 3171 metiri
2002 3132 2098 3187 per

2205 2387 2296 2451 Ὠς
2325 2388 2384 2440 δὲ
2407 2386 2597 2457 ἐώρων
2623 2387 2719 2440 τὸν
2763 2385 3095 2457 Ἱερώνυμον
3142 2386 3348 2454 ἄγοντα
3391 2385 3522 2447 τοὺς
3582 2383 3799 2452 ἄνδρας

2198 2481 2295 2533 ἐπὶ
2324 2481 2386 2534 τὸ
2415 2481 2623 2550 Ἀργος
2651 2479 2744 2533 διὰ
2772 2479 2874 2548 τῆς
2921 2480 3247 2549 μεσογαιου,
3308 2478 3563 2544 ἔφθησαν
3597 2479 3704 2544 τήν
3734 2493 3797 2527 τε

2200 2560 2490 2645 ἀπώρειαν
2528 2573 2598 2639 ⁷⁸,
2639 2572 2736 2625 καλ⁴
2792 2572 2887 2623 τδν
2927 2571 3181 2638 αἰγιαλὸν
3247 2568 3673 2633 καταλαϐόντες,
3728 2568 3795 2619 ἐι

2205 2668 2356 2735 μέσῳ
2385 2661 2725 2733 ποιήσασθαι
2759 2660 2858 2731 τὴν
2887 2662 3172 2713 υύενετῶν
3205 2659 3487 2731 βοήθειαν.
3555 2658 3658 2713 Καὶ
3708 2656 3792 2719 ὡς

2201 2760 2488 2829 ἐποίησαν,
2533 2755 2836 2826 ἐτρέψαντο
2868 2755 3067 2808 αὐτίκα
3116 2755 3366 2815 τούτους,
3419 2753 3513 2806 καὶ
3548 2750 3801 2821 διαφθεεα

2206 2867 2404 2922 ραντες
2434 2851 2493 2913 ἐς
2517 2848 2830 2910 διακοσίους
2865 2846 3095 2909 τούτους
3120 2845 3470 2916 ἐζώγρησαν.
3534 2844 3711 2905 Αὐτός
3734 2860 3800 2895 τε

2214 2943 2545 3014 Ἱερώνυμος
2575 2941 2800 3009 διέφυγε
2835 2938 2910 3011 μὴ
2960 2937 3284 2992 ἀπολέσθαι.
3355 2936 3562 3008 Ἐμὸὰς
3616 2936 3677 2989 δὲ
3737 2937 3801 2997 ἐς

2206 3033 2395 3087 πλοῖον
2444 3031 2615 3104 ταύτῃ
2668 3049 2772 3085 που
2829 3030 3217 3102 ὁρμιζὸμενον,
3284 3029 3684 3099 ἐπηγγέλλετο,
3718 3026 3804 3092 ὥς

2207 3128 2312 3181 ὑπὸ
2340 3125 2433 3180 τοῦ
2471 3125 2782 3198 στρατηγοῦ
2837 3126 3042 3195 παρείη
3100 3123 3351 3176 πλεύσων
3396 3123 3495 3194 τὴν
3536 3123 3800 3190 Αἴγιναν.

512 3214 975 3269 mediterraneum
1057 3213 1367 3281 regionem,
1448 3221 1830 3282 praevenerunt
1902 3211 2098 3267 montis

2223 3219 2314 3283 Ὦς
2343 3220 2400 3273 δὲ
2434 3221 2529 3273 ἐπὶ
2558 3219 2788 3287 Αἴγιναν
2810 3220 3058 3287 ἀφίκετο,
3098 3214 3255 3280 αὖθις
3314 3216 3564 3269 ἐκέλευεν
3628 3216 3807 3269 αὐτὸν

510 3311 788 3375 radicem;
837 3320 893 3365 et
935 3315 1273 3377 occupantes
1322 3308 1502 3375 littus,
1567 3307 1899 3363 Venetorum
1951 3307 2098 3363 auxi-

2211 3312 2653 3384 διαπορθμεῦσαι
2691 3316 2749 3375 ἐς
2790 3312 3046 3366 Εὔϐοιαν.
3099 3311 3322 3374 Ἐπιδάς
3346 3312 3404 3364 δὲ
3437 3314 3495 3373 ἐς
3539 3312 3642 3379 τὴν
3682 3312 3813 3365 ’Δτ-

513 3400 677 3458 iiares
729 3403 782 3456 in
825 3402 1003 3458 medio
1055 3400 1400 3458 conclusere.
1437 3398 1576 3457 lline
1634 3416 1701 3456 ex
1762 3401 1974 3457 insidiis
2003 3416 2098 3456 ex-

2213 3410 2399 3480 τικὴν,
2436 3408 2692 3462 ἐντεῦθεν
2716 3408 2948 3476 ἀφίκετο
2978 3407 3132 3478 παρᾶ
3166 3405 3415 3476 βασιλέα.
3485 3406 3660 3470 Οὗτος
3700 3408 3813 3477 μὲν

513 3505 821 3566 surgentes,
866 3494 1100 3550 Venetos
1128 3496 1398 3550 continuo
1447 3496 1501 3549 in
1557 3493 1739 3565 fugam
1787 3495 2097 3573 coniecere,

2206 3501 2302 3557 οὖν
2338 3503 2398 3555 οὐ
2432 3501 2615 3572 πολλῷ
2648 3499 2878 3571 ὕστερον
2910 3499 3070 3563 αὖθις
3102 3501 3160 3564 ἐς
3184 3502 3308 3564 τοὺς
3341 3501 3641 3563 Οὑενετοὺς
3672 3501 3815 3556 ύπο-

515 3586 684 3659 298
704 3589 868 3643 cassis
907 3587 1183 3653 ducentis,
1227 3587 1567 3657 totidemque
1600 3587 1795 3658 captis.
1832 3588 2098 3658 ilict-ony-

2213 3596 2481 3668 στρέψας,
2505 3596 2723 3668 χαλεπὰ
2753 3593 3094 3670 ἐπεπόνθει..

513 3700 639 3741 mus
679 3687 801 3756 fuga
834 3686 1012 3741 evasit
1053 3683 1376 3756 impendens
1424 3684 1748 3740 discrimen.
1804 3686 2096 3759 Ingressus
2137 3702 2321 3749 autem
2353 3708 2572 3756 navem,
2608 3708 2731 3763 quae
2777 3694 2916 3746 forte
2967 3707 3035 3746 eo
3081 3691 3387 3761 appulerat,
3453 3690 3675 3745 dicebat
3744 3704 3813 3744 se

516 3782 752 3837 abduce
827 3780 1032 3836 Veneto
1082 3781 1393 3844 advenisse,
1456 3790 1514 3836 ut
1570 3781 2018 3852 proficisceretur
2075 3787 2132 3842 in
2200 3785 2480 3858 Eginam.
2543 3786 2614 3842 Ut
2680 3790 2733 3841 in
2788 3786 3043 3857 JEginam
3091 3788 3258 3849 venit,
3324 3795 3545 3842 nautam
3595 3802 3804 3840 navem

515 3879 731 3933 solvere
756 3886 812 3931 ct
839 3892 1066 3932 cursum
1095 3876 1152 3931 in
1206 3873 1474 3929 Euboiam
1523 3874 1762 3947 dirigere
1786 3877 1964 3947 jubet.
2030 3877 2241 3936 Dehinc
2314 3895 2570 3952 egressus
2623 3890 2707 3935 est
2786 3879 2838 3933 in
2889 3878 3148 3945 Atticam,
3202 3890 3256 3934 et
3298 3880 3428 3935 inde
3470 3860 3540 3935 ad
3617 3897 3810 3953 regem

512 3980 620 4034 iter
678 3974 851 4031 flexit.
899 3973 950 4029 Is
1000 3973 1147 4029 baud
1196 3974 1372 4028 multo
1431 3982 1554 4043 post
1603 3987 1858 4029 reversus
1914 3974 1981 4029 ad
2010 3973 2270 4044 Venetos,
2327 3991 2524 4049 graves
2570 3991 2765 4048 pmnas
2810 3976 2992 4049 'spreti
3072 3987 3125 4032 et
3193 3977 3497 4048 contempti
3581 3976 3809 4048 imperii

516 4070 689 4125 dedit.

593 4159 768 4215 Graeci
804 4162 901 4229 qui
930 4167 1089 4211 erant
1126 4157 1184 4211 in
1214 4157 1621 4227 Peloponneso,
1653 4164 1710 4212 et
1739 4157 1959 4222 Albani,
1996 4175 2123 4216 nec-

2293 4161 2359 4214 Oi
2395 4157 2579 4228 μέντοι
2605 4155 2884 4222 Οὖενετοὶ,
2913 4157 2988 4219 ὡς
3020 4159 3434 4229 προϊσχομένων
3465 4158 3575 4213 τῶν
3623 4161 3690 4214 ἐν
3737 4163 3809 4232 τῇ

520 4267 628 4308 non
664 4249 955 4315 libasicus,
1001 4258 1059 4303 et
1100 4247 1294 4304 Petrus
1344 4248 1609 4312 Claudus,
1648 4249 1796 4305 baud
1826 4253 2091 4307 cessaban

2222 4252 2621 4323 Πελοποννήσῳ
2663 4250 2934 4322 Ἑλλήνων
2967 4269 3026 4305 τε
3059 4252 3175 4323 ἅμα
3202 4256 3295 4307 καὶ
3340 4252 3643 4322 Ἀλϐανῶν,
3706 4259 3811 4310 καὶ

520 4341 812 4398 consulere
841 4338 1090 4407 Venetis,
1135 4347 1195 4393 ut
1248 4338 1515 4395 lstbmum
1552 4356 1712 4398 muro
1740 4341 2107 4399 inrinderent.

523 4436 641 4490 iloe
697 4435 843 4487 enim
902 4430 1068 4497 facto,
1124 4431 1347 4487 aiebant
1397 4429 1903 4503 Peioponnesiacos
1957 4436 2108 4492 illico

522 4529 840 4585 defecturos
893 4528 961 4581 ab
1008 4541 1155 4596 rege,
1199 4528 1256 4582 et
1315 4525 1385 4582 ad
1438 4526 1674 4582 Venetos
1727 4529 2105 4585 transitionem

488 4628 491 4629 ⁷
522 4624 786 4678 facturos.
818 4617 951 4674 Nam
986 4619 1279 4689 plurimum
1324 4619 1587 4674 momenti
1613 4620 1679 4675 ad
1719 4619 2109 4686 defectionem,

527 4729 643 4770 rem
676 4729 794 4767 eam
825 4714 1045 4768 habere.
1078 4712 1261 4767 Visum
1287 4723 1373 4767 est
1402 4711 1570 4782 igitur
1594 4720 1658 4767 ut
1680 4727 1804 4768 cum
1836 4708 2109 4770 universis

526 4805 697 4875 copiis
727 4820 864 4876 Opus
917 4804 1369 4876 aggrederentur,
1431 4802 1810 4875 lstbmumque
1863 4806 2115 4862 obstrue-

528 4909 671 4962 rent,
709 4914 777 4953 an
824 4900 909 4952 vel
958 4899 1064 4953 isto
1097 4900 1257 4953 modo
1301 4899 1368 4952 ad
1404 4898 1765 4953 defectionem
1798 4898 2113 4952 inclinatnri

525 4999 713 5047 essent
762 4989 1353 5059 Peloponnesiacorum
1408 4988 1600 5043 animi.
1655 4988 2024 5043 Advenientes
2050 4988 2117 5042 ad

528 5099 668 5154 opus
734 5082 1081 5152 praedictum,
1140 5082 1349 5152 lapides
1420 5094 1475 5137 et
1534 5095 1667 5137 saxa
1729 5085 2117 5151 congerebant,

527 5186 781 5242 opusque
829 5170 1204 5226 incredibilem
1251 5170 1305 5224 in
1369 5186 1574 5225 morem
1623 5172 1772 5226 brevi
1817 5173 2117 5227 crescebat.

481 5327 484 5330 ,
527 5264 596 5318 Et
629 5272 903 5319 tentantes
967 5264 1181 5319 animos
1229 5263 1846 5334 ιὐΙοιιοηιιοείοοονυηι,
1900 5266 2117 5336 pericu-

529 5359 640 5411 lum
690 5356 986 5424 faciebant,
1051 5358 1100 5411 si
1158 5365 1214 5412 ct
1265 5359 1588 5413 Corinthum
1639 5359 1707 5413 ad
1753 5358 2118 5415 defectionem

2221 4345 2595 4415 κελευομένων
2627 4344 2828 4412 αὖτῶν,
2861 4346 2957 4399 καὶ
2996 4346 3255 4401 Ῥασίκου
3289 4349 3384 4402 καὶ
3441 4350 3654 4419 Πέτρου
3707 4348 3805 4402 τοῦ

2218 4436 2432 4501 Χωλοῧ,
2465 4436 2541 4501 ὡς
2568 4439 2615 4490 εἰ
2645 4436 2737 4489 τὸν
2769 4435 2991 4507 Ἰσθμὸν
3031 4436 3353 4509 τειχισαιεν,
3397 4439 3597 4494 αὐτίκα
3652 4440 3810 4504 ὅντες

2217 4531 2266 4583 οἱ
2298 4529 2725 4599 Πελοποννήσιοι
2756 4530 3189 4600 ἀποστήσονται,
3214 4534 3307 4585 καὶ
3342 4531 3430 4584 ἐπ’
3462 4534 3663 4596 αὐτοὺς
3687 4552 3805 4603 χω-

2223 4624 2474 4697 ρήσουσι.
2509 4622 2673 4693 Μέγα
2698 4624 2809 4694 γάρ
2839 4642 2920 4677 τοι
2945 4624 3288 4696 προσφέρειν
3339 4624 3499 4679 τοῦτό
3532 4642 3723 4696 σφισιν
3745 4629 3811 4689 ἐς

2208 4719 2309 4787 τὴν
2341 4718 2663 4772 ἀπόστασιν.
2709 4718 2914 4771 Ἐδόκει
2945 4717 3000 4771 δὲ
3027 4719 3207 4782 ἰόντας
3254 4722 3623 4790 πανστρατιᾷ,
3666 4704 3815 4790 φρά-

2216 4809 2456 4876 γνυσθαι
2485 4811 2578 4864 τὸν
2622 4809 2858 4879 Ἰσθμὸν,
2892 4812 2984 4865 καὶ
3037 4810 3430 4883 διαπειρᾶσθαι
3480 4811 3593 4864 τῶν
3647 4813 3708 4865 ἐν
3740 4817 3813 4885 τῇ

2219 4902 2641 4973 Πελοποννήσῳ.
2694 4902 3073 4972 Ἀφικομένων
3098 4902 3178 4965 δὲ,
3210 4903 3393 4966 λίθους
3440 4889 3814 4967 συντιθέντες,

2218 4995 2628 5066 ἐπῳκοδόμουν,
2677 4996 2752 5058 ὡς
2792 4995 3246 5066 ἀποπειρώμενοι
3303 4997 3415 5049 τῶν
3457 4996 3813 5067 Πελοποννη-

2219 5087 2351 5140 σίων
2369 5086 2675 5155 γνώσωσιν,
2711 5090 2758 5140 εἰ
2791 5089 3146 5159 προσχωροίη
3185 5089 3338 5159 καὶὴ
3371 5088 3629 5158 Κόρινοὸς
3682 5106 3817 5157 σφι-

2221 5198 2297 5244 σι,
2328 5181 2423 5233 καὶ
2453 5181 2523 5232 τὰ
2579 5179 2743 5233 λοιπά
2770 5181 2871 5251 τῆς
2906 5182 3314 5252 Πελοποννήσου
3377 5182 3577 5237 αὐτίκα
3626 5186 3818 5254 χωρήη-

2223 5290 2408 5325 σουσιν
2465 5273 2638 5336 ἰόντες
2679 5274 2738 5335 ἐς
2782 5273 3004 5336 αὐτούς.
3042 5274 3131 5338 Ὠς
3174 5275 3233 5329 δὲ
3284 5277 3720 5347 ἐπῳκοδόμησαν
3753 5295 3815 5330 τε

2216 5362 2309 5417 τὸν
2340 5360 2581 5434 Ἰσθμὸν,
2611 5364 2707 5418 καὶ
2732 5362 2890 5416 οιὺτολ⁸
2918 5363 3284 5429 ἀναλαϐόντες
3304 5367 3375 5420 τὰ
3421 5364 3585 5431 ὅπλα,
3635 5364 3816 5437 ᾔεσαν

1819 5494 2071 5555 Notulre
2107 5496 2527 5575 marginales.

600 5618 717 5689 (ιδ)
747 5621 835 5675 Ai.
856 5618 1213 5691 Epidaurum.

2317 5624 2430 5697 (i6)
2464 5624 2781 5705 Leontorio.

567 5788 611 5819 '”
645 5785 714 5842 In
747 5805 872 5856 uno,
907 5789 1068 5845 ἑλεῖν.
1148 5790 1190 5824 ⁷⁸
1213 5788 1290 5862 ,1η
1326 5808 1449 5858 uno,
1484 5791 1593 5860 ῆῖε.
1676 5792 1718 5824 ἠ
1745 5789 1955 5863 Ιηιιηο,
1989 5790 2291 5861 ὑπώρειαν.
