4126 6440
390 320 500 387 549

1494 328 1587 389 DE
1622 327 1872 390 ΗΕΒΗὸ
1900 330 2257 392 TURCICIS
2318 332 2466 392 LIB.
2509 333 2581 395 X.

3556 332 3661 398 550

387 444 448 496 ἐς
495 439 600 506 τὴν
628 436 917 507 Κόρινθον,
969 441 1355 511 ἐξηγουμένων
1420 443 1528 494 τῶν
1584 443 1887 514 Κορινθίων
1921 446 1976 506 ἐς

2089 448 2383 500 accendere
2410 456 2656 517 possent.
2711 446 2868 514 Quod
2929 445 2975 502 si
3027 445 3391 514 contingeret,
3424 448 3663 518 reliquas

387 536 491 599 τὴν
524 528 855 599 προσϐολὴν,
888 531 1216 599 τηλεϐόλους
1252 552 1312 587 τε
1360 534 1703 587 καθίστασαν
1758 536 1815 596 ἐς
1880 535 1980 603 τὴν

387 622 718 692 ἀκρόπολιν,
751 624 849 675 καὶ
875 625 1313 692 προσεόἀλλοντο
1348 625 1654 695 μαχόμενοι
1688 624 1855 690 ἀξίως
1893 627 1982 679 λό-

390 734 517 794 γου.
551 714 779 781 Χειμὼν
811 716 866 768 δὲ
902 718 1292 785 ἐπιγενόμενος
1360 719 1664 773 διεκώλυσὲ
1696 738 1755 772 τε
1784 722 1981 784 αὐτοὺς

400 807 862 876 προκαθέζεσοαι.
936 811 1044 862 Καὶ
1106 812 1363 872 ἀπιόντες
1430 812 1703 879 ἐντεῦθεν,
1775 811 1983 883 ᾤχοντο

406 900 695 968 ἄπρακτοι.
739 897 827 961 Ὠς
868 898 927 953 δέ
975 900 1293 970 πιεζόμενοι
1336 905 1385 955 oi
1418 903 1672 957 Οὑενετοὶ
1732 905 1811 974 τῷ
1867 920 1982 974 χει-

406 990 567 1061 μῶνι,
591 992 845 1061 χαλεπῶς
866 991 1067 1063 ἕτερον
1094 994 1192 1064 τὴν
1223 996 1284 1047 ἐν
1305 993 1385 1064 τῷ
1415 994 1617 1065 ἰσθμῷ
1670 996 1980 1064 διατριϐὴν,

402 1084 498 1136 καὶ
536 1080 661 1134 οὔτε
703 1084 736 1152 ἡ
769 1082 1035 1153 Κόρινθος
1089 1087 1458 1156 προσεχώρει,
1520 1086 1646 1140 οὔτε
1713 1089 1746 1158 ἡ
1788 1088 1984 1158 Ἀχαία

399 1176 713 1244 ἀφίστατο,
766 1175 1140 1241 ἑττελάσαντος
1204 1177 1400 1250 ἀνδρὸς
1459 1179 1666 1235 Ῥάλεω
1741 1180 1985 1251 τοῦνομα

401 1268 690 1338 Ἕλληνος,
730 1269 825 1322 καὶ
851 1268 1022 1322 αὐτοῦ
1066 1268 1491 1337 τελευτήσαντος
1558 1273 1662 1326 ὕπὸ
1722 1272 1984 1343 Τούρκων

397 1364 723 1431 ἐπεξιόντων
751 1382 811 1416 τε
838 1363 936 1418 καὶ
969 1365 1354 1435 ἀμυνομένων,
1386 1368 1483 1420 καὶ
1503 1366 1628 1420 οὔτε
1658 1366 1723 1437 δὴ
1750 1367 1983 1421 τᾶλλα⁸⁹

397 1456 799 1526 προσεχώρησέ
831 1474 1009 1526 σφισι,
1036 1456 1178 1524 πλὴν
1200 1459 1308 1513 τῶν
1336 1459 1436 1528 τὴν
1486 1460 1745 1531 Σπάρτην
1772 1459 1984 1513 οἰκούν-

395 1567 530 1615 των,
565 1550 1023 1620 ἐξαπατηθέντων
1056 1551 1162 1604 ὑπὸ
1194 1551 1459 1621 Ἕλληνος
1490 1553 1726 1614 νεανίου,
1779 1553 1984 1622 Γρίτζα

397 1643 639 1709 τοῦνομα
678 1643 915 1712 ἔχοντος.
972 1644 1161 1697 Δεινόν
1191 1661 1250 1699 τε
1304 1645 1591 1698 ἐποιοῦντο
1648 1647 1986 1715 προσμένειν

396 1751 462 1788 τε
488 1735 639 1804 αὐτῴ
668 1735 748 1805 τῷ
778 1735 1002 1806 Ἰσθμῷ,
1030 1738 1124 1789 καὶ
1158 1737 1314 1790 οὐδέν
1347 1754 1400 1789 τι
1422 1738 1762 1807 πράττεσθαι
1795 1737 1986 1789 ἀνύον-

2083 535 2443 607 Peloponnesi
2511 539 2675 595 urbes
2731 543 2916 596 statim
2970 540 3355 595 transitionem
3403 539 3666 597 facturas.

2084 628 2272 684 Isthmi
2303 645 2462 685 muro
2497 631 2864 695 exaedificata,
2895 632 3132 701 arreptis
3168 633 3336 687 armis
3367 634 3672 704 pergebam

2081 732 2273 775 contra
2320 722 2664 777 Corinthum.
2732 723 3113 779 Prteeuutibus
3171 723 3504 794 quibusdam
3561 727 3668 780 Co-

2082 814 2323 881 rinthiis,
2383 815 2801 871 ostendentibus
2880 817 3103 870 ubinam
3184 816 3374 870 urbem
3446 819 3667 886 aggredi

2080 905 2364 969 deberent,
2419 907 2746 965 bombardas
2799 908 3077 977 ponebant
3137 924 3202 963 ex
3236 908 3473 964 adverso
3501 911 3666 972 arcis,

2082 998 2347 1067 urbisque
2373 999 2837 1067 oppugnationem
2862 1001 3346 1070 aggrediebantur,
3395 1009 3669 1056 certantes

2083 1106 2280 1162 magna
2319 1106 2445 1147 cum
2488 1092 2684 1160 gloria.
2717 1091 2917 1148 Verum
2970 1094 3143 1149 hiems
3188 1094 3489 1161 frigoribus
3523 1095 3667 1148 into-

2085 1182 2330 1248 leranda,
2386 1197 2485 1237 eos
2545 1182 2615 1237 ab
2670 1183 2968 1238 obsidenda
3031 1185 3166 1238 urbe
3221 1185 3470 1240 abduxit.
3523 1184 3669 1251 Qua-

2084 1284 2309 1343 propter
2348 1273 2713 1338 discedentes,
2762 1274 2900 1329 nihil
2959 1285 3113 1329 tanto
3148 1292 3414 1345 apparatu
3444 1277 3669 1347 dignum

2083 1365 2330 1421 effecere.
2372 1365 2566 1434 Itaque
2597 1363 2812 1431 Veneti,
2884 1368 3079 1421 hiemis
3142 1369 3425 1437 iuiqniitate
3473 1371 3669 1439 ιδῃ-δεῖ,

2086 1459 2271 1513 animo
2301 1458 2491 1528 iniquo
2531 1473 2742 1514 moram
2772 1460 2826 1513 in
2860 1459 3068 1515 Isthmo
3110 1461 3381 1517 ferebant.
3420 1464 3532 1516 Nec
3562 1462 3673 1518 Co-

2084 1546 2303 1601 rinthus
2373 1548 2753 1603 transitionem
2813 1546 2964 1609 fecit,
3014 1564 3117 1603 nec
3172 1549 3376 1605 Achaia
3421 1552 3672 1617 descivit,

2086 1637 2338 1707 quamvis
2363 1640 2430 1693 ad
2475 1654 2571 1695 cos
2624 1640 2826 1696 missus
2861 1639 3004 1695 foret
3053 1645 3137 1696 vir
3194 1642 3418 1699 Graecus
3451 1648 3675 1701 nomine

2090 1733 2340 1800 Itaches;
2387 1732 2481 1802 qui
2519 1732 2588 1787 ab
2631 1732 2831 1788 Turcis
2880 1736 3293 1805 egredientibus
3319 1747 3372 1792 et
3411 1739 3677 1793 resisten-

400 1845 501 1891 τας
539 1829 595 1890 ἐς
625 1827 725 1900 τὴν
753 1830 850 1897 τῆς
910 1829 1324 1897 Πελοποννήσου
1380 1833 1794 1903 καταστροφή-ι.
1855 1832 1984 1897 Ἡγ-

2089 1826 2238 1882 tibus
2287 1826 2610 1883 interfectus
2662 1837 2769 1882 est.
2826 1827 2937 1884 Nec
2989 1830 3215 1900 reliquae
3250 1831 3437 1895 urbes.
3482 1844 3679 1901 prmtrr

400 1921 625 1986 γέλλετο
647 1922 704 1975 δὲ
738 1923 834 1974 καὶ
869 1921 1291 2001 Μαχουμούτης,
1324 1927 1352 1977 ό
1388 1926 1481 1976 τοῦ
1534 1924 1801 1992 βασιλέως
1850 1925 1980 1993 ἠγε-

401 2015 544 2079 μὼν,
571 2015 788 2085 στρατῷ
819 2016 1045 2085 μεγάλῳ
1075 2017 1302 2070 ἀπιέναι
1325 2018 1508 2085 σφίσιν
1526 2018 1585 2079 ἐς
1613 2016 1704 2067 τὸν
1741 2015 1979 2082 Ἰσθμόν.

397 2106 536 2160 Μετ’
564 2106 626 2159 οὐ
647 2107 785 2159 πολὺ
806 2106 863 2159 δὲ
885 2108 980 2159 καὶ
1007 2109 1172 2170 αὐτὸς
1218 2107 1474 2177 βασιλεὺς
1501 2106 1798 2177 ἠγγέλλετο
1826 2104 1986 2157 ἐλαύ-

402 2216 509 2250 νων
547 2200 639 2251 ἐπὶ
664 2199 756 2251 τὸν
791 2199 1030 2270 Ἰσθμόν.
1077 2201 1371 2268 Ἐγνωσὰν
1424 2217 1485 2253 τε
1534 2200 1826 2252 ἀπολιπεῖν
1890 2200 1983 2251 τὸν

417 2289 653 2358 Ἰσθμὸν,
689 2290 842 2344 οὐδέν
874 2290 929 2344 τί
977 2308 1165 2362 σφισιν
1222 2293 1407 2355 αὐτοῖς
1449 2293 1764 2363 πρόσφορον
1793 2293 1849 2354 ἐς
1913 2294 1985 2344 τά.

410 2382 674 2451 παρόντα,
710 2384 805 2437 καὶ
869 2385 1050 2449 ἰόντας
1096 2386 1155 2448 ἐς
1183 2386 1282 2445 τὰς
1323 2386 1528 2449 πόλεις,
1579 2386 1868 2456 κρατύνειν
1926 2402 1985 2438 τε

404 2475 598 2542 αὐτας,
625 2477 713 2528 καὶ
740 2477 1057 2547 ἀμύνασθαι
1082 2480 1221 2531 κατᾶ
1253 2480 1312 2531 τὸ
1341 2478 1629 2549 καρτερὸν,
1659 2480 1725 2549 ἢν
1756 2480 1985 2532 ἐπίωσιν

400 2571 449 2621 οἱ
483 2573 607 2638 περὶ
632 2569 1042 2640 Μαχουμούτην
1072 2589 1134 2624 τε
1173 2575 1292 2641 ἅμα
1320 2573 1413 2625 καί
1472 2574 1524 2625 oi
1561 2574 1693 2643 περὶ
1732 2572 1978 2642 βασιλέα.

397 2681 524 2719 eum
560 2680 807 2721 exercitu
840 2669 1260 2735 Maelmmetem,
1302 2682 1362 2723 ut
1416 2670 1465 2725 ei
1509 2671 1759 2725 subsidio
1790 2669 1976 2723 venire
2016 2675 2221 2738 posset,
2286 2666 2334 2720 si
2422 2678 2514 2719 res
2570 2662 2891 2733 postularet,
2949 2665 3236 2736 subsequi.

2081 1934 2178 1975 cos
2207 1920 2299 1989 qui
2347 1918 2600 1989 Spartam
2631 1921 2967 1989 incolebant,
3002 1924 3338 1979 deditionem
3369 1923 3677 1987 faciebant;

2079 2029 2206 2068 nam
2247 2011 2535 2082 Spartanis
2582 2016 2897 2085 impositum
2930 2027 3051 2071 crat
3114 2017 3187 2071 ab
3236 2018 3440 2086 juvene
3486 2018 3678 2073 Grzcro

2081 2104 2307 2157 nomine
2339 2103 2547 2158 Gritza.
2586 2100 2810 2160 Venetis
2839 2107 2952 2173 jam
2982 2106 3164 2161 omnis
3197 2122 3351 2161 mora
3383 2108 3435 2161 in
3471 2107 3679 2163 Isthmo

2082 2196 2428 2250 intoleranda
2490 2206 2634 2259 erat,
2693 2211 2819 2250 cum
2882 2197 3133 2251 viderent
3179 2213 3240 2252 se
3300 2200 3675 2270 nequidquam

2091 2291 2364 2353 laborare,
2396 2297 2455 2343 ut
2488 2286 2902 2355 Peloponnesus
2949 2290 3337 2361 subjiceret-ur.
3373 2289 3679 2346 Nuntiaba-

2095 2373 2422 2438 tur'interea
2460 2382 2835 2438 Machumetes
2880 2383 3064 2454 regius
3119 2384 3408 2454 praefectus
3466 2386 3680 2453 magnis

2096 2473 2270 2542 cepiis
2319 2473 2648 2539 instructus,
2678 2472 2730 2526 in
2768 2471 3035 2528 Isthmum
3069 2475 3423 2539 contendere,
3459 2476 3680 2545 spirans

2087 2566 2266 2622 caedes
2302 2563 2661 2621 Venetorum.
2717 2563 2895 2620 Etiam
2953 2565 3096 2620 fama
3156 2566 3189 2621 ft
3210 2569 3453 2633 rebatur,
3498 2580 3681 2637 regem

3315 2663 3685 2721 Decrevcrunt

398 2761 585 2830 itaque
634 2778 832 2833 magno
900 2778 1173 2818 COIISCIIau
1252 2763 1512 2818 ISthmum
1578 2764 1867 2829 deserere,
1962 2771 2022 2816 ut
2095 2759 2255 2830 cujus
2308 2772 2508 2828 parvus
2578 2760 2628 2810 in
2689 2746 3106 2827 praascntiarnm
3160 2768 3308 2815 esset
3381 2772 3536 2814 usus.
3589 2759 3686 2815 Di-

395 2857 572 2925 gressi
598 2856 806 2911 Isthmo
866 2861 1281 2913 contendebant
1352 2860 1405 2914 in
1453 2861 1640 2924 urbes,
1683 2875 1819 2931 quas
1899 2859 2169 2930 prmsidiis
2238 2855 2706 2927 munimentisque
2765 2856 2887 2912 aliis
2937 2857 3251 2925 firmabant,
3310 2867 3370 2913 ut
3416 2860 3560 2929 regis
3629 2871 3685 2919 et

397 2952 761 3010 Machuntetis
806 2958 935 3019 vim,
984 2956 1027 3009 si
1088 2957 1413 3011 accederent
1472 2959 1796 3028 prepulsare
1849 2968 2098 3027 possent.

476 3048 563 3112 Ὦς
588 3050 696 3119 γὰρ
729 3050 958 3117 ἀγγελία
989 3051 1223 3119 ἀφίκετο
1256 3050 1491 3119 βασιλεῖ,
1517 3053 1645 3115 τοὺς
1674 3053 1975 3113 Οὖενετοϋς

398 3143 662 3212 τειχίζειν
692 3159 749 3194 τε
774 3142 866 3195 τὸν
906 3142 1141 3213 Ἰσθμὸν,
1176 3142 1577 3212 πληρώσαντας
1623 3146 1870 3214 τριήρεις
1921 3143 1979 3205 ἐς

2161 3049 2271 3103 Rex
2321 3047 2411 3103 ubi
2462 3047 2629 3120 299
2666 3048 2925 3119 cognovit
2976 3045 3215 3104 Venetos
3241 3066 3401 3105 muro
3447 3051 3686 3108 cireum-

2088 3140 2312 3194 venisse
2343 3139 2608 3193 Isthmum
2642 3147 2696 3192 et
2722 3139 2982 3208 implesse
3007 3140 3262 3195 triremes
3294 3143 3683 3213 quadraginta,

398 3233 836 3305 τεσσαρακοντα,
900 3236 1044 3306 νηῶν
1091 3236 1147 3290 δὲ
1203 3235 1415 3306 ὑψηλὰς
1479 3235 1828 3301 δυοκαίδεκα,
1888 3236 1984 3289 καὶ

2089 3244 2142 3287 et
2180 3247 2351 3287 naves
2392 3232 2533 3287 altas
2571 3232 2887 3296 duodecim,
2934 3240 3198 3303 praeterea
3247 3246 3487 3290 armatos
3516 3236 3684 3290 Italos

399 3331 626 3391 ὁπλίτας
655 3329 1030 3399 ἐπαγομένους
1067 3328 1174 3382 ἀπὸ
1230 3327 1482 3391 Ἰταλίας,
1536 3331 1632 3384 καὶ
1678 3328 1785 3381 ἀπὸ
1836 3328 1984 3398 Κρή-

403 3414 504 3489 της
529 3424 760 3493 στρατὸν
781 3422 964 3484 ἄλλον,
1001 3422 1257 3490 μεγάλως
1292 3421 1828 3487 παρασκευάσασθαι
1885 3419 1986 3473 αὖ·

410 3514 534 3575 τοὺς
564 3517 615 3575 ἐς
635 3516 736 3582 τὴν
765 3516 867 3581 τῆς
923 3515 1338 3583 Πελοποννήσου
1389 3512 1800 3581 καταστροφὴν,
1841 3513 1987 3580 πέμ-

412 3624 535 3660 πειν
572 3608 978 3678 Μαχουμοὺτην
1004 3607 1509 3678 συμπαραλαϐόντα
1541 3607 1634 3658 τὸν
1669 3606 1768 3674 τῆς
1798 3603 1988 3675 Εὑρὼ-

409 3714 517 3762 πης
540 3701 792 3767 στρατὸν,
821 3696 1095 3768 πλὴνητῶν
1131 3697 1267 3767 πρὸς
1287 3698 1416 3758 τοὺς
1449 3695 1685 3756 Παίονας
1714 3692 1987 3762 τεταγμέ-

404 3808 530 3856 νων,
583 3788 829 3844 ἐλαύνειν
875 3789 1004 3842 εὐθυ
1036 3789 1476 3857 Πελοποννήσου.
1513 3787 1626 3842 Καὶ
1662 3789 1709 3840 εἰ
1767 3787 1865 3856 μέν
1903 3802 1987 3839 τοι

401 3882 567 3943 αὐτὸς
600 3877 711 3944 οἶος
742 3879 941 3934 ἀνύσαι
969 3883 1023 3943 ἐς
1055 3880 1146 3932 τὸν
1182 3880 1320 3949 πρὸς
1367 3881 1665 3942 Οὐενετοὺς
1725 3878 1986 3947 πόλεμοι,

404 3974 655 4028 καθελεῖν
678 3989 738 4025 τε
761 3972 853 4025 τὸν
885 3972 1125 4040 Ἰσομδν,
1154 3972 1250 4023 καὶ
1282 3972 1534 4023 ὲσόαλείν
1558 3970 1678 4039 ἅμα
1736 3969 1836 4039 τὴν
1888 3969 1989 4020 lis-

402 4066 734 4137 λοπόννησον
768 4083 786 4100 ο
809 4065 858 4118 εί
888 4066 946 4119 δὲ
984 4067 1082 4135 μὴ,
1108 4066 1204 4117 καὶ
1234 4061 1383 4131 αὖτῷ
1402 4061 1741 4136 ἀπαγγέλλῃ,
1775 4062 1820 4095 ⁸³
1847 4059 1990 4115 ὥστε

405 4160 551 4212 κατᾶ
598 4158 761 4220 πόδας
804 4159 1073 4211 ἐλαύνειν.
1137 4157 1198 4209 '0
1247 4156 1345 4222 μὲν
1377 4154 1488 4208 τῶν
1522 4156 1706 4226 θυρῶν
1767 4153 1991 4225 ἡγεμὼν

405 4250 814 4321 Μαχουμούτης
838 4248 1173 4319 παραλαόὼν
1220 4248 1317 4300 τὸν
1353 4245 1456 4311 τῆς
1499 4244 1775 4316 Εὐρώπης
1829 4262 1991 4317 στρα-

404 4345 519 4408 τὸν,
557 4344 723 4412 ἣλασε
757 4345 921 4412 μέχρι
954 4339 1275 4402 Θετταλίας,
1310 4339 1367 4403 ἐς
1410 4338 1659 4407 Πηνειὸν,
1686 4340 1993 4409 καὶέστρα-

403 4436 734 4491 τοπεδεύετο
787 4433 940 4505 παρὰ
966 4433 1219 4504 Λαρίσσῃ
1250 4433 1315 4502 τῇ
1354 4430 1531 4484 πόλει.
1586 4429 1884 4498 Συμὸούλῳ
1933 4429 1992 4482 δὲ

406 4526 608 4596 ἐχρῆτο
675 4526 774 4594 μὲν
824 4524 1042 4594 Ὀμάρῃ
1107 4522 1185 4591 τῷ
1248 4520 1616 4590 Τουραχάνεω
1689 4520 1991 4582 Θετταλίας

407 4620 663 4690 ὑπάρχῳ.
691 4617 1069 4687 ’Λπετρέπετο
1092 4612 1153 4669 δέ
1185 4615 1263 4685 μὴ
1293 4616 1351 4677 ἐς
1378 4614 1440 4665 τὸ
1492 4612 1683 4682 πρόσω
1717 4611 1985 4679 ἐλαύνειν,

405 4712 545 4767 ἀλλὰ
575 4712 786 4779 βασιλεῖ
816 4708 1195 4778 ἀναγγέλλειν,
1216 4707 1291 4770 ὡς
1322 4706 1355 4776 ἡ
1402 4705 1726 4774 παρασκευὴ
1785 4704 1989 4773 μείζων

409 4806 444 4874 ἢ
470 4808 611 4858 κατὰ
630 4806 721 4857 τὸν
752 4802 1021 4873 βασιλέως
1045 4800 1311 4870 ἡγεμόνα.
1344 4797 1516 4859 Αὐτὸς
1560 4799 1671 4865 γὰρ
1725 4796 1992 4864 στρατεύ-

416 4917 543 4969 ματι
599 4899 842 4970 πρόσθεν
900 4888 1182 4965 ἐγγύτατα
1234 4893 1330 4947 τοῦ
1383 4892 1603 4959 Ἰσθμοῦ
1631 4894 1988 4962 ἀφικόμενος,

412 4993 732 5065 τηλεϐόλους
753 5008 814 5044 τε
842 4990 1069 5060 ἀφεώρα
1099 4988 1319 5050 πλείους
1341 4986 1376 5056 ἢ
1413 4985 1730 5055 δισχιλίους,
1771 4987 1866 5037 καὶ
1888 5000 1988 5052 τη-

408 5086 725 5148 λεόολιστὰς
752 5082 1168 5152 τετρακοσίους,
1200 5081 1299 5133 καὶ
1349 5078 1596 5146 τοξότας.
1647 5081 1742 5130 καὶ
1789 5077 1991 5130 πελτα-

407 5183 562 5244 στὰς,
593 5178 687 5231 καί
718 5177 911 5248 μηδενὶ
952 5176 1150 5237 αὐτοὺς
1192 5171 1357 5226 αὑτοῦ
1385 5174 1441 5224 ἐν
1471 5173 1549 5241 τῷ
1604 5170 1811 5243 Ἰσθμῴ
1870 5173 1990 5223 ἐπι-

404 5275 606 5342 τρέψαι
629 5271 693 5325 ἂν
711 5266 1301 5340 στρατοπεδεύσασθαι.

2088 3327 2410 3389 adduxisse,
2456 3334 2512 3378 et
2563 3329 2632 3379 ab
2662 3324 2825 3381 Creta
2873 3325 3043 3381 alium
3100 3326 3430 3394 exercitum,
3482 3330 3685 3401 quibus

2087 3418 2347 3471 omnibus
2370 3416 2516 3480 freti,
2554 3418 2606 3471 id
2633 3418 2855 3472 unicum
2904 3429 3217 3486 spectarent
3247 3430 3306 3476 ut
3339 3419 3686 3493 Peloponne-

2089 3527 2212 3566 sum
2249 3511 2601 3583 subigerent;
2636 3512 2779 3566 haud
2824 3512 3061 3581 amplius
3093 3516 3467 3570 cunctandum
3501 3525 3681 3583 ratus,

2091 3606 2491 3659 Maeliumetem
2547 3604 2716 3674 jussit
2767 3605 3019 3675 accipere
3069 3604 3302 3677 Europze
3352 3611 3683 3673 exercitum,

2090 3707 2287 3766 pra-ter
2339 3709 2465 3748 eum
2520 3695 2613 3763 qui
2678 3693 3033 3752 Pannonibus
3087 3696 3377 3767 oppositus
3421 3708 3564 3765 erat,
3632 3714 3687 3757 et

2093 3797 2241 3845 recta
2282 3787 2556 3859 proficisci
2602 3788 2655 3842 in
2694 3788 3157 3858 Peloponnesum.
3206 3789 3475 3846 Prmterea
3514 3792 3684 3862 impe-

2091 3891 2197 3947 rat,
2230 3880 2278 3936 si
2312 3880 2443 3950 quid
2479 3887 2664 3951 posset
2697 3880 2913 3936 efficere
2945 3881 3000 3935 in
3027 3882 3170 3937 bello
3203 3891 3391 3960 contra
3423 3881 3681 3949 Venetos,

2090 3973 2399 4029 eniteretur
2418 3973 2707 4029 destruere
2739 3970 3031 4039 Isthmum,
3080 3984 3135 4029 ct
3184 3973 3385 4028 deinde
3413 3973 3681 4044 irruptio-

2091 4078 2214 4117 nem
2252 4063 2306 4118 in
2348 4062 2787 4134 Peloponnesum
2828 4059 3030 4119 facere.
3070 4062 3225 4129 Quod
3258 4062 3306 4118 si
3337 4064 3454 4118 hinec
3487 4078 3681 4133 parum

2094 4157 2475 4225 procederent,
2529 4173 2588 4213 se
2635 4157 3105 4213 succentttriatum
3146 4155 3308 4225 fore;
3355 4165 3410 4210 et
3460 4156 3504 4212 si
3554 4158 3685 4228 quid

2093 4249 2461 4313 renuntiaret,
2503 4249 2769 4306 continuo
2801 4249 2856 4304 in
2891 4247 3084 4305 iisdem
3136 4248 3384 4321 vestigiis
3415 4250 3681 4305 subsecu-

2094 4353 2303 4400 turum.
2351 4340 2725 4399 Machumetes
2776 4341 3072 4413 januarum
3110 4342 3220 4397 dux
3276 4358 3402 4399 cum
3460 4341 3686 4413 Europa!

2092 4437 2337 4493 exercitu
2390 4433 2677 4506 profectus
2733 4443 2819 4490 est
2870 4434 2928 4488 in
2984 4433 3325 4489 Thessaliam
3395 4450 3567 4505 usque
3619 4438 3686 4489 ad

2096 4528 2356 4585 Peineum
2386 4527 2522 4596 (I7),
2554 4535 2610 4581 et
2631 4536 2809 4581 castra
2842 4540 3012 4596 prope
3047 4523 3326 4580 Larissam
3359 4524 3550 4580 urbem
3593 4540 3689 4593 po-

2097 4621 2227 4676 suit.
2264 4620 2343 4675 Eo
2374 4619 2428 4673 in
2467 4619 2610 4674 bello
2647 4618 2970 4674 consiliario
3005 4617 3262 4672 utebatur
3287 4615 3487 4672 Omare
3517 4616 3686 4674 Thes-

2097 4713 2248 4769 salia:
2296 4712 2576 4782 praefecto,
2600 4713 2708 4781 .qui
2745 4708 3077 4766 Machnmeti
3113 4709 3437 4764 consulebat
3468 4719 3527 4765 ut
3557 4711 3687 4766 sub-

2097 4804 2343 4868 sisteret,
2401 4817 2502 4856 nec
2560 4802 2792 4856 ulterius
2826 4809 3102 4868 moveret;
3149 4801 3245 4857 sed
3275 4800 3387 4872 regi
3413 4802 3688 4873 significa-

2098 4905 2208 4961 ret,
2257 4894 2383 4951 belli
2440 4896 2637 4950 molem
2697 4894 2963 4966 majorem
3017 4895 3356 4965 impendere,
3390 4911 3556 4966 quam
3597 4901 3684 4952 cui

2099 4990 2281 5057 regius
2307 4968 2702 5042 dux'suffieere
2730 4986 2814 5040 vel
2853 5000 2953 5054 par
3001 5000 3129 5040 esse
3162 4988 3356 5056 possit.
3389 4984 3527 5040 Nam
3557 5004 3682 5043 cum

2097 5081 2262 5149 paulo
2288 5088 2415 5134 ante
2442 5094 2607 5149 quam
2658 5078 2907 5147 proxime
2956 5077 3024 5132 ad
3079 5074 3348 5134 Isthmum
3375 5079 3688 5149 speculator

2099 5172 2444 5238 accessisset,
2517 5168 2851 5225 bombardas
2930 5170 3282 5240 conspicatus
3353 5179 3440 5225 est
3502 5169 3687 5238 plures

2097 5281 2261 5335 quam
2294 5265 2380 5320 bis
2438 5264 2608 5328 mille,
2652 5271 2916 5332 prmterca
2960 5262 3376 5320 botnbardarios
3420 5261 3656 5331 quadrin

405 5380 880 5438 gentos;nernon
911 5364 1222 5433 sagittarios
1250 5373 1303 5418 et
1352 5360 1661 5431 scutigeros
1692 5360 1852 5424 vidit,
1885 5360 1978 5427 qui
2052 5358 2198 5414 haud
2264 5359 2427 5416 facile
2484 5362 2741 5431 cuiquam
2817 5359 3140 5416 concessuri
3208 5359 3321 5416 sint
3385 5368 3568 5413 castra
3626 5357 3683 5412 in

408 5468 621 5522 Isthmo
644 5468 843 5517 Iocare.

1694 5573 1942 5637 Nolnlze
1983 5576 2395 5657 marginales.

482 5686 594 5760 (I7)
618 5685 871 5743 Pindum.

483 5802 527 5837 ⁸⁸
554 5804 635 5858 Τὰ
665 5804 821 5859 ἄλλα.
860 5801 947 5856 Sic
976 5802 1135 5857 etiam
1173 5796 1236 5855 R.
1274 5800 1319 5832 ⁸¹
1362 5794 1778 5868 Ἀπαγγέλλειν.
