4126 6454
466 318 573 385 551

1633 306 1943 371 LAONICI
1983 306 2643 370 CHALCOCONDYL/E

3615 303 3724 369 552

543 434 669 493 Haec
716 449 841 491 eum
887 431 1190 501 accepisset
1218 426 1362 499 regis
1399 426 1531 494 dux,
1590 427 1768 482 visunt
1817 435 1902 482 est
1931 423 2042 492 regi

2219 426 2406 481 Ταῦτα
2450 426 2764 480 ἀκούσαντα
2801 425 2895 476 τὸν
2936 422 3202 494 βαιπλέως
3233 421 3497 492 ἡγεμόνα,
3545 422 3726 477 ὶδόκει

470 527 721 584 indicare
776 534 837 579 ut
897 523 1334 592 Peloponnesum
1369 519 1698 589 opprimeret
1749 533 1765 572 :
1808 532 1868 573 se
1922 528 2051 570 vero

474 620 863 692 profectionem
921 615 1150 670 ulterius
1203 610 1448 669 facturos
1500 608 1795 666 Lebadiam
1857 622 2051 676 usque.

476 715 711 771 Nuntius
744 712 908 781 igitur
938 708 1005 764 ad
1058 722 1239 778 regem
1277 703 1445 768 venit,
1484 702 1578 771 qui
1637 699 1924 757 nuntiabat
1957 715 2054 767 ap-

472 817 719 879 paratum
756 804 880 861 belli
904 817 1025 857 esse
1050 813 1309 869 maguum
1333 809 1388 852 et
1419 793 1853 849 memorabilem.
1885 792 2056 849 Litte-

474 915 545 951 rze
580 898 747 951 etiam
789 895 858 953 ab
889 893 1272 958 relapouneso
1301 886 1475 943 allata:
1506 894 1656 950 sunt,
1696 884 1893 954 quibus
1923 884 2056 939 inci-

475 993 710 1052 labatur,
750 996 804 1041 ut
839 1001 965 1040 cum
998 983 1176 1052 cupii:
1197 980 1462 1036 accedere
1500 986 1803 1033 maturaret
1832 993 1847 1031 :
1880 974 2057 1033 Vene-

474 1092 558 1136 tos
587 1081 733 1135 enim
759 1077 881 1147 ejus
906 1076 1195 1131 adventrum
1233 1085 1584 1140 nequaquam
1615 1077 2050 1138 exspectaturos.

474 1175 702 1228 Litteras
741 1174 838 1227 bas
867 1170 932 1225 ad
968 1183 1094 1223 eum
1128 1165 1353 1235 pertulit
1388 1164 1469 1217 vir
1524 1162 1745 1230 quidam
1787 1161 2053 1224 Albanus,

472 1267 569 1337 qui
590 1266 659 1318 ab
687 1263 951 1319 Corintho
982 1272 1145 1315 noctu
1168 1258 1409 1321 solvens,
1434 1253 1635 1324 scapha
1667 1254 1879 1324 trajecit
1907 1267 2058 1308 mare

473 1361 775 1413 observans
819 1352 987 1408 maris
1040 1348 1517 1418 tranquillitatem,
1547 1354 1605 1403 et
1628 1356 1817 1401 ventos
1855 1360 2056 1401 secun-

474 1453 596 1514 dos,
640 1458 695 1505 et
730 1448 786 1501 iu
845 1445 1113 1500 Boeotiam
1155 1442 1388 1511 appulit.
1456 1439 1595 1495 iiinc
1624 1453 1879 1509 egressus
1927 1437 2055 1492 navi

472 1545 622 1597 venit
649 1542 713 1597 ad
746 1538 1145 1594 Machumetem
1199 1536 1253 1589 in
1281 1532 1642 1589 Thessaliam.
1684 1527 2056 1586 Machumeles

473 1652 601 1692 cum
630 1634 839 1689 litteras
883 1631 1127 1700 legisset,
1160 1628 1214 1683 in
1275 1625 1715 1695 Peloponnesum
1765 1621 1917 1678 abire
1946 1628 2055 1677 sta-

475 1727 602 1782 tuit.
641 1724 744 1781 Ubi
775 1722 923 1778 venit
947 1722 1000 1776 in
1047 1722 1165 1775 loca
1199 1717 1425 1774 Boeotiae
1465 1715 1769 1787 propinqua
1826 1714 2056 1769 accessit

473 1819 704 1875 nuntius
767 1816 861 1885 qui
921 1813 1229 1877 referebat,
1284 1809 1545 1873 Venetos,
1581 1806 1771 1863 relicto
1826 1805 2056 1871 Isthmo,

475 1910 603 1981 fuga
634 1908 824 1963 dilabi.
858 1905 1117 1962 Collectis
1144 1906 1326 1973 itaque
1356 1903 1617 1958 omnibus
1637 1901 1708 1956 ab
1734 1899 2057 1954 Plataearum

475 2001 698 2071 regione
726 1998 1076 2053 Citherouem
1120 1995 1371 2060 veniens,
1407 2010 1570 2064 quem
1613 2002 1779 2049 noctu
1836 2006 2059 2062 supera—

477 2093 579 2158 vit,
633 2090 806 2161 prima
867 2090 991 2144 luce
1052 2090 1110 2142 in
1172 2087 1382 2142 lstbmo
1415 2096 1582 2143 erat:
1623 2095 1679 2140 et
1724 2082 2058 2141 Venetorum

480 2199 645 2242 naves
677 2184 730 2238 in
756 2198 906 2239 mare
932 2182 1197 2239 deductas
1228 2178 1727 2246 contemplabatur.
1765 2176 2060 2233 Invenietis

474 2289 661 2335 autem
702 2275 972 2333 lstbmum
1005 2276 1075 2328 ab
1130 2271 1352 2327 Venetis
1414 2272 1722 2336 desertum,
1780 2271 2059 2339 ingressus

475 2369 676 2425 ibidem
709 2375 1135 2424 castrametatus
1184 2374 1291 2419 est.
1349 2364 1551 2420 Deinde
1600 2377 1699 2432 per
1728 2359 2058 2420 Corinthum

473 2459 761 2531 profectus
788 2460 986 2527 Argos.
1019 2457 1149 2510 Eam
1191 2456 1381 2509 urbem
1422 2454 1782 2513 defensabant
1800 2461 1854 2508 et
1913 2463 2066 2508 tene-

478 2553 613 2607 bant
668 2550 999 2604 Venetorum
1046 2544 1372 2615 prtesidiarii
1419 2544 1585 2614 300
1647 2543 1869 2609 milites,
1924 2558 2062 2613 quos

479 2656 673 2697 onittes
703 2654 1022 2711 oppugnatis
1056 2637 1201 2707 cepit
1237 2654 1250 2689 :
1285 2646 1341 2691 et
1371 2637 1602 2700 vinctos,
1652 2649 1775 2690 cum
1833 2650 2062 2691 numero

477 2735 659 2789 forent
692 2730 1065 2803 septuaginta,
1111 2730 1179 2785 ad
1227 2742 1409 2798 regem
1438 2727 1606 2783 misit.
1645 2726 1915 2782 Ceterum
1965 2743 2059 2782 rex

477 2827 769 2883 consilium
801 2823 1039 2879 abeundi
1073 2822 1126 2874 in
1163 2820 1601 2888 PelOpOnnesum
1633 2818 1926 2889 abiecerat.
1958 2816 2063 2873 No-

475 2925 623 2978 lebat
651 2920 794 2976 enim
860 2932 986 2973 eum
1061 2915 1364 2986 accepisset
1421 2912 1684 2968 lstbmum
1734 2922 2058 2981 occupatum

476 3030 621 3082 esse,
688 3014 740 3067 in
772 3011 1208 3079 Peloponnesum
1236 3007 1592 3072 contendere,
1634 3022 1864 3073 parcens
1903 3021 2061 3060 exer-

2157 518 2369 589 βασιλεῐ
2424 519 2521 586 μὲν
2574 516 3067 586 καταλαμϐάνοντα
3146 515 3248 586 τὴν
3316 515 3732 585 Πελοπόννησον

2153 611 2543 678 ἀπαγγέλλειν,
2582 609 2777 674 αὐτοὺς
2807 609 2864 661 δὲ
2894 607 3328 672 ἀναζεύξαντας.
3378 606 3513 660 ίὲναι
3562 607 3620 668 ἐς
3666 606 3734 659 τὸ

2155 706 2366 775 πρόσω,
2404 706 2475 770 ,ἐς
2521 704 2811 756 Λεϐαδίαν.
2868 702 3132 764 Βασιλεὺς
3188 703 3309 767 μὲν,
3366 701 3443 764 ὡς
3501 700 3734 767 ἀγγελία

2153 798 2305 869 αὐτῷ
2330 799 2580 866 ἀφίκετο,
2609 801 2709 867 τήν
2747 813 2807 850 τε
2832 796 3192 868 παρασκευὴν
3230 795 3472 866 μεγάλην
3494 812 3551 847 τε
3590 788 3737 846 εἶναι

2158 893 2251 947 καὶ
2274 891 2564 962 ἀξιόχρεω,
2606 892 2650 924 η
2710 891 2930 957 λέγεται
2967 891 3025 945 δὲ
3083 889 3358 960 αὐτῷκαὶ
3420 888 3740 958 γράμματα

2160 980 2341 1038 ελθείν
2368 983 2475 1036 ἀπὸ
2500 983 2939 1051 Πελοποννήσου,
2970 981 3361 1050 ἐποτρύνοντα,
3378 981 3458 1037 ὡς
3480 981 3549 1051 ἢν
3575 982 3736 1051 ἐπίῃ.

2155 1076 2220 1130 οὐ
2286 1076 2544 1144 μενοῦσιν
2578 1076 2742 1128 αὑτὸν
2793 1077 3019 1129 ἐπιόντα
3057 1077 3107 1126 oi
3141 1075 3402 1127 Οὐενετοὶ
3428 1074 3498 1126 τὰ
3548 1074 3739 1142 γράμ-

2161 1184 2308 1238 ματα
2342 1167 2566 1234 ἐνέγκαι
2595 1168 2747 1238 αὐτῷ
2777 1168 2949 1238 ἄνδρα
2996 1167 3260 1222 ’Λλὸανον
3293 1168 3401 1220 ἀπὸ
3433 1167 3736 1237 Κορίνθου.

2160 1260 2362 1329 σκάφει
2402 1260 2462 1313 τὸ
2498 1260 2734 1327 πέλαγος
2788 1262 2985 1321 νυκτὸς
3023 1265 3337 1331 τηρήσαντα
3369 1260 3615 1329 πνεῦμα,
3660 1260 3740 1324 ὡς

2157 1350 2324 1421 cipue
2354 1355 2796 1421 καταπαμένου.
2825 1355 2925 1408 καὶ
2957 1356 3149 1418 νυκτὸς
3180 1354 3509 1423 ἀπαίροντα,
3539 1352 3744 1407 5:01:2-

2160 1442 2503 1514 ραιὼσασθαι
2532 1446 2590 1506 ἐς
2619 1443 2908 1508 Βοιωτίαν,
2938 1445 3219 1499 ἁποόάντα
3249 1444 3549 1515 ἀφικέσθαι
3586 1446 3749 1513 παρὰ

2158 1534 2568 1604 Μαχουμούτην
2603 1538 2657 1598 ἐς
2690 1535 3016 1592 Θετταλίαν.
3049 1537 3153 1590 Τὸν
3183 1538 3241 1591 δὲ
3281 1537 3750 1607 δπιφρασάμενον

2154 1627 2224 1679 τά
2248 1627 2570 1697 γράμματα,
2596 1630 3070 1698 συσκευασάμενον
3093 1629 3340 1684 ιντεῦθεν
3365 1632 3421 1693 ἐς
3448 1630 3512 1683 τὸ
3545 1632 3749 1702 πρόσω

2085 1762 2133 1824 Β
2161 1718 2431 1784 ἒλαύνειν,
2467 1720 2743 1775 ἐλάσαντα
2771 1720 2941 1791 ἀγχοῦ
2980 1721 3265 1784 Βοιωτίας,
3290 1724 3606 1789 ἀφικνεῖται
3635 1725 3750 1791 ἁγ-

2160 1811 2337 1879 γελία,
2370 1812 2447 1875 ὠς
2479 1814 2738 1867 Οὐενετοὶ
2781 1814 2871 1867 τόν
2923 1833 2986 1867 τε
3050 1813 3269 1881 Ἰσθμὸν
3330 1814 3742 1878 ἐκλελοιπότες,

2158 1902 2368 1973 ᾤχοντο
2400 1903 2717 1970 φεύγοντες.
2754 1904 2913 1959 Οὕτω
2947 1904 3012 1974 δὴ
3042 1905 3280 1974 ἑσπέρας
3318 1902 3367 1935 ⁸³
3394 1903 3589 1973 οὔσης,
3648 1922 3745 1958 au.

2162 1995 2569 2063 σκευασάμενος
2591 1996 2699 2049 ἀπὸ
2726 1995 2823 2064 τῆς
2862 1996 3138 2056 Πλαταίας
3168 1994 3352 2064 χώρας
3373 1994 3514 2062 πρὸς
3540 1994 3743 2050 Κιθαιο.

2165 2088 2313 2158 ρῶνα
2342 2089 2535 2150 νυκτὸς
2563 2086 2973 2155 διαπορευθεὶς,
3026 2088 3199 2141 ’ἔωθεν
3248 2088 3308 2150 ἐς
3366 2087 3460 2140 τὸν
3526 2085 3728 2154 Ίσῗὶμὺν

2164 2178 2349 2248 παρῆν
2370 2195 2384 2209 ·
2413 2181 2507 2236 καὶ
2557 2179 2658 2241 τάς
2687 2196 2746 2231 τε
2778 2180 2914 2249 νῆας
2948 2179 3172 2249 ἀφεώρα
3214 2181 3319 2250 ήδη
3351 2166 3741 2250 ἀπαγομένας,

2162 2272 2258 2327 καὶ
2286 2270 2377 2324 τδν
2408 2270 2623 2340 Ἰσθμὸν
2657 2271 2864 2341 ἔρημον
2896 2270 3234 2337 καταλαϐὼν,
3266 2272 3560 2340 παρελθὼν
3591 2272 3751 2338 datin,

2162 2364 2675 2433 ἐστρατοπεδεύετο.
2700 2364 2991 2419 Ἐντεῦθεν
3014 2364 3107 2418 διὰ
3136 2364 3241 2435 τῆς
3269 2367 3537 2432 Κορίνθου
3561 2367 3751 2431 διιὼν,

2162 2455 2389 2523 ἀφίκετο
2415 2457 2473 2519 ἐς
2511 2456 2742 2526 Ἄργος.
2781 2456 2856 2510 Τὸ
2892 2455 2949 2510 δὲ
2989 2457 3196 2527 Ἀργος
3236 2459 3489 2526 κατεῖχον
3522 2458 3577 2510 01
3609 2459 3756 2511 θύε-

2165 2549 2310 2600 νετοί
2331 2562 2344 2576 ·
2370 2550 2619 2617 φρουρὰν
2647 2550 2705 2600 ἑν
2724 2547 2892 2617 ἀὐτῷ
2914 2549 3401 2617 ἐγκαταλιπόντες,
3417 2551 3749 2619 ιφύλαττον.

2162 2640 2400 2705 Τούτους
2422 2643 2543 2711 μὲν,
2562 2641 2638 2705 ὡς
2658 2640 2970 2712 ἐπολιόρκει
2992 2643 3288 2708 ἐπελάσας,
3309 2646 3712 2716 παρεστήσατο
3728 2664 3749 2679 ο

2163 2735 2259 2786 καὶ
2289 2734 2415 2796 τοὺς
2447 2733 2650 2804 ἄνδρας
2693 2733 2956 2801 δεσμίους
2982 2736 3334 2805 ἀποπέμπων
3360 2736 3437 2800 ὡς
3485 2738 3749 2805 βασιλέα,

2163 2826 2364 2896 ἄνδρας
2397 2843 2459 2879 τε
2508 2826 2911 2895 ἐϐδομήκοντα·
2957 2829 3108 2900 αὐτῷ
3159 2830 3350 2898 μέντοι
3403 2830 3481 2900 τῷ
3525 2832 3750 2901 βασιλεῖ

2162 2920 2263 2974 οὐκ
2292 2919 2374 2971 ἔτι
2399 2920 2673 2987 ἐφαίνετο,
2710 2919 2851 2990 ἄρας
2891 2920 2948 2984 ἐς
2987 2920 3087 2991 τήν
3117 2921 3525 2992 Πελοπόννησον
3570 2922 3751 2975 ἔσεα-

2163 3010 2298 3072 λείν,
2330 3013 2428 3065 καὶ
2459 3011 2528 3064 τὰ
2566 3013 2962 3081 στρατεύματα
2995 3013 3148 3081 αύτῷ
3192 3014 3428 3082 κάμνειν
3468 3013 3634 3084 ἄρτι·
3667 3015 3748 3078 ὡς

476 3108 612 3163 citui
636 3123 705 3160 ne
727 3104 955 3160 nimium
991 3112 1046 3157 et
1085 3103 1287 3154 frustra
1320 3098 1713 3169 defatigaretur
1742 3115 1755 3151 :
1786 3098 1886 3153 sed
1911 3109 2059 3153 retro

2168 3103 2398 3157 ἐπύθετο
2460 3104 2886 3174 καταληφθῆναι
2950 3104 3041 3159 τὸν
3115 3106 3352 3176 Ἰσθμὸν,
3422 3107 3752 3176 ἀπήλαυνεν

477 3200 532 3255 in
572 3199 772 3268 regiam
801 3196 956 3250 abiit.
1027 3194 1402 3248 lilachumetes
1436 3192 1621 3261 regius
1679 3191 1785 3245 dux
1821 3207 1918 3260 per
1950 3190 2056 3249 Te-

479 3306 606 3360 gmae
633 3289 912 3358 regionem
938 3285 1040 3339 iter
1071 3282 1299 3347 faciens,
1342 3282 1694 3338 Leonlarium
1737 3283 1886 3337 venit
1916 3301 1931 3340 :
1965 3283 2058 3339 ubi

480 3398 539 3436 et
565 3391 744 3435 castra
779 3377 1162 3434 communivit.
1196 3375 1326 3431 Inde
1366 3376 1531 3430 mittit
1561 3374 1865 3448 Zaganum,
1895 3391 2056 3448 quem

477 3476 783 3548 principem
843 3472 1221 3542 PeIOponneso
1275 3470 1583 3534 constituit,
1632 3470 1809 3540 ejecto
1875 3486 1940 3524 ex
1993 3485 2060 3525 eo

479 3571 800 3639 magisrratu
835 3563 1003 3621 Iosue
1055 3564 1283 3621 Albanis
1315 3562 1451 3627 tilio,
1513 3562 1705 3617 Patras
1732 3564 1976 3629 Achaia,
2003 3574 2061 3620 et

479 3663 532 3716 in
574 3662 709 3716 alias
738 3659 1001 3714 finitimas
1035 3657 1227 3725 urbes,
1258 3665 1316 3712 ut
1348 3672 1506 3713 arces
1542 3654 1818 3712 frumento
1856 3668 1910 3713 et
1936 3673 2061 3713 mu-

478 3755 778 3810 nitionibus
796 3750 1012 3815 bellicis
1043 3749 1306 3804 lirmaret.
1330 3749 1582 3805 Umarem
1598 3750 1757 3821 jubet
1778 3765 2061 3809 assumere

478 3841 782 3897 exercitum
813 3836 907 3910 qui
962 3835 1280 3894 continebat
1321 3835 1514 3904 viginti
1573 3835 1741 3892 millia
1801 3836 2059 3899 militum,

478 3942 534 3986 et
567 3931 912 3985 incursiones
968 3927 1148 3983 facere
1188 3928 1243 3981 in
1303 3924 1628 3983 Venetorum
1664 3927 1970 3997 regionem.
2012 3926 2062 3982 Is

480 4024 751 4092 imperata
810 4021 1043 4089 impigre
1086 4018 1321 4084 faciens,
1345 4034 1469 4072 cum
1505 4020 1751 4074 exercitu
1806 4018 1955 4075 venit
2006 4019 2063 4075 in

479 4114 598 4169 loca
631 4112 898 4166 Methonze
934 4111 1161 4165 finitima
1187 4126 1202 4161 :
1231 4123 1499 4179 captoqiie
1531 4109 1731 4163 ibidem
1776 4109 2059 4180 oppidulo,

481 4204 783 4274 oppidanos
809 4216 1003 4256 omnes
1042 4200 1110 4254 ad
1146 4200 1341 4257 ducem
1379 4199 1777 4254 Maebumetem
1813 4202 2062 4269 abduxit,

481 4295 640 4365 eique
685 4291 930 4350 tradidit.
994 4290 1056 4346 lli
1111 4307 1326 4358 omnes,
1395 4307 1520 4346 cum
1594 4307 1825 4348 numero
1886 4294 2065 4353 forent

479 4387 782 4459 quingenti,
815 4385 1014 4441 exinde
1045 4385 1111 4438 ad
1140 4400 1319 4455 regem
1356 4384 1632 4454 perducti,
1681 4385 1974 4442 crudeliter
2005 4387 2059 4442 in

2114 3215 2121 3218 ‘
2165 3197 2341 3250 ὀπίσω
2371 3197 2462 3250 ἐπὶ
2493 3196 2602 3252 τῶν
2646 3196 2958 3267 βασιλείων.
3006 3196 3412 3269 Μαχουμοῦτης
3458 3199 3517 3252 δὲ
3545 3202 3572 3253 ὁ
3612 3201 3753 3269 ήγε-

2169 3288 2309 3359 μὼν,
2338 3290 2546 3359 προῖὼν
2589 3290 2675 3344 διὰ
2724 3291 2823 3359 τῆς
2866 3291 3129 3361 Τεγαίης,
3164 3292 3392 3361 ἀςίκετο
3421 3295 3479 3352 ἐς
3508 3296 3754 3349 Λεοντά-

2169 3399 2284 3467 ριον
2313 3382 2492 3449 πόλιν,
2521 3383 2619 3438 καὶ
2647 3382 2815 3435 αὐτοῦ
2844 3384 3411 3455 ἐστρατοπεδεύσατο.
3451 3385 3750 3440 Ἐντεῦθεν

2167 3475 2488 3530 ἀποστέλλει
2548 3477 2818 3544 Ζάγανον,
2879 3476 2938 3529 ὃν
3003 3476 3305 3548 ἐπέστησεν
3371 3478 3611 3549 ἄρχοντα
3675 3483 3753 3550 τῇ

2168 3567 2585 3638 Πελοποννήσῳ,
2621 3566 2873 3621 ἐκϐαλὼν
2907 3567 3117 3636 Ἰησοῦν
3139 3569 3233 3622 τὸν
3253 3568 3526 3625 Ἀλόάνεω
3552 3573 3751 3629 παῖδα.

2168 3657 2370 3713 Τοῦτον
2386 3659 2441 3713 δὲ
2459 3660 2549 3713 τὸν
2568 3660 2808 3728 Ζάγανον
2833 3661 3040 3729 πέμπει
3064 3662 3121 3724 ἐς
3140 3662 3360 3732 Πάτρας
3373 3662 3470 3733 τῆς
3491 3663 3755 3735 ’Λχαῖας,

2169 3750 2266 3803 καὶ
2302 3751 2358 3811 ἐς
2386 3750 2485 3813 τὰς
2513 3748 2679 3812 ἄλλας
2715 3751 2881 3803 αὐτοῦ
2912 3754 3087 3824 ταύτῃ
3116 3754 3325 3820 πόλεις,
3370 3758 3653 3826 ὲχυρῶσαί
3686 3779 3758 3814 τε

2170 3842 2269 3902 τὰς
2299 3840 2627 3911 ἀκροπόλεις
2673 3840 2867 3905 σιτίοις
2897 3859 2961 3894 τε
2995 3846 3091 3897 καὶ
3113 3847 3181 3912 τῇ
3207 3844 3347 3917 ἄλλῃ
3388 3855 3753 3920 παρασκευῇ.

2171 3931 2425 4002 Ὀμάρην
2479 3932 2534 3984 δὲ
2589 3933 2901 3998 ἐκέλευσεν,
2960 3936 3302 3991 ἀναλαϐόντα
3341 3939 3433 3992 τὸν
3488 3943 3755 4010 στρατὸν,

2171 4024 2247 4086 ὡς
2275 4025 2625 4094 δισμυρίους,
2682 4026 3007 4096 ἐπιδραμεῖν
3056 4030 3158 4099 τὴν
3207 4032 3486 4086 υὺενετῶν
3531 4034 3753 4104 χώραν.

2171 4107 2341 4178 Οὗτος
2366 4116 2464 4183 μὲν
2485 4111 2578 4169 οὖν
2601 4117 2646 4148 ⁸³
2672 4119 3009 4187 παραλαϐὼν
3031 4123 3092 4175 τὸ
3142 4125 3481 4194 στράτευμα,
3519 4128 3757 4197 ἀφίκετο

2174 4211 2232 4274 ὲς
2253 4209 2323 4262 τὰ.
2352 4208 2482 4280 περὶ
2505 4212 2605 4279 τὴν
2631 4211 2897 4281 Μεθώνην
2932 4215 3130 4287 χωρία,
3152 4219 3250 4272 καὶ
3278 4220 3543 4292 πολίχνην
3569 4242 3756 4294 παρα-

2174 4302 2543 4371 στησάμενος,
2571 4304 2697 4366 τοὺς
2729 4304 3051 4372 ἀνθρώπους
3077 4309 3311 4377 ἀπάγων
3354 4314 3644 4384 παρεδίδου
3667 4318 3756 4387 τῷ

2171 4393 2428 4463 ἡγεμόνι.
2464 4393 2626 4447 Οὗτοι
2657 4397 2755 4466 μὲν
2784 4394 2878 4450 οὖν
2907 4398 2984 4459 ὡς
3032 4401 3351 4472 ἀνήχθησαν
3382 4408 3441 4466 ἐς
3494 4407 3751 4477 βασιλέα,

479 4483 617 4537 duas
670 4490 856 4552 partes
906 4479 1130 4535 dissecti
1188 4478 1535 4534 occubuere.
1575 4476 1744 4536 Fama
1802 4491 2062 4537 conSIans

2175 4484 2492 4554 σύμπαντες
2529 4490 2585 4551 ἐς
2609 4490 3004 4554 πεντακοσίους
3040 4494 3345 4563 γενόμενοι,
3378 4498 3652 4553 ἀπέθανον
3693 4505 3759 4568 ἐς

482 4575 664 4636 habet.
698 4569 823 4628 cuni
853 4572 1118 4627 cadavera
1149 4580 1553 4642 peremptorum
1581 4569 1828 4644 Byzantii
1856 4588 1920 4628 eo
1954 4573 2061 4629 loci

479 4676 663 4724 essent
711 4664 968 4736 proiecta,
1036 4678 1144 4732 quo
1170 4678 1262 4719 rex
1318 4664 1563 4734 jusserat
1616 4664 1671 4719 in
1694 4664 1831 4721 duas
1881 4677 2065 4735 partes

482 4759 761 4813 conscissa
795 4756 1014 4824 exponi,
1051 4755 1244 4810 bovem
1299 4754 1591 4825 quemdam
1633 4755 1687 4810 in
1719 4772 1844 4810 eum
1878 4757 2062 4812 locum

481 4863 790 4920 egressum,
817 4857 870 4902 et
903 4847 1035 4903 visis
1084 4846 1445 4902 cadaveribus
1474 4845 1705 4901 ﬂebilem
1754 4848 1808 4902 in
1842 4850 2062 4903 modum

480 4957 671 4996 vocem
732 4940 1027 5008 mugiendo
1090 4936 1382 5003 exalta‘sse,
1465 4949 1650 5011 postea
1720 4939 2066 4994 medietatem

484 5049 650 5091 unam
740 5033 1025 5087 cadaveris
1116 5024 1427 5097 sustulisse,
1510 5032 1709 5087 deinde
1786 5048 2066 5087 reversum

483 5131 648 5184 etiam
702 5128 928 5181 alteram
973 5125 1259 5180 cadaveris
1339 5125 1690 5180 medietatem
1746 5126 2068 5191 abstulisse,

482 5233 537 5277 et
575 5222 764 5277 ambas
802 5219 1121 5274 medietates
1168 5217 1429 5289 deinceps
1490 5220 1886 5290 composuisse.
1935 5225 2063 5274 διυ-

483 5316 738 5386 pentibus
792 5324 971 5368 autem
1005 5323 1058 5365 et
1111 5314 1438 5369 mirantibus
1488 5313 1716 5376 factum,
1751 5315 1845 5384 qui
1911 5317 1963 5370 in
1999 5332 2067 5372 eo

486 5406 607 5461 loco
637 5414 812 5469 erant,
846 5403 1027 5458 evenit
1053 5410 1112 5457 ut
1139 5404 1258 5472 ejus
1279 5403 1356 5459 rei
1390 5418 1580 5459 rumor
1599 5403 1763 5459 etiam
1789 5407 1855 5459 ad
1886 5420 2068 5474 regem

2172 4576 2266 4630 δύο
2296 4578 2620 4647 τμηθέντες.
2657 4582 2893 4644 Λέγεται
2924 4583 3002 4650 δὲ,
3033 4585 3109 4647 ὡς
3136 4587 3201 4639 ἐν
3225 4589 3509 4663 Βυζαντίῳ
3543 4596 3611 4649 τά
3644 4599 3758 4651 σώ-

2175 4687 2325 4738 ματα
2350 4670 2521 4724 aito?)
2554 4672 2733 4745 ταύτῃ
2761 4675 2963 4742 ἔκειτο,
3062 4678 3426 4748 ἐπιτάξαντος
3454 4684 3547 4738 τοῦ
3589 4686 3761 4757 βασι-

2173 4765 2310 4825 λέως
2340 4767 2396 4828 ὲς
2428 4765 2521 4818 δύο
2554 4770 2828 4836 γενόμενα
2874 4771 3058 4837 ἔπεσε,
3110 4773 3241 4842 βοῦν
3279 4773 3392 4831 τῶν
3419 4779 3490 4843 ,ἐς
3535 4781 3601 4832 τὸ
3643 4799 3761 4852 χω-

2175 4856 2292 4929 ρίον
2331 4859 2509 4912 ἐκεῖνο
2539 4859 2847 4925 ἐξελθόντα,
2883 4862 2929 4896 ⁸⁵
2961 4866 3020 4927 ἐς
3062 4867 3134 4918 τὰ
3176 4864 3409 4937 σῶμα-δα
3455 4875 3652 4942 γοερόν
3697 4894 3760 4931 τι

2174 4947 2595 5019 φθεγξάμενον,
2655 4952 2931 5017 ἐξελέσθαι
2981 4957 3043 5009 τὸ
3104 4961 3376 5030 ἡμίτομον
3450 4966 3570 5028 ἐνὸς
3639 4969 3761 5022 τῶν

2172 5043 2464 5112 σωμάτων,
2511 5042 2558 5075 “
2598 5045 2741 5114 μετὰ
2791 5046 2847 5098 δὲ
2886 5049 3305 5120 ὑποστρέψαντα
3339 5056 3756 5127 ἐπιδεξὸμενον,

2172 5132 2416 5203 ἐξευρεῖν
2448 5133 2509 5187 τὸ
2548 5134 2677 5188 ἄλλο
2728 5137 3022 5208 ἡμίτομον,
3059 5142 3155 5195 καὶ
3206 5144 3587 5213 ἐξενεγκόντα,
3624 5169 3763 5204 συν-

2171 5224 2362 5280 θέσθαι
2409 5226 2529 5298 ἅμα
2574 5229 2744 5299 ἄμφω
2781 5230 2858 5283 τὼ
2914 5234 3193 5304 ήμιτόμω.
3232 5237 3761 5307 ’Υποθορυόούντων

2180 5318 2238 5371 δὲ
2269 5318 2378 5372 τῶν
2403 5323 2483 5384 εἰς
2512 5322 2731 5393 ἐκείνην
2758 5324 2857 5393 τὴν
2887 5326 3097 5396 χώραν,
3120 5331 3189 5381 τά
3219 5334 3351 5401 περὶ
3371 5334 3463 5387 τὸν
3492 5335 3625 5405 βοῦν
3653 5355 3766 5393 πυα-

2183 5409 2371 5464 θέσθαι
2400 5411 2629 5482 βασιλέα
2658 5415 2703 5446 ⁸⁷
2731 5416 3052 5488 Μεχμέτην,
3088 5423 3185 5474 καὶ
3206 5423 3514 5496 πυθόμενον
3543 5428 3620 5491 ὡς
3666 5433 3763 5505 εἴη

1775 5548 2029 5612 Νυιυιω
2063 5553 2505 5631 marginales;

559 5683 603 5714 “
636 5683 948 5759 Hiclrtcuna
980 5696 1076 5741 est.
1154 5688 1198 5719 ⁸³
1231 5686 1296 5743 Π.
1327 5691 1684 5759 γιγνομένης.

1788 5692 1832 5724 οι
1871 5692 1909 5724 Ω
1960 5693 2097 5724 Ἱηθιξ

559 5691 603 5714 "
636 5691 948 5739 lliclacuna
980 5696 1076 5741 est.
1154 5691 1198 5719 ’⁵³
1231 5691 1296 5743 li.
1327 5691 1684 5759 γιγνομένης.
1788 5692 1832 5724 ⁸⁸
1864 5691 1927 5746 Β.
1960 5693 2160 5752 λαϐὼν.

493 5757 753 5828 φέροντα,
792 5756 985 5811 θέσθαι
1012 5761 1170 5824 ἐκτὸς
1201 5760 1309 5816 τῶν
1353 5764 1651 5831 σωμάτων.
1726 5764 1771 5795 ⁸⁷
1804 5765 2203 5840 Μῖχουμέτην.

2270 5704 2315 5735 ⁸⁸
2350 5704 2560 5762 Ἒωθεν
2594 5708 2653 5762 ἐκ
2676 5709 2770 5782 τῆς
2797 5710 3003 5785 φάτνης
3031 5716 3123 5768 καὶ
3154 5717 3475 5775 ἀπελθόντα.
3557 5721 3603 5753 ⁸⁸
3642 5724 3762 5777 Καὶ
