4126 6432
365 335 520 415 '553

1483 353 1575 412 DE
1617 351 1871 410 REllUS
1921 349 2280 408 TURCICIS
2322 348 2460 407 LIB.
2512 347 2583 406 Χ.

3554 341 3658 398 5³4

413 464 592 535 ἀληθῆ
625 464 695 517 τὰ
738 465 866 535 περὶ
890 464 982 519 τὸν
1010 465 1158 535 βοῦν,
1195 467 1553 536 πειράσασθαι
1600 470 1666 535 τῇ
1717 465 1978 534 ὑστεραίᾳ

2092 463 2298 515 volaret
2331 461 2703 516 Meehmetcm.
2757 460 2858 526 Qui
2895 459 2983 511 ubi
3021 459 3097 513 rei
3150 456 3433 510 veritatem
3477 472 3540 508 ex
3590 459 3656 510 iis

411 556 482 609 τὰ
533 556 784 625 ἡμίτομα
827 555 922 609 τοῦ
964 558 1215 624 σώματος
1246 559 1583 628 ἀφελόμενον
1639 563 1700 610 ἐκ
1751 559 1848 611 τοῦ
1878 575 1984 625 χω-

411 650 554 712 ρίου,
593 651 652 711 ἐς
680 650 750 701 τὰ
797 649 1026 718 σώματα
1065 647 1224 714 αὖθις
1271 651 1620 715 καταθέσθαι,
1670 652 1772 704 ἀνὰ
1820 653 1982 720 μέρος

414 741 706 810 τιθέμενον
730 741 1089 810 τὰήμίτομα.
1118 742 1279 796 Οὕτω
1297 744 1352 796 δὲ
1396 739 1552 805 αὖθις
1569 745 1661 795 τὸν
1706 743 1833 812 βοῦν
1878 744 1986 806 ἐξι-

421 832 565 892 όντα.
595 832 670 894 ὡς
699 834 798 903 οὐχ
824 832 953 904 εὗρε
985 835 1052 887 τὰ
1083 835 1353 906 ήμίτομα,
1395 831 1542 909 ᾗπερ
1575 838 1812 902 ἐξέθετο,
1845 838 1977 889 ἀνα-

421 923 709 993 6οήσαντα,
759 923 1085 993 ἐπιδραμεῖν
1137 923 1206 979 αὖ
1252 929 1312 990 ἐς
1351 933 1420 982 τά
1467 929 1696 997 σώματα
1737 931 1830 980 καὶ
1889 928 1982 996 ζη-

417 1017 679 1084 τήσαντα,
715 1015 1024 1083 ἐξενεγκεῖν
1067 1018 1160 1071 τοῦ
1185 1018 1436 1089 σώματος
1468 1023 1536 1072 τά.
1584 1021 1841 1091 τεμάχια,
1885 1039 1984 1073 κα-

414 1106 713 1175 ταθέμενον
735 1109 901 1178 χωρὶς
914 1109 1026 1162 ἀπὸ
1065 1111 1176 1163 τῶν
1223 1113 1512 1181 σωμάτων.
1533 1113 1637 1166 Τὸν
1661 1116 1760 1182 μὲν
1779 1110 1873 1166 οὗν
1889 1113 1985 1182 βα-

414 1199 569 1251 σιλέα
602 1199 986 1268 θαυμάσαντα,
1006 1201 1288 1266 κελεῦσαι,
1334 1203 1693 1274 ἀνελομένους
1719 1205 1886 1273 θάψαι
1914 1205 1982 1258 τά

414 1289 685 1357 ήμίτομαο
728 1289 820 1340 τὸν
852 1288 909 1342 δὲ
947 1288 1079 1357 βοῦν
1128 1291 1186 1352 ἐς
1234 1291 1303 1343 τά
1352 1292 1606 1362 βασίλεια
1650 1294 1980 1362 ἀγαγέσθαι,

414 1380 752 1448 περιέποντα
788 1379 871 1432 εὖ.
915 1378 989 1432 Τὸ
1021 1381 1205 1450 μέντοι
1243 1383 1407 1451 σῶμα
1455 1384 1703 1452 λέγεται⁸
1731 1387 1983 1454 γενέσθαι

411 1470 520 1522 τῶν
551 1471 851 1537 Ἱλλυριῶν·
888 1472 938 1523 oi
973 1473 1027 1525 δὲ
1059 1473 1168 1526 τῶν
1214 1477 1516 1534 Οὑενετῶν.
1556 1480 1716 1531 Δοκεῖ
1739 1479 1796 1532 δὲ
1825 1480 1983 1534 τοῦτο

411 1563 602 1615 οἰωνὸν
627 1564 838 1631 φέρειν,
871 1565 928 1626 ἐς
957 1565 1024 1618 τὰ
1047 1566 1109 1617 τὸ
1141 1569 1297 1632 γένος
1322 1568 1416 1621 τοῦ
1456 1569 1711 1639 σώματος
1745 1573 1980 1634 ἐκείνου.

411 1656 508 1707 καὶ
538 1656 636 1708 ἐπὶ
659 1658 771 1718 τοῖς
799 1657 1091 1724 μέλλουσιν
1117 1659 1343 1714 ἔσεσθαι
1364 1661 1682 1732 εὐδαιμονία
1703 1667 1783 1728 εἰς
1809 1668 1984 1719 ἐκεῖνο

411 1748 474 1798 τὸ
509 1753 686 1811 γένος.
723 1749 894 1803 Τοῦτο
920 1752 1022 1820 μὲν
1051 1753 1110 1805 ὲν
1154 1752 1439 1824 Βυζαντίῳ
1490 1757 1742 1822 γενέσθαι
1785 1759 1978 1811 ἐπυθό-

413 1841 575 1910 μεθα.

497 2023 554 2075 '0
579 2023 634 2075 δὲ
665 2023 770 2075 τῶν
795 2023 978 2095 θυρῶν
994 2024 1238 2094 ἡγεμὼν,
1262 2026 1337 2090 ὡς
1363 2027 1461 2098 οὐχ
1483 2027 1602 2098 ὥρα
1628 2031 1800 2084 ἐδόκει
1828 2034 1976 2102 αὐτῷ

410 2111 553 2165 εἶναι
581 2113 914 2181 προσϐαλεῖν
943 2117 1064 2177 ταῖς
1100 2116 1312 2182 πόλεσι,
1350 2120 1616 2172 κατέλιπε
1670 2122 1771 2190 μὲν
1819 2125 1876 2174 ἐν
1909 2127 1973 2192 τῇ

414 2199 635 2269 Σπάρτῃ
687 2200 960 2270 Ὄμέιρην,
1010 2204 1103 2254 καὶ
1149 2203 1265 2271 ἅμα
1299 2205 1452 2274 αὐτῷ
1488 2207 1723 2275 Ἀσάνην
1768 2209 1844 2273 ὡς
1891 2209 1979 2262 λό-

418 2307 544 2358 γους
587 2308 647 2343 τε
695 2293 753 2354 ἐς
783 2292 909 2354 τοὺς
951 2293 1298 2362 Σπαρτιάτας
1330 2296 1618 2364 πέμποιεν.
1681 2300 1789 2351 Καὶ
1848 2303 1977 2354 ὐπο-

421 2383 743 2451 στρέψαντες
778 2385 834 2446 ές
855 2385 922 2438 τά
948 2387 1124 2440 οἰκεῖα
1145 2387 1251 2441 ἀπό
1279 2403 1339 2440 τε
1390 2390 1485 2441 τοῦ
1537 2391 1830 2462 Ταινάρου,
1885 2398 1978 2447 καὶ

420 2475 764 2547 Ἐπιδαύρου,
795 2478 888 2530 καὶ
915 2478 1026 2531 τῶν
1051 2480 1226 2534 ἄλλων
1253 2480 1492 2550 χωρίων,
1527 2482 1614 2535 ἵνα
1651 2486 1849 2538 αὐτίκα
1880 2504 1977 2538 πυ-

415 2566 628 2637 θόμενοι
653 2571 779 2632 τοὺς
825 2572 1119 2634 Οὑενετοὺς
1176 2570 1416 2625 ἐκλιπεῖν
1462 2575 1552 2626 τὸν
1602 2575 1830 2645 Ἰσθμὸν,
1884 2582 1978 2631 καὶ

410 2659 704 2712 διενοοῦντο
731 2661 971 2724 ἐπιόντες
1005 2665 1052 2714 οἱ
1087 2662 1180 2716 τοῦ
1212 2663 1481 2733 ἡγεμόνος
1509 2667 1844 2735 ἀμύνασθαι.
1876 2664 1978 2723 Οὖ-

409 2769 490 2804 τοι
528 2753 626 2820 μὲν
652 2749 746 2806 οὖν
772 2754 1094 2822 ἀφικόμενοι
1132 2757 1188 2818 ἐς
1216 2756 1317 2826 τὴν
1367 2757 1645 2829 Σπάρτην,
1695 2761 1885 2828 λόγους
1915 2781 1976 2817 τε

410 2846 522 2906 τοῖς
551 2845 920 2914 Σπαρτιάταις
951 2847 1309 2918 προσέφερον,
1349 2853 1441 2902 καί
1487 2867 1642 2914 τινας
1693 2854 1750 2904 ἐν
1804 2856 1975 2925 ἐρυμ-

405 2939 516 2998 νοῖς
548 2937 715 2989 αὑτοῦ
767 2939 941 3009 ταύτῃ
970 2939 1132 3002 ὄντας
1168 2937 1472 3006 πείσαντες,
1509 2943 1837 3015 κατῴκησαν
1885 2946 1976 3000 αὖ-

407 3029 492 3089 θις
509 3031 568 3090 ές
597 3029 694 3099 τὴν
730 3031 903 3084 πόλιν.
935 3031 1044 3083 Καὶ
1071 3034 1182 3094 τοῖς
1227 3033 1284 3084 ἐν
1315 3032 1570 3104 Ταναίρῳ
1611 3037 1706 3087 καὶ
1764 3040 1828 3106 τῇ
1863 3039 1975 3091 Aa.-

410 3122 619 3189 κωνικῇ
643 3123 878 3188 πέμπων
909 3123 938 3172 ὁ
967 3121 1222 3191 Ἀσάνης,
1257 3125 1574 3190 παρεκάλει.
1602 3127 1775 3194 λέγων
1800 3130 1926 3183 τάδε
1959 3146 1971 3161 ’

411 3209 638 3279 ’Ἄνδρες
667 3210 1028 3279 Σπαρτιᾶται,
1051 3213 1215 3279 ὁρᾶτε
1248 3213 1444 3283 δήπου,
1489 3212 1578 3270 οἷοι
1605 3221 1671 3270 τά
1699 3217 1975 3275 Οὐενετῶν

409 3303 715 3371 πράγματα
767 3305 1178 3373 κατενήνεκται,
1233 3306 1419 3372 ἑξότου
1478 3309 1716 3380 πόλεμον
1764 3312 1978 3380 βασιλεῖ

412 3393 795 3463 ἀναιρούμενοι
823 3395 1079 3459 ἐνταῦθα,
1109 3396 1195 3451 ἵνα
1229 3399 1325 3468 τῆς
1377 3399 1662 3470 δυνάμεως
1725 3404 1905 3456 αὐτῶν
1929 3403 1974 3436 ⁸⁸

419 3483 562 3550 μέγα
587 3487 750 3555 μέρος
778 3487 1126 3552 ἐπιδείξαντ’
1156 3489 1221 3540 ἂν
1259 3489 1496 3558 μάλιστα
1551 3495 1608 3544 ἐν
1641 3494 1978 3565 Πελοποννή-

422 3591 517 3645 σῳ,
543 3576 614 3641 ὡς
636 3579 985 3650 ἐτελεύτησεν
1018 3582 1164 3650 αὐτῷ
1191 3586 1257 3635 τὰ
1314 3583 1440 3652 περὶ
1469 3587 1560 3636 τιν
1591 3583 1827 3654 Ἰσθμὸν,
1882 3593 1976 3639 καὶ

418 3667 786 3740 ἄλληνχώραν
814 3675 910 3742 τῆς
948 3672 1378 3744 Πελοποννήσου.
1443 3675 1613 3727 Ἔνθα
1666 3677 1762 3729 τοῦ
1815 3679 1974 3747 βασι·-

412 3760 548 3824 λέως
578 3764 610 3831 ή
656 3762 887 3832 δύναμις
920 3763 1164 3816 ἐκποδών
1193 3782 1254 3818 τε
1286 3765 1616 3835 ἀπῴκισται.
1653 3771 1745 3820 καὶ
1795 3771 1974 3824 αὐτῶν

408 3870 476 3922 γε
498 3854 556 3906 δὲ
583 3855 690 3908 τῶν
721 3855 1001 3908 Οὐενετῶν
1033 3858 1064 3926 ἠ
1099 3856 1328 3928 δύναμις
1352 3859 1406 3920 ἐς
1436 3859 1502 3912 τὰ
1527 3860 1763 3929 μάλιστα
1789 3863 1973 3932 ήθροι-

409 3964 558 4001 σται.
586 3946 649 4000 Et
670 3948 780 4017 γάρ
803 3947 894 4001 τὸν
919 3948 1184 4018 βασιλέως
1207 3951 1510 4020 θεράποντα
1543 3954 1767 4008 ἐπιόντα
1791 3957 1976 4024 σφίσιν

403 4039 508 4107 οὐχ
537 4035 638 4090 οίοί
664 4056 722 4091 τε
759 4041 1006 4106 ἐγένοντο
1027 4039 1303 4107 δέξασθαι,
1326 4045 1376 4093 τί
1404 4043 1470 4096 ἂν
1499 4045 1727 4112 γένοιτο,
1751 4051 1798 4100 εί
1822 4049 1978 4118 βασι-

407 4132 538 4194 λεὺς
569 4131 666 4182 σὺν
690 4134 808 4194 ταῖς
837 4133 1029 4203 θύραις
1068 4133 1230 4187 αὑτοῦ
1275 4135 1522 4190 ἐσϐάλλοι
1560 4140 1617 4199 ἐς
1639 4139 1976 4213 Πελοπόννη-

407 4241 506 4277 σον
531 4241 546 4290 ;
570 4219 646 4277 Ἦ
665 4224 819 4294 δῆλα,
839 4226 913 4289 ὡς
943 4227 1045 4278 οὐκ
1061 4226 1128 4279 ἂν
1163 4226 1241 4279 ἔτι
1271 4228 1452 4296 σφίσιν
1475 4231 1657 4293 αὐτοῖς
1685 4233 1976 4288 ὑπόλοιπον

408 4316 764 4387 ὑπολειφθείή
793 4319 852 4370 ἐν
873 4318 1262 4389 Πελοποννήσῳ
1281 4320 1501 4390 χωρίον,
1520 4322 1548 4374 ὃ
1575 4324 1650 4393 μὴ
1676 4325 1976 4381 ἀνάστατον

405 4411 634 4480 γένηται
667 4411 1034 4482 ἀπολούμενον
1059 4413 1162 4465 ὑπὸ
1188 4412 1284 4465 τοῦ
1312 4412 1599 4481 βασιλέως.
1651 4415 1788 4481 Νῦν,
1814 4419 1889 4481 ὠς
1918 4421 1976 4472 ἐν

1999 3169 2047 3232 C

2087 555 2177 620 qui
2211 565 2406 622 prtestu
2440 553 2655 606 fuerant
2680 552 2966 622 comperit,
3008 551 3292 605 cadaveris
3339 548 3659 601 medietates

2087 645 2153 698 ad
2187 661 2312 698 eum
2345 646 2522 698 locum
2554 661 2620 697 ex
2660 660 2770 712 quo
2817 659 2910 697 eas
2941 643 3136 697 tulerat
3189 643 3286 694 bos
3338 640 3656 708 reportavit,

2086 751 2139 792 et
2171 755 2199 791 a
2233 754 2292 793 se
2329 737 2559 793 invicem
2593 739 2817 792 dissitas
2878 737 3186 800 i-olloravit,
3239 734 3540 804 periculum
3584 733 3658 784 fa-

2084 840 2294 895 cturus,
2326 832 2524 884 an-bos
2557 829 2833 883 rediturus
2869 829 2962 882 sit.
2993 831 3060 882 At
3088 829 3184 881 bos
3213 828 3410 880 iterum
3447 826 3498 877 iu
3531 841 3656 878 eum

2087 925 2268 979 locum
2304 923 2529 977 veniens
2557 922 2648 976 ubi
2698 923 2892 976 abesse
2945 921 3261 975 medietates
3292 918 3573 971 cadaveris
3605 927 3659 968 et

2085 1025 2322 1071 remotas
2351 1016 2542 1078 sensit,
2569 1029 2766 1083 magno
2795 1012 3034 1068 clamore
3071 1011 3212 1064 redit
3250 1013 3316 1064 ad
3343 1010 3607 1064 cadavera
3643 1026 3654 1057 :

2085 1109 2385 1179 fragmenta
2419 1108 2702 1180 cadaveris
2728 1105 3019 1175 diligenter
3040 1104 3331 1174 conquirit,
3359 1111 3415 1156 et
3436 1102 3504 1154 ab
3531 1101 3658 1154 rel:-

2084 1200 2207 1268 quis
2238 1202 2528 1268 separatim
2593 1200 2765 1268 ponit.
2802 1196 2941 1260 Rex,
2972 1197 3048 1250 rei
3082 1195 3352 1250 miraculo
3392 1194 3652 1261 obstupe~

2085 1293 2281 1353 factus.
2316 1290 2598 1346 cadaveris
2621 1289 2939 1344 medietates
2987 1289 3281 1358 sepultura:
3309 1287 3449 1339 tradi
3500 1300 3654 1339 mau-

2083 1385 2249 1439 davit.
2283 1385 2386 1438 Bos
2441 1384 2494 1436 in
2529 1383 2729 1452 regiam
2789 1382 3010 1444 ductus,
3039 1381 3243 1450 optime
3305 1379 3519 1433 habitus
3547 1388 3650 1430 est.

2084 1477 2315 1542 Quidam
2345 1475 2565 1530 tradunt
2595 1477 2824 1529 cadaver
2870 1474 3000 1527 illud
3033 1472 3200 1526 fuisse
3233 1469 3421 1524 Veneti
3470 1468 3652 1537 cujus—

2083 1569 2232 1628 dam,
2257 1567 2478 1636 quidam
2516 1564 2680 1636 Illyrii
2705 1565 2872 1620 fuisse
2895 1565 3113 1620 ducent.
3140 1564 3406 1618 Ceterum
3432 1577 3614 1632 appara
3635 1570 3656 1612 t

2087 1661 2136 1712 id
2169 1661 2323 1728 quasi
2355 1675 2478 1714 esse
2508 1674 2668 1713 Omen
2704 1658 2953 1712 maxima:
2979 1657 3275 1718 felicitatis,
3301 1671 3420 1724 quae
3466 1669 3654 1722 appre-

2086 1751 2320 1804 hcusura
2351 1751 2418 1804 sit
2455 1766 2578 1804 eam
2607 1760 2824 1818 gentem
2849 1765 2915 1803 ex
2958 1765 3066 1817 qua
3111 1748 3237 1801 illud
3282 1747 3514 1801 cadaver
3566 1747 3655 1795 (Ic.-

2017 1831 2311 1898 Bscendit.
2365 1841 2474 1895 lloc
2534 1842 2752 1910 quidem
2802 1840 3045 1911 Byzantii
3097 1838 3388 1908 contigisse
3443 1837 3654 1888 audi\i-

2083 1952 2225 1988 "HIS.

2151 2027 2446 2080 Januarum
2490 2027 2598 2081 dux
2625 2027 2713 2081 ubi
2750 2023 3133 2080 animadvertit
3167 2035 3358 2090 parum
3390 2030 3650 2090 Opportu-

2083 2135 2209 2172 num
2268 2135 2390 2174 esse
2449 2120 2613 2174 urbes
2664 2131 3018 2188 Oppugnare,
3085 2116 3138 2168 in
3191 2113 3384 2182 Sparta
3435 2112 3654 2180 reliquit

2079 2211 2329 2266 Omarem
2380 2222 2434 2265 et
2465 2213 2698 2266 Asauem
2747 2221 2805 2264 ut
2837 2209 3163 2274 colloquium
3193 2205 3351 2275 301
3399 2204 3656 2257 haberent

2079 2314 2199 2352 cum
2233 2300 2534 2368 Spartanis.
2569 2299 2630 2352 Hi
2663 2300 2829 2362 enim,
2865 2299 2957 2352 ubi
3005 2296 3388 2350 intellexerant
3421 2290 3654 2345 Venetus

2077 2387 2284 2442 Isthmo
2313 2390 2630 2451 decessisse,
2672 2389 2740 2442 ab
2785 2387 3020 2448 Taenaro
3047 2396 3103 2440 et
3145 2385 3414 2456 Epidauro
3471 2392 3526 2436 et
3584 2383 3652 2432 ah

2079 2479 2199 2533 aliis
2233 2481 2368 2533 locis
2394 2481 2458 2533 ad
2489 2495 2586 2534 sua
2620 2481 2822 2533 reversi
2849 2478 3192 2534 conabantur
3213 2494 3311 2532 sua
3335 2473 3648 2530 defendere.

2080 2574 2148 2624 At
2178 2572 2252 2624 illi
2288 2573 2568 2625 venientes
2597 2571 2648 2624 iu
2682 2571 2960 2640 Spartam,
3001 2585 3307 2624 sermonem
3337 2586 3459 2621 cum
3485 2569 3652 2637 Spar-

2081 2662 2219 2715 tanis
2248 2663 2524 2716 habuere:
2553 2663 2880 2732 quibusdam
2929 2660 3116 2722 etiam,
3149 2661 3238 2729 qui
3269 2660 3320 2712 iu
3369 2660 3504 2713 locis
3537 2677 3656 2711 mu-

2081 2755 2370 2810 nitissimis
2401 2771 2462 2810 se
2506 2756 2786 2822 tenebant,
2836 2769 3160 2824 persuasere
3216 2762 3274 2807 ut
3331 2754 3571 2808 redirent
3602 2757 3654 2806 in

2080 2845 2295 2900 urbem.
2331 2847 2599 2901 Caeterum
2632 2849 2852 2902 mittens
2881 2848 3092 2902 Asanes
3121 2847 3188 2899 ad
3226 2861 3322 2900 eos
3351 2847 3444 2914 qui
3472 2861 3652 2900 versa-

2079 2937 2278 2992 bantur
2315 2938 2367 2992 in
2401 2937 2630 2993 Taauaro
2659 2950 2715 2992 et
2761 2938 3025 3000 Laconia.
3059 2939 3140 2994 sic
3191 2952 3284 2993 eos
3334 2939 3656 2992 adhortatus

2079 3038 2164 3082 est
2190 3047 2205 3082 :
2229 3027 2344 3082 Viri
2372 3027 2650 3097 Spartani,
2682 3029 2875 3084 videtis
2895 3029 3179 3094 nimirum,
3207 3028 3311 3081 nisi
3337 3030 3468 3082 caeci
3494 3030 3653 3092 estis,

2081 3135 2190 3191 quo
2215 3121 2319 3175 luci
2346 3119 2674 3176 Venetorum
2695 3136 2780 3176 res
2806 3121 3039 3174 redactae
3059 3132 3208 3186 sunt,
3237 3136 3300 3175 ex
3321 3137 3430 3190 quo
3454 3122 3652 3175 bellum

2081 3215 2191 3283 regi
2218 3214 2550 3278 indixerunt,
2568 3222 2624 3269 et
2652 3214 2943 3268 maximam
2968 3215 3219 3284 potentiae
3235 3229 3345 3268 suae
3367 3224 3572 3284 partem
3601 3221 3652 3266 ιιι

2079 3306 2458 3377 Peloponneso
2491 3313 2862 3361 ostentarunt.
2896 3303 3163 3359 Prazlerea
3201 3307 3343 3359 haud
3372 3321 3470 3360 vos
3491 3307 3652 3372 fugit,

2077 3399 2208 3468 quid
2235 3399 2288 3452 iu
2315 3397 2520 3453 Isthmo
2547 3407 2600 3452 et
2633 3399 2685 3450 iu
2718 3397 2924 3465 reliqua
2952 3397 3312 3466 PelOponncsi
3339 3399 3558 3469 regione
3584 3400 3652 3458 iis

2079 3491 2362 3554 acciderit,
2412 3491 2664 3558 quamvis
2696 3489 2858 3559 regiae
2900 3488 3068 3557 copiae
3115 3505 3279 3559 quam
3343 3492 3654 3560 longissime

2080 3583 2288 3638 fuerim
2313 3593 2555 3646 remotae,
2587 3593 2642 3636 et
2671 3582 2770 3649 ipsi
2802 3594 2964 3648 quam
3000 3583 3235 3635 maxime
3269 3583 3320 3634 in
3349 3599 3518 3635 unum
3544 3586 3655 3636 cul-

2082 3679 2226 3733 lecti.
2263 3677 2320 3731 Si
2357 3677 2568 3746 regium
2604 3689 2824 3729 servum
2863 3672 3140 3726 hostiliter
3171 3673 3458 3727 adeuntem
3491 3675 3659 3728 susti-

2080 3787 2206 3825 nere
2239 3769 2628 3840 nequiverunt,
2655 3766 2785 3836 quid
2836 3766 3083 3820 futurum
3111 3773 3250 3829 erat,
3309 3767 3353 3819 si
3391 3781 3484 3819 rex
3539 3766 3654 3835 ipse

2079 3880 2186 3916 una
2204 3879 2326 3916 cum
2359 3862 2545 3930 januis
2567 3862 2620 3914 in
2643 3860 3073 3930 Peloponnesum
3096 3860 3360 3928 impetum
3389 3859 3658 3913 dedisset?

2080 3955 2330 4009 Protecto
2354 3953 2531 4006 nullus
2565 3951 2719 4006 locus
2762 3951 2814 4004 in
2857 3949 3230 4018 Peloponneso
3277 3948 3471 4004 fuisset
3523 3952 3654 4004 reli-

2078 4057 2218 4112 ctus,
2249 4047 2342 4115 qui
2374 4045 2443 4097 ab
2485 4044 2608 4097 belli
2657 4041 2778 4109 jure
2807 4042 3101 4097 mansisset
3165 4043 3426 4109 intactus,
3462 4059 3648 4097 verum

2079 4140 2202 4194 belli
2225 4146 2518 4207 tempestas
2545 4137 2728 4189 omnia
2755 4135 3054 4190 fmdis’sime
3077 4133 3414 4203 dissipasset.
3453 4135 3564 4190 Rex
3597 4145 3657 4190 ut

2079 4227 2474 4298 Thermopylas
2492 4225 2694 4295 attigit,
2715 4224 2926 4278 audivit
2948 4222 3198 4289 Venetos,
3221 4224 3410 4279 relicto
3428 4224 3654 4285 Isthmo.

2083 4321 2306 4383 abiisse,
2337 4329 2396 4372 ut
2425 4325 2716 4388 appetente
2746 4332 2873 4371 vere
2905 4315 3148 4371 redirent
3200 4317 3252 4369 in
3288 4314 3570 4382 Euboeam,
3602 4329 3657 4370 et

2079 4413 2180 4468 ista
2213 4413 2330 4466 lora
2351 4411 2538 4466 omnia
2591 4411 2644 4464 in
2696 4410 2960 4463 ditionem
3023 4410 3356 4476 acciperent.
3400 4408 3556 4462 Nunc
3600 4426 3648 4462 SI

407 4503 799 4572 Θερμοπύλαις
831 4504 1185 4573 ἀφικόμενος,
1213 4503 1464 4568 ἐπύθετο,
1499 4503 1573 4566 ὡς
1610 4507 1973 4571 ἀπολιπόντες

2082 4507 2292 4562 veniam
2320 4505 2419 4574 (ad
2453 4501 2800 4572 quam-vobis
2853 4509 3002 4554 tutus
3037 4507 3288 4567 receptus
3326 4509 3432 4563 est,
3463 4515 3660 4554 eorum

410 4597 503 4646 τὸν
529 4596 759 4664 Ἰσθμὸν,
788 4595 998 4664 οἴχοντο
1019 4595 1067 4647 οἱ
1096 4595 1368 4657 Οὐενετοὶ,
1404 4595 1481 4657 ὡς
1521 4591 1656 4666 ἦρος
1689 4598 1977 4664 ἐπιφανέν-

414 4703 528 4750 τος,
559 4687 756 4738 αὐτίκα
789 4686 854 4738 ἶν’
882 4687 1111 4738 ἔλθωσιν
1141 4686 1236 4739 ἐπὶ
1260 4685 1506 4753 Εὔϐοιαν,
1535 4693 1625 4740 καὶ
1657 4690 1778 4742 τάδε
1804 4690 1978 4742 πάντα

416 4780 506 4848 ὑφ’
543 4780 722 4834 αὐτῶν
784 4779 1162 4848 ποιησόμενοι.
1202 4779 1263 4830 Εἰ
1316 4774 1408 4830 οὖν
1466 4781 1795 4849 παρέχοντος
1825 4782 1979 4852 βασι-

419 4873 551 4935 λεως
576 4872 912 4941 συγγνώμην
929 4870 1014 4938 ἐφ’
1037 4866 1117 4933 οἷς
1148 4871 1530 4942 ἐξηπατήθητε
1565 4873 1670 4924 ὑπὸ
1724 4873 1832 4925 τῶν
1881 4876 1982 4929 κά-

415 4969 554 5021 κιστ’
590 4965 978 5033 ἀπολουμένων
1019 4963 1490 5033 Πελοποννησίων,
1519 4965 1631 5018 τῶν
1671 4969 1809 5037 πρὸς
1837 4969 1980 5020 Οὑε-

413 5061 604 5122 νετυὶις
651 5057 1067 5128 τετραμμένων,
1107 5057 1201 5108 καὶ
1235 5057 1343 5108 οὐδ’
1385 5055 1562 5110 ὁτιοῦν
1591 5058 1740 5124 ὑγιὲς
1783 5062 1848 5129 τῇ
1877 5061 1984 5130 χώ-

417 5171 492 5224 ρᾳ
520 5152 643 5221 τῇδε
668 5150 1069 5213 διανοουμένων
1095 5164 1110 5179 ο
1145 5144 1264 5200 οἶδα
1289 5151 1396 5218 γὰρ
1435 5149 1510 5212 ὡς
1545 5149 1862 5202 ἐπετέλλετο
1891 5153 1982 5222 βα-

416 5245 621 5309 σιλεὺς,
685 5242 790 5294 τῶν
841 5240 950 5293 ἀπὸ
999 5240 1406 5309 Πελοποννήσου
1487 5241 1654 5310 μηδὲν
1714 5243 1981 5312 μηδαμῶς

416 5338 607 5398 ἀεικὲς
665 5335 975 5404 ἐπιφέρειν,
1017 5331 1158 5388 ὥστε
1210 5333 1718 5402 ἀνδραποδίζεσθαι,
1770 5335 1898 5389 ἀλλο
1927 5353 1982 5388 τι

417 5429 720 5499 ἀνήκεστον
754 5427 927 5479 ποιεῖν
970 5423 1087 5478 ἀλλ’
1137 5424 1506 5494 ἐμμενόντων,
1553 5427 1982 5495 ὑποστρέφοντες

422 5525 480 5586 ἐς
499 5524 590 5576 τὸν
622 5521 802 5590 χῶρον
828 5515 992 5572 αὐτοῦ
1026 5517 1258 5578 ἕκαστος
1311 5518 1406 5569 καὶ
1433 5520 1513 5582 είς
1545 5517 1611 5571 τά
1645 5522 1842 5572 οἰκεῖα.
1875 5521 1984 5572 Καὶ

2085 4617 2207 4672 qua:
2225 4596 2856 4666 commisistlsturpiter,
2903 4593 3170 4662 deceptia
3204 4592 3459 4662 pessimis
3503 4593 3657 4648 Pelo-

2086 4692 2455 4765 ponnesiacis,
2488 4689 2582 4761 qui
2612 4689 2748 4743 nihil
2779 4687 2898 4742 sani
2940 4687 3145 4756 regioni
3177 4687 3264 4740 isti
3311 4687 3656 4756 consuluere)

2086 4784 2317 4855 amplexi
2335 4782 2570 4846 fueritis,
2586 4780 2700 4836 scio
2719 4780 2822 4850 (sic
2836 4778 2978 4833 enim
2998 4777 3252 4848 praacepit
3267 4779 3383 4846 rex)
3402 4794 3497 4833 vos
3521 4780 3654 4832 nihil

2089 4877 2215 4931 mali
2243 4888 2508 4945 passuros
2541 4886 2558 4924 :
2591 4885 2690 4925 nec
2741 4869 2809 4923 ad
2863 4867 3257 4936 mancipiorum
3290 4869 3654 4923 miserandam

2089 4968 2458 5023 conditionem
2489 4961 2855 5024 deducemiui,
2882 4974 2984 5013 nec
3021 4958 3168 5013 aliud
3200 4960 3500 5029 quidquam
3529 4961 3654 5013 mali

2088 5055 2466 5128 experiemiui.
2492 5053 2728 5107 Proinde
2761 5053 2807 5105 si
2839 5050 3016 5120 placet
3042 5049 3259 5104 veniam
3296 5051 3530 5104 oblatam
3559 5052 3657 5104 ad-

2093 5156 2324 5216 mittere,
2353 5146 2550 5218 siuguli
2588 5143 2657 5198 ad
2684 5157 2780 5196 sua
2842 5149 3206 5196 revertantur.
3236 5141 3391 5207 Quod
3422 5143 3466 5195 si
3497 5142 3655 5196 obla-

2089 5255 2200 5300 tam
2215 5243 2428 5297 veniam
2452 5234 2792 5308 respueritis,
2810 5232 3056 5304 profecto
3071 5247 3166 5286 rex
3191 5247 3290 5287 vos
3309 5231 3657 5301 quemadmo-
3710 5264 3719 5274 .

2091 5341 2218 5394 dum
2241 5345 2296 5390 et
2329 5333 2578 5392 Venetos.
2606 5327 2844 5382 hostium
2866 5326 2991 5396 loco
3012 5324 3254 5378 habebit.
3280 5323 3377 5378 llis
3401 5323 3652 5390 cognitis,

2093 5429 2312 5496 quidam
2344 5437 2532 5477 eorum
2564 5419 2659 5488 qui
2692 5419 2746 5472 in
2794 5431 2976 5487 regem
3030 5415 3392 5482 deliquerant,
3440 5415 3656 5467 veniam

2094 5534 2204 5573 non
2244 5523 2370 5571 sunt
2418 5511 2690 5581 aspernati
2725 5523 2740 5562 :
2776 5515 2832 5562 et
2855 5507 2995 5561 clam
3025 5505 3342 5561 deﬁcientes
3373 5518 3405 5556 a
3437 5499 3660 5560 Venetis

1685 5657 1931 5719 Notulze
1979 5657 2384 5733 marginales.

521 5790 649 5847 “In
682 5808 806 5851 uno.
840 5785 1025 5840 αὑτοῦ·

749 5888 1016 5946 Ριτιιυι..
1059 5885 1148 5940 Utt
1223 5876 1423 5937 CLIX.

3153 5864 3228 5925 18
