  <div class='ocr_page' id='page_1' title='image "/cluster/home/n/w/nwhite01/storage/ocr_20150623/159/coo.31924054870641/285.png"; bbox 0 0 4126 6422; ppageno 0'>
   <div class='ocr_carea' id='block_1_1' title="bbox 422 369 528 430">
    <p class='ocr_par' dir='ltr' id='par_1_1' title="bbox 422 369 528 430">
     <span class='ocr_line' id='line_1_1' title="bbox 422 369 528 430; baseline -0.009 0"><span class='ocrx_word' id='word_1_1' title='bbox 422 369 528 430; x_wconf 71' lang='grc' dir='ltr'><strong>ξ55</strong></span> 
     </span>
    </p>
   </div>
   <div class='ocr_carea' id='block_1_2' title="bbox 1617 355 2459 428">
    <p class='ocr_par' dir='ltr' id='par_1_2' title="bbox 1617 355 2459 428">
     <span class='ocr_line' id='line_1_2' title="bbox 1617 355 2459 428; baseline -0.01 -11"><span class='ocrx_word' id='word_1_2' title='bbox 1617 357 2071 428; x_wconf 72' lang='lat' dir='ltr'><strong>MARQUARDI</strong></span> <span class='ocrx_word' id='word_1_3' title='bbox 2115 355 2207 415; x_wconf 67' lang='grc' dir='ltr'><strong>ΕΗ</strong></span> <span class='ocrx_word' id='word_1_4' title='bbox 2223 355 2314 414; x_wconf 77' lang='grc' dir='ltr'><strong>ΕΙ]</strong></span> <span class='ocrx_word' id='word_1_5' title='bbox 2333 355 2459 411; x_wconf 69' lang='lat' dir='ltr'><strong>Elii</strong></span> 
     </span>
    </p>
   </div>
   <div class='ocr_carea' id='block_1_3' title="bbox 3547 342 3650 403">
    <p class='ocr_par' dir='ltr' id='par_1_3' title="bbox 3547 342 3650 403">
     <span class='ocr_line' id='line_1_3' title="bbox 3547 342 3650 403; baseline 0.029 -3"><span class='ocrx_word' id='word_1_6' title='bbox 3547 342 3650 403; x_wconf 40' lang='lat'><strong>{’26</strong></span> 
     </span>
    </p>
   </div>
   <div class='ocr_carea' id='block_1_4' title="bbox 416 459 2005 545">
    <p class='ocr_par' dir='ltr' id='par_1_4' title="bbox 416 471 1987 545">
     <span class='ocr_line' id='line_1_4' title="bbox 416 471 1987 545; baseline -0.006 -13"><span class='ocrx_word' id='word_1_7' title='bbox 416 477 486 532; x_wconf 90' lang='lat' dir='ltr'><strong>ad</strong></span> <span class='ocrx_word' id='word_1_8' title='bbox 510 492 608 531; x_wconf 86' lang='lat' dir='ltr'><strong>sua</strong></span> <span class='ocrx_word' id='word_1_9' title='bbox 645 483 774 530; x_wconf 90' lang='lat' dir='ltr'><strong>sunt</strong></span> <span class='ocrx_word' id='word_1_10' title='bbox 804 473 1026 545; x_wconf 83' lang='lat' dir='ltr'><strong>dilapsi.</strong></span> <span class='ocrx_word' id='word_1_11' title='bbox 1054 471 1288 539; x_wconf 86' lang='lat' dir='ltr'><strong>Quidam</strong></span> <span class='ocrx_word' id='word_1_12' title='bbox 1316 486 1444 526; x_wconf 82' lang='lat' dir='ltr'><strong>vero</strong></span> <span class='ocrx_word' id='word_1_13' title='bbox 1469 472 1558 540; x_wconf 88' lang='lat' dir='ltr'><strong>qui</strong></span> <span class='ocrx_word' id='word_1_14' title='bbox 1585 473 1820 539; x_wconf 71' lang='lat' dir='ltr'><strong>graviter</strong></span> <span class='ocrx_word' id='word_1_15' title='bbox 1845 472 1987 525; x_wconf 85' lang='lat' dir='ltr'><strong>obsi-</strong></span> 
     </span>
    </p>
   </div>
   <div class='ocr_carea' id='block_1_5' title="bbox 2109 459 3654 545">
    <p class='ocr_par' dir='ltr' id='par_1_5' title="bbox 2109 459 3654 540">
     <span class='ocr_line' id='line_1_5' title="bbox 2109 459 3654 540; baseline -0.009 -17"><span class='ocrx_word' id='word_1_16' title='bbox 2109 473 2140 523; x_wconf 75' lang='grc' dir='ltr'><strong>εἰ</strong></span> <span class='ocrx_word' id='word_1_17' title='bbox 2177 471 2250 540; x_wconf 84' lang='grc' dir='ltr'><strong>μὴ</strong></span> <span class='ocrx_word' id='word_1_18' title='bbox 2290 470 2446 522; x_wconf 72' lang='grc' dir='ltr'>τοῦτο</span> <span class='ocrx_word' id='word_1_19' title='bbox 2478 469 2788 528; x_wconf 80' lang='grc' dir='ltr'>πείσονται,</span> <span class='ocrx_word' id='word_1_20' title='bbox 2825 464 2920 517; x_wconf 75' lang='grc' dir='ltr'><strong>καὶ</strong></span> <span class='ocrx_word' id='word_1_21' title='bbox 2947 462 3108 523; x_wconf 79' lang='grc' dir='ltr'>αὐτὸς</span> <span class='ocrx_word' id='word_1_22' title='bbox 3135 462 3253 530; x_wconf 72' lang='grc' dir='ltr'><strong>ἅμα</strong></span> <span class='ocrx_word' id='word_1_23' title='bbox 3285 461 3395 522; x_wconf 74' lang='grc' dir='ltr'>τοῖς</span> <span class='ocrx_word' id='word_1_24' title='bbox 3458 459 3654 512; x_wconf 75' lang='grc' dir='ltr'>Οὐενε-</span> 
     </span>
    </p>
   </div>
   <div class='ocr_carea' id='block_1_6' title="bbox 417 564 1986 630">
    <p class='ocr_par' dir='ltr' id='par_1_6' title="bbox 417 564 1986 630">
     <span class='ocr_line' id='line_1_6' title="bbox 417 564 1986 630; baseline -0.003 -9"><span class='ocrx_word' id='word_1_25' title='bbox 417 569 688 623; x_wconf 81' lang='lat' dir='ltr'><strong>debantur</strong></span> <span class='ocrx_word' id='word_1_26' title='bbox 728 567 780 620; x_wconf 90' lang='lat' dir='ltr'><strong>in</strong></span> <span class='ocrx_word' id='word_1_27' title='bbox 833 566 1083 628; x_wconf 65' lang='lat' dir='ltr'><strong>Taenaro,</strong></span> <span class='ocrx_word' id='word_1_28' title='bbox 1145 564 1415 620; x_wconf 87' lang='lat' dir='ltr'><strong>miserunt</strong></span> <span class='ocrx_word' id='word_1_29' title='bbox 1450 565 1695 627; x_wconf 86' lang='lat' dir='ltr'><strong>nuntios,</strong></span> <span class='ocrx_word' id='word_1_30' title='bbox 1751 576 1808 617; x_wconf 92' lang='lat' dir='ltr'><strong>ut</strong></span> <span class='ocrx_word' id='word_1_31' title='bbox 1859 565 1986 630; x_wconf 89' lang='lat' dir='ltr'><strong>quid</strong></span> 
     </span>
    </p>
   </div>
   <div class='ocr_carea' id='block_1_7' title="bbox 425 651 1990 726">
    <p class='ocr_par' dir='ltr' id='par_1_7' title="bbox 425 651 1990 726">
     <span class='ocr_line' id='line_1_7' title="bbox 425 651 1990 726; baseline -0.005 -15"><span class='ocrx_word' id='word_1_32' title='bbox 425 667 680 726; x_wconf 89' lang='lat' dir='ltr'><strong>pararent</strong></span> <span class='ocrx_word' id='word_1_33' title='bbox 707 654 998 710; x_wconf 86' lang='lat' dir='ltr'><strong>Pannones</strong></span> <span class='ocrx_word' id='word_1_34' title='bbox 1030 653 1301 709; x_wconf 88' lang='lat' dir='ltr'><strong>audirent.</strong></span> <span class='ocrx_word' id='word_1_35' title='bbox 1329 653 1462 707; x_wconf 82' lang='lat' dir='ltr'><strong>Nam</strong></span> <span class='ocrx_word' id='word_1_36' title='bbox 1498 651 1683 706; x_wconf 83' lang='lat' dir='ltr'><strong>Veneti</strong></span> <span class='ocrx_word' id='word_1_37' title='bbox 1718 653 1990 706; x_wconf 85' lang='lat' dir='ltr'><strong>consolari</strong></span> 
     </span>
    </p>
   </div>
   <div class='ocr_carea' id='block_1_8' title="bbox 426 745 1991 816">
    <p class='ocr_par' dir='ltr' id='par_1_8' title="bbox 426 745 1991 816">
     <span class='ocr_line' id='line_1_8' title="bbox 426 745 1991 816; baseline -0.004 -13"><span class='ocrx_word' id='word_1_38' title='bbox 426 751 567 805; x_wconf 84' lang='lat' dir='ltr'><strong>haud</strong></span> <span class='ocrx_word' id='word_1_39' title='bbox 599 749 887 803; x_wconf 77' lang='lat' dir='ltr'><strong>cessabant</strong></span> <span class='ocrx_word' id='word_1_40' title='bbox 925 746 1419 816; x_wconf 73' lang='lat' dir='ltr'><strong>Peloponnesiacos</strong></span> <span class='ocrx_word' id='word_1_41' title='bbox 1446 754 1498 798; x_wconf 92' lang='lat' dir='ltr'><strong>et</strong></span> <span class='ocrx_word' id='word_1_42' title='bbox 1530 745 1693 809; x_wconf 83' lang='lat' dir='ltr'><strong>alios,</strong></span> <span class='ocrx_word' id='word_1_43' title='bbox 1747 745 1991 798; x_wconf 81' lang='lat' dir='ltr'><strong>dicentes</strong></span> 
     </span>
    </p>
   </div>
   <div class='ocr_carea' id='block_1_9' title="bbox 425 831 1988 909">
    <p class='ocr_par' dir='ltr' id='par_1_9' title="bbox 425 831 1988 909">
     <span class='ocr_line' id='line_1_9' title="bbox 425 831 1988 909; baseline -0.006 -15"><span class='ocrx_word' id='word_1_44' title='bbox 425 841 516 894; x_wconf 89' lang='lat' dir='ltr'><strong>ubi</strong></span> <span class='ocrx_word' id='word_1_45' title='bbox 551 840 782 909; x_wconf 90' lang='lat' dir='ltr'><strong>primum</strong></span> <span class='ocrx_word' id='word_1_46' title='bbox 834 831 1127 890; x_wconf 80' lang='lat' dir='ltr'><strong>Pahnones</strong></span> <span class='ocrx_word' id='word_1_47' title='bbox 1179 835 1248 888; x_wconf 87' lang='lat' dir='ltr'><strong>ab</strong></span> <span class='ocrx_word' id='word_1_48' title='bbox 1278 835 1419 889; x_wconf 83' lang='lat' dir='ltr'><strong>Istro</strong></span> <span class='ocrx_word' id='word_1_49' title='bbox 1447 833 1649 887; x_wconf 77' lang='lat' dir='ltr'><strong>iuerint</strong></span> <span class='ocrx_word' id='word_1_50' title='bbox 1692 833 1988 903; x_wconf 76' lang='lat' dir='ltr'><strong>progressi,</strong></span> 
     </span>
    </p>
   </div>
   <div class='ocr_carea' id='block_1_10' title="bbox 423 922 1995 994">
    <p class='ocr_par' dir='ltr' id='par_1_10' title="bbox 423 922 1995 994">
     <span class='ocr_line' id='line_1_10' title="bbox 423 922 1995 994; baseline -0.005 -10"><span class='ocrx_word' id='word_1_51' title='bbox 423 947 522 984; x_wconf 86' lang='lat' dir='ltr'><strong>nos</strong></span> <span class='ocrx_word' id='word_1_52' title='bbox 545 946 668 982; x_wconf 88' lang='lat' dir='ltr'><strong>cum</strong></span> <span class='ocrx_word' id='word_1_53' title='bbox 701 928 874 982; x_wconf 83' lang='lat' dir='ltr'><strong>classe</strong></span> <span class='ocrx_word' id='word_1_54' title='bbox 919 928 972 981; x_wconf 88' lang='lat' dir='ltr'><strong>in</strong></span> <span class='ocrx_word' id='word_1_55' title='bbox 1025 925 1434 994; x_wconf 90' lang='lat' dir='ltr'><strong>llellespontum</strong></span> <span class='ocrx_word' id='word_1_56' title='bbox 1487 935 1845 978; x_wconf 67' lang='lat' dir='ltr'><strong>revertemur.</strong></span> <span class='ocrx_word' id='word_1_57' title='bbox 1893 922 1995 977; x_wconf 78' lang='lat' dir='ltr'><strong>Re-</strong></span> 
     </span>
    </p>
   </div>
   <div class='ocr_carea' id='block_1_11' title="bbox 425 1014 1994 1091">
    <p class='ocr_par' dir='ltr' id='par_1_11' title="bbox 425 1014 1994 1091">
     <span class='ocr_line' id='line_1_11' title="bbox 425 1014 1994 1091; baseline -0.003 -16"><span class='ocrx_word' id='word_1_58' title='bbox 425 1022 547 1091; x_wconf 79' lang='lat' dir='ltr'><strong>gius</strong></span> <span class='ocrx_word' id='word_1_59' title='bbox 564 1022 667 1072; x_wconf 78' lang='lat' dir='ltr'><strong>dux</strong></span> <span class='ocrx_word' id='word_1_60' title='bbox 691 1019 843 1071; x_wconf 74' lang='lat' dir='ltr'><strong>Maeli</strong></span> <span class='ocrx_word' id='word_1_61' title='bbox 854 1018 1051 1072; x_wconf 89' lang='lat' dir='ltr'><strong>umetis</strong></span> <span class='ocrx_word' id='word_1_62' title='bbox 1073 1033 1195 1071; x_wconf 89' lang='lat' dir='ltr'><strong>cum</strong></span> <span class='ocrx_word' id='word_1_63' title='bbox 1227 1016 1470 1081; x_wconf 86' lang='lat' dir='ltr'><strong>abiissct,</strong></span> <span class='ocrx_word' id='word_1_64' title='bbox 1490 1014 1817 1071; x_wconf 74' lang='lat' dir='ltr'><strong>Venetorum</strong></span> <span class='ocrx_word' id='word_1_65' title='bbox 1837 1018 1994 1070; x_wconf 87' lang='lat' dir='ltr'><strong>trire-</strong></span> 
     </span>
    </p>
   </div>
   <div class='ocr_carea' id='block_1_12' title="bbox 429 1108 1991 1182">
    <p class='ocr_par' dir='ltr' id='par_1_12' title="bbox 429 1108 1991 1182">
     <span class='ocr_line' id='line_1_12' title="bbox 429 1108 1991 1182; baseline -0.002 -16"><span class='ocrx_word' id='word_1_66' title='bbox 429 1129 544 1167; x_wconf 85' lang='lat' dir='ltr'><strong>mes</strong></span> <span class='ocrx_word' id='word_1_67' title='bbox 567 1113 891 1182; x_wconf 88' lang='lat' dir='ltr'><strong>appulerunt</strong></span> <span class='ocrx_word' id='word_1_68' title='bbox 913 1112 968 1164; x_wconf 92' lang='lat' dir='ltr'><strong>in</strong></span> <span class='ocrx_word' id='word_1_69' title='bbox 995 1108 1258 1164; x_wconf 87' lang='lat' dir='ltr'><strong>Lemnum</strong></span> <span class='ocrx_word' id='word_1_70' title='bbox 1288 1125 1302 1162; x_wconf 89' lang='lat'><strong>:</strong></span> <span class='ocrx_word' id='word_1_71' title='bbox 1335 1109 1571 1179; x_wconf 91' lang='lat' dir='ltr'><strong>impulsu</strong></span> <span class='ocrx_word' id='word_1_72' title='bbox 1596 1111 1857 1164; x_wconf 78' lang='lat' dir='ltr'><strong>Conineni</strong></span> <span class='ocrx_word' id='word_1_73' title='bbox 1881 1110 1991 1179; x_wconf 76' lang='lat' dir='ltr'><strong>(l8)</strong></span> 
     </span>
    </p>
   </div>
   <div class='ocr_carea' id='block_1_13' title="bbox 426 1202 1995 1272">
    <p class='ocr_par' dir='ltr' id='par_1_13' title="bbox 426 1202 1995 1272">
     <span class='ocr_line' id='line_1_13' title="bbox 426 1202 1995 1272; baseline -0.002 -14"><span class='ocrx_word' id='word_1_74' title='bbox 426 1205 530 1258; x_wconf 80' lang='lat' dir='ltr'><strong>viri</strong></span> <span class='ocrx_word' id='word_1_75' title='bbox 615 1203 823 1272; x_wconf 84' lang='lat' dir='ltr'><strong>optimi,</strong></span> <span class='ocrx_word' id='word_1_76' title='bbox 897 1202 990 1272; x_wconf 89' lang='lat' dir='ltr'><strong>qui</strong></span> <span class='ocrx_word' id='word_1_77' title='bbox 1047 1202 1242 1255; x_wconf 87' lang='lat' dir='ltr'><strong>ibidem</strong></span> <span class='ocrx_word' id='word_1_78' title='bbox 1302 1202 1357 1255; x_wconf 94' lang='lat' dir='ltr'><strong>in</strong></span> <span class='ocrx_word' id='word_1_79' title='bbox 1423 1202 1630 1256; x_wconf 86' lang='lat' dir='ltr'><strong>Lemno</strong></span> <span class='ocrx_word' id='word_1_80' title='bbox 1684 1217 1864 1256; x_wconf 81' lang='lat' dir='ltr'><strong>arcem</strong></span> <span class='ocrx_word' id='word_1_81' title='bbox 1915 1215 1995 1256; x_wconf 90' lang='lat' dir='ltr'><strong>te-</strong></span> 
     </span>
    </p>
   </div>
   <div class='ocr_carea' id='block_1_14' title="bbox 425 1293 1994 1364">
    <p class='ocr_par' dir='ltr' id='par_1_14' title="bbox 425 1293 1994 1364">
     <span class='ocr_line' id='line_1_14' title="bbox 425 1293 1994 1364; baseline 0 -13"><span class='ocrx_word' id='word_1_82' title='bbox 425 1301 612 1353; x_wconf 88' lang='lat' dir='ltr'><strong>nebat.</strong></span> <span class='ocrx_word' id='word_1_83' title='bbox 683 1295 974 1350; x_wconf 74' lang='lat' dir='ltr'><strong>Venientes</strong></span> <span class='ocrx_word' id='word_1_84' title='bbox 1026 1307 1207 1349; x_wconf 89' lang='lat' dir='ltr'><strong>autem</strong></span> <span class='ocrx_word' id='word_1_85' title='bbox 1271 1293 1459 1349; x_wconf 88' lang='lat' dir='ltr'><strong>Lemni</strong></span> <span class='ocrx_word' id='word_1_86' title='bbox 1518 1296 1786 1364; x_wconf 80' lang='lat' dir='ltr'><strong>primores</strong></span> <span class='ocrx_word' id='word_1_87' title='bbox 1845 1295 1994 1351; x_wconf 85' lang='lat' dir='ltr'><strong>urbis</strong></span> 
     </span>
    </p>
   </div>
   <div class='ocr_carea' id='block_1_15' title="bbox 423 1385 1998 1442">
    <p class='ocr_par' dir='ltr' id='par_1_15' title="bbox 423 1385 1998 1442">
     <span class='ocr_line' id='line_1_15' title="bbox 423 1385 1998 1442; baseline -0.001 0"><span class='ocrx_word' id='word_1_88' title='bbox 423 1389 678 1442; x_wconf 87' lang='lat' dir='ltr'><strong>collocuti</strong></span> <span class='ocrx_word' id='word_1_89' title='bbox 715 1396 844 1440; x_wconf 90' lang='lat' dir='ltr'><strong>sunt</strong></span> <span class='ocrx_word' id='word_1_90' title='bbox 888 1386 1027 1439; x_wconf 90' lang='lat' dir='ltr'><strong>inter</strong></span> <span class='ocrx_word' id='word_1_91' title='bbox 1061 1399 1119 1439; x_wconf 90' lang='lat' dir='ltr'><strong>se</strong></span> <span class='ocrx_word' id='word_1_92' title='bbox 1146 1392 1202 1438; x_wconf 90' lang='lat' dir='ltr'><strong>ut</strong></span> <span class='ocrx_word' id='word_1_93' title='bbox 1232 1385 1411 1438; x_wconf 88' lang='lat' dir='ltr'><strong>locum</strong></span> <span class='ocrx_word' id='word_1_94' title='bbox 1455 1399 1582 1440; x_wconf 90' lang='lat' dir='ltr'><strong>eum</strong></span> <span class='ocrx_word' id='word_1_95' title='bbox 1621 1385 1840 1442; x_wconf 80' lang='lat' dir='ltr'><strong>Venetis</strong></span> <span class='ocrx_word' id='word_1_96' title='bbox 1871 1401 1998 1440; x_wconf 80' lang='lat' dir='ltr'><strong>ven-</strong></span> 
     </span>
    </p>
   </div>
   <div class='ocr_carea' id='block_1_16' title="bbox 427 1477 1994 1546">
    <p class='ocr_par' dir='ltr' id='par_1_16' title="bbox 427 1477 1994 1546">
     <span class='ocr_line' id='line_1_16' title="bbox 427 1477 1994 1546; baseline -0.001 -13"><span class='ocrx_word' id='word_1_97' title='bbox 427 1482 636 1534; x_wconf 86' lang='lat' dir='ltr'><strong>derent.</strong></span> <span class='ocrx_word' id='word_1_98' title='bbox 693 1479 962 1532; x_wconf 68' lang='lat' dir='ltr'><strong>Caeterum</strong></span> <span class='ocrx_word' id='word_1_99' title='bbox 997 1477 1188 1532; x_wconf 74' lang='lat' dir='ltr'><strong>Veneti</strong></span> <span class='ocrx_word' id='word_1_100' title='bbox 1239 1489 1618 1546; x_wconf 70' lang='lat' dir='ltr'><strong>praevenerunt</strong></span> <span class='ocrx_word' id='word_1_101' title='bbox 1666 1495 1783 1539; x_wconf 87' lang='lat' dir='ltr'><strong>eos.</strong></span> <span class='ocrx_word' id='word_1_102' title='bbox 1837 1496 1994 1534; x_wconf 90' lang='lat' dir='ltr'><strong>occu-</strong></span> 
     </span>
    </p>
   </div>
   <div class='ocr_carea' id='block_1_17' title="bbox 430 1569 1999 1641">
    <p class='ocr_par' dir='ltr' id='par_1_17' title="bbox 430 1569 1999 1641">
     <span class='ocr_line' id='line_1_17' title="bbox 430 1569 1999 1641; baseline 0 -17"><span class='ocrx_word' id='word_1_103' title='bbox 430 1583 618 1641; x_wconf 87' lang='lat' dir='ltr'><strong>pantes</strong></span> <span class='ocrx_word' id='word_1_104' title='bbox 651 1585 856 1632; x_wconf 85' lang='lat' dir='ltr'><strong>arcem,</strong></span> <span class='ocrx_word' id='word_1_105' title='bbox 889 1579 941 1622; x_wconf 91' lang='lat' dir='ltr'><strong>et</strong></span> <span class='ocrx_word' id='word_1_106' title='bbox 992 1569 1169 1622; x_wconf 77' lang='lat' dir='ltr'><strong>virum</strong></span> <span class='ocrx_word' id='word_1_107' title='bbox 1225 1569 1370 1623; x_wconf 89' lang='lat' dir='ltr'><strong>hunc</strong></span> <span class='ocrx_word' id='word_1_108' title='bbox 1417 1571 1680 1637; x_wconf 87' lang='lat' dir='ltr'><strong>optimum</strong></span> <span class='ocrx_word' id='word_1_109' title='bbox 1730 1570 1999 1624; x_wconf 87' lang='lat' dir='ltr'><strong>miserunt</strong></span> 
     </span>
    </p>
   </div>
   <div class='ocr_carea' id='block_1_18' title="bbox 428 1661 2000 1733">
    <p class='ocr_par' dir='ltr' id='par_1_18' title="bbox 428 1661 2000 1733">
     <span class='ocr_line' id='line_1_18' title="bbox 428 1661 2000 1733; baseline 0.002 -19"><span class='ocrx_word' id='word_1_110' title='bbox 428 1663 588 1733; x_wconf 75' lang='lat'><strong>302</strong></span> <span class='ocrx_word' id='word_1_111' title='bbox 647 1663 700 1715; x_wconf 94' lang='lat' dir='ltr'><strong>in</strong></span> <span class='ocrx_word' id='word_1_112' title='bbox 756 1661 1017 1715; x_wconf 87' lang='lat' dir='ltr'><strong>Isthmum</strong></span> <span class='ocrx_word' id='word_1_113' title='bbox 1069 1677 1084 1714; x_wconf 90' lang='lat'><strong>:</strong></span> <span class='ocrx_word' id='word_1_114' title='bbox 1129 1675 1241 1729; x_wconf 88' lang='lat' dir='ltr'><strong>quo</strong></span> <span class='ocrx_word' id='word_1_115' title='bbox 1287 1662 1627 1726; x_wconf 87' lang='lat' dir='ltr'><strong>consulente,</strong></span> <span class='ocrx_word' id='word_1_116' title='bbox 1676 1663 2000 1733; x_wconf 79' lang='lat' dir='ltr'><strong>navigarunt</strong></span> 
     </span>
    </p>
   </div>
   <div class='ocr_carea' id='block_1_19' title="bbox 430 1751 1996 1822">
    <p class='ocr_par' dir='ltr' id='par_1_19' title="bbox 430 1751 1996 1822">
     <span class='ocr_line' id='line_1_19' title="bbox 430 1751 1996 1822; baseline -0.001 -14"><span class='ocrx_word' id='word_1_117' title='bbox 430 1757 610 1809; x_wconf 92' lang='lat' dir='ltr'><strong>denuo</strong></span> <span class='ocrx_word' id='word_1_118' title='bbox 643 1755 696 1808; x_wconf 89' lang='lat' dir='ltr'><strong>in</strong></span> <span class='ocrx_word' id='word_1_119' title='bbox 725 1751 1011 1807; x_wconf 85' lang='lat' dir='ltr'><strong>Lemnum.</strong></span> <span class='ocrx_word' id='word_1_120' title='bbox 1045 1751 1110 1806; x_wconf 83' lang='lat' dir='ltr'><strong>Et</strong></span> <span class='ocrx_word' id='word_1_121' title='bbox 1129 1767 1252 1806; x_wconf 89' lang='lat' dir='ltr'><strong>cum</strong></span> <span class='ocrx_word' id='word_1_122' title='bbox 1291 1753 1407 1822; x_wconf 83' lang='lat' dir='ltr'><strong>ipse</strong></span> <span class='ocrx_word' id='word_1_123' title='bbox 1429 1753 1498 1808; x_wconf 86' lang='lat' dir='ltr'><strong>ab</strong></span> <span class='ocrx_word' id='word_1_124' title='bbox 1527 1755 1844 1808; x_wconf 84' lang='lat' dir='ltr'><strong>continente</strong></span> <span class='ocrx_word' id='word_1_125' title='bbox 1873 1771 1996 1810; x_wconf 85' lang='lat' dir='ltr'><strong>cum</strong></span> 
     </span>
    </p>
   </div>
   <div class='ocr_carea' id='block_1_20' title="bbox 2090 551 3650 630">
    <p class='ocr_par' dir='ltr' id='par_1_20' title="bbox 2090 551 3650 630">
     <span class='ocr_line' id='line_1_20' title="bbox 2090 551 3650 630; baseline -0.011 -14"><span class='ocrx_word' id='word_1_126' title='bbox 2090 567 2201 626; x_wconf 75' lang='grc' dir='ltr'>τοῖς</span> <span class='ocrx_word' id='word_1_127' title='bbox 2228 562 2568 630; x_wconf 74' lang='grc' dir='ltr'>περιόψεται,</span> <span class='ocrx_word' id='word_1_128' title='bbox 2597 561 2831 627; x_wconf 73' lang='grc' dir='ltr'>πέμπων</span> <span class='ocrx_word' id='word_1_129' title='bbox 2857 556 3054 615; x_wconf 72' lang='grc' dir='ltr'>αὐτοὺς</span> <span class='ocrx_word' id='word_1_130' title='bbox 3085 552 3258 606; x_wconf 80' lang='grc' dir='ltr'>ταῦτα</span> <span class='ocrx_word' id='word_1_131' title='bbox 3301 551 3650 621; x_wconf 80' lang='grc' dir='ltr'>ἁμαρτάνον-</span> 
     </span>
    </p>
   </div>
   <div class='ocr_carea' id='block_1_21' title="bbox 2090 644 3655 723">
    <p class='ocr_par' dir='ltr' id='par_1_21' title="bbox 2090 644 3655 723">
     <span class='ocr_line' id='line_1_21' title="bbox 2090 644 3655 723; baseline -0.008 -15"><span class='ocrx_word' id='word_1_132' title='bbox 2090 674 2210 722; x_wconf 84' lang='grc' dir='ltr'>τας,</span> <span class='ocrx_word' id='word_1_133' title='bbox 2254 656 2303 707; x_wconf 83' lang='grc' dir='ltr'>οἱ</span> <span class='ocrx_word' id='word_1_134' title='bbox 2342 654 2438 723; x_wconf 77' lang='grc' dir='ltr'>μὲν</span> <span class='ocrx_word' id='word_1_135' title='bbox 2493 651 2794 714; x_wconf 79' lang='grc' dir='ltr'>ἐπείθοντο,</span> <span class='ocrx_word' id='word_1_136' title='bbox 2840 650 2935 702; x_wconf 68' lang='grc' dir='ltr'><strong>καὶ</strong></span> <span class='ocrx_word' id='word_1_137' title='bbox 2983 647 3168 716; x_wconf 79' lang='grc' dir='ltr'>κρύφα</span> <span class='ocrx_word' id='word_1_138' title='bbox 3217 645 3330 697; x_wconf 84' lang='grc' dir='ltr'>τῶν</span> <span class='ocrx_word' id='word_1_139' title='bbox 3377 644 3655 697; x_wconf 78' lang='grc' dir='ltr'>Οὐενετῶν</span> 
     </span>
    </p>
   </div>
   <div class='ocr_carea' id='block_1_22' title="bbox 2095 737 3656 816">
    <p class='ocr_par' dir='ltr' id='par_1_22' title="bbox 2095 737 3656 816">
     <span class='ocr_line' id='line_1_22' title="bbox 2095 737 3656 816; baseline -0.008 -14"><span class='ocrx_word' id='word_1_140' title='bbox 2095 749 2554 816; x_wconf 76' lang='grc' dir='ltr'><strong>ὑποστρέφοντες,</strong></span> <span class='ocrx_word' id='word_1_141' title='bbox 2573 743 2767 812; x_wconf 79' lang='grc' dir='ltr'>ἔμενον</span> <span class='ocrx_word' id='word_1_142' title='bbox 2795 744 2854 793; x_wconf 77' lang='grc' dir='ltr'>ἐν</span> <span class='ocrx_word' id='word_1_143' title='bbox 2881 742 2996 804; x_wconf 80' lang='grc' dir='ltr'>τοῖς</span> <span class='ocrx_word' id='word_1_144' title='bbox 3024 739 3274 802; x_wconf 68' lang='grc' dir='ltr'>οἰκείοις*</span> <span class='ocrx_word' id='word_1_145' title='bbox 3298 740 3347 790; x_wconf 85' lang='grc' dir='ltr'>οἱ</span> <span class='ocrx_word' id='word_1_146' title='bbox 3381 738 3437 790; x_wconf 86' lang='grc' dir='ltr'><strong>δὲ</strong></span> <span class='ocrx_word' id='word_1_147' title='bbox 3466 737 3656 797; x_wconf 84' lang='grc' dir='ltr'><strong>δεινῶς</strong></span> 
     </span>
    </p>
   </div>
   <div class='ocr_carea' id='block_1_23' title="bbox 2092 830 3659 910">
    <p class='ocr_par' dir='ltr' id='par_1_23' title="bbox 2092 830 3659 910">
     <span class='ocr_line' id='line_1_23' title="bbox 2092 830 3659 910; baseline -0.008 -16"><span class='ocrx_word' id='word_1_148' title='bbox 2092 841 2454 910; x_wconf 71' lang='grc' dir='ltr'><strong>κατεχόμενοι</strong></span> <span class='ocrx_word' id='word_1_149' title='bbox 2481 840 2540 888; x_wconf 75' lang='grc' dir='ltr'>ἐν</span> <span class='ocrx_word' id='word_1_150' title='bbox 2575 835 2653 904; x_wconf 85' lang='grc' dir='ltr'>τῷ</span> <span class='ocrx_word' id='word_1_151' title='bbox 2679 833 2936 903; x_wconf 83' lang='grc' dir='ltr'><strong>Ταινάρῳ</strong></span> <span class='ocrx_word' id='word_1_152' title='bbox 2965 834 3231 900; x_wconf 79' lang='grc' dir='ltr'>ἔπεμπον,</span> <span class='ocrx_word' id='word_1_153' title='bbox 3277 830 3659 899; x_wconf 29' lang='grc' dir='ltr'>πεύσεσθαίντι</span> 
     </span>
    </p>
   </div>
   <div class='ocr_carea' id='block_1_24' title="bbox 2093 914 3668 997">
    <p class='ocr_par' dir='ltr' id='par_1_24' title="bbox 2093 914 3668 997">
     <span class='ocr_line' id='line_1_24' title="bbox 2093 914 3668 997; baseline -0.01 -11"><span class='ocrx_word' id='word_1_154' title='bbox 2093 933 2202 986; x_wconf 75' lang='grc' dir='ltr'><strong>ἀπὸ</strong></span> <span class='ocrx_word' id='word_1_155' title='bbox 2239 931 2501 985; x_wconf 86' lang='grc' dir='ltr'>ΙΙαιόνων.</span> <span class='ocrx_word' id='word_1_156' title='bbox 2533 929 2597 982; x_wconf 80' lang='grc' dir='ltr'><strong>Οἱ</strong></span> <span class='ocrx_word' id='word_1_157' title='bbox 2626 929 2735 997; x_wconf 80' lang='grc' dir='ltr'><strong>γὰρ</strong></span> <span class='ocrx_word' id='word_1_158' title='bbox 2759 925 3012 980; x_wconf 76' lang='grc' dir='ltr'>Οὐενετοὶ</span> <span class='ocrx_word' id='word_1_159' title='bbox 3039 925 3166 988; x_wconf 80' lang='grc' dir='ltr'>τούς</span> <span class='ocrx_word' id='word_1_160' title='bbox 3197 941 3258 976; x_wconf 79' lang='grc' dir='ltr'><strong>τε</strong></span> <span class='ocrx_word' id='word_1_161' title='bbox 3315 914 3668 989; x_wconf 78' lang='grc' dir='ltr'>Πελοποννη-’</span> 
     </span>
    </p>
   </div>
   <div class='ocr_carea' id='block_1_25' title="bbox 2095 1015 3662 1092">
    <p class='ocr_par' dir='ltr' id='par_1_25' title="bbox 2095 1015 3662 1092">
     <span class='ocr_line' id='line_1_25' title="bbox 2095 1015 3662 1092; baseline -0.009 -15"><span class='ocrx_word' id='word_1_162' title='bbox 2095 1025 2246 1087; x_wconf 73' lang='lat' dir='ltr'><strong>atoue;</strong></span> <span class='ocrx_word' id='word_1_163' title='bbox 2278 1025 2370 1077; x_wconf 71' lang='grc' dir='ltr'>καὶ</span> <span class='ocrx_word' id='word_1_164' title='bbox 2399 1026 2526 1085; x_wconf 72' lang='grc' dir='ltr'>τοὺς</span> <span class='ocrx_word' id='word_1_165' title='bbox 2565 1021 2784 1092; x_wconf 73' lang='grc' dir='ltr'>ἑτέρους</span> <span class='ocrx_word' id='word_1_166' title='bbox 2818 1017 3297 1089; x_wconf 84' lang='grc' dir='ltr'>παραμυθοῦντες,</span> <span class='ocrx_word' id='word_1_167' title='bbox 3334 1015 3409 1078; x_wconf 87' lang='grc' dir='ltr'>ὡς</span> <span class='ocrx_word' id='word_1_168' title='bbox 3424 1015 3662 1071; x_wconf 81' lang='grc' dir='ltr'><strong>οἱΙῙαῐο-</strong></span> 
     </span>
    </p>
   </div>
   <div class='ocr_carea' id='block_1_26' title="bbox 2095 1107 3662 1180">
    <p class='ocr_par' dir='ltr' id='par_1_26' title="bbox 2095 1107 3662 1180">
     <span class='ocr_line' id='line_1_26' title="bbox 2095 1107 3662 1180; baseline -0.008 -11"><span class='ocrx_word' id='word_1_169' title='bbox 2095 1134 2180 1180; x_wconf 82' lang='lat' dir='ltr'><strong>vs;</strong></span> <span class='ocrx_word' id='word_1_170' title='bbox 2210 1116 2499 1180; x_wconf 81' lang='grc' dir='ltr'>ἐξέλϐωσιν</span> <span class='ocrx_word' id='word_1_171' title='bbox 2543 1114 2743 1168; x_wconf 74' lang='grc' dir='ltr'>αὐτίκα</span> <span class='ocrx_word' id='word_1_172' title='bbox 2783 1112 2890 1165; x_wconf 80' lang='grc' dir='ltr'><strong>ἀπὸ</strong></span> <span class='ocrx_word' id='word_1_173' title='bbox 2945 1110 3039 1164; x_wconf 80' lang='grc' dir='ltr'>τοῦ</span> <span class='ocrx_word' id='word_1_174' title='bbox 3073 1111 3312 1178; x_wconf 84' lang='grc' dir='ltr'><strong>Ἴστρου,</strong></span> <span class='ocrx_word' id='word_1_175' title='bbox 3362 1111 3456 1160; x_wconf 77' lang='grc' dir='ltr'><strong>καὶ</strong></span> <span class='ocrx_word' id='word_1_176' title='bbox 3509 1107 3662 1158; x_wconf 71' lang='grc' dir='ltr'>αὐτοὶ</span> 
     </span>
    </p>
   </div>
   <div class='ocr_carea' id='block_1_27' title="bbox 2095 1193 3655 1274">
    <p class='ocr_par' dir='ltr' id='par_1_27' title="bbox 2095 1193 3655 1274">
     <span class='ocr_line' id='line_1_27' title="bbox 2095 1193 3655 1274; baseline -0.008 -16"><span class='ocrx_word' id='word_1_177' title='bbox 2095 1207 2362 1274; x_wconf 75' lang='grc' dir='ltr'>ἀναϐῆναι</span> <span class='ocrx_word' id='word_1_178' title='bbox 2390 1205 2445 1267; x_wconf 66' lang='grc' dir='ltr'>ἐς</span> <span class='ocrx_word' id='word_1_179' title='bbox 2467 1203 2560 1257; x_wconf 76' lang='grc' dir='ltr'><strong>τὸν</strong></span> <span class='ocrx_word' id='word_1_180' title='bbox 2601 1202 3018 1263; x_wconf 82' lang='grc' dir='ltr'>Ἑλλήσποντον.</span> <span class='ocrx_word' id='word_1_181' title='bbox 3063 1196 3486 1256; x_wconf 80' lang='grc' dir='ltr'>’Λπελαύνοντος</span> <span class='ocrx_word' id='word_1_182' title='bbox 3527 1193 3655 1263; x_wconf 77' lang='grc' dir='ltr'><strong>μένο</strong></span> 
     </span>
    </p>
   </div>
   <div class='ocr_carea' id='block_1_28' title="bbox 2101 1287 3663 1366">
    <p class='ocr_par' dir='ltr' id='par_1_28' title="bbox 2101 1287 3663 1366">
     <span class='ocr_line' id='line_1_28' title="bbox 2101 1287 3663 1366; baseline -0.008 -16"><span class='ocrx_word' id='word_1_183' title='bbox 2101 1316 2180 1351; x_wconf 86' lang='grc' dir='ltr'><strong>τοι</strong></span> <span class='ocrx_word' id='word_1_184' title='bbox 2211 1296 2306 1350; x_wconf 80' lang='grc' dir='ltr'>τοῦ</span> <span class='ocrx_word' id='word_1_185' title='bbox 2343 1297 2607 1366; x_wconf 79' lang='grc' dir='ltr'><strong>ἡγεμόνος</strong></span> <span class='ocrx_word' id='word_1_186' title='bbox 2635 1295 2730 1349; x_wconf 82' lang='grc' dir='ltr'>τοῦ</span> <span class='ocrx_word' id='word_1_187' title='bbox 2777 1293 3068 1364; x_wconf 80' lang='grc' dir='ltr'>βασιλέως,</span> <span class='ocrx_word' id='word_1_188' title='bbox 3101 1290 3281 1345; x_wconf 84' lang='grc' dir='ltr'>αὐτῶν</span> <span class='ocrx_word' id='word_1_189' title='bbox 3308 1290 3354 1321; x_wconf 82' lang='grc'><strong><em>⁸⁹</em></strong></span> <span class='ocrx_word' id='word_1_190' title='bbox 3381 1287 3663 1340; x_wconf 84' lang='grc' dir='ltr'>Οὐενετῶν</span> 
     </span>
    </p>
   </div>
   <div class='ocr_carea' id='block_1_29' title="bbox 2096 1380 3664 1460">
    <p class='ocr_par' dir='ltr' id='par_1_29' title="bbox 2096 1380 3664 1460">
     <span class='ocr_line' id='line_1_29' title="bbox 2096 1380 3664 1460; baseline -0.007 -18"><span class='ocrx_word' id='word_1_191' title='bbox 2096 1392 2341 1460; x_wconf 78' lang='grc' dir='ltr'><strong>τριήρεις</strong></span> <span class='ocrx_word' id='word_1_192' title='bbox 2405 1389 2647 1460; x_wconf 77' lang='grc' dir='ltr'><strong>ἀνῄεσαν</strong></span> <span class='ocrx_word' id='word_1_193' title='bbox 2715 1389 2774 1451; x_wconf 76' lang='grc' dir='ltr'>ἐς</span> <span class='ocrx_word' id='word_1_194' title='bbox 2827 1386 3072 1456; x_wconf 81' lang='grc' dir='ltr'>Λῆμνον,</span> <span class='ocrx_word' id='word_1_195' title='bbox 3125 1384 3514 1452; x_wconf 77' lang='grc' dir='ltr'><strong>ἐποτρύνοντος</strong></span> <span class='ocrx_word' id='word_1_196' title='bbox 3565 1380 3664 1432; x_wconf 80' lang='grc' dir='ltr'>τοῦ</span> 
     </span>
    </p>
   </div>
   <div class='ocr_carea' id='block_1_30' title="bbox 2099 1475 3667 1552">
    <p class='ocr_par' dir='ltr' id='par_1_30' title="bbox 2099 1475 3667 1552">
     <span class='ocr_line' id='line_1_30' title="bbox 2099 1475 3667 1552; baseline -0.007 -16"><span class='ocrx_word' id='word_1_197' title='bbox 2099 1481 2388 1550; x_wconf 75' lang='grc' dir='ltr'>Κομνηνοῦ</span> <span class='ocrx_word' id='word_1_198' title='bbox 2415 1483 2602 1552; x_wconf 74' lang='grc' dir='ltr'>ἀνδρὸς</span> <span class='ocrx_word' id='word_1_199' title='bbox 2625 1481 2875 1548; x_wconf 73' lang='grc' dir='ltr'>ἀρίστου,</span> <span class='ocrx_word' id='word_1_200' title='bbox 2913 1480 3008 1532; x_wconf 75' lang='grc' dir='ltr'>καὶ</span> <span class='ocrx_word' id='word_1_201' title='bbox 3040 1477 3206 1532; x_wconf 83' lang='grc' dir='ltr'>αὐτοῦ</span> <span class='ocrx_word' id='word_1_202' title='bbox 3246 1480 3304 1531; x_wconf 72' lang='grc' dir='ltr'>ἐν</span> <span class='ocrx_word' id='word_1_203' title='bbox 3353 1478 3420 1546; x_wconf 80' lang='grc' dir='ltr'>τῇ</span> <span class='ocrx_word' id='word_1_204' title='bbox 3461 1475 3667 1545; x_wconf 76' lang='grc' dir='ltr'>Λήμνῳ</span> 
     </span>
    </p>
   </div>
   <div class='ocr_carea' id='block_1_31' title="bbox 2097 1566 3669 1642">
    <p class='ocr_par' dir='ltr' id='par_1_31' title="bbox 2097 1566 3669 1642">
     <span class='ocr_line' id='line_1_31' title="bbox 2097 1566 3669 1642; baseline -0.004 -19"><span class='ocrx_word' id='word_1_205' title='bbox 2097 1574 2194 1641; x_wconf 83' lang='grc' dir='ltr'>τὴν</span> <span class='ocrx_word' id='word_1_206' title='bbox 2225 1574 2520 1637; x_wconf 77' lang='grc' dir='ltr'>ἀκρόπολιν</span> <span class='ocrx_word' id='word_1_207' title='bbox 2565 1569 3060 1642; x_wconf 78' lang='grc' dir='ltr'>κατακρατοῦντος,</span> <span class='ocrx_word' id='word_1_208' title='bbox 3092 1570 3187 1624; x_wconf 82' lang='grc' dir='ltr'>καὶ</span> <span class='ocrx_word' id='word_1_209' title='bbox 3216 1567 3314 1638; x_wconf 78' lang='grc' dir='ltr'><strong>τὴν</strong></span> <span class='ocrx_word' id='word_1_210' title='bbox 3348 1566 3513 1621; x_wconf 77' lang='grc' dir='ltr'>πάλαι</span> <span class='ocrx_word' id='word_1_211' title='bbox 3570 1583 3669 1617; x_wconf 79' lang='grc' dir='ltr'>πο-</span> 
     </span>
    </p>
   </div>
   <div class='ocr_carea' id='block_1_32' title="bbox 2099 1658 3672 1732">
    <p class='ocr_par' dir='ltr' id='par_1_32' title="bbox 2099 1658 3672 1732">
     <span class='ocr_line' id='line_1_32' title="bbox 2099 1658 3672 1732; baseline -0.001 -18"><span class='ocrx_word' id='word_1_212' title='bbox 2099 1664 2287 1732; x_wconf 82' lang='grc' dir='ltr'>λίχνην</span> <span class='ocrx_word' id='word_1_213' title='bbox 2319 1663 2414 1730; x_wconf 84' lang='grc' dir='ltr'><strong>τῆς</strong></span> <span class='ocrx_word' id='word_1_214' title='bbox 2453 1664 2675 1732; x_wconf 84' lang='grc' dir='ltr'>Λήμνου</span> <span class='ocrx_word' id='word_1_215' title='bbox 2727 1661 2991 1732; x_wconf 78' lang='grc' dir='ltr'>ὑφάὐτῷ</span> <span class='ocrx_word' id='word_1_216' title='bbox 3019 1661 3409 1730; x_wconf 80' lang='grc' dir='ltr'><strong>ποιησαμένου.</strong></span> <span class='ocrx_word' id='word_1_217' title='bbox 3457 1659 3545 1722; x_wconf 86' lang='grc' dir='ltr'>Ἐς</span> <span class='ocrx_word' id='word_1_218' title='bbox 3580 1658 3672 1711; x_wconf 80' lang='grc' dir='ltr'>λό-</span> 
     </span>
    </p>
   </div>
   <div class='ocr_carea' id='block_1_33' title="bbox 2099 1749 3671 1824">
    <p class='ocr_par' dir='ltr' id='par_1_33' title="bbox 2099 1749 3671 1824">
     <span class='ocr_line' id='line_1_33' title="bbox 2099 1749 3671 1824; baseline -0.004 -18"><span class='ocrx_word' id='word_1_219' title='bbox 2099 1770 2230 1822; x_wconf 83' lang='grc' dir='ltr'>γους</span> <span class='ocrx_word' id='word_1_220' title='bbox 2260 1755 2316 1806; x_wconf 71' lang='grc' dir='ltr'><strong>δὲ</strong></span> <span class='ocrx_word' id='word_1_221' title='bbox 2348 1755 2594 1816; x_wconf 74' lang='grc' dir='ltr'><strong>ἐλθόντες</strong></span> <span class='ocrx_word' id='word_1_222' title='bbox 2623 1755 2672 1806; x_wconf 79' lang='grc' dir='ltr'><strong>οἱ</strong></span> <span class='ocrx_word' id='word_1_223' title='bbox 2699 1753 2801 1820; x_wconf 83' lang='grc' dir='ltr'>τῆς</span> <span class='ocrx_word' id='word_1_224' title='bbox 2850 1755 3072 1824; x_wconf 83' lang='grc' dir='ltr'>Λήμνου</span> <span class='ocrx_word' id='word_1_225' title='bbox 3107 1752 3472 1822; x_wconf 81' lang='grc' dir='ltr'>προεστῶτες,</span> <span class='ocrx_word' id='word_1_226' title='bbox 3524 1749 3671 1802; x_wconf 81' lang='grc' dir='ltr'>ὥστε</span> 
     </span>
    </p>
   </div>
   <div class='ocr_carea' id='block_1_34' title="bbox 433 1842 2005 1916">
    <p class='ocr_par' dir='ltr' id='par_1_34' title="bbox 433 1844 1999 1916">
     <span class='ocr_line' id='line_1_34' title="bbox 433 1844 1999 1916; baseline 0.001 -17"><span class='ocrx_word' id='word_1_227' title='bbox 433 1849 602 1916; x_wconf 89' lang='lat' dir='ltr'><strong>copiis</strong></span> <span class='ocrx_word' id='word_1_228' title='bbox 625 1845 1083 1915; x_wconf 83' lang='lat' dir='ltr'><strong>proﬁcisceretur,</strong></span> <span class='ocrx_word' id='word_1_229' title='bbox 1111 1844 1309 1914; x_wconf 78' lang='lat' dir='ltr'><strong>singuli</strong></span> <span class='ocrx_word' id='word_1_230' title='bbox 1346 1845 1660 1900; x_wconf 87' lang='lat' dir='ltr'><strong>deserentes</strong></span> <span class='ocrx_word' id='word_1_231' title='bbox 1701 1847 1913 1916; x_wconf 85' lang='lat' dir='ltr'><strong>oppida,</strong></span> <span class='ocrx_word' id='word_1_232' title='bbox 1947 1848 1999 1900; x_wconf 92' lang='lat' dir='ltr'><strong>in</strong></span> 
     </span>
    </p>
   </div>
   <div class='ocr_carea' id='block_1_35' title="bbox 2109 1842 3672 1916">
    <p class='ocr_par' dir='ltr' id='par_1_35' title="bbox 2109 1842 3672 1915">
     <span class='ocr_line' id='line_1_35' title="bbox 2109 1842 3672 1915; baseline -0.004 -15"><span class='ocrx_word' id='word_1_233' title='bbox 2109 1845 2386 1915; x_wconf 77' lang='grc' dir='ltr'>χρήμασιν</span> <span class='ocrx_word' id='word_1_234' title='bbox 2447 1842 2824 1914; x_wconf 80' lang='grc' dir='ltr'>ἐξωνήσασθαι</span> <span class='ocrx_word' id='word_1_235' title='bbox 2880 1845 2940 1898; x_wconf 78' lang='grc' dir='ltr'><strong>τὸ</strong></span> <span class='ocrx_word' id='word_1_236' title='bbox 3026 1845 3248 1915; x_wconf 85' lang='grc' dir='ltr'><strong>χωρίον,</strong></span> <span class='ocrx_word' id='word_1_237' title='bbox 3316 1843 3564 1914; x_wconf 78' lang='grc' dir='ltr'>ἔφθησαν</span> <span class='ocrx_word' id='word_1_238' title='bbox 3617 1843 3672 1894; x_wconf 80' lang='lat' dir='ltr'><strong>oi</strong></span> 
     </span>
    </p>
   </div>
   <div class='ocr_carea' id='block_1_36' title="bbox 433 1934 2001 2008">
    <p class='ocr_par' dir='ltr' id='par_1_36' title="bbox 433 1934 2001 2008">
     <span class='ocr_line' id='line_1_36' title="bbox 433 1934 2001 2008; baseline 0.001 -18"><span class='ocrx_word' id='word_1_239' title='bbox 433 1939 633 2008; x_wconf 80' lang='lat' dir='ltr'><strong>quibus</strong></span> <span class='ocrx_word' id='word_1_240' title='bbox 686 1945 1031 1998; x_wconf 66' lang='lat' dir='ltr'><strong>manserant,</strong></span> <span class='ocrx_word' id='word_1_241' title='bbox 1077 1950 1185 1988; x_wconf 89' lang='lat' dir='ltr'><strong>una</strong></span> <span class='ocrx_word' id='word_1_242' title='bbox 1247 1934 1374 1989; x_wconf 91' lang='lat' dir='ltr'><strong>inde</strong></span> <span class='ocrx_word' id='word_1_243' title='bbox 1433 1935 1716 1990; x_wconf 79' lang='lat' dir='ltr'><strong>solverunt</strong></span> <span class='ocrx_word' id='word_1_244' title='bbox 1769 1938 2001 1991; x_wconf 79' lang='lat' dir='ltr'><strong>navibus</strong></span> 
     </span>
    </p>
   </div>
   <div class='ocr_carea' id='block_1_37' title="bbox 437 2025 2002 2099">
    <p class='ocr_par' dir='ltr' id='par_1_37' title="bbox 437 2025 2002 2099">
     <span class='ocr_line' id='line_1_37' title="bbox 437 2025 2002 2099; baseline 0 -15"><span class='ocrx_word' id='word_1_245' title='bbox 437 2028 699 2099; x_wconf 83' lang='lat' dir='ltr'><strong>impositi.</strong></span> <span class='ocrx_word' id='word_1_246' title='bbox 730 2027 1152 2098; x_wconf 84' lang='lat' dir='ltr'><strong>Occuparuntet</strong></span> <span class='ocrx_word' id='word_1_247' title='bbox 1170 2029 1356 2080; x_wconf 88' lang='lat' dir='ltr'><strong>urbem</strong></span> <span class='ocrx_word' id='word_1_248' title='bbox 1384 2025 1704 2092; x_wconf 84' lang='lat' dir='ltr'><strong>Cercedam,</strong></span> <span class='ocrx_word' id='word_1_249' title='bbox 1725 2035 1778 2082; x_wconf 90' lang='lat' dir='ltr'><strong>et</strong></span> <span class='ocrx_word' id='word_1_250' title='bbox 1801 2028 2002 2084; x_wconf 86' lang='lat' dir='ltr'><strong>demis-</strong></span> 
     </span>
    </p>
   </div>
   <div class='ocr_carea' id='block_1_38' title="bbox 433 2117 2005 2191">
    <p class='ocr_par' dir='ltr' id='par_1_38' title="bbox 433 2117 2005 2191">
     <span class='ocr_line' id='line_1_38' title="bbox 433 2117 2005 2191; baseline 0.001 -17"><span class='ocrx_word' id='word_1_251' title='bbox 433 2139 494 2174; x_wconf 90' lang='lat' dir='ltr'><strong>so</strong></span> <span class='ocrx_word' id='word_1_252' title='bbox 524 2122 648 2175; x_wconf 89' lang='lat' dir='ltr'><strong>inde</strong></span> <span class='ocrx_word' id='word_1_253' title='bbox 676 2125 1020 2191; x_wconf 80' lang='lat' dir='ltr'><strong>magistratu,</strong></span> <span class='ocrx_word' id='word_1_254' title='bbox 1069 2134 1229 2190; x_wconf 90' lang='lat' dir='ltr'><strong>quem</strong></span> <span class='ocrx_word' id='word_1_255' title='bbox 1254 2117 1642 2188; x_wconf 82' lang='lat' dir='ltr'><strong>Zamplacones</strong></span> <span class='ocrx_word' id='word_1_256' title='bbox 1681 2119 1794 2190; x_wconf 87' lang='lat' dir='ltr'><strong>(l9)</strong></span> <span class='ocrx_word' id='word_1_257' title='bbox 1833 2121 2005 2175; x_wconf 86' lang='lat' dir='ltr'><strong>nomi-</strong></span> 
     </span>
    </p>
   </div>
   <div class='ocr_carea' id='block_1_39' title="bbox 435 2212 2006 2282">
    <p class='ocr_par' dir='ltr' id='par_1_39' title="bbox 435 2212 2006 2282">
     <span class='ocr_line' id='line_1_39' title="bbox 435 2212 2006 2282; baseline 0.002 -15"><span class='ocrx_word' id='word_1_258' title='bbox 435 2215 655 2274; x_wconf 84' lang='lat' dir='ltr'><strong>nabant.</strong></span> <span class='ocrx_word' id='word_1_259' title='bbox 686 2228 804 2268; x_wconf 87' lang='lat' dir='ltr'><strong>eam</strong></span> <span class='ocrx_word' id='word_1_260' title='bbox 838 2212 1092 2282; x_wconf 68' lang='lat' dir='ltr'><strong>praesidio</strong></span> <span class='ocrx_word' id='word_1_261' title='bbox 1136 2212 1395 2282; x_wconf 82' lang='lat' dir='ltr'><strong>imposito</strong></span> <span class='ocrx_word' id='word_1_262' title='bbox 1441 2213 1723 2267; x_wconf 83' lang='lat' dir='ltr'><strong>munivere</strong></span> <span class='ocrx_word' id='word_1_263' title='bbox 1757 2229 1771 2265; x_wconf 91' lang='lat'>:</span> <span class='ocrx_word' id='word_1_264' title='bbox 1805 2228 2006 2270; x_wconf 77' lang='lat' dir='ltr'><strong>conre-</strong></span> 
     </span>
    </p>
   </div>
   <div class='ocr_carea' id='block_1_40' title="bbox 435 2287 2001 2376">
    <p class='ocr_par' dir='ltr' id='par_1_40' title="bbox 435 2287 2001 2376">
     <span class='ocr_line' id='line_1_40' title="bbox 435 2287 2001 2376; baseline 0.001 -18"><span class='ocrx_word' id='word_1_265' title='bbox 435 2307 734 2376; x_wconf 86' lang='lat' dir='ltr'><strong>hentesque</strong></span> <span class='ocrx_word' id='word_1_266' title='bbox 763 2305 1093 2360; x_wconf 80' lang='lat' dir='ltr'><strong>frumentum</strong></span> <span class='ocrx_word' id='word_1_267' title='bbox 1141 2287 1196 2358; x_wconf 82' lang='lat' dir='ltr'><strong>et</strong></span> <span class='ocrx_word' id='word_1_268' title='bbox 1252 2305 1560 2360; x_wconf 85' lang='lat' dir='ltr'><strong>necessaria</strong></span> <span class='ocrx_word' id='word_1_269' title='bbox 1601 2316 1715 2359; x_wconf 92' lang='lat' dir='ltr'><strong>tum</strong></span> <span class='ocrx_word' id='word_1_270' title='bbox 1746 2306 1850 2359; x_wconf 86' lang='lat' dir='ltr'><strong>sibi</strong></span> <span class='ocrx_word' id='word_1_271' title='bbox 1889 2317 2001 2360; x_wconf 91' lang='lat' dir='ltr'><strong>tum</strong></span> 
     </span>
    </p>
   </div>
   <div class='ocr_carea' id='block_1_41' title="bbox 437 2397 2003 2468">
    <p class='ocr_par' dir='ltr' id='par_1_41' title="bbox 437 2397 2003 2468">
     <span class='ocr_line' id='line_1_41' title="bbox 437 2397 2003 2468; baseline 0.002 -17"><span class='ocrx_word' id='word_1_272' title='bbox 437 2397 914 2468; x_wconf 77' lang='lat' dir='ltr'><strong>Peloponnesiacis</strong></span> <span class='ocrx_word' id='word_1_273' title='bbox 947 2397 1184 2466; x_wconf 80' lang='lat' dir='ltr'><strong>oppidis,</strong></span> <span class='ocrx_word' id='word_1_274' title='bbox 1245 2397 1394 2450; x_wconf 82' lang='lat' dir='ltr'><strong>ibant</strong></span> <span class='ocrx_word' id='word_1_275' title='bbox 1432 2406 1718 2466; x_wconf 75' lang='lat' dir='ltr'><strong>pergentes</strong></span> <span class='ocrx_word' id='word_1_276' title='bbox 1771 2397 1823 2449; x_wconf 91' lang='lat' dir='ltr'><strong>in</strong></span> <span class='ocrx_word' id='word_1_277' title='bbox 1850 2397 2003 2454; x_wconf 87' lang='lat' dir='ltr'><strong>Pelo-</strong></span> 
     </span>
    </p>
   </div>
   <div class='ocr_carea' id='block_1_42' title="bbox 360 2488 2004 2560">
    <p class='ocr_par' dir='ltr' id='par_1_42' title="bbox 360 2488 2004 2560">
     <span class='ocr_line' id='line_1_42' title="bbox 360 2488 2004 2560; baseline 0.002 -19"><span class='ocrx_word' id='word_1_278' title='bbox 360 2507 365 2512; x_wconf 94' lang='grc'><strong>·</strong></span> <span class='ocrx_word' id='word_1_279' title='bbox 436 2506 762 2560; x_wconf 83' lang='lat' dir='ltr'><strong>ponnesum.</strong></span> <span class='ocrx_word' id='word_1_280' title='bbox 789 2489 910 2542; x_wconf 82' lang='lat' dir='ltr'><strong>Ilaec</strong></span> <span class='ocrx_word' id='word_1_281' title='bbox 936 2490 1156 2558; x_wconf 85' lang='lat' dir='ltr'><strong>quidem</strong></span> <span class='ocrx_word' id='word_1_282' title='bbox 1186 2503 1248 2542; x_wconf 87' lang='lat' dir='ltr'><strong>ea</strong></span> <span class='ocrx_word' id='word_1_283' title='bbox 1278 2489 1453 2542; x_wconf 87' lang='lat' dir='ltr'><strong>hieme</strong></span> <span class='ocrx_word' id='word_1_284' title='bbox 1516 2489 1572 2542; x_wconf 90' lang='lat' dir='ltr'><strong>in</strong></span> <span class='ocrx_word' id='word_1_285' title='bbox 1631 2488 2004 2559; x_wconf 88' lang='lat' dir='ltr'><strong>Peloponneso</strong></span> 
     </span>
    </p>
   </div>
   <div class='ocr_carea' id='block_1_43' title="bbox 434 2580 916 2651">
    <p class='ocr_par' dir='ltr' id='par_1_43' title="bbox 434 2580 916 2651">
     <span class='ocr_line' id='line_1_43' title="bbox 434 2580 916 2651; baseline -0.006 -17"><span class='ocrx_word' id='word_1_286' title='bbox 434 2589 562 2634; x_wconf 80' lang='lat' dir='ltr'><strong>sunt</strong></span> <span class='ocrx_word' id='word_1_287' title='bbox 591 2589 740 2651; x_wconf 73' lang='lat' dir='ltr'><strong>gesta</strong></span> <span class='ocrx_word' id='word_1_288' title='bbox 781 2580 916 2648; x_wconf 68' lang='lat'><strong>(‘20).</strong></span> 
     </span>
    </p>
   </div>
   <div class='ocr_carea' id='block_1_44' title="bbox 2099 1933 3671 2006">
    <p class='ocr_par' dir='ltr' id='par_1_44' title="bbox 2099 1933 3671 2006">
     <span class='ocr_line' id='line_1_44' title="bbox 2099 1933 3671 2006; baseline -0.003 -16"><span class='ocrx_word' id='word_1_289' title='bbox 2099 1937 2354 1990; x_wconf 82' lang='grc' dir='ltr'>Οὐενετοὶ</span> <span class='ocrx_word' id='word_1_290' title='bbox 2378 1937 2788 2006; x_wconf 80' lang='grc' dir='ltr'>παραλαϐόντες</span> <span class='ocrx_word' id='word_1_291' title='bbox 2821 1937 2920 2005; x_wconf 81' lang='grc' dir='ltr'><strong>τὴν</strong></span> <span class='ocrx_word' id='word_1_292' title='bbox 2955 1937 3278 2003; x_wconf 79' lang='grc' dir='ltr'>ἀκρόπολιν.</span> <span class='ocrx_word' id='word_1_293' title='bbox 3333 1938 3426 1990; x_wconf 74' lang='grc' dir='ltr'><strong>καὶ</strong></span> <span class='ocrx_word' id='word_1_294' title='bbox 3481 1933 3576 1988; x_wconf 87' lang='grc' dir='ltr'>τόν</span> <span class='ocrx_word' id='word_1_295' title='bbox 3605 1952 3671 2000; x_wconf 80' lang='grc' dir='ltr'>γε</span> 
     </span>
    </p>
   </div>
   <div class='ocr_carea' id='block_1_45' title="bbox 2103 2015 3672 2100">
    <p class='ocr_par' dir='ltr' id='par_1_45' title="bbox 2103 2015 3672 2100">
     <span class='ocr_line' id='line_1_45' title="bbox 2103 2015 3672 2100; baseline -0.003 -16"><span class='ocrx_word' id='word_1_296' title='bbox 2103 2030 2269 2100; x_wconf 75' lang='grc' dir='ltr'>ἄνδρα</span> <span class='ocrx_word' id='word_1_297' title='bbox 2301 2029 2491 2082; x_wconf 81' lang='grc' dir='ltr'>τοῦτον</span> <span class='ocrx_word' id='word_1_298' title='bbox 2518 2029 2724 2098; x_wconf 78' lang='grc' dir='ltr'>ἀγαθὸν</span> <span class='ocrx_word' id='word_1_299' title='bbox 2778 2030 3094 2099; x_wconf 59' lang='grc' dir='ltr'>γενόμενον»</span> <span class='ocrx_word' id='word_1_300' title='bbox 3124 2015 3544 2098; x_wconf 68' lang='grc' dir='ltr'>μετεπέμψαντο</span> <span class='ocrx_word' id='word_1_301' title='bbox 3613 2029 3672 2090; x_wconf 78' lang='grc' dir='ltr'>ἐς</span> 
     </span>
    </p>
   </div>
   <div class='ocr_carea' id='block_1_46' title="bbox 2104 2119 3670 2194">
    <p class='ocr_par' dir='ltr' id='par_1_46' title="bbox 2104 2119 3670 2194">
     <span class='ocr_line' id='line_1_46' title="bbox 2104 2119 3670 2194; baseline -0.003 -16"><span class='ocrx_word' id='word_1_302' title='bbox 2104 2126 2196 2178; x_wconf 79' lang='grc' dir='ltr'><strong>τὸν</strong></span> <span class='ocrx_word' id='word_1_303' title='bbox 2236 2124 2470 2191; x_wconf 76' lang='grc' dir='ltr'><strong>Ἰσθμόν.</strong></span> <span class='ocrx_word' id='word_1_304' title='bbox 2510 2123 2714 2176; x_wconf 86' lang='grc' dir='ltr'>Τούτου</span> <span class='ocrx_word' id='word_1_305' title='bbox 2736 2119 2918 2194; x_wconf 64' lang='grc' dir='ltr'><strong>δὴρῦν</strong></span> <span class='ocrx_word' id='word_1_306' title='bbox 2963 2121 3378 2192; x_wconf 81' lang='grc' dir='ltr'>ὑποτιθεμένου,</span> <span class='ocrx_word' id='word_1_307' title='bbox 3410 2121 3670 2175; x_wconf 77' lang='grc' dir='ltr'>ἀνέπλευ-</span> 
     </span>
    </p>
   </div>
   <div class='ocr_carea' id='block_1_47' title="bbox 2111 2212 3677 2283">
    <p class='ocr_par' dir='ltr' id='par_1_47' title="bbox 2111 2212 3677 2283">
     <span class='ocr_line' id='line_1_47' title="bbox 2111 2212 3677 2283; baseline -0.001 -17"><span class='ocrx_word' id='word_1_308' title='bbox 2111 2231 2212 2267; x_wconf 87' lang='grc' dir='ltr'><strong>σαν</strong></span> <span class='ocrx_word' id='word_1_309' title='bbox 2250 2217 2306 2276; x_wconf 83' lang='grc' dir='ltr'><strong>ἐς</strong></span> <span class='ocrx_word' id='word_1_310' title='bbox 2335 2214 2433 2283; x_wconf 82' lang='grc' dir='ltr'>τὴν</span> <span class='ocrx_word' id='word_1_311' title='bbox 2461 2213 2678 2282; x_wconf 80' lang='grc' dir='ltr'>Λῆμνον</span> <span class='ocrx_word' id='word_1_312' title='bbox 2709 2212 2759 2265; x_wconf 75' lang='grc' dir='ltr'>οἱ</span> <span class='ocrx_word' id='word_1_313' title='bbox 2789 2213 3065 2280; x_wconf 76' lang='grc' dir='ltr'>Οὑενετοὶ,</span> <span class='ocrx_word' id='word_1_314' title='bbox 3102 2214 3196 2266; x_wconf 81' lang='grc' dir='ltr'><strong>καὶ</strong></span> <span class='ocrx_word' id='word_1_315' title='bbox 3258 2213 3418 2275; x_wconf 85' lang='grc' dir='ltr'>αὑτός</span> <span class='ocrx_word' id='word_1_316' title='bbox 3465 2229 3525 2264; x_wconf 85' lang='grc' dir='ltr'><strong>τε</strong></span> <span class='ocrx_word' id='word_1_317' title='bbox 3561 2214 3677 2264; x_wconf 81' lang='grc' dir='ltr'>ἀπὸ</span> 
     </span>
    </p>
   </div>
   <div class='ocr_carea' id='block_1_48' title="bbox 2110 2303 3678 2374">
    <p class='ocr_par' dir='ltr' id='par_1_48' title="bbox 2110 2303 3678 2374">
     <span class='ocr_line' id='line_1_48' title="bbox 2110 2303 3678 2374; baseline -0.002 -16"><span class='ocrx_word' id='word_1_318' title='bbox 2110 2307 2209 2374; x_wconf 83' lang='grc' dir='ltr'>τῆς</span> <span class='ocrx_word' id='word_1_319' title='bbox 2241 2305 2476 2374; x_wconf 74' lang='grc' dir='ltr'>ἠπείρου</span> <span class='ocrx_word' id='word_1_320' title='bbox 2510 2303 2728 2372; x_wconf 87' lang='grc' dir='ltr'>στρατῷ</span> <span class='ocrx_word' id='word_1_321' title='bbox 2766 2303 3062 2368; x_wconf 78' lang='grc' dir='ltr'>ἐπελάσας,</span> <span class='ocrx_word' id='word_1_322' title='bbox 3100 2304 3412 2374; x_wconf 85' lang='grc' dir='ltr'>ἀπήλαυνεν</span> <span class='ocrx_word' id='word_1_323' title='bbox 3441 2304 3678 2366; x_wconf 74' lang='grc' dir='ltr'>ἕκαστος</span> 
     </span>
    </p>
   </div>
   <div class='ocr_carea' id='block_1_49' title="bbox 2112 2394 3680 2466">
    <p class='ocr_par' dir='ltr' id='par_1_49' title="bbox 2112 2394 3680 2466">
     <span class='ocr_line' id='line_1_49' title="bbox 2112 2394 3680 2466; baseline -0.002 -17"><span class='ocrx_word' id='word_1_324' title='bbox 2112 2397 2208 2466; x_wconf 77' lang='grc' dir='ltr'>τῆς</span> <span class='ocrx_word' id='word_1_325' title='bbox 2240 2397 2470 2458; x_wconf 66' lang='grc' dir='ltr'>πόλεως.</span> <span class='ocrx_word' id='word_1_326' title='bbox 2505 2397 2612 2448; x_wconf 72' lang='grc' dir='ltr'><strong>Καὶ</strong></span> <span class='ocrx_word' id='word_1_327' title='bbox 2644 2397 2719 2460; x_wconf 86' lang='grc' dir='ltr'>ὡς</span> <span class='ocrx_word' id='word_1_328' title='bbox 2763 2396 3126 2462; x_wconf 81' lang='grc' dir='ltr'>ἀνέπλευσαν,</span> <span class='ocrx_word' id='word_1_329' title='bbox 3178 2395 3484 2466; x_wconf 80' lang='grc' dir='ltr'>παρέλαϐον</span> <span class='ocrx_word' id='word_1_330' title='bbox 3518 2394 3680 2447; x_wconf 77' lang='grc' dir='ltr'>πόλιν</span> 
     </span>
    </p>
   </div>
   <div class='ocr_carea' id='block_1_50' title="bbox 2110 2489 3680 2563">
    <p class='ocr_par' dir='ltr' id='par_1_50' title="bbox 2110 2489 3680 2563">
     <span class='ocr_line' id='line_1_50' title="bbox 2110 2489 3680 2563; baseline -0.003 -17"><span class='ocrx_word' id='word_1_331' title='bbox 2110 2497 2209 2563; x_wconf 81' lang='grc' dir='ltr'>τὴν</span> <span class='ocrx_word' id='word_1_332' title='bbox 2242 2493 2554 2562; x_wconf 76' lang='grc' dir='ltr'>Κέρκηδαν.</span> <span class='ocrx_word' id='word_1_333' title='bbox 2595 2493 2704 2546; x_wconf 73' lang='grc' dir='ltr'>Καὶ</span> <span class='ocrx_word' id='word_1_334' title='bbox 2729 2491 2856 2553; x_wconf 74' lang='grc' dir='ltr'>τούς</span> <span class='ocrx_word' id='word_1_335' title='bbox 2883 2509 2944 2545; x_wconf 78' lang='grc' dir='ltr'><strong>τε</strong></span> <span class='ocrx_word' id='word_1_336' title='bbox 2992 2491 3259 2561; x_wconf 78' lang='grc' dir='ltr'>ἄρχοντας</span> <span class='ocrx_word' id='word_1_337' title='bbox 3307 2489 3680 2558; x_wconf 74' lang='grc' dir='ltr'>Τζαμπλάκο-</span> 
     </span>
    </p>
   </div>
   <div class='ocr_carea' id='block_1_51' title="bbox 2115 2566 3679 2653">
    <p class='ocr_par' dir='ltr' id='par_1_51' title="bbox 2115 2566 3679 2653">
     <span class='ocr_line' id='line_1_51' title="bbox 2115 2566 3679 2653; baseline -0.001 -17"><span class='ocrx_word' id='word_1_338' title='bbox 2115 2602 2212 2646; x_wconf 85' lang='grc' dir='ltr'><strong>νας</strong></span> <span class='ocrx_word' id='word_1_339' title='bbox 2241 2566 2498 2652; x_wconf 35' lang='grc' dir='ltr'>ἀφῆκαν(</span> <span class='ocrx_word' id='word_1_340' title='bbox 2518 2585 2768 2653; x_wconf 82' lang='grc' dir='ltr'>φρουράν</span> <span class='ocrx_word' id='word_1_341' title='bbox 2803 2599 2864 2635; x_wconf 82' lang='grc' dir='ltr'><strong>τε</strong></span> <span class='ocrx_word' id='word_1_342' title='bbox 2903 2584 3382 2652; x_wconf 76' lang='grc' dir='ltr'>ἐγκαταλιπόντες,</span> <span class='ocrx_word' id='word_1_343' title='bbox 3408 2582 3502 2635; x_wconf 74' lang='grc' dir='ltr'><strong>καὶ</strong></span> <span class='ocrx_word' id='word_1_344' title='bbox 3555 2583 3679 2634; x_wconf 78' lang='grc' dir='ltr'>ἔπι-</span> 
     </span>
    </p>
   </div>
   <div class='ocr_carea' id='block_1_52' title="bbox 437 2668 3682 2745">
    <p class='ocr_par' dir='ltr' id='par_1_52' title="bbox 437 2668 3682 2745">
     <span class='ocr_line' id='line_1_52' title="bbox 437 2668 3682 2745; baseline 0.001 -20"><span class='ocrx_word' id='word_1_345' title='bbox 437 2670 700 2726; x_wconf 78' lang='grc' dir='ltr'>σιτεῖσοαῑ</span> <span class='ocrx_word' id='word_1_346' title='bbox 747 2671 899 2738; x_wconf 73' lang='grc' dir='ltr'>σφίσι</span> <span class='ocrx_word' id='word_1_347' title='bbox 947 2686 1008 2722; x_wconf 82' lang='grc' dir='ltr'><strong>τε</strong></span> <span class='ocrx_word' id='word_1_348' title='bbox 1038 2668 1224 2730; x_wconf 76' lang='grc' dir='ltr'>αὐτοῖς</span> <span class='ocrx_word' id='word_1_349' title='bbox 1257 2668 1350 2722; x_wconf 70' lang='grc' dir='ltr'>καὶ</span> <span class='ocrx_word' id='word_1_350' title='bbox 1376 2670 1498 2731; x_wconf 87' lang='grc' dir='ltr'>ταῖς</span> <span class='ocrx_word' id='word_1_351' title='bbox 1554 2671 1613 2722; x_wconf 74' lang='grc' dir='ltr'>ἐν</span> <span class='ocrx_word' id='word_1_352' title='bbox 1637 2673 1703 2740; x_wconf 78' lang='grc' dir='ltr'>τῇ</span> <span class='ocrx_word' id='word_1_353' title='bbox 1735 2672 2128 2744; x_wconf 77' lang='grc' dir='ltr'>Πελοποννήσῳ</span> <span class='ocrx_word' id='word_1_354' title='bbox 2174 2673 2387 2729; x_wconf 83' lang='grc' dir='ltr'>πόλεσι.</span> <span class='ocrx_word' id='word_1_355' title='bbox 2437 2675 2548 2728; x_wconf 74' lang='grc' dir='ltr'><strong>Καὶ</strong></span> <span class='ocrx_word' id='word_1_356' title='bbox 2593 2675 2795 2745; x_wconf 72' lang='grc' dir='ltr'>ᾤχοντο</span> <span class='ocrx_word' id='word_1_357' title='bbox 2844 2675 3094 2740; x_wconf 77' lang='grc' dir='ltr'>ἀπιόντες</span> <span class='ocrx_word' id='word_1_358' title='bbox 3166 2676 3258 2728; x_wconf 69' lang='grc' dir='ltr'><strong>ἐπὶ</strong></span> <span class='ocrx_word' id='word_1_359' title='bbox 3339 2674 3682 2744; x_wconf 77' lang='grc' dir='ltr'>Πελοπόννη-</span> 
     </span>
    </p>
   </div>
   <div class='ocr_carea' id='block_1_53' title="bbox 433 2761 2504 2837">
    <p class='ocr_par' dir='ltr' id='par_1_53' title="bbox 433 2761 2504 2837">
     <span class='ocr_line' id='line_1_53' title="bbox 433 2761 2504 2837; baseline 0.002 -19"><span class='ocrx_word' id='word_1_360' title='bbox 433 2781 546 2819; x_wconf 86' lang='grc' dir='ltr'>σον.</span> <span class='ocrx_word' id='word_1_361' title='bbox 583 2765 769 2817; x_wconf 82' lang='grc' dir='ltr'>Ταῦτα</span> <span class='ocrx_word' id='word_1_362' title='bbox 805 2764 904 2833; x_wconf 79' lang='grc' dir='ltr'><strong>μὲν</strong></span> <span class='ocrx_word' id='word_1_363' title='bbox 932 2761 1027 2816; x_wconf 75' lang='grc' dir='ltr'><strong>τοῦ</strong></span> <span class='ocrx_word' id='word_1_364' title='bbox 1060 2763 1331 2833; x_wconf 75' lang='grc' dir='ltr'>χειμῶνος</span> <span class='ocrx_word' id='word_1_365' title='bbox 1350 2762 1543 2816; x_wconf 84' lang='grc' dir='ltr'>τούτου</span> <span class='ocrx_word' id='word_1_366' title='bbox 1574 2765 1630 2826; x_wconf 76' lang='grc' dir='ltr'>ἐς</span> <span class='ocrx_word' id='word_1_367' title='bbox 1674 2765 1773 2833; x_wconf 80' lang='grc' dir='ltr'>τὴν</span> <span class='ocrx_word' id='word_1_368' title='bbox 1827 2767 2234 2837; x_wconf 79' lang='grc' dir='ltr'>Πελοπόννησον</span> <span class='ocrx_word' id='word_1_369' title='bbox 2267 2769 2504 2835; x_wconf 68' lang='grc' dir='ltr'>ἐγένετοε</span> 
     </span>
    </p>
   </div>
   <div class='ocr_carea' id='block_1_54' title="bbox 1689 2877 2377 2958">
    <p class='ocr_par' dir='ltr' id='par_1_54' title="bbox 1689 2877 2377 2958">
     <span class='ocr_line' id='line_1_54' title="bbox 1689 2877 2377 2958; baseline 0.006 -22"><span class='ocrx_word' id='word_1_370' title='bbox 1689 2877 1934 2939; x_wconf 72' lang='lat' dir='ltr'><strong>Nolulm</strong></span> <span class='ocrx_word' id='word_1_371' title='bbox 1971 2881 2377 2958; x_wconf 77' lang='lat' dir='ltr'><strong>marginales.</strong></span> 
     </span>
    </p>
   </div>
   <div class='ocr_carea' id='block_1_55' title="bbox 511 2998 1133 3068">
    <p class='ocr_par' dir='ltr' id='par_1_55' title="bbox 511 2998 1133 3068">
     <span class='ocr_line' id='line_1_55' title="bbox 511 2998 1133 3068; baseline 0.006 -18"><span class='ocrx_word' id='word_1_372' title='bbox 511 2999 622 3066; x_wconf 78' lang='lat' dir='ltr'><strong>(lBl</strong></span> <span class='ocrx_word' id='word_1_373' title='bbox 650 2999 862 3068; x_wconf 82' lang='lat' dir='ltr'><strong>Comini</strong></span> <span class='ocrx_word' id='word_1_374' title='bbox 890 2998 1133 3068; x_wconf 79' lang='lat' dir='ltr'><strong>Tlmpiae.</strong></span> 
     </span>
    </p>
   </div>
   <div class='ocr_carea' id='block_1_56' title="bbox 512 3067 1036 3139">
    <p class='ocr_par' dir='ltr' id='par_1_56' title="bbox 512 3067 1036 3139">
     <span class='ocr_line' id='line_1_56' title="bbox 512 3067 1036 3139; baseline 0.002 -17"><span class='ocrx_word' id='word_1_375' title='bbox 512 3071 621 3139; x_wconf 75' lang='grc'><strong>(19)</strong></span> <span class='ocrx_word' id='word_1_376' title='bbox 657 3067 1036 3138; x_wconf 63' lang='lat' dir='ltr'><strong>lanioplacon.</strong></span> 
     </span>
    </p>
   </div>
   <div class='ocr_carea' id='block_1_57' title="bbox 507 3187 1696 3253">
    <p class='ocr_par' dir='ltr' id='par_1_57' title="bbox 507 3187 1696 3253">
     <span class='ocr_line' id='line_1_57' title="bbox 507 3187 1696 3253; baseline 0.001 -12"><span class='ocrx_word' id='word_1_377' title='bbox 507 3190 552 3221; x_wconf 81' lang='lat'><strong>&quot;</strong></span> <span class='ocrx_word' id='word_1_378' title='bbox 579 3189 635 3242; x_wconf 69' lang='grc' dir='ltr'>αἱ</span> <span class='ocrx_word' id='word_1_379' title='bbox 665 3189 796 3253; x_wconf 83' lang='grc' dir='ltr'>τῶν,</span> <span class='ocrx_word' id='word_1_380' title='bbox 833 3190 887 3241; x_wconf 79' lang='lat' dir='ltr'><strong>in</strong></span> <span class='ocrx_word' id='word_1_381' title='bbox 912 3205 1015 3243; x_wconf 80' lang='lat' dir='ltr'><strong>uno</strong></span> <span class='ocrx_word' id='word_1_382' title='bbox 1045 3199 1102 3243; x_wconf 68' lang='lat' dir='ltr'><strong>tt:</strong></span> <span class='ocrx_word' id='word_1_383' title='bbox 1128 3207 1180 3242; x_wconf 71' lang='lat' dir='ltr'><strong>tt.</strong></span> <span class='ocrx_word' id='word_1_384' title='bbox 1201 3203 1275 3253; x_wconf 69' lang='lat'><strong>3.;</strong></span> <span class='ocrx_word' id='word_1_385' title='bbox 1301 3187 1354 3242; x_wconf 76' lang='lat' dir='ltr'><strong>in</strong></span> <span class='ocrx_word' id='word_1_386' title='bbox 1378 3187 1455 3242; x_wconf 74' lang='lat' dir='ltr'><strong>al.</strong></span> <span class='ocrx_word' id='word_1_387' title='bbox 1485 3191 1543 3243; x_wconf 76' lang='lat' dir='ltr'><strong>ai</strong></span> <span class='ocrx_word' id='word_1_388' title='bbox 1567 3189 1696 3242; x_wconf 81' lang='grc' dir='ltr'>τῶν.</span> 
     </span>
    </p>
   </div>
   <div class='ocr_carea' id='block_1_58' title="bbox 2187 3004 2631 3075">
    <p class='ocr_par' dir='ltr' id='par_1_58' title="bbox 2187 3004 2631 3075">
     <span class='ocr_line' id='line_1_58' title="bbox 2187 3004 2631 3075; baseline 0.011 -18"><span class='ocrx_word' id='word_1_389' title='bbox 2187 3004 2300 3075; x_wconf 78' lang='grc' dir='ltr'><strong>(ξζθ)</strong></span> <span class='ocrx_word' id='word_1_390' title='bbox 2333 3007 2437 3058; x_wconf 81' lang='lat' dir='ltr'><strong>An.</strong></span> <span class='ocrx_word' id='word_1_391' title='bbox 2476 3007 2631 3062; x_wconf 68' lang='lat'><strong>“62.</strong></span> 
     </span>
    </p>
   </div>
   <div class='ocr_carea' id='block_1_59' title="bbox 1058 3427 3139 3664">
    <p class='ocr_par' dir='ltr' id='par_1_59' title="bbox 1058 3427 3139 3664">
     <span class='ocr_line' id='line_1_59' title="bbox 1058 3427 3139 3664; baseline -0.003 -32"><span class='ocrx_word' id='word_1_392' title='bbox 1058 3495 2188 3664; x_wconf 66' lang='lat' dir='ltr'><strong>mangonum</strong></span> <span class='ocrx_word' id='word_1_393' title='bbox 2263 3427 3139 3628; x_wconf 62' lang='lat' dir='ltr'><strong>vannum-</strong></span> 
     </span>
    </p>
   </div>
   <div class='ocr_carea' id='block_1_60' title="bbox 1960 3751 2104 3820">
    <p class='ocr_par' dir='ltr' id='par_1_60' title="bbox 1960 3751 2104 3820">
     <span class='ocr_line' id='line_1_60' title="bbox 1960 3751 2104 3820; baseline 0.007 -25"><span class='ocrx_word' id='word_1_394' title='bbox 1960 3817 1966 3820; x_wconf 24' lang='grc' dir='ltr'>Ν</span> <span class='ocrx_word' id='word_1_395' title='bbox 2038 3751 2104 3796; x_wconf 84' lang='grc' dir='ltr'><strong>ΙΝ</strong></span> 
     </span>
    </p>
   </div>
   <div class='ocr_carea' id='block_1_61' title="bbox 871 3897 3204 3967">
    <p class='ocr_par' dir='ltr' id='par_1_61' title="bbox 871 3897 3204 3967">
     <span class='ocr_line' id='line_1_61' title="bbox 871 3897 3204 3967; baseline -0.003 -1"><span class='ocrx_word' id='word_1_396' title='bbox 871 3904 1192 3966; x_wconf 78' lang='lat' dir='ltr'><strong>LAONICI</strong></span> <span class='ocrx_word' id='word_1_397' title='bbox 1267 3901 1976 3967; x_wconf 73' lang='lat' dir='ltr'><strong>CHALCOCONDYL/E</strong></span> <span class='ocrx_word' id='word_1_398' title='bbox 2047 3899 2689 3964; x_wconf 71' lang='lat' dir='ltr'><strong>DESCRIPTIONEM</strong></span> <span class='ocrx_word' id='word_1_399' title='bbox 2753 3897 3204 3961; x_wconf 68' lang='lat' dir='ltr'><strong>GERMANIE</strong></span> 
     </span>
    </p>
   </div>
   <div class='ocr_carea' id='block_1_62' title="bbox 1581 4082 2529 4172">
    <p class='ocr_par' dir='ltr' id='par_1_62' title="bbox 1581 4082 2529 4172">
     <span class='ocr_line' id='line_1_62' title="bbox 1581 4082 2529 4172; baseline -0.004 0"><span class='ocrx_word' id='word_1_400' title='bbox 1581 4082 2529 4172; x_wconf 67' lang='lat' dir='ltr'><strong>COMMENTARIUS</strong></span> 
     </span>
    </p>
   </div>
   <div class='ocr_carea' id='block_1_63' title="bbox 1438 4273 2740 4344">
    <p class='ocr_par' dir='ltr' id='par_1_63' title="bbox 1438 4273 2740 4344">
     <span class='ocr_line' id='line_1_63' title="bbox 1438 4273 2740 4344; baseline -0.003 -14"><span class='ocrx_word' id='word_1_401' title='bbox 1438 4278 1644 4341; x_wconf 78' lang='lat' dir='ltr'><strong>(Script.</strong></span> <span class='ocrx_word' id='word_1_402' title='bbox 1681 4280 1792 4330; x_wconf 71' lang='lat' dir='ltr'><strong>Ret“.</strong></span> <span class='ocrx_word' id='word_1_403' title='bbox 1815 4280 1974 4329; x_wconf 83' lang='lat' dir='ltr'><strong>Germ.</strong></span> <span class='ocrx_word' id='word_1_404' title='bbox 2010 4277 2134 4326; x_wconf 73' lang='lat' dir='ltr'><strong>Vide</strong></span> <span class='ocrx_word' id='word_1_405' title='bbox 2169 4291 2313 4338; x_wconf 83' lang='lat' dir='ltr'><strong>supra</strong></span> <span class='ocrx_word' id='word_1_406' title='bbox 2355 4277 2452 4326; x_wconf 89' lang='lat' dir='ltr'><strong>col.</strong></span> <span class='ocrx_word' id='word_1_407' title='bbox 2482 4273 2546 4326; x_wconf 74' lang='lat'><strong>75</strong></span> <span class='ocrx_word' id='word_1_408' title='bbox 2569 4274 2740 4344; x_wconf 71' lang='lat' dir='ltr'><strong>sqq).</strong></span> 
     </span>
    </p>
   </div>
   <div class='ocr_carea' id='block_1_64' title="bbox 519 4578 3686 4649">
    <p class='ocr_par' dir='ltr' id='par_1_64' title="bbox 519 4578 3686 4649">
     <span class='ocr_line' id='line_1_64' title="bbox 519 4578 3686 4649; baseline -0.002 -7"><span class='ocrx_word' id='word_1_409' title='bbox 519 4589 700 4642; x_wconf 86' lang='lat' dir='ltr'><strong>Locus</strong></span> <span class='ocrx_word' id='word_1_410' title='bbox 731 4583 886 4640; x_wconf 89' lang='lat' dir='ltr'><strong>hicee</strong></span> <span class='ocrx_word' id='word_1_411' title='bbox 919 4581 1140 4638; x_wconf 87' lang='lat' dir='ltr'><strong>Laonici</strong></span> <span class='ocrx_word' id='word_1_412' title='bbox 1171 4579 1519 4634; x_wconf 84' lang='lat' dir='ltr'><strong>Atheniensis</strong></span> <span class='ocrx_word' id='word_1_413' title='bbox 1551 4588 1605 4632; x_wconf 92' lang='lat' dir='ltr'><strong>ut</strong></span> <span class='ocrx_word' id='word_1_414' title='bbox 1641 4581 1709 4633; x_wconf 87' lang='lat' dir='ltr'><strong>ad</strong></span> <span class='ocrx_word' id='word_1_415' title='bbox 1745 4580 2004 4634; x_wconf 89' lang='lat' dir='ltr'><strong>honorem</strong></span> <span class='ocrx_word' id='word_1_416' title='bbox 2032 4592 2076 4649; x_wconf 73' lang='grc' dir='ltr'><strong>ρ</strong></span> <span class='ocrx_word' id='word_1_417' title='bbox 2109 4579 2595 4633; x_wconf 72' lang='lat' dir='ltr'><strong>deft-auderemus:</strong></span> <span class='ocrx_word' id='word_1_418' title='bbox 2627 4580 2679 4633; x_wconf 92' lang='lat' dir='ltr'><strong>in</strong></span> <span class='ocrx_word' id='word_1_419' title='bbox 2703 4595 2810 4648; x_wconf 86' lang='lat' dir='ltr'><strong>qua</strong></span> <span class='ocrx_word' id='word_1_420' title='bbox 2841 4578 3108 4648; x_wconf 84' lang='lat' dir='ltr'><strong>quidquid</strong></span> <span class='ocrx_word' id='word_1_421' title='bbox 3146 4581 3256 4634; x_wconf 78' lang='lat' dir='ltr'><strong>veri</strong></span> <span class='ocrx_word' id='word_1_422' title='bbox 3302 4592 3407 4646; x_wconf 80' lang='lat' dir='ltr'><strong>est,</strong></span> <span class='ocrx_word' id='word_1_423' title='bbox 3459 4597 3686 4638; x_wconf 85' lang='lat' dir='ltr'><strong>necesse</strong></span> 
     </span>
    </p>
   </div>
   <div class='ocr_carea' id='block_1_65' title="bbox 452 4671 2021 4750">
    <p class='ocr_par' dir='ltr' id='par_1_65' title="bbox 452 4671 2021 4750">
     <span class='ocr_line' id='line_1_65' title="bbox 452 4671 2021 4750; baseline -0.006 -17"><span class='ocrx_word' id='word_1_424' title='bbox 452 4681 737 4734; x_wconf 68' lang='lat' dir='ltr'><strong>Germanae</strong></span> <span class='ocrx_word' id='word_1_425' title='bbox 762 4678 942 4750; x_wconf 75' lang='lat' dir='ltr'><strong>gentis</strong></span> <span class='ocrx_word' id='word_1_426' title='bbox 980 4673 1271 4745; x_wconf 78' lang='lat' dir='ltr'><strong>insigniter</strong></span> <span class='ocrx_word' id='word_1_427' title='bbox 1307 4671 1563 4741; x_wconf 88' lang='lat' dir='ltr'><strong>pertinet,</strong></span> <span class='ocrx_word' id='word_1_428' title='bbox 1607 4672 1680 4726; x_wconf 85' lang='lat' dir='ltr'><strong>ita</strong></span> <span class='ocrx_word' id='word_1_429' title='bbox 1720 4683 1800 4726; x_wconf 89' lang='lat' dir='ltr'><strong>tot</strong></span> <span class='ocrx_word' id='word_1_430' title='bbox 1833 4681 1886 4726; x_wconf 91' lang='lat' dir='ltr'><strong>et</strong></span> <span class='ocrx_word' id='word_1_431' title='bbox 1911 4680 2021 4725; x_wconf 87' lang='lat' dir='ltr'><strong>tam</strong></span> 
     </span>
    </p>
   </div>
   <div class='ocr_carea' id='block_1_66' title="bbox 455 4761 2023 4840">
    <p class='ocr_par' dir='ltr' id='par_1_66' title="bbox 455 4761 2023 4840">
     <span class='ocr_line' id='line_1_66' title="bbox 455 4761 2023 4840; baseline -0.008 -14"><span class='ocrx_word' id='word_1_432' title='bbox 455 4771 762 4840; x_wconf 74' lang='lat' dir='ltr'><strong>insignibus</strong></span> <span class='ocrx_word' id='word_1_433' title='bbox 803 4767 1015 4823; x_wconf 88' lang='lat' dir='ltr'><strong>mendis</strong></span> <span class='ocrx_word' id='word_1_434' title='bbox 1053 4782 1160 4820; x_wconf 88' lang='lat' dir='ltr'><strong>non</strong></span> <span class='ocrx_word' id='word_1_435' title='bbox 1229 4773 1338 4816; x_wconf 85' lang='lat' dir='ltr'><strong>tam</strong></span> <span class='ocrx_word' id='word_1_436' title='bbox 1406 4778 1435 4816; x_wconf 89' lang='lat' dir='ltr'><strong>a</strong></span> <span class='ocrx_word' id='word_1_437' title='bbox 1498 4761 1740 4816; x_wconf 74' lang='lat' dir='ltr'><strong>librariis</strong></span> <span class='ocrx_word' id='word_1_438' title='bbox 1772 4762 2023 4831; x_wconf 89' lang='lat' dir='ltr'><strong>(quorum</strong></span> 
     </span>
    </p>
   </div>
   <div class='ocr_carea' id='block_1_67' title="bbox 456 4855 2028 4932">
    <p class='ocr_par' dir='ltr' id='par_1_67' title="bbox 456 4855 2028 4932">
     <span class='ocr_line' id='line_1_67' title="bbox 456 4855 2028 4932; baseline -0.006 -17"><span class='ocrx_word' id='word_1_439' title='bbox 456 4864 676 4932; x_wconf 86' lang='lat' dir='ltr'><strong>quidem</strong></span> <span class='ocrx_word' id='word_1_440' title='bbox 709 4860 884 4930; x_wconf 70' lang='lat' dir='ltr'><strong>culpae</strong></span> <span class='ocrx_word' id='word_1_441' title='bbox 935 4859 1098 4914; x_wconf 86' lang='lat' dir='ltr'><strong>trium</strong></span> <span class='ocrx_word' id='word_1_442' title='bbox 1153 4859 1402 4912; x_wconf 85' lang='lat' dir='ltr'><strong>codicum</strong></span> <span class='ocrx_word' id='word_1_443' title='bbox 1465 4855 1840 4910; x_wconf 82' lang='lat' dir='ltr'><strong>Palatinornm</strong></span> <span class='ocrx_word' id='word_1_444' title='bbox 1891 4868 2028 4908; x_wconf 81' lang='lat' dir='ltr'><strong>mss.</strong></span> 
     </span>
    </p>
   </div>
   <div class='ocr_carea' id='block_1_68' title="bbox 456 4945 2022 5020">
    <p class='ocr_par' dir='ltr' id='par_1_68' title="bbox 456 4945 2022 5020">
     <span class='ocr_line' id='line_1_68' title="bbox 456 4945 2022 5020; baseline -0.007 -10"><span class='ocrx_word' id='word_1_445' title='bbox 456 4954 746 5010; x_wconf 90' lang='lat' dir='ltr'><strong>collatione</strong></span> <span class='ocrx_word' id='word_1_446' title='bbox 769 4953 989 5013; x_wconf 86' lang='lat' dir='ltr'><strong>mederi,</strong></span> <span class='ocrx_word' id='word_1_447' title='bbox 1048 4961 1312 5020; x_wconf 88' lang='lat' dir='ltr'><strong>quantum</strong></span> <span class='ocrx_word' id='word_1_448' title='bbox 1347 4948 1517 5014; x_wconf 83' lang='lat' dir='ltr'><strong>licuit,</strong></span> <span class='ocrx_word' id='word_1_449' title='bbox 1565 4947 1747 5002; x_wconf 87' lang='lat' dir='ltr'><strong>annisi</strong></span> <span class='ocrx_word' id='word_1_450' title='bbox 1784 4945 2022 5015; x_wconf 85' lang='lat' dir='ltr'><strong>smnus),</strong></span> 
     </span>
    </p>
   </div>
   <div class='ocr_carea' id='block_1_69' title="bbox 457 5037 2020 5114">
    <p class='ocr_par' dir='ltr' id='par_1_69' title="bbox 457 5037 2020 5114">
     <span class='ocr_line' id='line_1_69' title="bbox 457 5037 2020 5114; baseline -0.005 -16"><span class='ocrx_word' id='word_1_451' title='bbox 457 5058 624 5114; x_wconf 87' lang='lat' dir='ltr'><strong>quam</strong></span> <span class='ocrx_word' id='word_1_452' title='bbox 651 5043 770 5111; x_wconf 89' lang='lat' dir='ltr'><strong>ipso</strong></span> <span class='ocrx_word' id='word_1_453' title='bbox 803 5043 1092 5111; x_wconf 85' lang='lat' dir='ltr'><strong>scriptore,</strong></span> <span class='ocrx_word' id='word_1_454' title='bbox 1123 5041 1342 5096; x_wconf 82' lang='lat' dir='ltr'><strong>homine</strong></span> <span class='ocrx_word' id='word_1_455' title='bbox 1371 5056 1477 5094; x_wconf 90' lang='lat' dir='ltr'><strong>non</strong></span> <span class='ocrx_word' id='word_1_456' title='bbox 1505 5039 1682 5094; x_wconf 88' lang='lat' dir='ltr'><strong>solum</strong></span> <span class='ocrx_word' id='word_1_457' title='bbox 1717 5041 1767 5092; x_wconf 90' lang='lat' dir='ltr'><strong>in</strong></span> <span class='ocrx_word' id='word_1_458' title='bbox 1792 5037 2020 5092; x_wconf 84' lang='lat' dir='ltr'><strong>Germa-</strong></span> 
     </span>
    </p>
   </div>
   <div class='ocr_carea' id='block_1_70' title="bbox 454 5131 2024 5202">
    <p class='ocr_par' dir='ltr' id='par_1_70' title="bbox 454 5131 2024 5202">
     <span class='ocr_line' id='line_1_70' title="bbox 454 5131 2024 5202; baseline -0.004 -14"><span class='ocrx_word' id='word_1_459' title='bbox 454 5136 542 5188; x_wconf 86' lang='lat' dir='ltr'><strong>nia</strong></span> <span class='ocrx_word' id='word_1_460' title='bbox 575 5144 756 5187; x_wconf 82' lang='lat' dir='ltr'><strong>nostra</strong></span> <span class='ocrx_word' id='word_1_461' title='bbox 784 5132 1023 5200; x_wconf 88' lang='lat' dir='ltr'><strong>hospite,</strong></span> <span class='ocrx_word' id='word_1_462' title='bbox 1053 5134 1145 5186; x_wconf 86' lang='lat' dir='ltr'><strong>sed</strong></span> <span class='ocrx_word' id='word_1_463' title='bbox 1182 5133 1336 5202; x_wconf 80' lang='lat' dir='ltr'><strong>plane</strong></span> <span class='ocrx_word' id='word_1_464' title='bbox 1379 5133 1561 5199; x_wconf 80' lang='lat' dir='ltr'><strong>ignota</strong></span> <span class='ocrx_word' id='word_1_465' title='bbox 1594 5131 1871 5199; x_wconf 86' lang='lat' dir='ltr'><strong>loquente,</strong></span> <span class='ocrx_word' id='word_1_466' title='bbox 1901 5144 2024 5199; x_wconf 76' lang='lat' dir='ltr'><strong>qua:</strong></span> 
     </span>
    </p>
   </div>
   <div class='ocr_carea' id='block_1_71' title="bbox 455 5222 2022 5291">
    <p class='ocr_par' dir='ltr' id='par_1_71' title="bbox 455 5222 2022 5291">
     <span class='ocr_line' id='line_1_71' title="bbox 455 5222 2022 5291; baseline -0.004 -9"><span class='ocrx_word' id='word_1_467' title='bbox 455 5226 571 5281; x_wconf 84' lang='lat' dir='ltr'><strong>sola</strong></span> <span class='ocrx_word' id='word_1_468' title='bbox 605 5225 886 5278; x_wconf 86' lang='lat' dir='ltr'><strong>auditione</strong></span> <span class='ocrx_word' id='word_1_469' title='bbox 934 5223 1125 5279; x_wconf 88' lang='lat' dir='ltr'><strong>nescio</strong></span> <span class='ocrx_word' id='word_1_470' title='bbox 1169 5222 1313 5277; x_wconf 88' lang='lat' dir='ltr'><strong>unde</strong></span> <span class='ocrx_word' id='word_1_471' title='bbox 1371 5223 1708 5291; x_wconf 84' lang='lat' dir='ltr'><strong>accepisset,</strong></span> <span class='ocrx_word' id='word_1_472' title='bbox 1773 5222 2022 5289; x_wconf 75' lang='lat' dir='ltr'><strong>oppletus</strong></span> 
     </span>
    </p>
   </div>
   <div class='ocr_carea' id='block_1_72' title="bbox 449 5311 2024 5388">
    <p class='ocr_par' dir='ltr' id='par_1_72' title="bbox 449 5311 2024 5388">
     <span class='ocr_line' id='line_1_72' title="bbox 449 5311 2024 5388; baseline -0.004 -16"><span class='ocrx_word' id='word_1_473' title='bbox 449 5325 555 5380; x_wconf 85' lang='lat' dir='ltr'><strong>est,</strong></span> <span class='ocrx_word' id='word_1_474' title='bbox 601 5325 660 5371; x_wconf 90' lang='lat' dir='ltr'><strong>ut</strong></span> <span class='ocrx_word' id='word_1_475' title='bbox 700 5314 929 5368; x_wconf 82' lang='lat' dir='ltr'><strong>multum</strong></span> <span class='ocrx_word' id='word_1_476' title='bbox 980 5313 1312 5388; x_wconf 84' lang='lat' dir='ltr'><strong>dubitarem,</strong></span> <span class='ocrx_word' id='word_1_477' title='bbox 1374 5327 1444 5366; x_wconf 88' lang='lat' dir='ltr'><strong>an</strong></span> <span class='ocrx_word' id='word_1_478' title='bbox 1502 5327 1625 5364; x_wconf 85' lang='lat' dir='ltr'><strong>eum</strong></span> <span class='ocrx_word' id='word_1_479' title='bbox 1685 5311 1808 5364; x_wconf 86' lang='lat' dir='ltr'><strong>licet</strong></span> <span class='ocrx_word' id='word_1_480' title='bbox 1861 5311 2024 5366; x_wconf 79' lang='lat' dir='ltr'><strong>anxie</strong></span> 
     </span>
    </p>
   </div>
   <div class='ocr_carea' id='block_1_73' title="bbox 409 5404 2022 5495">
    <p class='ocr_par' dir='ltr' id='par_1_73' title="bbox 409 5404 2022 5495">
     <span class='ocr_line' id='line_1_73' title="bbox 409 5404 2022 5495; baseline -0.002 -35"><span class='ocrx_word' id='word_1_481' title='bbox 409 5461 419 5495; x_wconf 36' lang='grc' dir='ltr'><em>ἐ</em></span> <span class='ocrx_word' id='word_1_482' title='bbox 453 5409 742 5476; x_wconf 81' lang='lat' dir='ltr'><strong>quaesitum</strong></span> <span class='ocrx_word' id='word_1_483' title='bbox 764 5415 818 5461; x_wconf 86' lang='lat' dir='ltr'><strong>et</strong></span> <span class='ocrx_word' id='word_1_484' title='bbox 839 5404 1176 5474; x_wconf 88' lang='lat' dir='ltr'><strong>descriptum</strong></span> <span class='ocrx_word' id='word_1_485' title='bbox 1211 5405 1264 5458; x_wconf 93' lang='lat' dir='ltr'><strong>iu</strong></span> <span class='ocrx_word' id='word_1_486' title='bbox 1317 5405 1458 5458; x_wconf 87' lang='lat' dir='ltr'><strong>hanc</strong></span> <span class='ocrx_word' id='word_1_487' title='bbox 1485 5404 1868 5458; x_wconf 85' lang='lat' dir='ltr'><strong>collectionem</strong></span> <span class='ocrx_word' id='word_1_488' title='bbox 1924 5404 2022 5458; x_wconf 89' lang='lat' dir='ltr'><strong>ad-</strong></span> 
     </span>
    </p>
   </div>
   <div class='ocr_carea' id='block_1_74' title="bbox 399 5495 2017 5565">
    <p class='ocr_par' dir='ltr' id='par_1_74' title="bbox 399 5495 2017 5565">
     <span class='ocr_line' id='line_1_74' title="bbox 399 5495 2017 5565; baseline -0.002 -13"><span class='ocrx_word' id='word_1_489' title='bbox 399 5523 414 5540; x_wconf 71' lang='grc' dir='ltr'><em>ο</em></span> <span class='ocrx_word' id='word_1_490' title='bbox 455 5499 690 5563; x_wconf 81' lang='lat' dir='ltr'><strong>mittere,</strong></span> <span class='ocrx_word' id='word_1_491' title='bbox 728 5499 926 5554; x_wconf 86' lang='lat' dir='ltr'><strong>nedum</strong></span> <span class='ocrx_word' id='word_1_492' title='bbox 984 5499 1038 5552; x_wconf 91' lang='lat' dir='ltr'><strong>in</strong></span> <span class='ocrx_word' id='word_1_493' title='bbox 1074 5513 1140 5553; x_wconf 91' lang='lat' dir='ltr'><strong>eo</strong></span> <span class='ocrx_word' id='word_1_494' title='bbox 1167 5497 1396 5553; x_wconf 85' lang='lat' dir='ltr'><strong>seholiis</strong></span> <span class='ocrx_word' id='word_1_495' title='bbox 1442 5495 1768 5564; x_wconf 73' lang='lat' dir='ltr'><strong>explicando</strong></span> <span class='ocrx_word' id='word_1_496' title='bbox 1811 5495 2017 5565; x_wconf 86' lang='lat' dir='ltr'><strong>aliquid</strong></span> 
     </span>
    </p>
   </div>
   <div class='ocr_carea' id='block_1_75' title="bbox 455 5588 2022 5660">
    <p class='ocr_par' dir='ltr' id='par_1_75' title="bbox 455 5588 2022 5660">
     <span class='ocr_line' id='line_1_75' title="bbox 455 5588 2022 5660; baseline -0.003 -17"><span class='ocrx_word' id='word_1_497' title='bbox 455 5605 630 5658; x_wconf 75' lang='lat' dir='ltr'><strong>Opera:</strong></span> <span class='ocrx_word' id='word_1_498' title='bbox 657 5606 859 5660; x_wconf 87' lang='lat' dir='ltr'><strong>ponere</strong></span> <span class='ocrx_word' id='word_1_499' title='bbox 891 5593 1104 5648; x_wconf 82' lang='lat' dir='ltr'><strong>vellem.</strong></span> <span class='ocrx_word' id='word_1_500' title='bbox 1137 5591 1246 5645; x_wconf 90' lang='lat' dir='ltr'><strong>Sed</strong></span> <span class='ocrx_word' id='word_1_501' title='bbox 1305 5599 1428 5644; x_wconf 90' lang='lat' dir='ltr'><strong>utut</strong></span> <span class='ocrx_word' id='word_1_502' title='bbox 1466 5591 1585 5657; x_wconf 87' lang='lat' dir='ltr'><strong>ipse</strong></span> <span class='ocrx_word' id='word_1_503' title='bbox 1636 5588 1771 5641; x_wconf 86' lang='lat' dir='ltr'><strong>tanti</strong></span> <span class='ocrx_word' id='word_1_504' title='bbox 1801 5605 1907 5640; x_wconf 90' lang='lat' dir='ltr'><strong>non</strong></span> <span class='ocrx_word' id='word_1_505' title='bbox 1943 5589 2022 5642; x_wconf 83' lang='lat' dir='ltr'><strong>vi-</strong></span> 
     </span>
    </p>
   </div>
   <div class='ocr_carea' id='block_1_76' title="bbox 453 5677 2010 5750">
    <p class='ocr_par' dir='ltr' id='par_1_76' title="bbox 453 5677 2010 5750">
     <span class='ocr_line' id='line_1_76' title="bbox 453 5677 2010 5750; baseline -0.002 -18"><span class='ocrx_word' id='word_1_506' title='bbox 453 5681 695 5744; x_wconf 87' lang='lat' dir='ltr'><strong>deretur,</strong></span> <span class='ocrx_word' id='word_1_507' title='bbox 733 5682 868 5735; x_wconf 85' lang='lat' dir='ltr'><strong>tanti</strong></span> <span class='ocrx_word' id='word_1_508' title='bbox 923 5682 1141 5750; x_wconf 89' lang='lat' dir='ltr'><strong>quidem</strong></span> <span class='ocrx_word' id='word_1_509' title='bbox 1196 5682 1311 5736; x_wconf 86' lang='lat' dir='ltr'><strong>visa</strong></span> <span class='ocrx_word' id='word_1_510' title='bbox 1373 5688 1457 5734; x_wconf 91' lang='lat' dir='ltr'><strong>est</strong></span> <span class='ocrx_word' id='word_1_511' title='bbox 1493 5680 1664 5748; x_wconf 90' lang='lat' dir='ltr'><strong>patria</strong></span> <span class='ocrx_word' id='word_1_512' title='bbox 1694 5677 2010 5747; x_wconf 63' lang='lat' dir='ltr'><strong>Germanja.</strong></span> 
     </span>
    </p>
   </div>
   <div class='ocr_carea' id='block_1_77' title="bbox 457 5771 2012 5853">
    <p class='ocr_par' dir='ltr' id='par_1_77' title="bbox 457 5771 2012 5853">
     <span class='ocr_line' id='line_1_77' title="bbox 457 5771 2012 5853; baseline -0.001 -27"><span class='ocrx_word' id='word_1_513' title='bbox 457 5788 615 5846; x_wconf 83' lang='lat' dir='ltr'><strong>quam</strong></span> <span class='ocrx_word' id='word_1_514' title='bbox 657 5787 833 5842; x_wconf 86' lang='lat' dir='ltr'><strong>neque</strong></span> <span class='ocrx_word' id='word_1_515' title='bbox 861 5775 962 5829; x_wconf 87' lang='lat' dir='ltr'><strong>ista</strong></span> <span class='ocrx_word' id='word_1_516' title='bbox 1021 5773 1254 5828; x_wconf 90' lang='lat' dir='ltr'><strong>hominis</strong></span> <span class='ocrx_word' id='word_1_517' title='bbox 1290 5772 1490 5853; x_wconf 74' lang='lat' dir='ltr'><strong>exotici</strong></span> <span class='ocrx_word' id='word_1_518' title='bbox 1534 5771 2012 5828; x_wconf 85' lang='lat' dir='ltr'><strong>commendatione</strong></span> 
     </span>
    </p>
   </div>
   <div class='ocr_carea' id='block_1_78' title="bbox 2122 4666 3686 4739">
    <p class='ocr_par' dir='ltr' id='par_1_78' title="bbox 2122 4666 3686 4739">
     <span class='ocr_line' id='line_1_78' title="bbox 2122 4666 3686 4739; baseline 0.004 -19"><span class='ocrx_word' id='word_1_519' title='bbox 2122 4675 2204 4720; x_wconf 89' lang='lat' dir='ltr'><strong>est</strong></span> <span class='ocrx_word' id='word_1_520' title='bbox 2228 4682 2257 4720; x_wconf 86' lang='lat' dir='ltr'><strong>a</strong></span> <span class='ocrx_word' id='word_1_521' title='bbox 2291 4668 2668 4736; x_wconf 75' lang='lat' dir='ltr'><strong>vulgatissima</strong></span> <span class='ocrx_word' id='word_1_522' title='bbox 2699 4666 2842 4721; x_wconf 79' lang='lat' dir='ltr'><strong>fama</strong></span> <span class='ocrx_word' id='word_1_523' title='bbox 2871 4683 3050 4722; x_wconf 86' lang='lat' dir='ltr'><strong>rerum</strong></span> <span class='ocrx_word' id='word_1_524' title='bbox 3083 4668 3372 4739; x_wconf 87' lang='lat' dir='ltr'><strong>plusquam</strong></span> <span class='ocrx_word' id='word_1_525' title='bbox 3435 4674 3686 4727; x_wconf 87' lang='lat' dir='ltr'><strong>notoria-</strong></span> 
     </span>
    </p>
   </div>
   <div class='ocr_carea' id='block_1_79' title="bbox 2126 4757 3685 4832">
    <p class='ocr_par' dir='ltr' id='par_1_79' title="bbox 2126 4757 3685 4832">
     <span class='ocr_line' id='line_1_79' title="bbox 2126 4757 3685 4832; baseline 0.007 -23"><span class='ocrx_word' id='word_1_526' title='bbox 2126 4772 2244 4810; x_wconf 86' lang='lat' dir='ltr'><strong>rum</strong></span> <span class='ocrx_word' id='word_1_527' title='bbox 2275 4758 2357 4825; x_wconf 89' lang='lat' dir='ltr'><strong>(ut</strong></span> <span class='ocrx_word' id='word_1_528' title='bbox 2383 4757 2533 4826; x_wconf 82' lang='lat' dir='ltr'><strong>vulgi</strong></span> <span class='ocrx_word' id='word_1_529' title='bbox 2555 4757 2870 4826; x_wconf 82' lang='lat' dir='ltr'><strong>loquuntur)</strong></span> <span class='ocrx_word' id='word_1_530' title='bbox 2897 4768 2952 4812; x_wconf 92' lang='lat' dir='ltr'><strong>et</strong></span> <span class='ocrx_word' id='word_1_531' title='bbox 2971 4769 3086 4814; x_wconf 86' lang='lat' dir='ltr'><strong>toto</strong></span> <span class='ocrx_word' id='word_1_532' title='bbox 3118 4762 3251 4816; x_wconf 85' lang='lat' dir='ltr'><strong>orbe</strong></span> <span class='ocrx_word' id='word_1_533' title='bbox 3274 4774 3685 4832; x_wconf 73' lang='lat' dir='ltr'><strong>compar-tarum</strong></span> 
     </span>
    </p>
   </div>
   <div class='ocr_carea' id='block_1_80' title="bbox 2123 4839 3689 4917">
    <p class='ocr_par' dir='ltr' id='par_1_80' title="bbox 2123 4839 3689 4917">
     <span class='ocr_line' id='line_1_80' title="bbox 2123 4839 3689 4917; baseline 0.004 -16"><span class='ocrx_word' id='word_1_534' title='bbox 2123 4846 2297 4902; x_wconf 76' lang='lat' dir='ltr'><strong>fuisse</strong></span> <span class='ocrx_word' id='word_1_535' title='bbox 2331 4847 2659 4916; x_wconf 82' lang='lat' dir='ltr'><strong>profectum.</strong></span> <span class='ocrx_word' id='word_1_536' title='bbox 2689 4847 2808 4913; x_wconf 85' lang='lat' dir='ltr'><strong>Quo</strong></span> <span class='ocrx_word' id='word_1_537' title='bbox 2839 4849 2892 4902; x_wconf 90' lang='lat' dir='ltr'><strong>in</strong></span> <span class='ocrx_word' id='word_1_538' title='bbox 2917 4865 3114 4917; x_wconf 80' lang='lat' dir='ltr'><strong>genere</strong></span> <span class='ocrx_word' id='word_1_539' title='bbox 3163 4839 3376 4908; x_wconf 71' lang='lat' dir='ltr'><strong>scholia</strong></span> <span class='ocrx_word' id='word_1_540' title='bbox 3427 4854 3689 4908; x_wconf 88' lang='lat' dir='ltr'><strong>scribenti</strong></span> 
     </span>
    </p>
   </div>
   <div class='ocr_carea' id='block_1_81' title="bbox 2125 4937 3687 5014">
    <p class='ocr_par' dir='ltr' id='par_1_81' title="bbox 2125 4937 3687 5014">
     <span class='ocr_line' id='line_1_81' title="bbox 2125 4937 3687 5014; baseline 0.003 -20"><span class='ocrx_word' id='word_1_541' title='bbox 2125 4955 2235 4994; x_wconf 90' lang='lat' dir='ltr'><strong>non</strong></span> <span class='ocrx_word' id='word_1_542' title='bbox 2261 4939 2478 4994; x_wconf 82' lang='lat' dir='ltr'><strong>ditiicile</strong></span> <span class='ocrx_word' id='word_1_543' title='bbox 2529 4937 2720 4994; x_wconf 82' lang='lat' dir='ltr'><strong>fuisset</strong></span> <span class='ocrx_word' id='word_1_544' title='bbox 2781 4940 2937 5008; x_wconf 84' lang='lat' dir='ltr'><strong>plura</strong></span> <span class='ocrx_word' id='word_1_545' title='bbox 2993 4941 3156 4995; x_wconf 87' lang='lat' dir='ltr'><strong>etiam</strong></span> <span class='ocrx_word' id='word_1_546' title='bbox 3211 4959 3524 5014; x_wconf 81' lang='lat' dir='ltr'><strong>congerere,</strong></span> <span class='ocrx_word' id='word_1_547' title='bbox 3580 4946 3687 5000; x_wconf 87' lang='lat' dir='ltr'><strong>nisi</strong></span> 
     </span>
    </p>
   </div>
   <div class='ocr_carea' id='block_1_82' title="bbox 2124 5032 3688 5102">
    <p class='ocr_par' dir='ltr' id='par_1_82' title="bbox 2124 5032 3688 5102">
     <span class='ocr_line' id='line_1_82' title="bbox 2124 5032 3688 5102; baseline 0.003 -18"><span class='ocrx_word' id='word_1_548' title='bbox 2124 5032 2344 5086; x_wconf 90' lang='lat' dir='ltr'><strong>modum</strong></span> <span class='ocrx_word' id='word_1_549' title='bbox 2387 5042 2569 5086; x_wconf 85' lang='lat' dir='ltr'><strong>tenere</strong></span> <span class='ocrx_word' id='word_1_550' title='bbox 2629 5033 2944 5100; x_wconf 67' lang='lat' dir='ltr'><strong>praeclarius</strong></span> <span class='ocrx_word' id='word_1_551' title='bbox 3007 5046 3382 5102; x_wconf 77' lang='lat' dir='ltr'><strong>putassemus.</strong></span> <span class='ocrx_word' id='word_1_552' title='bbox 3417 5037 3688 5094; x_wconf 67' lang='lat' dir='ltr'><strong>Caeterum</strong></span> 
     </span>
    </p>
   </div>
   <div class='ocr_carea' id='block_1_83' title="bbox 2121 5125 3692 5196">
    <p class='ocr_par' dir='ltr' id='par_1_83' title="bbox 2121 5125 3692 5196">
     <span class='ocr_line' id='line_1_83' title="bbox 2121 5125 3692 5196; baseline 0.003 -18"><span class='ocrx_word' id='word_1_553' title='bbox 2121 5125 2323 5180; x_wconf 83' lang='lat' dir='ltr'><strong>alicubi</strong></span> <span class='ocrx_word' id='word_1_554' title='bbox 2353 5127 2516 5180; x_wconf 88' lang='lat' dir='ltr'><strong>etiam</strong></span> <span class='ocrx_word' id='word_1_555' title='bbox 2555 5129 2607 5179; x_wconf 88' lang='lat' dir='ltr'><strong>in</strong></span> <span class='ocrx_word' id='word_1_556' title='bbox 2642 5127 2727 5180; x_wconf 86' lang='lat' dir='ltr'><strong>his</strong></span> <span class='ocrx_word' id='word_1_557' title='bbox 2763 5127 2995 5194; x_wconf 76' lang='lat' dir='ltr'><strong>salebris</strong></span> <span class='ocrx_word' id='word_1_558' title='bbox 3052 5128 3238 5196; x_wconf 85' lang='lat' dir='ltr'><strong>pedem</strong></span> <span class='ocrx_word' id='word_1_559' title='bbox 3273 5130 3496 5186; x_wconf 69' lang='lat' dir='ltr'><strong>haesisse</strong></span> <span class='ocrx_word' id='word_1_560' title='bbox 3551 5131 3692 5183; x_wconf 89' lang='lat' dir='ltr'><strong>nihil</strong></span> 
     </span>
    </p>
   </div>
   <div class='ocr_carea' id='block_1_84' title="bbox 2123 5220 3692 5293">
    <p class='ocr_par' dir='ltr' id='par_1_84' title="bbox 2123 5220 3692 5293">
     <span class='ocr_line' id='line_1_84' title="bbox 2123 5220 3692 5293; baseline 0.002 -20"><span class='ocrx_word' id='word_1_561' title='bbox 2123 5221 2345 5284; x_wconf 89' lang='lat' dir='ltr'><strong>mirum,</strong></span> <span class='ocrx_word' id='word_1_562' title='bbox 2375 5220 2579 5274; x_wconf 86' lang='lat' dir='ltr'><strong>orbatis</strong></span> <span class='ocrx_word' id='word_1_563' title='bbox 2610 5221 2907 5287; x_wconf 61' lang='lat' dir='ltr'><strong>praisertim</strong></span> <span class='ocrx_word' id='word_1_564' title='bbox 2953 5221 3180 5274; x_wconf 84' lang='lat' dir='ltr'><strong>ductore</strong></span> <span class='ocrx_word' id='word_1_565' title='bbox 3231 5223 3347 5288; x_wconf 84' lang='lat' dir='ltr'><strong>illo,</strong></span> <span class='ocrx_word' id='word_1_566' title='bbox 3381 5224 3476 5293; x_wconf 87' lang='lat' dir='ltr'><strong>qui</strong></span> <span class='ocrx_word' id='word_1_567' title='bbox 3537 5224 3692 5278; x_wconf 85' lang='lat' dir='ltr'><strong>solus</strong></span> 
     </span>
    </p>
   </div>
   <div class='ocr_carea' id='block_1_85' title="bbox 2130 5313 3690 5384">
    <p class='ocr_par' dir='ltr' id='par_1_85' title="bbox 2130 5313 3690 5384">
     <span class='ocr_line' id='line_1_85' title="bbox 2130 5313 3690 5384; baseline 0.003 -20"><span class='ocrx_word' id='word_1_568' title='bbox 2130 5313 2254 5365; x_wconf 88' lang='lat' dir='ltr'><strong>inde</strong></span> <span class='ocrx_word' id='word_1_569' title='bbox 2281 5313 2537 5382; x_wconf 82' lang='lat' dir='ltr'><strong>expedire</strong></span> <span class='ocrx_word' id='word_1_570' title='bbox 2567 5323 2818 5378; x_wconf 76' lang='lat' dir='ltr'><strong>poterat:</strong></span> <span class='ocrx_word' id='word_1_571' title='bbox 2871 5313 3226 5376; x_wconf 86' lang='lat' dir='ltr'><strong>Leunclavio,</strong></span> <span class='ocrx_word' id='word_1_572' title='bbox 3286 5315 3532 5384; x_wconf 82' lang='lat' dir='ltr'><strong>inquam,</strong></span> <span class='ocrx_word' id='word_1_573' title='bbox 3585 5329 3690 5368; x_wconf 78' lang='lat' dir='ltr'><strong>no-</strong></span> 
     </span>
    </p>
   </div>
   <div class='ocr_carea' id='block_1_86' title="bbox 2129 5403 3690 5475">
    <p class='ocr_par' dir='ltr' id='par_1_86' title="bbox 2129 5403 3690 5475">
     <span class='ocr_line' id='line_1_86' title="bbox 2129 5403 3690 5475; baseline 0.003 -20"><span class='ocrx_word' id='word_1_574' title='bbox 2129 5412 2264 5465; x_wconf 77' lang='lat' dir='ltr'><strong>stre,</strong></span> <span class='ocrx_word' id='word_1_575' title='bbox 2288 5403 2482 5458; x_wconf 85' lang='lat' dir='ltr'><strong>borum</strong></span> <span class='ocrx_word' id='word_1_576' title='bbox 2517 5403 2846 5472; x_wconf 86' lang='lat' dir='ltr'><strong>scriptorum</strong></span> <span class='ocrx_word' id='word_1_577' title='bbox 2893 5405 3260 5474; x_wconf 80' lang='lat' dir='ltr'><strong>peritissimo;</strong></span> <span class='ocrx_word' id='word_1_578' title='bbox 3293 5407 3500 5475; x_wconf 88' lang='lat' dir='ltr'><strong>quiq-ne</strong></span> <span class='ocrx_word' id='word_1_579' title='bbox 3549 5408 3690 5460; x_wconf 80' lang='lat' dir='ltr'><strong>adeo</strong></span> 
     </span>
    </p>
   </div>
   <div class='ocr_carea' id='block_1_87' title="bbox 2129 5495 3694 5562">
    <p class='ocr_par' dir='ltr' id='par_1_87' title="bbox 2129 5495 3694 5562">
     <span class='ocr_line' id='line_1_87' title="bbox 2129 5495 3694 5562; baseline 0.001 -11"><span class='ocrx_word' id='word_1_580' title='bbox 2129 5505 2300 5551; x_wconf 87' lang='lat' dir='ltr'><strong>totum</strong></span> <span class='ocrx_word' id='word_1_581' title='bbox 2330 5495 2494 5550; x_wconf 89' lang='lat' dir='ltr'><strong>istum</strong></span> <span class='ocrx_word' id='word_1_582' title='bbox 2540 5495 2840 5550; x_wconf 87' lang='lat' dir='ltr'><strong>Laonicum</strong></span> <span class='ocrx_word' id='word_1_583' title='bbox 2877 5512 2976 5552; x_wconf 86' lang='lat' dir='ltr'><strong>sua</strong></span> <span class='ocrx_word' id='word_1_584' title='bbox 3034 5514 3224 5562; x_wconf 88' lang='lat' dir='ltr'><strong>manu,</strong></span> <span class='ocrx_word' id='word_1_585' title='bbox 3268 5502 3397 5554; x_wconf 84' lang='lat' dir='ltr'><strong>dum</strong></span> <span class='ocrx_word' id='word_1_586' title='bbox 3447 5501 3536 5555; x_wconf 89' lang='lat' dir='ltr'><strong>hic</strong></span> <span class='ocrx_word' id='word_1_587' title='bbox 3571 5517 3694 5554; x_wconf 43' lang='lat' dir='ltr'><strong>veta</strong></span> 
     </span>
    </p>
   </div>
   <div class='ocr_carea' id='block_1_88' title="bbox 2127 5589 3691 5664">
    <p class='ocr_par' dir='ltr' id='par_1_88' title="bbox 2127 5589 3691 5664">
     <span class='ocr_line' id='line_1_88' title="bbox 2127 5589 3691 5664; baseline 0.003 -22"><span class='ocrx_word' id='word_1_588' title='bbox 2127 5600 2363 5652; x_wconf 89' lang='lat' dir='ltr'><strong>saretur,</strong></span> <span class='ocrx_word' id='word_1_589' title='bbox 2389 5590 2633 5657; x_wconf 81' lang='lat' dir='ltr'><strong>diligenti</strong></span> <span class='ocrx_word' id='word_1_590' title='bbox 2667 5603 2796 5642; x_wconf 80' lang='lat' dir='ltr'><strong>cura</strong></span> <span class='ocrx_word' id='word_1_591' title='bbox 2835 5589 3218 5659; x_wconf 84' lang='lat' dir='ltr'><strong>descripserat.</strong></span> <span class='ocrx_word' id='word_1_592' title='bbox 3250 5593 3464 5659; x_wconf 78' lang='lat' dir='ltr'><strong>Quanto</strong></span> <span class='ocrx_word' id='word_1_593' title='bbox 3492 5594 3622 5664; x_wconf 87' lang='lat' dir='ltr'><strong>(heu</strong></span> <span class='ocrx_word' id='word_1_594' title='bbox 3645 5592 3691 5662; x_wconf 82' lang='grc' dir='ltr'>ι)</span> 
     </span>
    </p>
   </div>
   <div class='ocr_carea' id='block_1_89' title="bbox 2129 5681 3690 5752">
    <p class='ocr_par' dir='ltr' id='par_1_89' title="bbox 2129 5681 3690 5752">
     <span class='ocr_line' id='line_1_89' title="bbox 2129 5681 3690 5752; baseline 0.003 -18"><span class='ocrx_word' id='word_1_595' title='bbox 2129 5681 2474 5744; x_wconf 85' lang='lat' dir='ltr'><strong>redimerem,</strong></span> <span class='ocrx_word' id='word_1_596' title='bbox 2505 5682 2586 5735; x_wconf 78' lang='lat' dir='ltr'><strong>vel</strong></span> <span class='ocrx_word' id='word_1_597' title='bbox 2614 5682 2856 5734; x_wconf 89' lang='lat' dir='ltr'><strong>horulam</strong></span> <span class='ocrx_word' id='word_1_598' title='bbox 2887 5697 3046 5736; x_wconf 88' lang='lat' dir='ltr'><strong>unam</strong></span> <span class='ocrx_word' id='word_1_599' title='bbox 3083 5699 3250 5752; x_wconf 90' lang='lat' dir='ltr'><strong>super</strong></span> <span class='ocrx_word' id='word_1_600' title='bbox 3289 5685 3389 5742; x_wconf 92' lang='lat' dir='ltr'><strong>hoc</strong></span> <span class='ocrx_word' id='word_1_601' title='bbox 3419 5685 3538 5741; x_wconf 87' lang='lat' dir='ltr'><strong>loco</strong></span> <span class='ocrx_word' id='word_1_602' title='bbox 3558 5699 3690 5739; x_wconf 85' lang='lat' dir='ltr'><strong>cum</strong></span> 
     </span>
    </p>
   </div>
   <div class='ocr_carea' id='block_1_90' title="bbox 2127 5774 3284 5832">
    <p class='ocr_par' dir='ltr' id='par_1_90' title="bbox 2127 5774 3284 5832">
     <span class='ocr_line' id='line_1_90' title="bbox 2127 5774 3284 5832; baseline 0.003 -4"><span class='ocrx_word' id='word_1_603' title='bbox 2127 5789 2195 5828; x_wconf 82' lang='lat' dir='ltr'><strong>eo</strong></span> <span class='ocrx_word' id='word_1_604' title='bbox 2224 5788 2505 5829; x_wconf 87' lang='lat' dir='ltr'><strong>sermones</strong></span> <span class='ocrx_word' id='word_1_605' title='bbox 2535 5774 2868 5830; x_wconf 82' lang='lat' dir='ltr'><strong>contulisse!</strong></span> <span class='ocrx_word' id='word_1_606' title='bbox 2907 5775 3009 5830; x_wconf 85' lang='lat' dir='ltr'><strong>Sed</strong></span> <span class='ocrx_word' id='word_1_607' title='bbox 3041 5775 3105 5829; x_wconf 87' lang='lat' dir='ltr'><strong>ad</strong></span> <span class='ocrx_word' id='word_1_608' title='bbox 3146 5792 3284 5832; x_wconf 86' lang='lat' dir='ltr'><strong>rem.</strong></span> 
     </span>
    </p>
   </div>
  </div>
