4126 6430
487 346 590 408 557

2000 376 2238 440 NOTIE.

3633 406 3735 467 558

556 465 674 519 Col.
726 467 812 521 75.
875 475 1335 544 Σιγισμούνδευ.
1397 483 1518 539 ‘Jam
1594 490 1674 543 vel
1753 492 1856 548 hoc
1901 495 2035 550 miro

2134 515 2416 569 Lgramma
2489 503 2763 558 ascribere
2847 508 3054 576 placet,
3134 511 3432 582 interprete
3515 515 3737 572 Stuckin

486 567 631 610 recte
675 563 964 630 scriptum,
1017 584 1139 622 cum
1194 576 1334 640 apud
1393 579 1529 633 alios
1565 580 1784 637 Gnaeos
1847 590 2064 643 nomina

487 658 674 704 nostra
729 658 884 710 tniris
937 660 1112 716 modis
1167 664 1440 724 lancinata
1496 673 1690 729 video:
1736 679 2057 747 Ἀμάριγος,

488 743 754 806 Δολοΐκος,
800 746 1152 821 Ῥομπέρτος,
1205 759 1678 829 Σφενδοσθλάὄος·
1744 743 1810 823 Ῑη-
1862 743 2062 842 quibus

490 833 576 888 vix
631 852 997 908 recognoscas
1053 859 1300 904 nostrum
1335 853 1652 921 llenricum,
1707 860 2060 930 Lodovieum,

492 927 811 998 Rupertum,
847 933 1248 997 Wenceslaum.

550 1064 667 1118 Col.
695 1068 763 1122 75
797 1067 858 1124 D.
895 1075 1200 1144 Πυρηνίου
1229 1081 1428 1152 ὅρους,
1455 1087 1593 1141 ὅθεν
1625 1093 1719 1145 καὶ
1753 1094 1806 1146 Ὀ
1844 1100 2057 1166 Ταρτη-

483 1158 594 1224 σὸς
607 1161 784 1228 ῥέων.
805 1165 880 1219 Ex
908 1167 1162 1240 Pyrenaro
1179 1192 1332 1245 sane,
1359 1183 1573 1240 Celtica:
1595 1193 1833 1258 regionis
1852 1158 2054 1264 monte,

484 1250 771 1306 'l'artesum
803 1256 1038 1314 deﬂuere
1065 1275 1254 1320 auctor
1278 1282 1363 1324 est
1385 1275 1707 1333 Aristoteles
1737 1296 1772 1334 tt
1808 1282 2074 1350 Metcor...

481 1356 509 1392 a
549 1360 656 1410 quo
691 1343 983 1405 Tartesum
1013 1359 1271 1424 oppidum
1327 1381 1525 1422 nomen
1559 1376 1810 1429 traxisse.
1865 1383 2057 1437 setabit

481 1434 792 1503 Stephanus
822 1439 899 1495 De
955 1447 1194 1503 urbibus.
1236 1451 1328 1505 Est
1389 1456 1441 1508 id
1473 1462 1730 1527 oppidum
1771 1467 2055 1535 Hispania:

481 1541 583 1578 non
615 1534 803 1597 procul
853 1533 1099 1593 Gadibus
1136 1544 1204 1596 ad
1267 1545 1465 1604 fretum
1513 1533 1894 1621 illcrculenms
1920 1574 2054 1621 teste

478 1616 652 1671 l‘linio
678 1621 771 1676 lib.
805 1638 888 1691 ιιι,
916 1641 1040 1698 cap.
1065 1632 1086 1683 l
1116 1649 1133 1699 ;
1166 1634 1347 1691 Strab.
1373 1639 1468 1695 lib.
1499 1659 1594 1712 m;
1622 1646 1776 1704 Livio
1803 1616 1898 1708 lib.

477 1711 594 1764 dee.
631 1713 684 1768 3.
721 1715 823 1772 Sed
852 1721 981 1790 quid
1037 1723 1163 1781 huic
1219 1745 1342 1784 cum
1368 1711 1699 1796 Germania?
1730 1743 1866 1809 Quid
1911 1711 2050 1804 Lao:

483 1807 605 1860 nico
643 1808 696 1862 in
726 1825 960 1869 mentem
1025 1821 1194 1884 venit,
1259 1835 1316 1880 ut
1376 1825 1728 1889 Germaniam
1769 1854 1940 1907 usque
1975 1843 2045 1896 ad
2078 1877 2121 1936 Β

483 1895 763 1936 βυιιιιιιωηα
788 1919 996 1936 ηιηηιιυι
1031 1917 1343 1936 Λ-ι-,-Δ-ς--
1944 1935 1951 1936 ,

480 1895 766 1968 Pyrenasos
786 1919 998 1964 montes
1027 1917 1366 1984 extenderet,
1398 1937 1536 1990 quos
1566 1937 1776 2000 certum
1809 1942 1892 1986 est
1925 1935 2039 1988 dis-

474 1991 769 2049 eriminare
791 1996 1018 2056 Galliam
1063 2005 1131 2058 ab
1161 2005 1443 2077 Hispania,
1501 1997 1674 2072 itaut
1724 2023 1886 2092 Alpes
1941 2027 2046 2080 ita-

469 2079 594 2133 liani
624 2099 654 2138 a
687 2083 1020 2146 Germania?
1049 2096 1177 2151 Sine
1205 2103 1548 2173 ambagibus,
1597 2079 1846 2167 Rhenuin
1874 2079 2043 2172 voluit

472 2267 583 2334 ipsa
639 2270 933 2331 Germania
985 2295 1190 2349 ponere
1229 2287 1440 2344 solebat
1493 2295 1839 2364 antiquitas:
1887 2305 2044 2374 cujus

473 2365 856 2430 propemodum
903 2372 1088 2429 nullus
1151 2378 1408 2448 scriptor,
1470 2388 1564 2453 qui
1600 2387 1906 2449 Germaniae
1953 2365 2042 2453 res

472 2453 722 2523 attigerit,
758 2474 866 2514 non
903 2467 1150 2520 meminit
1183 2486 1197 2522 :
1227 2472 1389 2541 cujus
1445 2478 1537 2533 hic
1556 2497 1780 2552 quoque
1835 2489 2039 2543 nullam

469 2549 794 2604 mentionem
831 2553 949 2609 licri
984 2560 1180 2616 mirum
1210 2576 1379 2632 esset,
1413 2571 1502 2624 ubi
1536 2581 1718 2628 tamen
1769 2582 1826 2631 tit
1888 2582 2040 2636 adsi-

465 2643 638 2691 tarutn
677 2642 916 2707 urbium,
955 2649 1213 2720 Coloniae,
1264 2659 1595 2727 Argentinte.
1628 2667 1733 2722 Sed
1786 2685 1886 2725 cur
1939 2691 2040 2745 pro

468 2727 569 2783 hoc
609 2730 810 2790 ﬂumen
879 2739 1010 2795 illud
1065 2745 1346 2803 liberum?
1395 2753 1537 2818 Quid
1585 2760 1787 2816 mirum
1825 2765 1880 2818 in
1939 2727 2040 2824 lto;

468 2819 611 2875 mine
636 2821 861 2892 Graeco,
909 2835 1002 2900 qui
1057 2838 1224 2894 totius
1269 2840 1544 2915 Hesperiae
1592 2867 1760 2908 unum
1822 2868 2035 2916 tantum

464 2923 703 2968 montem
738 2917 1078 2994 Pyrenamm,
1109 2943 1276 2986 unum
1303 2935 1506 2994 ﬂumen
1538 2940 1822 3002 Tartesutn
1882 2965 2038 3021 puta-

465 3005 863 3066 tit?Nimitum
909 3025 961 3070 et
994 3016 1216 3078 Nonnus
1277 3041 1472 3085 auctor
1508 3050 1616 3090 non
1642 3042 1806 3106 paulo
1853 3049 2034 3099 erudi-

463 3098 587 3161 tior,
653 3099 904 3161 Rhenum
959 3124 1207 3171 nostrum
1274 3120 1508 3180 liberum
1560 3143 1758 3200 vet-at,
1820 3138 2033 3196 duobus

2171 604 2388 647 nostro:

2237 707 2381 762 Saxa
2419 708 2680 792 Pyrenaei.
2720 726 2768 768 et
2793 718 3048 792 depressa:
3072 720 3290 774 vallibus
3322 726 3500 792 Alpes.

2306 782 2436 844 Qua:
2465 781 2633 836 Rheni
2668 787 2835 854 fontes
2865 789 3006 842 haud
3045 795 3232 858 procul
3258 781 3520 858 aspicitis.

2165 895 2271 948 Sed
2330 897 2432 952 hoc
2488 902 2846 968 emplastrum
2905 922 3082 974 neque
3141 911 3425 968 Aristoteli
3490 915 3736 972 llerodo-

2165 997 2330 1056 toque
2406 990 2607 1044 obduci
2679 1003 2875 1062 potest,
2943 1013 3165 1070 propter
3224 1005 3472 1061 ἐπίθετον
3518 1009 3732 1076 Celtici,

2164 1093 2341 1148 neque
2393 1085 2560 1136 etiam
2600 1082 2840 1141 Laonico
2875 1102 3079 1150 nostro.
3117 1096 3188 1148 ob
3241 1095 3452 1154 Tartesi
3494 1106 3730 1158 tuentiu-

2163 1183 2311 1234 nem,
2360 1174 2565 1243 dequo
2623 1192 2906 1247 nunquam
2961 1189 3208 1252 gustavit
3259 1190 3374 1246 hate
3414 1191 3728 1252 Germania.

2162 1260 2266 1316 Sed
2297 1262 2576 1322 fatendum
2611 1273 2756 1338 quod
2787 1288 2872 1328 res
2900 1287 2980 1330 est
3009 1293 3023 1330 :
3062 1282 3324 1338 nimirum
3358 1286 3411 1341 in
3449 1292 3598 1345 omni
3625 1309 3722 1347 no-

2161 1352 2304 1406 mine
2365 1357 2692 1417 Germanico
2747 1366 2976 1422 miriﬁce
3031 1376 3270 1436 eaeeulit.
3338 1379 3726 1445 hallucinatnr.

2159 1442 2432 1516 impingit,
2463 1450 2666 1506 labitur
2684 1453 2916 1513 Gracia.
2941 1460 3010 1516 Ut
3035 1477 3162 1519 cum
3191 1466 3503 1538 Stephanus
3519 1442 3724 1547 Byzan;

2159 1536 2267 1589 tius
2295 1535 2537 1594 Francos
2590 1546 2822 1614 populos
2860 1549 2992 1607 facit
3030 1553 3222 1622 ltalite,
3259 1573 3542 1622 auctorem
3587 1571 3720 1626 dicti

2155 1627 2433 1687 adducens
2474 1633 2880 1709 Parthenium;
2913 1660 3037 1701 cum
3072 1649 3344 1709 Arrianus
3376 1671 3482 1712 non
3533 1669 3721 1730 procul

2154 1720 2222 1774 ab
2301 1724 2455 1779 lonio
2523 1727 2924 1790 Germanorum
3015 1743 3179 1798 sedes
3250 1746 3541 1820 designat:
3583 1772 3723 1825 quos

2153 1813 2399 1884 aliosque
2462 1817 2648 1886 lapsus
2696 1827 2904 1879 notavit
2988 1830 3237 1890 lrenicus
3285 1813 3468 1893 lib:tx
3503 1813 3718 1914 Exeges.

2151 1899 2428 1968 German.,
2459 1922 2581 1978 cap.
2611 1912 2645 1965 5
2677 1923 2730 1966 et
2759 1915 2813 1968 4.

2213 2016 2331 2071 Col.
2367 2019 2436 2072 77
2467 2023 2532 2077 Α.
2573 2025 2636 2080 Ἠ
2666 2028 2790 2082 ἅνω
2830 2034 3154 2104 Γερμανια.
3195 2043 3316 2096 Alia
3355 2048 3556 2105 divisio
3609 2053 3694 2121 pri

2146 2123 2248 2164 mae
2280 2120 2332 2166 et
2361 2118 2940 2182 secundaeGermania:
2970 2131 3028 2188 in
3055 2136 3224 2188 veteri
3245 2135 3443 2195 Noti-tia
3468 2145 3717 2214 imperii:

2145 2203 2272 2258 item
2313 2207 2368 2260 in
2399 2209 2786 2271 distributione
2815 2225 3211 2308 metrowleon.
3242 2228 3348 2285 Sed
3373 2203 3718 2308 juvat'hujus

2145 2239 2272 2258 ..ω-ι
2313 2239 2368 2260 ιιι
2399 2239 2786 2271 υιθιιιυιιιιυηθ
2815 2239 2990 2276 metro
3067 2239 3211 2282 teon.
3242 2239 3348 2285 sed
3373 2239 3531 2302 juvat
3555 2239 3713 2308 hujus

2145 2296 2325 2352 locum
2354 2299 2649 2371 insignem,
2678 2322 2949 2378 quatenus
2990 2239 3356 2376 germanum
3400 2336 3713 2396 concernit,

2144 2401 2417 2456 apponere
2443 2408 2506 2446 ex
2545 2399 2866 2456 vetericod.
2904 2403 2963 2458 S.
2994 2406 3130 2461 Galli
3169 2411 3403 2468 :—Prima
3439 2421 3714 2486 prouincia
3799 2442 3806 2449 °

2142 2477 2430 2537 Germania
2474 2486 2630 2540 habet
2670 2492 2916 2548 civitates
2947 2514 3162 2554 numero
3196 2504 3253 2558 2.
3305 2507 3609 2578 Metropoli:l
3634 2517 3713 2568 cio

2141 2577 2276 2628 vitas
2301 2577 2621 2648 Agrippina,
2657 2585 2712 2636 id
2733 2599 2807 2640 est
2843 2589 3087 2659 Colonia,
3115 2599 3304 2652 civitas
3331 2599 3584 2674 Tungris.
3619 2606 3713 2662 Se—

2141 2675 2314 2724 cunda
2355 2677 2626 2741 provincia
2658 2679 2945 2738 Germania
2966 2687 3122 2742 habet
3154 2694 3393 2750 civitates
3417 2707 3631 2754 nurnero
3654 2703 3708 2756 6.

2143 2760 2453 2834 Metropolis
2492 2769 2701 2832 civitas,
2727 2773 3120 2847 Mogouciacus,
3158 2784 3346 2838 civitas
3387 2789 3707 2859 Argentora-

2139 2855 2322 2920 tcnsis,
2381 2857 2437 2909 id
2489 2871 2569 2911 est
2625 2860 2932 2935 Stratburg.
2975 2870 3174 2925 Civitas
3205 2855 3495 2946 Nemnetis',
3531 2883 3584 2933 id
3629 2895 3708 2937 est

2137 2943 2317 3013 Spira.
2359 2949 2558 3007 Ciuitas
2584 2954 2955 3027 Wangionum,
2985 2964 3130 3018 idest
3160 2943 3709 3030 WormatiaiCivitas

2114 3020 2130 3036 ’
2145 3036 2568 3112 Virzburgensis.
2589 3020 2787 3103 Civitus
2805 3050 3138 3113 Constantia.
3152 3057 3403 3114 Castrum
3423 3061 3706 3121 Rubilocus

2140 3129 2282 3195 quod
2306 3129 2570 3188 Eichstete
2583 3138 2801 3193 dicitur.
2820 3141 3020 3198 Civitas
3043 3147 3076 3198 Α
3089 3159 3275 3218 ugusta
3294 3150 3702 3222 Vindelicorum,

2153 3189 2163 3195 _
2625 3189 2653 3190 ρ
2789 3189 2800 3193 -
2826 3189 3019 3198 ---ν-ν
3043 3189 3275 3218 “sum...
3298 3189 3313 3203 .
3332 3189 3574 3208 ...ηωινυι
3591 3189 3702 3222 um,

464 3189 918 3262 Dionysimeorum
953 3203 1111 3271 locis,
1148 3225 1269 3284 pag,
1311 3215 1416 3270 597
1443 3229 1496 3273 ει
1546 3220 1680 3290 747,
1725 3244 1886 3294 quem
1949 3234 2022 3286 ιο,
2051 3247 2095 3306 C
2135 3220 2188 3271 id
2257 3237 2334 3275 est
2374 3227 2725 3298 Auncsfurch.
2760 3233 3042 3293 Prouincia
3097 3240 3508 3313 Bajouriorutn,
3544 3252 3596 3304 id
3629 3262 3705 3306 est

459 3297 580 3337 eum
609 3289 764 3359 attigi
851 3293 904 3348 in
969 3296 1234 3369 Originib.
1284 3304 1521 3366 Palatia.
1580 3331 1702 3386 cap.
1744 3289 1816 3373 -3.
1873 3322 2025 3378 Dicet

461 3375 616 3442 quis:
660 3383 728 3432 At
767 3379 990 3442 Rhenus
1027 3407 1135 3446 non
1201 3410 1261 3450 se
1316 3397 1553 3459 infundit
1611 3408 1828 3465 Oceano
1881 3418 2025 3470 oeci-

463 3467 660 3524 dentali
691 3473 772 3542 (ut
801 3476 887 3531 hie
910 3481 976 3534 de
1005 3480 1234 3542 Tarteso
1252 3488 1498 3564 dicitur),
1541 3500 1634 3552 sed
1671 3501 2018 3562 Germanico.

465 3555 540 3612 lta
571 3563 804 3630 quidem,
862 3573 904 3624 si
951 3589 1048 3643 per
1089 3581 1482 3642 occidentalem
1526 3591 1795 3666 intelligas
1838 3603 2023 3655 Atlan-

465 3656 662 3708 ticum:
693 3661 785 3712 sed
821 3670 999 3720 tamen
1037 3671 1172 3724 nihil
1206 3678 1479 3746 prohibet,
1507 3686 1806 3751 quominus
1854 3695 2019 3748 etiam

459 3736 814 3803 Germanicus
838 3753 1057 3822 dicatur
1081 3763 1439 3824 occidentalis
1489 3786 1739 3843 respectu
1777 3777 2023 3839 Thraciae

453 3841 546 3886 aut
577 3835 878 3896 vicinarum
908 3849 1218 3916 regionum,
1249 3856 1339 3909 ubi
1375 3859 1554 3926 egisse
1589 3865 1802 3920 videtur
1851 3870 2019 3926 Chal-

453 3927 806 3999 eocnndylas,
871 3945 1221 4006 quantumvis
1280 3951 1526 4006 nonnihil
1590 3957 1656 4010 ad
1708 3962 2018 4030 aquilonem

452 4017 703 4075 declinet.
744 4024 854 4081 lmo
887 4045 1035 4097 vero,
1087 4037 1134 4089 si
1197 4054 1312 4094 rem
1345 4055 1535 4099 exacte
1581 4053 2016 4124 consideremus,

452 4127 602 4168 mare
633 4115 1020 4180 Germanicum
1053 4144 1180 4196 pars
1205 4143 1260 4188 et
1293 4137 1450 4192 sinus
1484 4151 1568 4195 est
1602 4143 1804 4204 Oceani
1863 4155 2016 4207 occi-

452 4207 705 4278 dentalis,
745 4211 1066 4277 Germaniae.
1109 4221 1400 4283 Britannia.-
1438 4242 1489 4286 et
1525 4235 1706 4292 Danite
1742 4241 2017 4302 littoribus

455 4301 699 4355 clausus.
736 4303 840 4359 Sed
879 4323 1090 4378 regeret
1120 4318 1281 4383 alius,
1319 4324 1459 4387 Quid
1521 4326 1710 4384 Rheno
1753 4349 1875 4390 cum
1915 4339 2018 4411 P5-

454 4393 643 4446 renwis
676 4399 977 4467 montibus,
1002 4420 1031 4456 a
1051 4408 1250 4474 quibus
1280 4421 1388 4467 tota
1417 4416 1719 4476 Galiiarum
1775 4427 2016 4499 longitu-

452 4484 577 4560 dine
602 4488 812 4544 distat?
841 4495 1196 4564 liespondeo:
1233 4503 1372 4570 Quid
1404 4510 1537 4568 Istro
1587 4533 1708 4570 rum
1757 4484 2014 4592 Pyr-enato

1771 4571 2009 4592 Ἱππ.-

455 4571 676 4646 tleltico,
708 4585 850 4640 unde
907 4605 1030 4644 eum
1065 4594 1198 4648 oriri
1250 4614 1358 4652 non
1420 4615 1626 4661 tantum
1691 4587 2095 4673 AristotelesD

457 4672 643 4726 scribit
705 4675 826 4732 loco
884 4682 1166 4749 przedicto,
1224 4692 1316 4744 sed
1373 4698 1537 4749 etiam
1603 4698 1908 4760 Herodotus
1961 4711 2014 4761 in

461 4761 728 4832 Euterpe?
750 4785 873 4824 cum
905 4781 1087 4829 tamen
1121 4779 1404 4850 utriusque
1443 4785 1592 4842 ﬂuvii
1625 4793 1782 4862 origo
1840 4801 1913 4850 sit
1961 4800 2014 4852 in

452 4853 675 4923 Alpibus
700 4857 962 4919 Rhaeticis
989 4881 1003 4920 :
1024 4870 1166 4935 quod
1194 4873 1355 4926 etiam
1379 4894 1409 4930 e
1429 4879 1634 4938 Gt-tecis
1655 4853 1850 4942 Strabo
1879 4893 2016 4947 bene

449 4960 695 5016 noverat,
760 4962 815 5010 et
871 4956 1166 5029 Dionysius
1226 4963 1658 5040 Alexandrinus,
1719 4981 2014 5050 interprete

449 5039 733 5098 Prisciano
763 5061 778 5098 :

519 5177 793 5278 Ῑίεείρῖωιι
865 5188 1074 5253 Alpes:
1123 5199 1314 5263 quibus
1389 5206 1498 5257 erit
1569 5212 1774 5278 gurgite
1838 5229 1983 5269 vasto

520 5253 539 5278 Ι
575 5256 717 5278 .a.......'
784 5273 877 5278 ..-νυ
909 5277 930 5278 η
974 5277 978 5278 ,
1122 5267 1133 5278 ι
1265 5272 1292 5278 ..
1390 5275 1414 5278 .,

519 5252 717 5337 ρεθυιιὶ
783 5252 1028 5327 rumpens
1080 5252 1321 5332 glucmlis
1379 5252 1830 5337 littoraJR/tJenus.

514 5319 666 5374 llum:
710 5344 869 5397 prope
896 5319 1164 5404 casurijit
1356 5344 1490 5398 latri
1515 5347 1735 5415 [lumine
1761 5355 1935 5424 longo.

509 5453 693 5527 Neque
713 5465 1008 5534 nescimus,
1038 5485 1156 5526 esse
1175 5474 1337 5530 etiam
1362 5477 1650 5550 Pyrenaeus
1677 5486 2005 5556 Germaniae,

2131 3310 2358 3368 Noricus
2415 3317 2660 3386 Ripensis
2715 3342 2872 3396 super
2925 3331 3256 3404 Danubium,
3311 3342 3418 3394 sive
3471 3342 3701 3400 Noricus

2128 3408 2519 3466 ntrditerranea
2565 3415 2719 3470 habet
2749 3421 2992 3478 civitates
3023 3443 3240 3484 numero
3274 3432 3326 3486 6.
3385 3433 3699 3504 Metropolis

2125 3498 2310 3552 civitas
2328 3501 2558 3570 Junano,
2582 3509 2636 3560 id
2651 3521 2728 3564 est
2752 3511 3037 3588 Salzburg.
3059 3521 3259 3577 Civitas
3277 3498 3697 3598 Regino.Ciritas

2127 3587 2371 3646 Patavia.
2404 3595 2604 3652 Civitas
2637 3587 2998 3673 Frigisienst‘s.
3032 3609 3238 3670 Civitas
3271 3617 3447 3677 Nova.
3493 3626 3695 3685 Civitas

2125 3679 2486 3743 Sabioneusis.
2520 3692 2804 3751 Prouincia
2831 3699 3192 3771 Sequanorum
3250 3714 3404 3767 habet
3459 3721 3700 3778 civitates

2126 3789 2340 3829 numero
2390 3780 2439 3832 7.
2501 3783 2807 3856 Metropolis
2869 3794 3058 3850 civitas
3144 3798 3416 3861 Vesontio.
3496 3809 3696 3870 Civitas

2124 3872 2412 3944 Equestris,
2442 3881 2496 3932 id
2522 3893 2599 3936 est
2621 3887 2920 3945 Aventicus.
2949 3892 3150 3951 Civitas
3182 3899 3516 3962 Basiliensis.
3556 3910 3698 3966 Civi-

2123 3974 2206 4018 tas
2232 3967 2590 4032 Vindoncnsis.
2616 3978 2814 4035 Civitas
2843 3986 3290 4057 Argentariensis.
3310 3995 3506 4055 Civitas
3534 4001 3695 4058 Ebri-

2121 4064 2376 4118 tunensis.
2408 4067 2607 4124 Civitas
2643 4073 3021 4136 Rauracensis.

2192 4175 2329 4232 lhid.
2364 4182 2502 4250 Περὶ
2533 4186 2816 4245 Δαστίαν.
2863 4192 2955 4250 Sic
2988 4197 3120 4270 legit
3164 4219 3271 4261 ms.
3321 4223 3467 4265 unus
3503 4231 3516 4266 ε
3547 4215 3696 4274 alius

2123 4280 2253 4322 vero
2300 4270 2721 4346 Πυριδαστείαν,
2779 4286 2970 4342 tertius
3024 4293 3258 4364 denique
3300 4299 3691 4372 Πυριδαστξειν.

2119 4359 2266 4412 unde
2320 4377 2625 4422 monstrum
2680 4376 2920 4444 regionis
2973 4380 3245 4455 interpres
3289 4390 3420 4447 fecit
3461 4396 3692 4466 Pyr-ida-

2121 4454 2301 4507 stiam.
2333 4454 2436 4510 Sed
2468 4459 2513 4514 si
2549 4467 2801 4533 superior
2839 4473 2904 4524 de
2945 4471 3482 4551 Tarteso‘expositio
3523 4494 3691 4560 valet,

2120 4542 2407 4614 legendum
2445 4553 2657 4610 videtur
2693 4561 2829 4631 Περὶ
2851 4567 3052 4620 Δεινίαν
3083 4573 3166 4627 vel
3205 4542 3454 4634 Aaiclav':
3498 4542 3688 4642 notuni

2121 4649 2203 4692 est
2233 4646 2378 4696 enim
2438 4651 2708 4718 superiori
2737 4671 2854 4710 aevo
2899 4658 3128 4717 Daciam
3165 4668 3328 4737 vulgo
3383 4672 3584 4730 dictam
3639 4691 3688 4734 et

2120 4732 2381 4800 scriptam
2440 4739 2590 4808 (licet
2648 4746 2813 4814 male)
2875 4765 2998 4819 qua:
3060 4755 3222 4811 hodie
3262 4732 3559 4821 llaniaJJt
3620 4772 3686 4824 sit

2119 4833 2336 4891 sensus,
2386 4827 2737 4892 Germaniam
2775 4840 3093 4900 inferiorem
3130 4850 3313 4920 (cujus
3360 4865 3540 4916 tamen
3569 4879 3688 4931 post

2118 4919 2423 4986 superioris
2487 4925 2687 4984 factam
2740 4938 3072 4993 mentionem
3105 4956 3364 5012 expresse
3426 4952 3516 5009 hic
3578 4974 3689 5014 nou

2118 5013 2391 5082 meminit)
2433 5013 2710 5076 Oceanum
2731 5027 3001 5099 attingere
3032 5049 3046 5086 :
3073 5037 3170 5104 qui
3205 5057 3270 5093 ex
3311 5046 3534 5104 Sinistra
3567 5057 3690 5123 qui-

2119 5100 2232 5123 ΑΙ..--
2273 5120 2283 5123 -
2313 5121 2327 5123 -
2374 5117 2384 5123 -
2467 5108 2480 5123 ’
2742 5118 2753 5123 ⁸

2116 5100 2237 5154 dem
2271 5117 2422 5169 parte
2462 5108 2614 5179 (nam
2647 5125 2702 5168 et
2739 5118 2848 5175 hoc
2887 5100 3294 5186 emendandum
3321 5146 3428 5205 est)
3452 5100 3688 5207 Gallias.

2115 5207 2177 5245 ex
2206 5195 2397 5253 dextra
2428 5219 2558 5258 vero
2615 5207 2842 5266 Daniam
2891 5216 3062 5273 alluat
3115 5239 3131 5272 :
3157 5233 3211 5278 et
3233 5228 3480 5296 objectas
3524 5242 3686 5302 quasi

2116 5287 2296 5340 lllCle
2325 5289 2378 5343 in
2412 5290 2628 5350 Oceano
2657 5298 3008 5363 Britannicas
3063 5313 3266 5377 habere
3321 5319 3552 5378 insulas.
3617 5325 3686 5381 Et

2113 5380 2402 5434 conﬁrmat
2441 5389 2583 5455 quod
2615 5392 2779 5460 paulo
2824 5408 2946 5461 post
2997 5401 3393 5471 longitudinem
3455 5412 3676 5470 Germa-

434 5555 490 5600 ct
522 5565 795 5607 summam
843 5571 1052 5627 partem
1107 5564 1349 5633 Alpium,
1404 5588 1511 5635 qua
1541 5575 1847 5646 Uliniponte
1888 5555 2006 5638 'l‘t'ié

435 5643 657 5695 dentutn
696 5645 798 5699 iter
836 5661 941 5716 est,
999 5665 1239 5710 montem
1290 5659 1608 5731 Pyrenaeum
1660 5671 1794 5735 dici,
1847 5678 2006 5746 vulgo

433 5732 728 5787 etiamnum
761 5739 856 5792 der
903 5741 1153 5800 Brenner.
1207 5745 1282 5802 De
1338 5767 1447 5820 quo
1496 5769 1619 5807 cum
1695 5760 1844 5828 plura
1909 5767 2006 5818 ad-

425 5838 584 5880 notet
645 5830 884 5888 Urtelius
941 5837 994 5889 in
1046 5837 1334 5908 Thesauro,
1388 5844 1548 5903 Bassi
1605 5863 1810 5907 tantum
1885 5862 1999 5926 cpi-

2198 5679 2338 5736 lbid.
2400 5687 2638 5758 Βράγαν
2701 5695 2845 5761 τοὺς
2901 5703 3249 5772 πολεμίους.
3311 5707 3400 5764 Sic
3456 5716 3676 5784 quidem

2109 5787 2302 5826 omnes
2349 5791 2484 5832 mss.
2535 5780 2788 5840 Palatini.
2833 5790 3190 5876 interpretem
3224 5812 3451 5870 apparet
3473 5780 3681 5886 legisse

2111 5865 2290 5886 l)-_'.....
2401 5870 2423 5881 τ
2506 5873 2542 5886 "
2588 5873 2598 5886 '
2854 5883 2861 5886 ’
2904 5885 2911 5886 '

2109 5865 2330 5933 Βρὰγαν
2356 5870 2464 5926 τῶν
2504 5873 2726 5943 Βοέμων
2762 5865 2864 5954 vel
2897 5885 3142 5956 Ποέμων.
3176 5890 3384 5950 Sensus
3414 5881 3537 5966 erit,
3570 5901 3674 5958 iter
