4126 6424
423 351 528 413 559

1613 350 2074 418 MARQUARDI
2118 347 2463 408 FREIIERI

3537 341 3642 403 560

423 459 630 514 Vienna
690 455 1012 510 lacientibus
1044 453 1325 510 Tartesum
1352 453 1427 525 (id
1455 464 1536 508 est
1558 453 1832 522 Rhenum)
1866 471 1987 508 ver-
2019 467 2063 518 Α
2161 455 2276 509 Col.
2306 455 2371 507 77
2398 455 2454 505 Β.
2486 453 2627 516 Tabe
2662 451 2780 507 ὑπὸ
2817 451 3135 521 Ῥωμαίων.
3165 450 3276 505 Hoc
3304 450 3369 504 ad
3394 451 3646 505 dill‘eren-

421 568 516 607 sus
558 549 698 605 ostia
733 549 852 618 ejus
907 547 1135 612 scilicet,
1190 546 1419 614 Pragam
1469 546 1826 600 Bohemorum
1862 561 1983 600 esse

420 643 829 698 transeundum.
877 639 1141 693 Caeterum
1199 637 1469 692 Laonicus
1520 637 1606 692 hic
1649 650 1837 692 contra
1864 654 1982 689 om-

421 740 573 790 nium
604 735 833 788 aliorum
863 740 1144 785 auctorum
1177 747 1406 793 morem.
1433 731 1827 801 longitudinem
1852 730 1986 784 Grr-

421 830 616 881 mania:
648 842 675 879 a
715 823 938 876 meridie
988 821 1042 875 in
1096 820 1544 891 septentrionem.
1571 837 1600 874 a
1637 820 1841 874 Vienna
1875 822 1986 873 Au-

420 920 565 974 striaa
591 917 644 971 in
686 916 958 971 Oceanum
1011 927 1187 980 usque
1235 911 1622 968 Germanicum
1675 925 1984 984 proteusam

420 1011 551 1064 facit
584 1027 596 1062 :
631 1005 970 1061 latitudinem
1024 1018 1155 1057 vero
1193 1004 1260 1056 ab
1301 1014 1545 1056 eXtrema
1574 1017 1666 1056 ora
1712 1001 1897 1056 Galliae
1933 1004 1984 1052 in

422 1103 645 1156 Daniam
671 1097 971 1154 secundum
999 1095 1180 1150 littora
1214 1095 1381 1148 maris
1409 1094 1715 1149 Germanici
1749 1093 1817 1147 ab
1841 1094 1986 1146 oeciv

419 1198 580 1248 dente
610 1206 798 1245 versus
826 1189 1116 1242 orientem.
1153 1185 1286 1240 Nam
1325 1187 1407 1254 (ut
1445 1197 1501 1241 et
1535 1185 1636 1239 hoc
1670 1185 1866 1252 obiter)
1898 1185 1988 1238 ubi

418 1288 528 1339 duo
558 1284 796 1346 codices,
833 1281 972 1334 alter
1005 1279 1224 1348 quidem
1255 1277 1481 1341 Δακίαν,
1535 1277 1675 1331 alter
1721 1291 1848 1330 vero
1881 1279 1987 1328 Az-

421 1379 565 1438 slav,
594 1377 666 1429 ibi
701 1374 893 1429 tertius
944 1371 1140 1425 melius
1173 1370 1335 1424 habet
1368 1359 1588 1423 Δανξανξ

487 1467 601 1522 Col.
631 1466 693 1518 77
722 1466 785 1517 A.
820 1461 1015 1530 Ἀνδρὶ
1039 1459 1288 1526 εὐζώνῳ.
1316 1459 1433 1514 Non
1463 1459 1662 1514 nostris
1683 1458 1791 1526 jam
1818 1457 1992 1510 Immi-

419 1559 600 1620 nibus,
631 1564 728 1609 aut
759 1555 848 1607 vix
898 1561 1065 1606 certe.
1113 1548 1382 1604 Nimirum
1416 1560 1649 1612 veteres.
1685 1551 1986 1620 praesertim

419 1648 614 1708 Graeci,
630 1643 877 1707 Asiatici,
895 1641 1218 1705 Orientales,
1240 1640 1479 1708 agilitate
1491 1648 1544 1692 et
1563 1639 1879 1708 pernicitate
1905 1653 1995 1707 pe

421 1740 551 1795 dum
573 1736 926 1792 excellebant.
956 1733 1031 1786 De
1061 1747 1293 1800 quorum
1329 1730 1492 1784 etiam
1524 1730 1844 1783 cursoribus
1875 1744 1994 1796 quae

2087 548 2216 600 tiam
2253 545 2451 600 Cra-cae
2488 546 2764 606 l-chlcsiir,
2791 561 2909 612 qum
2935 559 3126 613 papam
3158 560 3263 596 non
3295 544 3644 611 agnosci-bat.

2089 639 2143 692 In
2175 637 2524 693 Germaniam
2551 646 2605 690 et
2633 635 2947 705 Hesperiam
2979 637 3147 690 totius
3167 637 3515 703 episcopatus
3539 641 3647 698 pri-

2089 743 2288 782 matum
2319 740 2372 782 ct
2421 727 2855 795 superioritatem
2907 729 3202 796 usurpabat
3250 725 3453 780 Bonna.
3515 727 3649 784 llinc

2091 821 2177 873 illa
2199 819 2509 874 dmccscon
2557 818 2886 884 distributio,
2909 827 3068 881 tam,
3106 819 3286 885 pallia,
3317 829 3420 872 rte.

2157 910 2297 965 Ibid.
2347 912 2680 978 Νόσεργον,
2737 909 3076 978 Ἀμπέργον,
3131 911 3360 965 Nomina
3435 913 3653 965 urbium

2092 1003 2294 1057 misere
2346 1003 2532 1055 habita
2569 1020 2583 1056 :
2619 1003 2824 1072 quippe
2876 999 3080 1056 Graecis
3139 1002 3452 1056 hominibus
3502 1004 3654 1055 dictu

2089 1096 2404 1163 scriptuque
2461 1096 2617 1164 plane
2680 1093 3012 1146 diﬂicillima.
3087 1093 3142 1145 In
3200 1101 3440 1144 mentem
3511 1093 3658 1145 venit

2091 1188 2288 1242 similis
2325 1191 2475 1241 locus
2509 1186 2808 1254 Benjamitti
2865 1185 3186 1239 'l‘udelensis
3237 1186 3290 1238 in
3346 1184 3661 1248 ltinerario,

2089 1294 2197 1348 qua
2222 1290 2375 1348 parte.
2399 1279 2748 1333 Germaniam
2771 1277 3007 1348 attingit,
3038 1293 3198 1344 quam
3231 1277 3360 1331 olim
3388 1277 3660 1329 Aschenaz

2091 1371 2288 1425 dictam
2312 1373 2452 1438 apud
2477 1387 2606 1425 suos
2629 1381 2796 1429 notat.
2820 1371 2888 1425 de
2908 1385 3016 1437 quo
3039 1369 3200 1424 Dt‘us.
3227 1383 3242 1421 1
3267 1369 3658 1429 Animadvers.,

2090 1477 2217 1529 cap.
2247 1462 2335 1514 Μ.
2370 1461 2464 1514 lla:
2494 1475 2632 1520 sunt.
2674 1462 2846 1530 inquit
2881 1462 2988 1524 ille,
3022 1460 3162 1530 apud
3194 1458 3529 1514 Germaniam
3572 1474 3662 1509 re-

2092 1556 2290 1624 giones.
2343 1555 2398 1605 in
2433 1556 2616 1624 quibus
2647 1553 3015 1607 Israelitarum
3056 1552 3274 1621 collegia
3307 1564 3450 1612 sunt,
3494 1551 3662 1619 juxta

2093 1645 2314 1712 ﬂuuium
2343 1642 2616 1697 Mosellam
2644 1655 2691 1696 et
2715 1642 3082 1713 Komphilinas
3114 1641 3528 1702 (Conﬂttcntiam
3577 1642 3662 1692 in—

2095 1735 2310 1802 telligit)
2342 1746 2390 1787 et
2417 1733 2722 1796 0drancalt,
2745 1749 2795 1787 et
2820 1734 2996 1801 Kuna,
3029 1744 3078 1787 et
3110 1733 3360 1791 Kotania,
3385 1743 3431 1785 et
3463 1731 3658 1801 Binga,

423 1833 699 1899 leguntur,
733 1827 888 1880 tidem
923 1833 1163 1877 nostram
1198 1820 1360 1876 hodie
1407 1825 1517 1875 l'erc
1540 1832 1818 1891 superant.
1857 1819 1896 1872 ν
1907 1822 1990 1876 ide
2021 1833 2064 1887 Β
2091 1834 2140 1878 et
2163 1824 2450 1879 Garmezza
2481 1824 2902 1894 (Germersbeim
2941 1824 3096 1895 puto)
3123 1835 3174 1878 et
3204 1825 3554 1878 Mastheram.
3597 1824 3665 1876 Et

423 1923 574 1992 Lips.
617 1927 826 1974 centur.
861 1922 914 1984 '5,
941 1917 1099 1986 epist.
1129 1915 1220 1973 59.

497 2012 632 2066 Ibid.
677 2009 1026 2078 Εὐνομεῖται
1073 2008 1112 2075 ἠ
1157 2005 1318 2074 χώρα
1362 2004 1510 2072 αὕτη
1557 2005 1846 2070 μάλιστα.
1884 2003 1990 2058 Re-

426 2106 559 2174 petit
619 2103 723 2155 lioc
791 2101 931 2154 inl'ra
996 2114 1117 2153 mox
1166 2115 1179 2152 :
1241 2097 1562 2166 Εὑνομείται
1619 2097 1855 2166 μάλιστα
1925 2097 1989 2164 δὴ

426 2195 595 2248 ἐθνῶν
645 2188 718 2245 ὧν
756 2194 914 2262 ἡμεῖς
949 2187 1373 2262 ἴσμενἏᾹΞιιρθε
1419 2187 1636 2257 Sylvius
1669 2190 1720 2242 iu
1773 2187 1992 2240 Germa-

428 2291 534 2355 nia,
562 2303 682 2356 cap.
712 2287 821 2341 68:
869 2283 1103 2337 Vidimus
1131 2279 1355 2350 ’udicia
1405 2289 1574 2334 vestra
1611 2296 1630 2335 :
1653 2292 1702 2334 et
1750 2279 1991 2332 conciliis

434 2383 623 2434 uestris
672 2395 790 2448 qua:
832 2376 1098 2442 republica
1129 2375 1463 2444 gerebantur,
1501 2375 1697 2441 swpius
1747 2371 1991 2438 interfui-

426 2487 563 2524 mus.
603 2468 794 2522 Omnia
826 2475 874 2518 et
909 2464 1197 2533 prudenter
1232 2473 1280 2514 et
1314 2461 1543 2529 graviter
1572 2461 1990 2520 administratis,

429 2579 522 2616 nec
560 2559 718 2629 facile
759 2569 968 2610 a-recto
1033 2553 1245 2606 tramite
1299 2551 1666 2618 deﬂecrimini.
1703 2550 1815 2602 Nec
1850 2549 1992 2603 vobis

429 2655 606 2707 civiles
640 2652 797 2720 leges,
845 2664 936 2700 nec
965 2647 1095 2716 jura
1143 2645 1331 2697 desunt
1391 2642 1724 2710 pontiﬁcalia
1758 2659 1774 2695 :
1804 2643 1995 2694 littera:

426 2761 649 2814 quoque,
685 2739 946 2795 et-omnia
989 2739 1246 2790 bonarum
1278 2736 1477 2787 artium
1511 2734 1692 2786 studia
1724 2735 1863 2801 apud
1905 2749 1994 2784 ius

426 2838 638 2906 ﬂorent.
670 2834 736 2887 At
770 2833 897 2886 olim
931 2829 1241 2883 Germania:
1276 2827 1427 2878 nulla
1459 2842 1490 2879 a
1521 2842 1577 2878 re
1605 2826 1786 2878 minus
1811 2825 1992 2878 laudis

430 2938 568 2990 erat,
597 2939 761 2995 quam
802 2938 834 2975 a
893 2919 1124 2990 legibus.
1155 2918 1289 2972 Nam
1323 2931 1442 2986 qua:
1489 2924 1779 2984 supersunt
1825 2928 1995 2967 casca:

433 3020 696 3088 majorum
727 3025 1034 3067 nostrorum
1064 3011 1231 3077 leges,
1273 3007 1433 3077 plane
1475 3008 1612 3060 inter
1647 3008 1820 3075 prima
1857 3006 1993 3060 Gcr-
2037 3001 2050 3014 '

432 3124 656 3164 manica:
684 3103 1025 3173 antiquitatis
1057 3111 1408 3154 monumenta
1439 3100 1748 3162 censendis,
1779 3100 1985 3152 Alema-

431 3205 587 3263 uiczc,
623 3199 902 3266 Bojaricac,
928 3192 1231 3254 Saxonica,
1251 3189 1545 3254 Francicae,
1578 3202 1630 3244 ct
1654 3191 1771 3243 alia:
1802 3207 1818 3256 ;
1857 3205 1992 3258 pne-

431 3305 676 3362 tcrquam
707 3288 852 3357 quod
880 3276 1070 3340 verbis
1101 3297 1332 3353 aspera,
1361 3283 1522 3336 etiam
1562 3298 1619 3337 re
1639 3283 1752 3350 ipsa
1784 3283 2004 3349 longius

433 3400 462 3438 a
516 3395 730 3436 summa
761 3379 849 3430 illa
876 3376 1130 3445 mquitate
1180 3373 1441 3426 recedunt
1474 3390 1488 3425 :
1521 3382 1780 3442 tauquam
1814 3389 1843 3424 a
1885 3388 1997 3424 tua-

434 3477 627 3530 vortiis
646 3472 898 3544 profectae
923 3469 1256 3534 nationibus,
1281 3483 1399 3535 qucc
1419 3468 1602 3536 porius
1626 3483 1821 3521 manus
1849 3467 1995 3522 let-ro

433 3583 596 3639 quam
627 3582 691 3621 ex
746 3566 870 3634 jure
899 3576 1208 3618 conserere.
1240 3574 1292 3614 et
1323 3559 1376 3612 in
1409 3560 1783 3614 castrensibus
1830 3561 1997 3613 armis

433 3675 596 3729 quam
623 3653 963 3725 subtilijuris
990 3652 1336 3722 indagatione
1356 3666 1578 3721 operam
1617 3665 1820 3717 ponere
1856 3666 1994 3705 con-

432 3752 763 3811 suevisseut.
791 3757 844 3800 et
867 3746 957 3818 .(ut
996 3744 1248 3799 Enniano
1281 3746 1446 3796 verbo
1485 3743 1626 3812 utar)
1673 3742 1997 3812 Bellipoten-

431 3861 504 3900 tes
541 3855 691 3900 erant
723 3843 889 3912 magis
929 3827 1108 3910 .guam
1146 3837 1635 3906 sapientipoteutes.
1671 3835 1996 3903 Quanquam

431 3954 535 4009 pro
569 3938 672 3990 hac
723 3936 898 4003 legum
930 3931 1138 3984 incuria
1171 3933 1300 3988 alia,
1333 3938 1385 3980 ct
1415 3930 1631 3996 quidem
1657 3926 1852 3994 major.
1891 3929 1996 3982 illis

433 4032 552 4085 laus
586 4025 931 4087 succedebat,
967 4020 1111 4089 quod
1145 4017 1478 4088 (ut'Tacitus
1530 4020 1625 4085 ait)
1667 4015 1798 4084 plus
1851 4017 1993 4084 apud

424 4122 551 4186 illos
585 4119 706 4172 boni
733 4131 903 4168 mores
956 4129 1112 4182 quam
1149 4111 1290 4174 apud
1320 4111 1455 4162 alios
1508 4110 1635 4176 ipsa:
1680 4108 1815 4176 leges
1849 4107 2000 4162 uale.

432 4223 569 4268 rent.
607 4212 790 4264 Donec
819 4207 1036 4259 tandem
1085 4201 1218 4256 orbe
1250 4201 1498 4252 Romano
1530 4198 1596 4252 ad
1659 4201 1996 4252 occidentem

437 4306 606 4362 solem
640 4301 889 4365 subacto,
921 4311 1046 4352 cum
1092 4293 1325 4362 imperio
1347 4291 1510 4345 etiam
1534 4293 1683 4359 leges
1741 4301 1996 4359 tanquam

437 4399 582 4454 illius
615 4397 1034 4457 instrumentum
1059 4386 1464 4456 accipiendum,
1499 4398 1675 4452 eoque
1705 4398 1806 4438 ceu
1843 4386 2000 4437 l'rcno

2095 1916 2256 1984 paulo
2287 1927 2407 1985 post
2435 1935 2447 1970 :
2489 1915 2620 1970 Sunt
2641 1925 2891 1984 pmterea
2922 1917 3246 1970 Astranburk
3279 1919 3441 1986 (forte
3465 1915 3662 1969 Stras-

2091 2009 2336 2077 burguml
2392 2021 2440 2061 et
2477 2008 2834 2062 Davirasburk
2863 2010 3028 2078 (quod
3067 2010 3134 2063 de
3185 2010 3427 2079 Augusta
3471 2021 3655 2064 nostra

2095 2096 2370 2151 Vindelica
2430 2099 2746 2152 felicissime
2773 2100 3018 2167 exponit,
3061 2101 3319 2153 eximium
3354 2101 3473 2165 eius
3507 2101 3651 2153 (:qu-

2096 2207 2214 2244 mcn
2249 2199 2302 2243 et
2332 2191 2498 2243 decus
2531 2189 2599 2242 M.
2631 2189 2884 2243 Velserus
2921 2191 3013 2244 lib.
3044 2206 3092 2244 vt
3133 2190 3318 2244 Rerum
3358 2191 3592 2246 Vindelic
3619 2197 3660 2259 ),

2093 2291 2138 2334 ct
2167 2281 2504 2346 .llandatrah,
2535 2292 2583 2335 et
2612 2280 2940 2352 Pessingltes.
2969 2293 3016 2335 et
3060 2282 3341 2345 Bamburlt,
3373 2294 3418 2335 et
3453 2285 3581 2343 Sor.
3612 2299 3665 2336 et

2095 2372 2418 2435 liasenburlt.
2450 2388 2566 2442 quae
2595 2376 2738 2444 regni
2776 2376 2938 2427 etiam
2970 2375 3090 2443 ﬁnis
3119 2385 3214 2430 est.
3248 2377 3378 2428 Inde
3406 2391 3583 2428 niuem
3613 2388 3664 2428 ct

2094 2465 2315 2517 ulterius
2361 2467 2502 2534 regio
2545 2465 2740 2519 Bohem
2783 2477 2883 2529 est,
2913 2483 3029 2538 qua:
3061 2484 3196 2520 nunc
3233 2467 3406 2536 Praga
3437 2469 3662 2534 dicitur,

2092 2569 2272 2629 estque
2327 2558 2620 2614 Sclasoniaz
2673 2568 2828 2614 terra:
2876 2562 3108 2614 initium.
3146 2560 3306 2615 Forte
3326 2571 3388 2614 et
3435 2563 3666 2630 ιιοριιιιι-

2097 2668 2215 2705 rum
2244 2652 2634 2721 civitatumque
2683 2654 2900 2706 nomina
2949 2650 3242 2722 aliquando
3283 2666 3486 2710 mutata
3535 2671 3666 2708 exra-

2097 2745 2255 2798 riant.
2295 2745 2432 2808 Quis
2469 2745 2694 2812 populos
2720 2746 2842 2800 illos
2865 2744 3169 2802 Germaniae
3195 2749 3306 2818 jam
3335 2751 3501 2812 novit,
3521 2767 3663 2810 quos

2095 2845 2380 2889 enumerat.
2430 2835 2720 2900 Gregorius
2751 2836 2817 2890 lll
2858 2854 2992 2906 papa
3034 2839 3086 2892 in
3113 2841 3346 2909 quadam
3372 2841 3597 2909 epistola
3646 2863 3660 2897 :

2097 2928 2364 2982 Universis
2415 2931 2758 2984 optimatibus
2793 2942 2842 2982 et
2875 2933 3066 3000 populo
3112 2936 3498 3002 provinciarum
3531 2934 3664 2988 (Jer-

2097 3022 2308 3084 maniw,
2339 3020 2636 3090 T/turingis,
2664 3032 2712 3075 et
2743 3021 2941 3086 Thesis,
2975 3034 3023 3076 et
3047 3022 3340 3089 Borthacis,
3367 3036 3415 3078 et
3451 3024 3667 3078 Nistre-

2098 3110 2192 3169 sis.
2232 3107 2544 3173 Unedredis,
2581 3120 2630 3162 et
2662 3110 2918 3181 Lognais,
2951 3112 3237 3177 Sudnodis,
3271 3125 3319 3167 et
3355 3114 3665 3176 Grasseltis.

2102 3199 2178 3253 vel
2211 3200 2451 3252 omnibus
2481 3200 2536 3252 in
2575 3197 2834 3254 Orientali
2864 3203 3021 3271 plaga
3056 3205 3377 3256 constitutis.
3409 3202 3523 3255 Non
3550 3205 3665 3272 jam

2103 3292 2272 3344 miror
2323 3293 2679 3362 panegyrista:
2714 3306 2998 3356 nauseam,
3035 3292 3309 3347 horrentis
3358 3295 3436 3347 tel
3473 3294 3538 3346 ad
3571 3311 3667 3349 no-

2102 3384 2245 3436 mina
2280 3394 2517 3437 nostra:
2583 3385 2720 3448 Quid
2770 3400 3084 3445 memorem,
3139 3387 3312 3452 inquit
3361 3387 3666 3453 Nazarius,

2093 3473 2376 3528 Bructeros
2412 3476 2436 3527 7
2487 3475 2612 3544 quid
2647 3475 2963 3540 (Iliamanos,
3001 3476 3128 3544 quid
3173 3476 3479 3538 Cheruscos,
3525 3477 3670 3532 Van-

2095 3567 2314 3633 gionas,
2368 3568 2683 3629 Alamanos,
2745 3565 3063 3620 Tubantes?
3111 3567 3367 3620 Bellicam
3428 3581 3671 3638 strepunt

2097 3661 2330 3722 nomina,
2375 3668 2424 3713 et
2456 3661 2759 3713 immanitas
2809 3659 3070 3714 barbaria:
3118 3662 3170 3713 in
3216 3662 3342 3729 ipsis
3401 3665 3668 3718 t-ocabulis

2097 3752 2311 3804 adhibet
2355 3752 2643 3806 horrorem.

2170 3845 2307 3899 Ibid.
2342 3846 2522 3910 Πόλις
2563 3847 2876 3914 εῠὸαᾲιων.
2912 3847 3247 3915 Εὐδαίμονας
3290 3865 3456 3918 pagos
3486 3867 3622 3916 quos
3647 3884 3666 3892 -

2101 3936 2225 3988 dam
2254 3937 2306 3989 in
2333 3933 2601 4004 Hyrcania
2624 3939 2798 3991 dictos
2829 3939 3097 3992 Diodorus
3121 3940 3333 3998 scribit.
3364 3942 3432 3994 ob
3463 3943 3669 3996 licitum

2099 4027 2441 4094 aliorumque
2470 4026 2748 4081 fructuum
2782 4029 2973 4082 miram
3016 4029 3427 4084 abundantiam.
3461 4032 3667 4085 Εὐδαί-

2104 4135 2264 4187 μονες
2311 4117 2486 4186 χῶραι
2530 4132 2661 4172 sunt
2712 4120 2855 4188 apud
2906 4121 3211 4189 Appianum
3264 4122 3315 4174 in
3375 4123 3664 4178 Parthicis.

2103 4211 2430 4280 Εὐδαίμονες
2491 4211 2682 4265 insulae
2736 4212 2880 4267 circa
2939 4213 3192 4266 Arabiam
3249 4213 3483 4269 Felicem
3535 4229 3670 4270 sunt

2099 4302 2510 4372 Agatharchidi.
2547 4305 2652 4357 Sed
2678 4313 2731 4357 et
2763 4304 2992 4358 Romani
3021 4304 3253 4358 Felicem
3280 4305 3500 4367 .luliam.
3527 4307 3669 4361 ἰῖιιιὶ-

2101 4396 2320 4448 citatam
2339 4393 2566 4460 Juliam;
2594 4396 2859 4470 colonias,
2883 4396 3052 4460 lacus,
3074 4396 3310 4465 legiones
3335 4398 3510 4452 lelices
3534 4415 3563 4455 δ
3588 4416 3669 4454 sas

435 4494 502 4548 ad
525 4485 976 4562 provinciasillas
996 4481 1261 4551 regendas
1291 4478 1546 4532 utendum
1577 4474 1822 4530 arbitrati
1850 4486 1996 4530 sunt.
2029 4503 2077 4556 θ
2108 4488 2433 4540 habuerunt.
2454 4486 2567 4540 ltoc
2587 4486 2809 4556 epitheti
2833 4486 3139 4555 Noribcrga:
3155 4487 3426 4542 Laouicus
3453 4491 3536 4542 trix
3561 4505 3664 4552 un.

442 4586 596 4641 Unde
624 4584 677 4636 in
706 4578 1011 4635 Gothorum
1045 4575 1303 4644 primum,
1338 4568 1460 4624 dein
1491 4567 1996 4636 Langobardorum.

437 4677 768 4742 tandemque
813 4667 1150 4722 Francorum
1205 4663 1353 4731 leges
1401 4659 1566 4712 multa
1605 4673 1673 4712 ex
1733 4657 1998 4712 Romanis

434 4765 697 4820 translata
729 4760 1018 4813 videmus:
1068 4751 1212 4823 quod
1273 4750 1657 4806 Garolinarum
1697 4748 1997 4818 praesertim

437 4859 614 4928 legum
650 4855 898 4905 volumen
922 4849 1054 4903 satis
1085 4845 1350 4914 loquitur,
1378 4856 1557 4910 neque
1578 4840 1670 4910 jus
1701 4841 1875 4910 ipsum
1903 4839 2000 4894 sa-

439 4950 696 5004 xonicnm
755 4941 1104 4996 dissimulare
1147 4944 1347 5005 potest.
1383 4933 1677 4988 Justiniani
1711 4944 1892 4986 autem
1927 4932 2004 4984 le-

372 5055 382 5062 ’
440 5039 783 5112 gislationem
808 5034 1070 5100 integram
1118 5043 1220 5099 per
1247 5027 1410 5080 umlta
1466 5027 1660 5081 saicula
1697 5023 2000 5078 Germania

444 5146 552 5184 non
585 5126 819 5196 agnovit,
854 5123 962 5174 imo
1005 5133 1104 5172 nec
1132 5117 1322 5170 habuit
1346 5127 1439 5169 aut
1460 5115 1598 5169 vidit
1627 5130 1640 5166 :
1679 5125 1735 5166 ut
1755 5128 1854 5166 uec
1887 5112 2004 5165 alia:

443 5221 752 5278 Occidentis
784 5212 1095 5284 provinciae,
1128 5209 1272 5278 quod
1308 5209 1439 5261 alibi
1474 5204 2000 5262 demonstravimus.
2069 5228 2071 5231 -

447 5315 687 5368 Primum
716 5304 1032 5362 Lotbarium
1054 5301 1324 5356 Saxonem
1353 5301 1736 5368 imperatorem
1777 5298 2004 5363 repertis

441 5401 696 5472 Amalplii
731 5399 862 5452 urbe
891 5393 1100 5463 Apulia:
1122 5390 1430 5452 Pandectis,
1453 5390 1545 5456 jus
1572 5387 1704 5440 illud
1742 5387 1792 5438 in
1828 5386 2002 5440 lucem

442 5505 498 5546 et
542 5509 698 5548 usum
717 5500 1001 5544 revocasse
1026 5485 1168 5536 fama
1199 5491 1303 5540 est,
1328 5478 1538 5533 lrnerio
1573 5493 1820 5542 suasore,
1851 5478 2008 5544 cujus

441 5583 825 5654 Urspergcnsis
880 5576 1148 5640 meminit,
1203 5583 1424 5626 notatus
1466 5580 1521 5624 ct
1581 5571 1748 5638 ipsea
1781 5569 2008 5638 Sigonio

438 5675 582 5728 libro
632 5687 717 5725 xw
772 5672 844 5722 De
879 5685 1034 5736 regno
1076 5665 1204 5720 Ital.
1240 5663 1313 5718 De
1368 5679 1477 5731 (μω
1509 5672 1668 5716 etiam
1725 5677 1822 5715 nos
1880 5660 2007 5714 alibi

445 5768 629 5822 latius.

2100 4589 2155 4632 et
2187 4577 2311 4630 soli.
2347 4575 2498 4631 Unde
2523 4577 2794 4632 aestimare
2820 4578 2964 4640 licet,
2989 4593 3108 4645 qua:
3139 4586 3267 4632 tunc
3299 4585 3555 4648 temporis
3577 4598 3670 4634 ec-

2103 4669 2326 4722 lelirttas
2350 4680 2406 4722 et
2428 4668 2682 4738 splendor
2711 4669 2859 4722 urbis
2890 4667 3051 4722 fuerit
3075 4685 3088 4721 :
3114 4684 3236 4737 quae
3261 4679 3438 4723 tamen
3478 4687 3668 4738 posca

2103 4763 2291 4816 multis
2318 4764 2492 4817 modis
2517 4772 2674 4816 aucta
2697 4772 2748 4815 et
2766 4760 3093 4830 ampliﬁcata
3109 4771 3210 4815 est.
3233 4760 3482 4815 Proxime
3500 4763 3669 4830 lsujus

2103 4869 2275 4908 turrim
2303 4851 2505 4907 .‘Eneas
2537 4852 2757 4923 Sylvius
2803 4853 3101 4906 cardinalis
3134 4853 3402 4907 Senensis
3425 4853 3493 4906 ad
3521 4853 3671 4905 Mar-

2107 4949 2276 5001 tinam
2302 4946 2556 5014 Majorem
2594 4944 2646 4998 J.
2678 4946 2738 4999 C.
2765 4945 3030 5007 scribens,
3061 4959 3169 4997 non
3205 4945 3382 5009 parcis
3413 4945 3669 5000 laudibus

2105 5038 2452 5107 eL'datuoviav
2483 5037 2631 5090 illam
2663 5037 2820 5090 nobis
2872 5036 3142 5105 explicat:
3171 5033 3492 5089 Noricorum
3511 5043 3667 5105 oppi-

2105 5132 2250 5192 dum,
2284 5127 2475 5196 inquit.
2503 5127 2718 5193 ﬂumine
2786 5124 3035 5194 Regnisia
3067 5124 3320 5195 (Pegneso
3347 5127 3668 5198 dicendum)

2107 5225 2462 5282 intersectum,
2489 5235 2609 5273 nant
2637 5219 2787 5272 hodie
2826 5218 3194 5273 Franconibus
3227 5221 3407 5287 datur,
3439 5234 3669 5289 printer-

2107 5315 2181 5366 ire
2229 5330 2331 5365 non
2391 5327 2695 5379 possumus.
2737 5309 2833 5361 Dic
2873 5326 3117 5379 rogamus
3186 5311 3342 5379 .(nam
3376 5315 3498 5366 hinc
3528 5329 3671 5366 uxo-

2117 5422 2228 5459 rem
2263 5404 2491 5466 duxisti,
2509 5401 2877 5456 eastissimam
2904 5417 3058 5469 teque
3086 5417 3150 5455 ac
3173 5402 3502 5472 pulchram),
3526 5420 3674 5472 quic-

2110 5514 2231 5549 nnm
2269 5495 2427 5563 [acies
2453 5493 2616 5560 'itnjus
2660 5493 2803 5544 urbis
2825 5493 2850 5545 2’
2875 5493 2965 5561 qui
2999 5491 3264 5559 splendor,
3294 5509 3409 5561 quas
3449 5496 3672 5548 amaui-

2111 5601 2212 5648 tas,
2236 5601 2350 5654 qua:
2391 5584 2614 5646 deliciis,
2634 5583 2749 5651 quis
2776 5583 2990 5635 cultus?
3013 5599 3127 5651 qua:
3152 5583 3323 5650 [arma
3355 5585 3618 5653 regintinis
3645 5585 3675 5637 Ρ

2111 5681 2238 5749 quid
2265 5679 2375 5731 illic
2412 5681 2480 5729 ad
2513 5678 2772 5729 riritatent
2802 5674 2944 5728 omni
2976 5691 3039 5727 ea:
3080 5686 3227 5743 parte
3270 5677 3549 5744 perfectam
3574 5681 3673 5731 de-

2113 5772 2348 5825 sidcrare
2373 5771 2631 5834 quispiam
2663 5769 2886 5821 voluerit
2917 5771 2940 5822 Ρ
2972 5767 3104 5833 Quis
3131 5770 3445 5823 venientibus
3496 5767 3673 5823 Frau-
