4126 6442
512 405 615 468 561

2005 431 2240 496 ΝΟΤίΕ.

3623 456 3726 520 56?.

508 517 664 568 conia
723 517 961 585 inferiori
1019 529 1067 574 et
1131 528 1315 590 procul
1383 537 1735 598 spectantibus
1779 538 1892 606 ejus
1919 539 2060 592 urbis
2093 544 2138 598 A
2169 542 2482 616 langinquis
2512 551 2782 608 celebris:
2833 552 3052 611 foederis
3091 556 3368 617 Hansatici
3421 563 3587 633 (quod
3633 584 3725 631 vp-

505 618 774 674 aspectus,
808 627 925 678 quae
954 613 1204 680 majestas
1233 621 1252 670 .'
1282 625 1419 689 quod
1441 625 1596 680 decus
1628 627 1690 679 ab
1712 643 1862 682 extra
1897 632 2063 684 uisen-

510 698 668 760 tibus,
714 702 834 769 quis
877 705 1022 759 intus
1074 712 1215 761 nitor
1269 713 1590 777 platearum.
1643 736 1760 782 qui:
1787 724 2060 775 domorum

512 789 830 846 munditia'!
862 794 1004 860 Quid
1038 797 1099 852 S.
1133 799 1348 856 Sebaldi
1402 808 1590 874 templo
1621 814 2058 881 magniﬁcentius,

512 883 630 948 quid
685 884 1012 952 splendidius
1047 888 1113 945 D.
1147 891 1423 950 Laurentii
1471 899 1731 957 delubro?
1774 905 1914 968 Quid
1942 924 2062 960 arce

511 973 649 1036 regia
687 974 768 1026 uel
824 979 1098 1044 superbius
1125 984 1202 1036 vel
1230 989 1488 1042 munitius
1516 991 1542 1043 ?
1569 993 1695 1060 quid
1725 995 1894 1063 fossa,
1930 1000 2060 1067 quid

510 1061 761 1115 menibus
793 1064 1106 1124 illustrius?
1139 1075 1277 1138 Quot
1315 1078 1388 1131 ibi
1437 1083 1622 1135 civium
1657 1061 1794 1138 cedes
1830 1061 2060 1145 invenias

510 1152 711 1220 regibus
735 1155 922 1225 dignas
939 1160 973 1211 ."
989 1161 1244 1232 Cuperent
1271 1179 1378 1222 tam
1403 1175 1595 1242 egregii
1611 1173 1885 1232 Scotorum
1917 1198 2059 1252 reges

508 1257 659 1303 quam
709 1248 996 1304 medioeres
1053 1252 1424 1330 Nurimbergce
1447 1263 1582 1318 cives
1610 1266 1871 1324 habitare.
1913 1273 2055 1328 Idem

507 1333 557 1383 in
598 1332 810 1404 Europa
841 1355 962 1410 cap.
985 1345 1073 1408 39,
1104 1359 1388 1418 postquam
1436 1353 1780 1423 disceptavit.
1816 1361 2058 1419 Franco-

505 1424 609 1478 nise
657 1443 724 1481 an
781 1429 1023 1489 Bavarias
1060 1439 1133 1492 sit
1165 1445 1542 1500 acoensenda':
1606 1447 1719 1518 Ipsi
1749 1452 2056 1509 Norimber-

507 1530 684 1569 nenses
717 1535 808 1572 nec
861 1523 1124 1592 Bajoarii.
1185 1548 1278 1585 nec
1312 1533 1609 1592 Francones
1658 1541 1823 1596 videri
1851 1545 2055 1609 volunt,

503 1608 592 1658 sed
626 1611 839 1665 tertium
868 1617 1134 1682 quoddam
1153 1635 1457 1690 separatum
1481 1644 1664 1696 genus.
1707 1630 1842 1687 Urbs
1867 1653 1926 1688 ea
1960 1608 2056 1692 nos

505 1696 625 1751 bilis
664 1704 956 1770 magniﬁcis
986 1710 1228 1775 operibus
1266 1715 1488 1780 publicis
1516 1736 1582 1773 ac
1615 1723 1834 1786 privatis
1870 1743 2057 1782 ornata

500 1796 575 1839 est
607 1804 627 1842 :
659 1805 808 1845 amne
863 1793 1106 1864 Regnitio
1138 1801 1517 1871 interlabente,
1576 1811 1630 1862 in
1661 1827 1788 1880 agro
1816 1817 1985 1870 sterili
2005 1826 2055 1871 et

503 1894 720 1933 arenosa
743 1886 955 1938 condita
977 1903 996 1940 :
1031 1899 1186 1959 atque
1209 1894 1270 1947 ob
1294 1911 1412 1949 eam
1465 1915 1572 1953 rem
1601 1903 1932 1960 industrioso
1959 1925 2052 1977 po-

497 1971 642 2034 pulo.
675 1971 859 2030 Omnes
891 1980 1026 2032 enim
1052 1993 1144 2036 aut
1175 1987 1384 2056 opiﬁces
1402 2004 1546 2057 sunt,
1567 2003 1658 2047 aut
1679 1999 2046 2066 negotiatores.

497 2059 636 2115 Hinc
694 2067 874 2121 multo?
928 2072 1035 2125 illis
1071 2077 1293 2144 divitiis,
1337 2089 1386 2133 et
1413 2101 1659 2152 magnum
1684 2089 1735 2140 in
1768 2089 2050 2148 Germania

492 2168 698 2211 nomen.
751 2159 1036 2225 Aptissima
1084 2167 1460 2235 imperatorum
1495 2178 1661 2239 sedes,
1702 2177 1865 2232 libera
1900 2183 2045 2244 urbs.

497 2255 546 2297 et
578 2248 630 2298 in
675 2252 840 2303 medio
874 2252 1037 2322 ferme
1092 2257 1389 2316 Germania:
1408 2265 1530 2318 sita.
1595 2267 1700 2321 Sed
1731 2269 1900 2327 latius
1923 2290 2042 2328 eam

487 2337 744 2394 describit
767 2341 1003 2400 .l'oanncs
1021 2347 1302 2406 Cocblreus
1336 2354 1592 2424 Noricus,
1618 2361 1670 2412 in
1697 2361 2048 2432 Descriptione

490 2426 764 2495 (ferinam,
793 2451 839 2489 c.
874 2437 927 2497 4,
947 2447 1053 2494 etc.
1087 2441 1376 2499 Conrailus
1401 2447 1578 2504 Celtes
1611 2426 1918 2521 Protacius,
1945 2456 2041 2512 He-

487 2518 701 2590 liusque
750 2525 1000 2584 Eobanus
1064 2531 1286 2599 Nessus.
1351 2549 1543 2608 poetae,
1575 2543 1947 2615 singularibus
1974 2551 2044 2604 li-

491 2611 664 2678 bellis,
697 2614 784 2670 bic
815 2634 997 2684 versu.
1029 2623 1119 2677 ille
1142 2641 1323 2694 prosa,
1351 2631 1724 2688 celebrandam
1757 2637 1860 2691 sibi
1892 2654 2043 2693 sum-

487 2715 732 2769 pserunt.
757 2706 861 2762 Sed
908 2709 1035 2767 Julii
1071 2714 1304 2772 Cmsaris
1337 2718 1620 2790 Scaligeri,
1652 2725 1820 2780 divini
1865 2730 2041 2783 homi-

486 2796 593 2856 nis,
653 2812 850 2854 aureos
901 2802 966 2857 de
997 2819 1058 2859 ea
1099 2823 1291 2863 versus
1342 2813 1593 2867 omittere
1651 2815 1752 2869 hoc
1785 2819 1904 2873 loco
1933 2836 2040 2876 non

487 2899 731 2950 possum,
804 2891 999 2960 dignos
1051 2910 1188 2962 quos
1252 2899 1333 2952 vel
1370 2901 1733 2956 dcscribendo
1774 2905 2042 2961 ediscam.

489 2975 544 3027 in
579 2975 822 3044 Urbibus,
852 2984 1102 3040 lemmate
1137 2986 1502 3061 Nuremberga
1538 3012 1555 3050 :

555 3110 687 3193 Dina
731 3119 861 3170 mihi
885 3125 1107 3176 extremi
1143 3125 1213 3178 da
1261 3142 1477 3180 munera
1506 3144 1664 3181 sacra
1684 3128 1903 3193 laboris,

633 3182 1203 3264 b'on-taiiaenextrcmo
1231 3199 1595 3264 conspicienda
1622 3199 1758 3252 loco.

557 3249 829 3336 Sui-velut
860 3260 1083 3313 abducto
1115 3249 1426 3336 veneramur
1446 3249 1516 3319 in
1545 3269 1727 3321 ordine
1757 3273 1961 3336 caelum,

627 3322 728 3375 Hic
755 3327 845 3381 ubi
882 3343 1088 3385 natura:
1120 3334 1224 3404 ﬁne
1246 3337 1434 3402 quievit
1465 3353 1617 3404 opus.

561 3391 676 3473 Non
706 3408 850 3473 potes
873 3391 1392 3473 aethereis'dedueere
1419 3391 1626 3460 sedibus
1653 3418 1823 3473 astra,

465 3528 470 3530 γ
570 3535 608 3540 __
629 3465 860 3540 Invenies
887 3470 982 3522 tibi
1016 3487 1132 3540 qua:
1153 3471 1355 3527 Norica
1382 3487 1520 3528 terra
1553 3477 1722 3531 dabit.
1809 3465 1821 3473 ’
1859 3521 1862 3524 .

563 3535 703 3616 [tunc
735 3538 836 3616 sibi
869 3535 1144 3616 corruptas
1168 3556 1334 3596 terras
1369 3548 1571 3616 Astura
1596 3547 1896 3616 relinquens

624 3605 800 3660 Fatali
828 3605 1034 3662 statuit
1052 3613 1170 3666 sede
1201 3623 1370 3666 tenere
1391 3615 1581 3671 locum.

559 3675 684 3748 Quis
715 3686 856 3744 putet
885 3679 1128 3748 horri/ico
1159 3686 1386 3737 societas
1420 3685 1590 3739 Marte
1617 3687 1890 3744 Camasnas
1911 3693 1938 3742 ?

625 3744 788 3820 Sacra
825 3760 994 3802 tamen
1017 3744 1207 3814 duplex
1235 3765 1465 3820 tempora
1489 3756 1672 3811 laurus
1700 3759 1828 3812 obit.

556 3814 746 3894 Martis
769 3819 898 3870 habe
928 3828 984 3894 et
1003 3821 1184 3894 Phofbi
1204 3814 1379 3894 felicia
1409 3837 1640 3894 tempora
1666 3828 1810 3884 laute
1831 3847 1849 3882 :

621 3885 1011 3966 Suu‘ctaqnesit
1043 3885 1215 3944 ualido
1244 3893 1435 3960 findere
1461 3885 1640 3958 iuncta
1672 3901 1821 3966 ﬁdes.

555 3953 806 4031 omnibus
829 3953 896 4010 ea:
921 3959 1037 4012 istis
1072 3978 1132 4013 ne
1159 3953 1326 4023 tu,'ue
1358 3953 1642 4031 denipseris
1672 3953 1858 4029 unum.

619 4025 824 4080 Addere
851 4031 974 4098 quin
1002 4032 1181 4097 potius
1225 4035 1400 4086 omnia
1433 4025 1644 4106 magna,
1678 4050 1826 4092 tuum
1848 4025 1946 4097 est.

551 4162 706 4228 Quod
747 4173 927 4220 autem
973 4166 1182 4223 Norica:
1240 4171 1392 4226 urbis
1435 4154 1720 4226 ἰσοδίαιτοῦ
1773 4179 2039 4248 εὐνομίαν

483 4255 750 4312 Laonicns
776 4268 830 4313 et
860 4260 1174 4329 reipublicae
1225 4262 1456 4317 formam
1510 4264 1728 4336 Sylvius
1758 4286 2038 4325 commen-

479 4353 631 4415 dant,
688 4351 1076 4423 sulfragantem
1120 4371 1184 4409 ex
1239 4360 1644 4414 recentioribus
1669 4363 2036 4431 scriptoribus

482 4439 683 4491 habent
713 4440 977 4496 Bodinum
1016 4443 1090 4497 De
1131 4447 1395 4513 republica
1427 4448 1567 4504 libro
1607 4467 1662 4516 ιι,
1699 4467 1820 4522 cap.
1853 4453 1904 4515 6,
1945 4455 2034 4507 ubi

483 4531 892 4598 magistratuum
925 4542 980 4589 et
995 4535 1294 4591 ciliciorum
1331 4539 1555 4595 ordines
1585 4546 1772 4610 (quam
1802 4544 2033 4614 liquido,
2071 4524 2111 4578 θ

480 4637 584 4673 non
609 4622 809 4694 dicam)
838 4629 1086 4696 exponit:
1121 4630 1539 4698 et‘St'cpbannm
1573 4632 1851 4697 Pighium.
1923 4639 2040 4691 ele-

477 4711 851 4774 gantissimum
916 4717 1268 4786 scriptorem,
1339 4720 1391 4772 in
1459 4718 1686 4774 Hercule
1729 4717 2036 4791 'Prodicio,

478 4815 595 4868 pag.
635 4803 757 4864 M6,
791 4820 980 4874 magna
1015 4824 1222 4878 magme
1248 4809 1400 4865 urbis
1420 4813 1612 4865 decora
1632 4814 1796 4882 digno
1822 4817 2037 4870 calamo

475 4902 892 4958 exsequentem:
961 4900 1051 4966 qui
1101 4908 1330 4968 uterque
1383 4902 1722 4957 eruditorum
1777 4906 2040 4960 manibus

480 4991 754 5037 teruntur.
785 4983 972 5056 Neque
1017 4989 1197 5058 plures
1232 4991 1567 5048 illustrando
1584 4995 1683 5048 soli
1710 4993 1857 5050 iaces
1881 4991 2038 5050 adbi-

481 5071 608 5124 bere
635 5074 852 5130 animus
877 5086 982 5142 est,
1008 5088 1104 5133 aut
1125 5082 1298 5137 locus.

551 5182 664 5236 Col.
700 5186 764 5239 77
799 5187 858 5240 8'.
907 5188 1257 5260 Ἀμπέργον.
1305 5193 1566 5262 Ambcrga
1600 5195 1916 5264 metropolis
1953 5208 2036 5252 est

477 5271 808 5332 l’alatinzitus
841 5283 1142 5349 superioris
1175 5283 1228 5337 in
1262 5282 1512 5346 Bavaria.
1539 5285 1756 5354 elegans
1781 5300 1832 5341 et
1856 5291 2035 5358 ampla

472 5366 719 5420 civitas:
775 5370 867 5424 sed
924 5372 1070 5426 nullo
1128 5383 1307 5429 tamen
1364 5377 1524 5430 modo
1569 5392 1694 5431 cum
1739 5371 2033 5447 Nuriberga

476 5459 659 5528 (quam
710 5464 929 5518 codices
981 5477 1090 5522 tres
1129 5468 1356 5522 Palatini
1408 5472 1507 5524 hoc
1554 5471 1674 5525 loco
1723 5482 2038 5528 constanter

474 5552 752 5622 Νὸϐεργον
807 5559 1092 5625 scribunt)
1147 5569 1241 5613 aut
1294 5562 1592 5631 Argentina
1651 5563 2031 5620 conferenda:

477 5659 648 5712 neque
681 5662 778 5713 par
811 5648 936 5711 illis,
973 5666 1146 5718 neque
1178 5653 1436 5707 secunda.
1475 5652 1662 5710 Melius
1703 5656 1882 5723 itaque
1910 5672 2034 5711 cum

479 5734 766 5802 interprete
801 5738 1158 5808 Hambnrgum
1195 5743 1622 5799 intellexerimus
1646 5786 1660 5808 ,
1700 5759 1818 5814 qua:
1845 5746 2035 5826 civitas

477 5834 556 5879 est
586 5828 787 5884 divitiis
815 5832 1115 5898 splendida,
1153 5838 1583 5902 populupotrns,
1605 5847 1657 5891 ct
1689 5840 2035 5895 commerciis

2165 636 2340 706 catur)
2367 638 2649 694 civitatum
2685 644 2846 700 lmdie
2877 657 3060 717 caput.
3097 652 3296 706 Eadem
3324 655 3480 710 sedes
3508 660 3726 727 cpisco«

2165 729 2301 796 [uilis
2332 729 2457 783 olim
2483 731 2604 795 fuit,
2631 744 2684 788 et
2705 736 2943 793 Ecclesia
2968 743 3390 813 Hamburgcnsis
3421 751 3724 819 antiquitus

2165 823 2480 889 tnetrOpnlis
2511 826 2755 880 omnium
2793 831 3244 900 Aquilonarium:
3283 839 3347 892 de
3387 855 3495 909 quo
3527 843 3723 899 Crant-

2162 910 2277 965 zius
2309 913 2363 967 in
2399 913 2698 981 Metropoli.
2747 919 2899 986 Quod
2935 935 3113 980 autem
3159 927 3429 987 Laonicus
3480 934 3546 988 iis
3593 937 3723 989 civi-

2165 1001 2366 1055 tatibus
2400 1019 2521 1073 quas
2552 1007 2811 1079 ἀρχιερέα
2855 1014 3104 1080 habeant,
3156 1018 3506 1090 Noribergam
3557 1029 3720 1080 etiam

2161 1103 2429 1158 accenset,
2460 1097 2707 1154 fallitur:
2761 1120 2884 1157 nam
2918 1109 3232 1178 episcopum
3267 1117 3542 1183 proprium
3581 1134 3722 1171 nun-

2160 1195 2323 1248 quam
2380 1183 2592 1251 habuit,
2642 1189 2862 1246 dimcesi
2912 1194 3296 1267 Bambergensl
3353 1205 3600 1271 inclusa,
3659 1215 3718 1261 ut

2163 1271 2381 1341 Sylvius
2419 1279 2608 1334 scribit
2654 1283 2703 1334 in
2740 1281 2969 1354 Europte
3004 1295 3180 1358 capite
3209 1292 3296 1347 '59.

2228 1409 2346 1464 Col.
2385 1411 2448 1463 77
2477 1412 2539 1465 Β.
2593 1413 2756 1483 Ἀμφὶ
2796 1417 2904 1484 τὰς
2942 1418 3274 1489 διακοσίας.
3326 1424 3394 1480 Ut
3433 1429 3714 1484 minimam

2158 1500 2400 1566 quidem.
2432 1501 2590 1557 Certe
2619 1520 2788 1574 prope
2822 1518 3104 1574 centenas,
3139 1515 3327 1568 saltem
3366 1518 3674 1582 imperiales
3697 1563 3712 1587 ,

2159 1601 2442 1646 enumerat
2474 1594 2748 1650 Matricula
2785 1601 2927 1668 (quae
2951 1608 3198 1672 vocatur)
3230 1606 3464 1675 imperii.
3501 1609 3575 1662 De
3593 1613 3715 1678 qui—

2159 1677 2256 1732 bus
2291 1678 2362 1732 ita
2391 1680 2590 1737 Encas
2631 1684 2684 1737 in
2714 1684 2998 1743 Germania
3031 1707 3050 1746 :
3081 1690 3334 1749 Civitates
3381 1700 3536 1750 etiam
3585 1717 3716 1768 quas

2159 1779 2343 1822 vocant
2369 1772 2581 1835 liberas,
2637 1776 2775 1842 quod
2804 1779 3110 1844 imperatori
3135 1785 3304 1838 solum
3341 1789 3713 1856 subjiciuntur,

2083 1861 2307 1926 Bcujus
2357 1862 2548 1932 jugum
2607 1868 2780 1921 instar
2844 1882 2917 1925 est
2985 1872 3267 1930 libertatis.
3317 1877 3426 1932 Nec
3485 1882 3716 1950 profecto

2153 1966 2372 2018 usquam
2404 1956 2636 2020 gentium
2684 1967 2830 2011 tanta
2866 1961 3082 2015 libertas
3107 1973 3205 2028 est,
3234 1978 3433 2033 quanta
3464 1970 3716 2038 fruuntur

2150 2041 2512 2110 hujuscemodi
2535 2047 2795 2103 civitates.
2831 2051 2972 2104 Nam
3007 2057 3186 2123 populi
3210 2073 3336 2127 quos
3373 2058 3512 2114 Itali
3534 2073 3714 2115 coeant

2149 2129 2362 2193 liberos,
2399 2134 2452 2184 hi
2483 2136 2755 2198 potissima
2788 2140 3040 2202 serviunt.
3077 2145 3184 2198 sive
3223 2145 3464 2202 Venetias
3492 2164 3710 2218 spectes.

2151 2221 2255 2272 sive
2284 2220 2632 2290 Florentiam,
2662 2238 2757 2280 aut
2793 2228 2963 2282 Senas
2985 2248 3006 2285 :
3051 2233 3106 2285 in
3141 2236 3327 2303 quibus
3352 2239 3487 2294 cives
3519 2255 3714 2310 pra'ter

2146 2328 2340 2380 paucos
2369 2317 2460 2384 qui
2482 2317 2706 2386 reliquos
2730 2321 2948 2386 ducunt,
2972 2321 3086 2376 loco
3108 2329 3488 2396 mancipiorum
3514 2334 3712 2386 haben-

2146 2412 2232 2456 tur
2263 2420 2282 2458 :
2305 2421 2418 2458 cum
2443 2424 2533 2461 nec
2564 2411 2712 2464 rebus
2735 2413 2846 2465 suis
2869 2415 2947 2466 uti
2978 2427 3033 2468 ut
3060 2415 3206 2481 libet,
3239 2420 3317 2473 vel
3346 2421 3453 2488 fari
3480 2426 3708 2480 audeant
3773 2452 3782 2464 ι

2144 2509 2262 2561 quae
2299 2495 2481 2562 velint,
2518 2509 2565 2552 et
2601 2503 2925 2569 gravissimis
2967 2510 3336 2574 opprimantur
3370 2517 3710 2579 pecuniarum

2145 2587 2523 2644 exactionibus.
2545 2594 2695 2660 Apud
2714 2592 2998 2651 Germanos
3017 2603 3192 2655 omnia
3214 2603 3339 2656 lteta
3363 2615 3508 2669 sunt,
3530 2610 3709 2662 omnia

2137 2679 2378 2745 jucunda
2395 2698 2413 2735 :
2431 2699 2579 2737 nemo
2599 2688 2709 2740 suis
2730 2690 2970 2754 privatur
2984 2691 3130 2746 bonis
3153 2710 3172 2748 :
3199 2695 3346 2749 salva
3391 2701 3576 2763 cuique
3610 2717 3710 2754 sua

2145 2769 2538 2828 hmreditasest.
2596 2776 2750 2833 Nulli
2806 2783 2907 2835 nisi
2963 2784 3166 2838 nocenti
3219 2789 3560 2856 magistratus
3617 2808 3683 2844 no

2143 2870 2399 2916 cent:nec
2433 2866 2570 2932 apud
2602 2867 2728 2922 illas
2771 2869 3048 2938 factiones.
3112 2875 3247 2926 sicut
3277 2877 3418 2944 apud
3435 2875 3600 2929 Italas
3625 2894 3712 2929 ur-

2143 2951 2227 3005 bes
2250 2967 2580 3023 grassantur.
2604 2956 2736 3012 Sunt
2756 2972 2931 3014 autem
2953 2979 3112 3030 supra
3130 2975 3332 3018 centum
3356 2969 3588 3022 civitates
3610 2970 3708 3021 hac

2143 3042 2378 3100 libertate
2390 3047 2620 3116 fruentes
2643 3065 2662 3104 :
2686 3067 2806 3104 nam
2826 3063 2875 3106 et
2897 3056 2947 3107 in
2960 3053 3161 3119 Rheno,
3178 3067 3225 3110 et
3244 3059 3297 3111 in
3317 3057 3557 3112 Danubio
3577 3061 3709 3112 mul-

2144 3145 2208 3192 tat
2223 3149 2343 3192 sunt
2367 3155 2385 3194 :
2407 3150 2455 3195 et
2484 3144 2618 3195 mari
2639 3147 2912 3212 proximae,
2940 3165 3067 3215 quas
3091 3151 3354 3218 appellant
3381 3151 3659 3222 Stagnales
3685 3172 3703 3207 :

2141 3231 2541 3296 quamplurima:
2567 3241 2614 3286 et
2645 3235 2699 3287 in
2749 3237 3147 3293 mediterraneis
3172 3256 3193 3304 ;
3255 3241 3377 3294 alite
3406 3258 3522 3308 qua:
3546 3243 3708 3297 simul

2143 3319 2420 3387 [cederatte
2451 3325 2679 3393 injurias
2710 3330 3002 3397 principum
3027 3332 3257 3398 propriis
3289 3335 3453 3386 armis
3488 3335 3708 3400 propul-

2142 3416 2279 3461 sant.
2323 3408 2425 3464 Sed
2457 3413 2586 3480 quid
2628 3414 2692 3466 de
2725 3425 2942 3469 centum
2988 3418 3216 3474 urbibus
3269 3421 3550 3477 dicimus?
3582 3439 3706 3476 cum

2141 3508 2358 3553 centum
2398 3517 2560 3573 pagos
2603 3505 2843 3576 integros
2900 3507 3096 3564 Sbevia
3125 3511 3238 3565 sive
3261 3512 3538 3567 Alemania
3564 3516 3697 3568 olim

2143 3593 2408 3653 habuerit,
2464 3596 2676 3650 Caesare
2727 3609 2781 3653 et
2812 3600 3004 3655 Tacito
3043 3603 3299 3658 testibus.
3374 3605 3448 3658 De
3499 3607 3704 3676 quibus

2141 3684 2466 3753 scripsimus
2495 3689 2547 3742 in
2577 3687 2782 3759 Origin.
2802 3690 3066 3759 Palatin.,
3100 3709 3224 3765 cap.
3248 3696 3303 3752 5.

2224 3819 2359 3874 ibid.
2409 3823 2508 3887 Ἐς
2554 3823 2917 3890 τυραννίδας
2971 3825 3150 3894 τρεῖς,
3206 3828 3341 3883 Mira
3401 3828 3707 3887 Germanias

2140 3911 2374 3975 divisio,
2421 3929 2583 3980 quam
2644 3930 2748 3969 non
2795 3919 2959 3971 credo
3003 3917 3132 3972 alibi
3175 3921 3319 3988 apud
3372 3937 3702 3991 quemquam

2141 4005 2456 4073 sei-iptorem
2496 4008 2753 4076 reperiri;
2785 4010 3091 4078 etalioqnin
3117 4012 3331 4067 etiamsi
3361 4030 3467 4066 non
3499 4013 3702 4083 inepta.

2139 4101 2286 4149 certe
2304 4096 2556 4157 obscura.
2605 4097 2736 4166 ipsis
2772 4097 3058 4153 Germanis
3089 4101 3180 4155 vix
3229 4102 3579 4173 intelligenda
3611 4117 3706 4159 aut

2141 4185 2456 4240 divinanda.
2515 4188 2642 4254 Quae
2688 4190 2833 4244 enim
2875 4191 2977 4246 ista
3011 4191 3499 4265 Etzilia?Aquileia
3535 4198 3710 4265 enim,

2139 4287 2191 4332 et
2219 4279 2456 4346 Augusta
2489 4279 2682 4343 Acilia,
2713 4297 2850 4350 quas
2865 4283 3160 4340 Clauserus
3190 4286 3460 4356 interpres
3480 4289 3532 4342 in
3561 4306 3706 4345 mar-

2139 4371 2263 4440 gine
2305 4372 2531 4433 notavit,
2557 4373 2718 4428 urbes
2739 4385 2890 4438 sunt,
2911 4391 3016 4429 non
3051 4377 3394 4445 prmiecturas
3420 4389 3514 4434 aut
3550 4383 3705 4448 prin-

2143 4461 2356 4530 cipatus
2392 4480 2406 4515 :
2449 4465 2616 4517 sedet
2647 4465 2812 4532 hujus
2843 4481 3040 4520 nomen
3069 4467 3275 4521 dudum
3345 4467 3598 4523 exolevit.
3649 4470 3704 4524 Si

2139 4552 2268 4620 quid
2307 4552 2614 4621 conjectare
2656 4555 2760 4609 hoc
2792 4556 2914 4609 loco
2972 4555 3096 4610 licet
3129 4555 3242 4625 (ubi
3300 4566 3480 4612 autem
3531 4560 3706 4629 magis

2141 4642 2364 4711 impune
2389 4643 2637 4710 licebit?)
2661 4660 2760 4714 pro
2789 4644 3096 4715 Ἐτζιλείης
3123 4646 3456 4702 substituere
3477 4649 3707 4718 gestiam

2151 4735 2431 4808 Ἐλὸετίης
2457 4739 2540 4792 vel
2608 4739 2940 4810 Ἐλουετίης.
2969 4739 3350 4796 Helvetiorum
3369 4751 3517 4796 certe
3574 4759 3706 4814 gens

2139 4828 2206 4880 ab
2229 4829 2376 4881 omni
2403 4844 2540 4896 aevo,
2570 4829 2663 4884 illa
2716 4831 2881 4884 etiam
2914 4841 3265 4901 tempestate,
3286 4833 3480 4889 robore
3513 4842 3566 4888 et
3595 4835 3705 4888 vir-

2141 4926 2250 4972 tute
2268 4920 2411 4972 inter
2439 4917 2740 4975 Germanos
2756 4919 2915 4975 facile
2931 4922 3127 4991 prima.

2210 5057 2344 5112 Ibid.
2394 5058 2770 5126 ’onatplac.
2825 5058 3004 5129 Hujus
3050 5063 3375 5130 metropolin
3430 5062 3698 5116 Viennam

2133 5149 2246 5219 jam
2282 5165 2442 5218 supra
2501 5150 2672 5220 tetigit
2723 5150 2996 5205 Laonicus
3029 5168 3043 5205 :
3077 5163 3130 5207 et
3172 5153 3283 5223 ipsa
3331 5154 3544 5207 Auslrin
3587 5165 3700 5207 tum

2139 5241 2357 5303 ﬂorens,
2391 5239 2574 5310 plures
2598 5240 2713 5309 jam
2747 5244 3024 5312 Augustos
3071 5244 3190 5298 orbi
3224 5244 3534 5298 Christiano
3564 5247 3704 5297 tule-

2138 5341 2240 5390 rat.
2270 5340 2325 5384 et
2351 5338 2462 5385 tum
2503 5346 2681 5385 rerum
2713 5334 3008 5401 patientem
3041 5333 3473 5402 Sigismundum.

2210 5467 2342 5520 Ibid.
2390 5467 2624 5534 Βλένης
2661 5469 2770 5536 τῆς
2809 5467 2929 5520 ἄνω
2977 5469 3310 5534 Γερμανίας
3352 5467 3699 5536 γενομένης.

2138 5559 2268 5626 Qum
2323 5558 2423 5612 ista
2484 5558 2699 5613 Blena?
2750 5557 2984 5612 Blennus
3048 5559 3162 5626 ipse
3217 5569 3409 5612 auctor
3474 5571 3698 5623 noster,

2138 5662 2192 5704 et
2231 5653 2275 5705 si
2315 5649 2439 5718 quis
2486 5649 2536 5703 ei
2595 5649 2753 5703 tidem
2805 5651 2981 5703 habet.
3043 5649 3106 5700 Et
3151 5647 3430 5716 Bavariant
3480 5653 3698 5720 quidem

2141 5745 2320 5812 (quam
2351 5743 2654 5798 Clauserus
2725 5743 2779 5795 in
2831 5742 3073 5810 margine
3107 5741 3272 5811 notat)
3302 5743 3531 5796 libenter
3577 5743 3702 5799 hinc

2141 5835 2512 5905 esseiilpcrem
2584 5851 2597 5888 :
2648 5837 2691 5889 si
2729 5835 2860 5889 satis
2913 5843 3056 5888 esset
3095 5833 3322 5900 primam
3367 5845 3420 5889 et
3463 5835 3701 5890 ultimam
