4126 6438
392 409 492 472 563

1607 423 2067 495 MABQUARDI
2114 430 2458 490 FREHERI

3526 423 3637 486 [δι’

393 528 679 600 utriusque
708 531 861 588 vocis
914 530 1151 589 litteram
1202 536 1511 592 convenire.
1554 538 1661 593 Sed
1714 550 1769 594 et
1827 541 1962 594 ami-

2093 545 2141 598 ie
2160 545 2287 615 imp.
2307 544 2459 598 Rom.
2480 559 2599 614 cap.
2624 544 2724 598 ult.
2748 563 2761 600 :
2785 545 3114 613 Conﬁdenter
3132 542 3336 610 loquor,
3353 541 3398 595 si
3416 538 3630 595 Germa-

394 634 486 677 cos
548 620 623 676 in~
653 623 947 678 consilium
1014 626 1162 682 misi.
1210 627 1367 683 Alius
1407 643 1504 696 pro
1526 630 1731 699 Βλὲνης
1781 634 1963 689 mallet

395 715 607 787 Βοέμης
644 716 727 770 vel
756 717 1015 786 Βοεμεας,
1072 734 1236 789 quam
1294 723 1483 779 nescio
1538 741 1606 778 an
1660 724 1964 781 Germaniae

394 809 664 864 ascribere
717 809 987 866 voluisset
1032 810 1311 868 Laonicus
1349 814 1536 869 :alius
1584 816 1815 885 Βελγίης
1880 819 1965 873 vel

395 901 645 971 Βελγίας,
665 918 771 958 non
807 904 1105 960 abludente
1133 903 1459 963 Germanico
1478 911 1696 966 nomine
1726 909 1968 982 Fleming

396 997 463 1048 ab
498 994 603 1051 ista
637 993 835 1068 Βλινῃ,
864 997 909 1053 si
939 996 1070 1052 illud
1116 1011 1272 1068 mque
1301 1002 1645 1067 conveniret,
1699 1003 1802 1073 τῆς
1855 1005 1968 1058 ἄνω

395 1085 703 1156 Γερμανίας
725 1090 1050 1160 γενομένης.
1073 1090 1341 1160 Equidem
1361 1091 1540 1148 locum
1561 1095 1961 1149 conclamatum

394 1180 540 1248 quod
573 1180 702 1256 olim
728 1183 893 1252 agris
917 1183 1224 1252 desperatis
1242 1183 1424 1241 facere
1438 1185 1708 1249 solebant,
1734 1188 1787 1241 in
1808 1187 1981 1243 trivio

395 1272 613 1343 depono
652 1292 667 1329 ι
693 1284 749 1328 et
775 1274 1015 1344 publica.
1047 1275 1238 1345 pietati
1290 1287 1386 1331 aut
1416 1276 1651 1334 lsrtunat
1673 1295 1790 1334 sum
1817 1295 1974 1339 cotn-.

398 1365 576 1422 mitto.

469 1504 590 1560 Col.
625 1505 692 1560 77
715 1504 784 1562 c.
817 1505 1009 1574 Γένος
1052 1508 1232 1564 τοῦτο
1247 1507 1560 1581 μέγα.ἰὀιί
1580 1512 1728 1567 enim
1752 1514 1981 1570 Triones

403 1598 491 1667 (ut
520 1596 779 1655 Sidonius
811 1600 1076 1672 loquitur)
1108 1600 1164 1656 in
1183 1601 1329 1660 hanc
1346 1603 1502 1661 eﬂ‘usi
1520 1621 1535 1659 :
1556 1620 1684 1661 vere
1707 1606 1978 1663 otllcinam

399 1691 670 1753 gentium.
705 1690 976 1749 Nazarius
1033 1694 1090 1750 in
1140 1696 1413 1768 Panegyr.
1440 1699 1508 1752 ad
1555 1697 1979 1756 Constantinum

400 1780 685 1851 Malam
739 1784 794 1838 iu
813 1782 981 1840 latere
1022 1783 1318 1843 Galliarum
1370 1800 1464 1844 aut
1493 1790 1550 1845 in
1578 1793 1696 1846 sinu
1750 1803 1839 1846 tuo
1865 1792 1985 1861 fusa

402 1878 691 1946 Barbaria,
722 1896 813 1945 per
841 1897 896 1936 se
929 1882 1048 1952 ipsa
1103 1891 1286 1953 potens
1324 1885 1489 1952 natio,
1539 1893 1589 1939 et
1625 1895 1743 1955 post
1776 1884 1973 1940 Roma-
2006 1897 2047 1953 Β

404 1990 526 2026 nam
551 1974 968 2044 magnitudinem
992 1977 1046 2029 in
1081 1975 1233 2032 terris
1256 1978 1505 2033 secunda.
1532 1977 1972 2048 Locusinsignis,

404 2075 459 2120 et
505 2066 572 2119 ad
602 2064 907 2124 Germania
944 2067 1208 2123 bonorcm
1278 2069 1494 2134 unicus,
1544 2070 1631 2125 cui
1674 2071 1974 2125 secundum

404 2158 633 2215 Latinus
658 2160 823 2215 homo
846 2161 1025 2217 locum
1043 2161 1250 2218 tribuat
1282 2177 1312 2218 a
1345 2162 1538 2227 Roma,
1565 2164 1654 2218 cui
1678 2164 1821 2218 alius
1845 2177 1975 2231 pro-

406 2251 658 2307 vincialis
678 2252 815 2307 nihil
835 2251 1039 2319 simile,
1060 2251 1197 2309 nihil
1217 2254 1515 2310 secundum
1534 2255 1975 2310 assentabundus

404 2346 634 2401 dixerat.
662 2344 768 2403 Sed
787 2362 977 2402 vereor
998 2346 1185 2417 lupum
1212 2347 1385 2402 cauda
1410 2348 1602 2409 teneri,
1626 2354 1681 2402 et
1703 2347 1843 2402 hanc
1859 2347 1976 2401 lau-

406 2440 527 2493 dem
561 2437 718 2493 nobis
738 2447 1007 2494 extortam
1045 2439 1111 2494 iri
1153 2454 1184 2493 a
1207 2436 1391 2494 Persis
1428 2453 1442 2490 :
1467 2438 1668 2509 quibus
1685 2452 1793 2493 non
1818 2437 1979 2506 paulo

409 2531 718 2599 promptius
768 2530 872 2586 boc
908 2529 1141 2600 elogium
1190 2528 1427 2585 dedisset
1484 2532 1648 2585 homo
1675 2524 1978 2591 Romanus,

409 2639 571 2685 quam
604 2624 915 2693 Germanis,
940 2626 1028 2695 qui
1051 2624 1256 2693 absque
1274 2624 1422 2693 justo
1452 2623 1759 2694 principatu
1783 2623 1981 2677 distra-

409 2716 483 2771 eti
515 2718 567 2770 in
599 2717 786 2786 plures
816 2725 1026 2787 gentes,
1058 2717 1311 2787 interque
1335 2730 1396 2772 se
1421 2716 1720 2772 discordes.
1748 2712 1814 2768 Et
1839 2714 1883 2769 si
1911 2730 1980 2769 ex

411 2809 578 2864 ειιιὶηιὶ
611 2808 717 2863 mei
752 2810 1022 2864 sententia
1070 2804 1252 2880 roger,
1288 2822 1411 2864 cum
1457 2821 1737 2877 posuemo
1771 2806 1982 2862 editorc

414 2913 519 2953 non
550 2899 763 2955 lurrens
788 2899 862 2955 ita
906 2899 1085 2971 legam
1113 2918 1128 2955 :
1158 2898 1309 2954 Iacet
1362 2901 1421 2953 in
1474 2900 1637 2953 latere
1685 2897 1984 2954 Galliarum

411 3000 504 3044 aut
520 2991 719 3045 insinu
737 2999 827 3047 tuo
843 2990 963 3060 {usa
979 2990 1261 3046 Barbaria.
1284 2990 1619 3064 Perste,ipsa
1639 2997 1817 3058 potens
1837 2988 1984 3042 natio

411 3094 460 3138 et
501 3094 619 3154 post
649 3084 944 3140 Romanam
982 3084 1404 3155 magnitudinem
1437 3087 1491 3137 in
1530 3084 1691 3138 terris
1727 3080 1991 3149 secunda,

412 3177 707 3231 amicitiam
740 3187 912 3244 tuam,
953 3173 1297 3232 Constantine
1328 3175 1581 3240 Maxime,
1643 3191 1749 3230 non
1810 3175 1981 3229 minus

414 3270 614 3339 trepide
641 3284 801 3341 quam
843 3269 1146 3324 amabiliter
1169 3269 1481 3338 petiverunt.
1532 3266 1584 3320 N
1590 3266 1699 3323 ulla
1731 3267 1785 3321 in
1835 3265 1991 3321 terris
2016 3259 2061 3320 C

415 3376 524 3419 tant
548 3366 699 3434 [eros
726 3365 872 3419 natio
900 3375 999 3432 est,
1029 3379 1146 3434 qua
1176 3372 1225 3416 te
1250 3378 1355 3417 non
1402 3369 1602 3416 metuat
1624 3370 1718 3414 aut
1772 3359 1988 3431 diligat.

418 3459 533 3515 lloc
563 3458 724 3515 modo
751 3458 975 3527 pulchre
998 3466 1052 3512 et
1080 3456 1369 3511 verborum
1396 3467 1675 3510 structura
1705 3464 1760 3509 et
1795 3466 1991 3510 sensus

416 3552 689 3610 constant.
716 3549 823 3607 Sed
860 3558 915 3605 et
942 3542 1200 3605 Germ'ani
1239 3562 1363 3603 cum
1405 3546 1625 3601 Parthis
1656 3555 1753 3602 aut
1809 3543 1995 3600 Persis

418 3646 739 3714 plerumque
767 3641 921 3712 jungi
949 3641 1169 3697 solent:
1207 3640 1423 3710 utrique
1442 3641 1630 3695 hostes
1655 3639 1839 3709 populi
1885 3636 1995 3694 Ro-

420 3735 566 3791 mani
594 3735 629 3789 l.
651 3733 865 3799 Hostes,
884 3734 973 3789 ‘24.
1008 3732 1070 3788 Ι).
1093 3732 1157 3788 de
1172 3741 1310 3800 capt.
1334 3731 1635 3802 etpostlim.
1657 3729 1993 3785 Tltetnistius

418 3827 667 3881 oratione
701 3824 766 3880 ν.
794 3824 854 3881 lu
887 3824 1130 3891 nummis
1173 3821 1413 3877 Victoria
1449 3822 1649 3878 visitur
1687 3820 1994 3876 inscribens

418 3921 612 3990 clypeo
639 3918 837 3988 palmas
881 3915 1043 3972 alﬁxo
1091 3927 1108 3967 :
1148 3911 1265 3970 Vtc.
1309 3912 1446 3971 Gen.
1500 3924 1556 3969 et
1613 3913 1668 3966 in
1703 3910 1846 3976 aliis,
1874 3892 2008 3963 νιςζ.

416 4009 555 4069 Pen.

490 4149 628 4204 Ibid.
665 4143 914 4202 Σκυθῶν
949 4142 1069 4201 τῶν
1096 4141 1389 4212 Νομάδων
1420 4131 1920 4208 δεύτερον.Ἠὶδοε
1943 4145 1999 4190 et

431 4240 634 4296 Strabo
667 4238 975 4294 Germanos
1005 4243 1291 4306 comparat
1325 4234 1420 4290 lib.
1445 4250 1520 4288 vn
1558 4255 1570 4290 :
1604 4230 1797 4302 Τροφὴ
1822 4230 1867 4283 δ’
1891 4229 2000 4283 ἀπὸ

421 4328 533 4386 τ’ὦν
574 4331 908 4402 θρεμμάτων
940 4332 972 4401 ἡ
1010 4329 1260 4398 πλείστη,
1298 4325 1445 4381 καθά
1476 4343 1580 4381 που
1610 4327 1722 4388 τοῖς
1755 4318 1998 4392 Νομάσι,

422 4427 560 4481 ὥστ’
587 4426 829 4488 ἐκείνους
855 4419 1186 4494 μιμούμενοι
1232 4429 1342 4477 etc.

494 4590 638 4645 Ibid.
673 4588 743 4644 Ei
786 4583 973 4642 ταυτὸ
1020 4584 1297 4655 φρονοίη,
1329 4580 1427 4636 καὶ
1473 4582 1576 4651 ὑφ’
1618 4582 1710 4635 ἐνὶ
1755 4581 2001 4652 ἄρχοντι

427 4685 697 4753 ἡγεμόνι.
723 4679 928 4737 Encas
944 4679 1164 4750 Sylvius
1187 4679 1241 4731 in
1261 4675 1567 4739 Germania,
1590 4688 1713 4744 cap.
1734 4673 1836 4728 72:
1870 4672 1999 4728 Plu-

428 4777 693 4829 ratitatem
727 4774 1023 4843 principum
1082 4769 1381 4841 philosophi
1420 4769 1701 4822 abhorrent
1733 4781 1752 4820 :
1819 4782 1909 4820 vos
1939 4783 2002 4821 ea

428 4869 689 4939 gaudet-is.
720 4866 863 4920 Nam
883 4863 1123 4936 quamvis
1145 4863 1513 4931 imperatorem
1542 4869 1591 4914 et
1618 4874 1787 4930 regem
1819 4867 1871 4911 et
1902 4859 2001 4910 do-

428 4949 631 5013 minum
655 4968 885 5012 uestrum
913 4971 1024 5010 esse
1065 4952 1330 5024 fatemini,
1388 4950 1631 5029 precario
1691 4959 1866 5003 tamen
1913 4948 2004 5002 ille

429 5056 690 5121 imperare
713 5050 941 5113 videtur,
969 5046 1117 5101 nulla
1148 5046 1265 5116 ejus
1291 5045 1526 5114 potentia
1551 5050 1653 5098 est.
1700 5041 1934 5097 Tantum
1957 5040 2011 5094 ei

428 5144 625 5216 paretis
646 5151 902 5213 quantum
921 5140 1104 5207 sultis,
1129 5139 1284 5194 vultis
1302 5147 1481 5192 autem
1496 5135 1795 5191 minimum.
1817 5131 2006 5186 Liber-

431 5256 515 5294 tas
541 5238 785 5292 omnibus
813 5234 868 5288 in
889 5234 1153 5289 communi
1191 5232 1391 5301 placet,
1409 5243 1573 5296 neque
1621 5227 1884 5291 ciuitates,
1918 5240 2009 5279 ne—

427 5349 526 5401 que
562 5330 845 5400 principes,
870 5325 1011 5397 quod
1043 5341 1200 5379 suum
1248 5335 1326 5379 est
1371 5322 1678 5391 imperatori
1728 5319 1962 5390 prwbent
1987 5332 2007 5372 :

431 5424 584 5476 nulla
604 5422 686 5476 illi
705 5417 1004 5490 uectigalia,
1022 5415 1227 5470 nullum
1250 5416 1518 5468 wrarium.
1539 5412 1776 5481 Quisque
1797 5424 1907 5463 sua:
1933 5408 2009 5461 rei

433 5518 737 5571 moderator
764 5527 814 5570 et
844 5515 1044 5569 arbiter
1077 5528 1187 5566 esse
1215 5510 1345 5564 vult.
1380 5510 1514 5564 Hine
1553 5506 1831 5562 discordiae
1874 5507 2010 5558 inter

435 5625 522 5662 vos
550 5607 765 5666 crebrte.
799 5617 848 5661 et
877 5604 1095 5660 assidua
1132 5603 1266 5657 bella
1318 5612 1636 5671 grassantur
1666 5621 1684 5654 :
1718 5614 1784 5654 ea:
1819 5597 2007 5668 quibus

436 5700 941 5769 rapinw,in'cendia,
974 5699 1161 5760 etrdes,
1195 5706 1244 5751 et
1280 5695 1419 5749 mille
1452 5694 2009 5771 malorumqemergunt

435 5812 625 5864 genera
662 5794 1145 5862 :quentadmodum
1170 5793 1241 5845 ibi
1289 5791 1601 5844 intervenire
1652 5803 1858 5842 necesse
1911 5797 2008 5851 est,

437 5888 694 5946 ubiolura
712 5886 1049 5941 dominantur
1071 5883 1269 5938 canita.
1297 5881 1487 5938 Petrus
1530 5880 1594 5936 de
1630 5878 1807 5936 Audio
1861 5877 1957 5935 lib.
1994 5892 2011 5934 ι

2032 4631 2079 4689 D

2066 636 2402 707 niprincipes
2440 637 2769 703 imperatori,
2796 646 3050 707 tanquam
3086 635 3342 688 advocato
3379 632 3633 688 Ecclesia!

2066 729 2290 796 ﬁdeliter
2338 730 2665 790 assisterent.
2697 738 2851 797 prout
2904 727 3223 797 temporibus
3262 727 3497 795 antiquis
3519 741 3637 778 con-

2067 833 2362 888 sueverunt,
2408 823 2578 876 omnis
2611 823 2848 891 profecto
2878 831 3107 889 potestas
3136 818 3412 873 contraria
3438 819 3639 871 videre-

2070 926 2158 969 tur
2187 931 2370 984 parua.
2402 915 2546 968 Tunc
2579 932 2682 969 non
2712 914 2881 967 solum
2906 911 3131 971 Grazeia.
3161 912 3252 964 sed
3282 909 3547 980 :Egypttts
3586 918 3638 961 et

2068 1002 2320 1059 Chaldtea
2343 1003 2781 1066 contremisceret,
2818 1019 2879 1055 ac
2905 1003 3104 1055 ultimte
3126 1003 3356 1068 regiones
3413 997 3644 1053 Sarace-

2071 1112 2267 1149 norum
2293 1096 2637 1165 trepidarent.
2668 1093 3026 1148 Protendente
3044 1108 3223 1159 nempe
3240 1090 3421 1158 aquila
3446 1089 3647 1143 Roma-

2075 1204 2259 1241 norunt
2290 1188 2356 1241 ab
2393 1185 2607 1255 Europa
2635 1187 2750 1257 alas
2780 1204 2927 1247 suas,
2961 1200 3053 1238 nec
3077 1189 3365 1254 grgpltones
3387 1184 3528 1237 Asita
3558 1192 3649 1236 at-

2074 1297 2171 1350 que
2211 1281 2401 1349 Africo:
2434 1282 2569 1334 satis
2599 1290 2729 1333 tuta:
2759 1288 2933 1332 erunt.

2145 1410 2261 1467 Col.
2288 1408 2353 1465 77
2384 1411 2442 1467 ῐ).
2471 1409 2614 1467 Οὔτε
2635 1412 2806 1468 σείει.
2842 1411 2981 1467 Idem
3010 1412 3076 1465 de
3103 1408 3287 1465 Gallia
3307 1407 3498 1463 scribit
3532 1408 3648 1463 Pli-

2080 1505 2228 1559 niu‘s.
2249 1501 2431 1557 Terra:
2459 1510 2641 1557 motus
2659 1513 2838 1557 tamen
2875 1501 3141 1572 plurimos
3160 1499 3399 1555 Annales
3416 1497 3653 1553 subinde

2082 1597 2367 1662 adnatant,
2404 1597 2499 1650 sed
2529 1595 2788 1650 nimirum
2827 1594 3238 1663 frequentiores
3266 1604 3320 1649 et
3356 1593 3659 1648 vehemen-

2085 1689 2250 1744 tiores
2273 1689 2327 1744 in
2360 1689 2486 1743 Asia
2518 1698 2575 1743 et
2604 1688 2846 1756 Oriente,
2875 1689 2967 1744 ubi
3013 1687 3447 1745 eivitatesetiam
3509 1687 3653 1741 inte-

2088 1797 2212 1854 gras
2240 1790 2514 1838 evertunt.

2152 1916 2291 1973 Ibid.
2342 1918 2725 1973 Πολιτεύεται
2773 1921 2927 1973 κατὰ
2969 1919 3158 1974 ταῦτα
3215 1918 3533 1989 Ῥωμαίοις.
3575 1916 3665 1971 Ita

2081 2011 2403 2079 jamdudum
2434 2012 2697 2081 Agathias
2730 2012 2793 2069 de
2828 2010 3056 2066 Francis
3092 2029 3106 2066 :
3151 2012 3263 2064 Καὶ
3297 2010 3546 2078 πολιτείᾳ
3578 2010 3651 2071 ὡς

2081 2101 2151 2155 τὰ
2178 2099 2347 2153 πολλὰ
2372 2101 2612 2172 χρῶνται
2652 2099 2953 2173 Ῥωμαϊκῇ,
2980 2101 3074 2155 καὶ
3102 2102 3286 2171 νόμοις
3311 2102 3420 2161 τοῖς
3444 2101 3653 2162 αὐτοῖς.

2082 2192 2178 2245 καὶ
2201 2191 2269 2244 τὰ
2287 2191 2648 2260 ἄλλα-ὁμοιως
2669 2192 2812 2262 ἀμφὶ
2836 2209 2893 2245 τε
2918 2192 2985 2246 τὰ
3005 2208 3070 2246 συ
3080 2192 3309 2262 μῦόλαια
3331 2192 3425 2245 καὶ
3443 2191 3658 2260 γάμους

2084 2283 2179 2337 καὶ
2206 2283 2307 2355 τὴν
2327 2284 2422 2337 τοῦ
2454 2284 2600 2337 θείου
2620 2284 2918 2356 θεραπείαν
2949 2283 3284 2353 νομίζουσιν.
3310 2281 3372 2337 Et
3405 2288 3462 2336 ut
3492 2282 3663 2338 altius

2084 2384 2198 2425 rem
2223 2380 2557 2441 repetamus,
2592 2370 2787 2427 Florus
2817 2373 2914 2428 lib.
2957 2389 3032 2437 tv,
3065 2388 3186 2443 cap.
3221 2372 3288 2428 l2
3326 2390 3339 2426 :
3370 2370 3545 2427 Mores
3568 2387 3665 2427 ne-

2085 2471 2221 2518 stros
2251 2466 2419 2535 magis
2452 2482 2615 2536 quant
2640 2482 2795 2520 arma
2815 2469 2911 2521 sub
2934 2466 3249 2537 imperatore
3271 2466 3445 2521 Druso
3484 2483 3667 2522 σκιαί

2085 2564 2295 2624 perant.
2327 2553 2391 2610 Et
2429 2571 2557 2612 vere
2576 2570 2640 2612 ex
2666 2556 2947 2626 perpetuis
3006 2572 3131 2612 cum
3184 2557 3452 2612 Romanis
3498 2557 3656 2613 bellis

2086 2662 2320 2719 quaeque
2342 2647 2613 2703 accedunt
2672 2648 3062 2718 legationibus,
3086 2646 3411 2715 l'wleribus,
3445 2650 3574 2721 quin
3600 2660 3654 2705 et

2087 2741 2454 2803 commerciis,
2491 2740 2723 2795 multum
2751 2740 2988 2796 subinde
3019 2751 3075 2797 et
3098 2746 3165 2798 ad
3196 2743 3438 2814 linguam
3505 2752 3559 2799 et
3578 2744 3657 2798 vi-

2089 2838 2200 2886 tam
2221 2828 2478 2901 Germani
2517 2839 2824 2886 traxerunt.
2859 2830 3001 2898 Quid
3040 2833 3185 2903 quod
3212 2844 3267 2889 et
3315 2832 3571 2888 deductae
3603 2832 3671 2886 in.

2088 2931 2310 2978 nostras
2330 2937 2458 2979 oras
2483 2920 2860 2978 Romanorum
2895 2924 3148 2989 colonia,
3201 2933 3255 2980 et
3293 2940 3388 2995 per
3446 2938 3664 2980 connu-

2089 3013 2177 3070 bia
2202 3014 2401 3069 mistus
2419 3015 2670 3086 sanguis,
2725 3024 2781 3071 et
2832 3016 3104 3087 exportati
3156 3015 3385 3072 Romam
3434 3016 3673 3087 captivi,

2090 3107 2234 3163 servi
2264 3123 2282 3164 :
2311 3107 2583 3175 stipendia
2608 3108 2751 3179 apud
2779 3107 3061 3165 Romanos
3105 3108 3369 3165 facientes
3432 3109 3665 3171 milites.

2093 3199 2400 3271 principum
2434 3201 2718 3267 satellites,
2750 3216 3095 3257 communem
3147 3201 3436 3272 utriusque
3483 3200 3668 3270 gentis

2091 3292 2335 3362 linguam
2364 3293 2648 3364 vitamque
2678 3295 2946 3351 iecerunt.
2975 3292 3088 3350 Nec
3109 3295 3286 3350 solum
3311 3295 3364 3349 in
3392 3292 3669 3349 Romanis

2092 3383 2392 3455 provinciis
2446 3383 2703 3441 Germani
2759 3385 3028 3458 indigenis
3084 3385 3301 3441 misceri
3355 3395 3669 3455 creperum,

2093 3479 2190 3533 sed
2222 3492 2352 3534 vero
2385 3479 2439 3534 in
2465 3479 2583 3550 ipsa
2612 3477 2932 3545 Germania,
2975 3479 3284 3549 praesertim
3343 3478 3490 3533 circa
3522 3478 3675 3533 limi-

2098 3577 2201 3635 tes,
2223 3567 2453 3626 Romani
2485 3570 2692 3627 nostris
2720 3585 3042 3629 assuescere
3069 3570 3402 3626 didicerunt.
3423 3567 3579 3627 Unde
3608 3570 3673 3624 in

2098 3663 2489 3723 vetustissimis
2513 3662 2723 3733 legibus
2756 3663 2973 3733 patriis,
3030 3661 3211 3718 Salica
3276 3663 3361 3717 tit.
3391 3662 3484 3728 45,
3521 3661 3549 3731 §
3584 3662 3618 3717 7
3649 3680 3669 3719 :

2098 3754 2160 3811 Si
2187 3753 2463 3812 Romanus
2481 3757 2634 3810 homo
2660 3772 2954 3826 possessor,
2976 3757 3032 3811 id
3086 3766 3162 3814 est
3185 3757 3379 3828 quires
3417 3758 3473 3811 in
3528 3773 3671 3828 pago

2100 3847 2190 3902 ubi
2211 3858 2523 3916 commonet,
2551 3849 2795 3921 proprias
2833 3850 3087 3919 possidet,
3142 3849 3348 3905 occisus
3402 3849 3584 3919 fuerit,
3615 3849 3683 3903 is,

2097 3940 2188 4008 qui
2221 3956 2340 3996 eum
2368 3941 2623 3996 occidisse
2669 3943 3021 4015 convincitur,
3077 3958 3131 3998 tv
3192 3943 3316 3996 den.
3383 3939 3672 4008 culpabilis
3734 4006 3745 4015 ο

2094 4031 2390 4100 judicetur.
2416 4030 2478 4087 Si
2503 4034 2621 4103 quis
2655 4032 2951 4088 Romanum
3007 4034 3345 4088 tributariam
3392 4032 3671 4096 occiderit,

2102 4137 2237 4193 etc.,
2293 4135 2347 4182 et
2379 4126 2502 4184 aliis
2539 4128 2792 4199 passim:
2827 4127 2891 4183 Si
2910 4126 3178 4183 Romanus
3227 4128 3403 4191 homo,
3449 4134 3557 4180 etc.
3609 4122 3676 4178 Si

2108 4219 2345 4274 Francus
2372 4222 2550 4287 homo,
2573 4228 2681 4275 etc.
2708 4220 2918 4286 Quibus
2940 4221 3074 4291 ipsis
3105 4221 3161 4275 iu
3188 4219 3395 4290 legibus
3421 4232 3555 4274 sane
3579 4231 3678 4271 ve-

2104 4314 2447 4378 tustissimis,
2470 4323 2671 4385 printer
2693 4314 2836 4385 quod
2861 4312 3057 4369 Latino
3109 4320 3391 4383 utcunque
3414 4324 3675 4367 sermone

2105 4407 2319 4477 scripta:
2340 4416 2491 4474 sunt,
2527 4408 2811 4478 complura
2841 4409 3008 4464 etiam
3042 4406 3279 4464 subinde
3308 4405 3477 4460 veluti
3502 4404 3675 4459 vesti-

2104 4497 2192 4567 gia
2219 4499 2487 4554 etductus
2517 4513 2548 4553 a
2574 4496 3105 4554 Romanisderivata:
3126 4494 3356 4566 iustitia;
3372 4494 3675 4551 observare

2104 4590 2255 4647 licet.
2290 4591 2530 4649 Tandem
2563 4606 2755 4649 everso
2794 4601 2848 4647 et
2870 4590 3082 4659 direpto
3111 4604 3207 4660 per
3233 4588 3532 4645 Germanas
3572 4603 3678 4641 na-

2109 4685 2287 4741 tiones
2309 4685 2561 4755 imperio,
2577 4674 2763 4751 Gothi,
2778 4683 3147 4754 Langobardi,
3164 4680 3384 4745 Franci,
3398 4679 3680 4735 Romano-

2106 4793 2227 4833 rum
2262 4787 2318 4833 et
2353 4777 2589 4833 victores
2609 4785 2664 4833 et
2678 4791 3056 4840 successores,
3100 4788 3283 4830 mores
3332 4770 3552 4844 quoque
3582 4787 3683 4826 eo-

2106 4887 2252 4936 rum,
2288 4871 2444 4937 ritus,
2472 4870 2850 4936 caaremonias,
2874 4869 3161 4931 formulas,
3219 4877 3275 4923 et
3305 4867 3382 4921 nil
3413 4858 3521 4921 non
3573 4865 3683 4920 sibi

2106 4960 2631 5034 assumpserunt.Et
2658 4971 2778 5031 post
2802 4962 2904 5017 hos
2928 4960 3045 5016 veri
3076 4958 3154 5014 illi
3195 4956 3477 5022 Germani,
3510 4956 3681 5011 Suevi

2107 5054 2334 5124 inquam
2373 5064 2429 5108 et
2474 5053 2746 5119 Saxones,
2779 5067 2903 5108 cum
2934 5066 3090 5122 reges
3123 5057 3178 5105 et
3198 5049 3443 5105 Caesares
3481 5048 3686 5102 Roma-

2108 5162 2303 5203 norum
2335 5145 2609 5210 audirent,
2637 5155 2872 5201 veterem
2905 5143 3048 5198 illam
3104 5142 3369 5198 Latialem
3426 5141 3687 5212 majesta-

2109 5248 2217 5293 tem
2249 5248 2305 5293 et
2338 5239 2670 5292 cothurnum
2703 5236 2851 5291 omni
2888 5236 3073 5291 studio
3124 5234 3452 5291 aﬂ'ectabant
3478 5251 3494 5289 :
3525 5243 3584 5287 ut
3610 5231 3684 5299 de

2109 5329 2326 5386 Othone
2355 5329 2425 5384 lli
2460 5330 2596 5399 imp.
2630 5326 2911 5383 Ditmarus
2954 5328 3147 5383 scribit
3167 5327 3267 5382 lib.
3305 5342 3381 5390 tv,
3429 5324 3688 5395 antiquas

2111 5417 2538 5500 consuetudines
2567 5415 2935 5470 Romanorum
2998 5416 3107 5486 jam
3156 5430 3225 5471 ex
3283 5424 3440 5485 parte
3486 5429 3686 5485 magna

2112 5510 2320 5565 deletas
2351 5521 2727 5576 revocantem,
2765 5508 3027 5579 pleraque
3069 5506 3136 5563 ad
3200 5517 3444 5563 veterum
3480 5507 3689 5580 princi-

2114 5618 2242 5673 pum
2277 5601 2635 5655 imitationem
2668 5592 2860 5655 l'e'cisse
2892 5617 2907 5654 :
2951 5600 3085 5656 adeo
3118 5608 3177 5655 ut
3228 5600 3392 5655 etiam
3423 5599 3490 5655 ad
3520 5615 3684 5656 men-

2115 5711 2232 5749 sam
2273 5697 2323 5747 in
2361 5686 2766 5747 scruicircdlnm
2809 5691 3101 5747 formatam
3132 5690 3317 5761 (quam
3370 5689 3554 5762 Sigma
3579 5706 3681 5747 ve-

2116 5796 2258 5841 teres
2296 5785 2582 5852 vocabant)
2604 5795 2659 5839 et
2692 5784 2924 5839 editiore
2962 5784 3081 5838 loco
3117 5783 3347 5853 positam
3421 5782 3572 5838 solus
3598 5798 3689 5839 se-

2116 5876 2287 5934 deret.
2320 5874 2506 5939 Ναιυο
2534 5875 2636 5930 alia
2658 5887 2824 5930 causa
2852 5872 3094 5938 linguam
3127 5871 3292 5926 etiam
3347 5869 3597 5926 Latinam
3623 5868 3681 5926 in
