4126 6460
457 419 565 480 διδ
1960 424 2052 483 N0

2155 423 2205 487 Ξ.
3592 412 3700 480 566

457 529 714 584 omnibus
748 511 983 598 publicis
1006 528 1221 586 actibus
1247 536 1300 583 et
1330 530 1635 587 tabularum
1655 533 2024 592 monumentis
2055 547 2100 595 Α
2129 550 2327 605 quoque
2356 550 2418 588 ac
2440 533 2929 602 Galli,extremiquc
2969 530 3242 584 mirantur
3280 526 3533 597 Hispani,
3585 514 3717 582 eos-~

461 620 872 676 conscribendis
904 621 1079 675 nostri
1120 620 1367 678 Caesares
1426 638 1523 693 per
1572 624 1785 693 aliquot
1835 626 2035 680 sarcula
2134 643 2231 697 que
2254 642 2482 696 persape
2509 627 2802 696 requirunt,
2854 632 2905 678 et
2953 638 3134 677 eorum
3185 636 3342 691 opera
3400 616 3707 690 longissime

460 712 715 781 religiose
748 722 1198 768 conservat-unt:
1230 715 1450 786 etleges
1482 716 1707 772 tandem
1756 717 2038 771 Romanas

460 804 830 862 alustiniano
876 805 1216 876 compositas
1256 808 1310 861 in
1361 807 1587 865 scholas
1626 817 1684 863 et
1742 808 2035 865 tribunalia

454 898 796 953 induxerunt
833 913 848 952 :
887 912 985 953 ceu
1042 906 1339 970 utrumque
1393 900 1766 956 certissimum
1835 891 2040 955 ueteris

456 990 608 1044 illius
634 988 1002 1044 Romanitatis
1023 990 1263 1059 signum,
1284 1000 1338 1046 et
1360 993 1561 1049 stantis
1606 993 1786 1048 adhuc
1821 994 2040 1064 impelii

459 1091 870 1151 argumentum.
906 1079 1243 1153 Sigismundi
1278 1091 1426 1137 certe
1450 1092 1717 1153 tempore,
1764 1100 1876 1154 quo
1933 1085 2038 1139 ista

461 1171 733 1226 Laonicns
766 1171 1014 1242 scripsit,
1043 1169 1341 1229 Germania
1392 1176 1550 1229 miris
1579 1177 1756 1231 modis
1813 1176 2035 1231 exculta

464 1265 637 1319 nihilo
672 1264 844 1319 Italian
874 1263 1122 1332 cedebat,
1153 1268 1571 1337 συμφερόμενος
1594 1269 1679 1336 (ιιι
1700 1270 1819 1339 ipse
1850 1269 2033 1339 loqui-

469 1358 573 1424 tur)
604 1358 672 1409 τὰ
702 1356 838 1409 ἄλλα
879 1356 1200 1426 Ῥωμαιοις.
1229 1359 1387 1414 Addo
1414 1370 1470 1415 et
1497 1360 1704 1416 Graecis
1762 1361 1920 1429 ipsis,
1954 1372 2037 1415 to-

474 1460 648 1505 otante
672 1448 788 1518 jam
846 1460 962 1504 tum
991 1448 1225 1520 Agatltia
1255 1469 1274 1508 :
1306 1453 1531 1523 Ἔχουσι
1559 1453 1619 1508 δὲ
1649 1454 1744 1507 καὶ
1768 1455 2043 1525 ἄρχοντας

472 1546 530 1595 ἐν
555 1545 672 1605 ταῖς
703 1544 899 1597 πόλεσι
927 1583 943 1609 ,
982 1547 1078 1600 καὶ
1110 1548 1300 1617 ἱεραῖς,
1331 1548 1426 1600 καὶ
1456 1551 1557 1609 τὰς
1602 1547 1796 1618 ἑορτὰς
1838 1548 2042 1616 ὁμοίως

472 1638 604 1705 ἡμῖν
633 1636 969 1694 ἐπιτελοῦσι.
1006 1640 1120 1693 Καὶ
1150 1640 1226 1703 ὡς
1278 1642 1338 1694 ὲν
1369 1639 1638 1712 βαρϐάρῳ
1667 1640 1815 1708 γένει
1844 1640 2043 1711 ἔμοιγε

470 1730 689 1786 δοκοῦσι
727 1733 933 1804 σφόδρα
979 1728 1121 1787 εἶναι
1167 1735 1389 1803 κόσμιοί
1424 1750 1485 1786 τι
1538 1735 1633 1787 καὶ
1669 1734 2037 1787 ἀστειότατοι.

2139 720 2437 773 mittuntur.
2495 717 2827 788 Extollitque
2859 716 3140 771 Albertum
3194 713 3483 777 Durerum,
3529 712 3708 784 picto-

2140 827 2255 866 rem
2298 811 2806 881 incompatabilem,
2843 809 3111 866 Joannem
3141 807 3526 863 Neuscltelium
3550 845 3568 872 ,
3622 815 3713 863 tu.

2146 904 2337 961 barum
2373 904 2775 974 exsculptorem
2802 905 3004 974 pariter
3041 912 3096 957 et
3129 900 3463 965 inﬂatoretn,
3487 899 3709 955 Petrum

2141 995 2486 1062 Fischerum,
2534 996 2776 1052 lusorem
2831 1004 2887 1051 et
2967 995 3273 1050 calatorem
3342 989 3709 1058 metallorum,

2150 1085 2458 1140 Erhardum
2493 1087 2750 1142 Ertslaub
2788 1096 2843 1142 et
2872 1085 3004 1141 Hele
3031 1086 3312 1156 horologia
3348 1085 3705 1150 fabricamus;

2147 1178 2242 1230 sed
2275 1177 2527 1231 omittcre
2556 1193 2663 1234 non
2693 1193 2916 1247 possunt
2948 1179 3253 1247 elegantem
3314 1176 3490 1232 locum
3548 1173 3716 1230 nobi-

2144 1268 2342 1324 lissimi
2400 1277 2570 1337 poetas
2631 1268 2795 1336 Galli,
2875 1268 3127 1324 Gulielmi
3188 1268 3432 1324 Sallustii
3484 1263 3715 1324 Bartasil

2145 1359 2241 1413 lib.
2276 1374 2328 1413 νι
2361 1358 2720 1414 Ilebdomadis
2748 1373 2767 1413 :

2712 1525 2780 1535 -
2815 1494 2928 1560 Que
2954 1495 3187 1566 diray-je
3218 1495 3282 1548 de
3307 1495 3481 1564 l‘oigle

2220 1566 2363 1621 Dont
2380 1584 2450 1621 un
2480 1567 2630 1621 docte
2647 1567 2888 1620 Alemant
2921 1564 3125 1621 honora
3151 1577 3326 1621 nostra
3345 1564 3542 1619 siet-le?

2220 1637 2371 1708 Aigle
2400 1638 2488 1705 qui
2517 1637 2818 1706 deslogeant
2844 1637 2908 1708 de
2942 1635 2996 1690 la
3025 1639 3329 1691 maistresse
3358 1637 3502 1689 main

2222 1706 2345 1763 Alta
2379 1710 2490 1762 loin
2511 1725 2581 1762 au
2607 1709 2797 1761 devant
2826 1706 2951 1760 d'un
2980 1723 3256 1778 empereur
3287 1707 3522 1778 germain
3544 1720 3565 1760 :

2222 1778 2293 1832 Et
2330 1778 2532 1848 l‘ayant
2562 1780 2836 1833 rencontre
2854 1777 3082 1831 soudain
3109 1777 3265 1831 d’une
3283 1777 3423 1848 aislc
3444 1784 3654 1833 accorte

473 1822 646 1878 Οὐδέν
685 1841 743 1878 τι
775 1825 921 1896 ἔχειν
951 1825 1013 1880 τὸ
1044 1824 1359 1881 διαλλάττον
1388 1826 1422 1894 ἢ
1463 1826 1625 1896 μόνον
1665 1825 1727 1880 τὺ
1765 1826 2043 1897 Βαρσαριο

2218 1822 2293 1931 ξς-
2311 1822 3141 1931 tangunt:leisiiivit'jusqu’au:
3155 1822 3475 1931 sciit-«12774;
3485 1822 3633 1931 parte

486 1916 582 1968 κὸν
604 1916 703 1987 τῆς
746 1918 963 1987 στολῆς,
1025 1919 1123 1973 καὶ
1163 1919 1226 1972 τὸ
1270 1919 1370 1989 τῆς
1400 1918 1586 1989 φωνῆς
1619 1918 1844 1984 ἰδιάζον.
1877 1921 2046 1987 Ἀγα-

476 2026 581 2075 ttat
613 2009 716 2080 γὰρ
739 2008 938 2074 αὐτοὺς
971 2010 1052 2073 εις
1085 2010 1155 2063 τὰ
1193 2011 1429 2080 μάλιστα
1461 2011 1661 2079 ἔγωγε,
1707 2010 1819 2064 τῶν
1857 2028 1915 2064 τε
1946 2012 2047 2066 ἁλ-

471 2100 582 2153 λων
613 2096 689 2157 ὧν
717 2101 933 2172 ἔχουσιν
961 2102 1209 2170 ἀγαθῶν,
1249 2104 1346 2157 καὶ
1378 2104 1477 2173 τῆς
1530 2106 1590 2166 ις
1645 2103 1917 2173 ἀλλήλους
1965 2105 2049 2156 δι-

471 2192 770 2264 καιοσύνης
799 2210 861 2247 τε
904 2196 999 2248 καὶ
1027 2196 1303 2263 ὁμονοίας.

541 2326 658 2383 Col.
684 2329 751 2383 77
775 2329 838 2385 D.
864 2332 1235 2400 Μονομαχία.
1264 2329 1500 2387 Velleius
1523 2331 1841 2387 Paterculus
1865 2332 1961 2387 lib.
1986 2348 2048 2397 tt,

468 2419 567 2473 ubi
596 2420 663 2473 de
690 2416 958 2485 Quintilio
1004 2436 1033 2476 a
1064 2423 1354 2479 Germanis
1386 2440 1550 2490 caeso,
1605 2436 1792 2478 narrat
1836 2440 1931 2478 eos
1968 2426 2048 2479 si-

474 2514 676 2579 mulate
704 2514 883 2584 egisse
912 2516 1137 2586 gratias,
1171 2518 1309 2587 quod
1355 2516 1471 2571 lites
1531 2520 1759 2587 ipsorum
1811 2517 2052 2572 Romana

466 2606 685 2672 justitia
706 2608 907 2675 ﬁniret,
944 2609 1234 2679 feritasque
1256 2625 1356 2663 sua
1380 2610 1610 2663 nouitate
1655 2609 1933 2680 incognita:
1965 2611 2051 2663 di—

414 2706 415 2709 ‘
470 2696 708 2764 sciplinte
776 2700 1094 2764 mitesceret,
1133 2709 1184 2755 et
1240 2703 1404 2755 solita
1436 2702 1600 2754 armis
1659 2700 1890 2754 discerni
1940 2701 2051 2770 (in—

472 2791 748 2861 qnit)jure
779 2797 1217 2850 terminarentur.
1290 2792 1536 2864 ldipsum
1597 2803 1824 2864 apparet
1862 2795 1915 2848 in
1958 2810 2053 2849 ve-

474 2886 576 2937 teri
631 2886 753 2956 lege
789 2886 1204 2952 Alemanorum,
1265 2888 1351 2943 tit.
1391 2888 1481 2947 Η.
1542 2887 1625 2958 ςι
1669 2906 1686 2944 :
1730 2888 1915 2944 Liceat
1972 2888 2053 2943 illi

472 2978 568 3033 alii
605 2980 691 3031 cui
723 2978 921 3032 crimen
980 2980 1253 3046 imposuit,
1301 2998 1418 3036 cum
1467 2981 1638 3051 spada
1687 2997 1741 3035 se
1802 2983 2053 3035 idoneare

472 3078 658 3125 contra
685 3069 838 3122 illum
878 3070 1068 3123 alium.
1101 3071 1166 3125 Et
1201 3072 1283 3125 tit.
1319 3071 1406 3133 56,
1443 3070 1470 3143 §
1514 3072 1538 3126 1
1573 3087 1588 3124 :
1628 3070 1896 3142 Sequatur
1933 3088 2052 3124 eum

474 3172 810 3217 sacramento
836 3178 950 3216 cum
976 3163 1265 3219 nominatis
1297 3182 1377 3229 v.,
1418 3175 1511 3218 aut
1541 3181 1658 3218 cum
1704 3166 1872 3235 spado
1908 3175 2052 3220 truta

476 3270 649 3323 pugna
681 3253 948 3306 duorum:
971 3253 1021 3306 si
1044 3264 1212 3323 potest
1258 3256 1530 3324 acquirere
1586 3265 1679 3309 aut
1719 3272 1814 3325 per
1867 3273 2054 3312 sacra-

478 3354 708 3400 mentum
736 3353 830 3398 aut
851 3360 946 3414 per
975 3361 1229 3415 pugnam,
1274 3346 1371 3400 illa
1403 3347 1629 3413 pecunia
1675 3356 1795 3416 post
1830 3358 2051 3401 mortem

485 3438 712 3491 mulieris
740 3446 882 3491 retro
915 3453 1182 3506 nunquam
1214 3446 1528 3499 revertatur.
1573 3438 1881 3493 Pra-scrlim
1917 3455 2053 3510 vero

488 3526 573 3580 tit.
607 3527 689 3592 84,
722 3528 955 3594 Quando
986 3529 1166 3597 parati
1211 3539 1334 3583 sunt
1385 3528 1452 3583 ad
1486 3546 1737 3600 pugnam,
1796 3540 1916 3583 tunc
1961 3546 2055 3597 po-

488 3626 615 3671 nunt
639 3620 803 3690 ipsam
833 3631 1032 3674 terram
1052 3622 1110 3675 in
1146 3623 1340 3687 media,
1363 3631 1413 3675 ct
1443 3630 1664 3689 tangant
1704 3620 1871 3684 ipsam
1930 3636 2054 3673 cum

481 3712 672 3779 spathis
700 3715 830 3776 suis,
868 3730 987 3767 cum
1017 3712 1205 3782 quibus
1237 3729 1472 3783 pugnare
1523 3712 1708 3767 debent
1740 3728 1758 3767 :
1809 3722 1856 3764 et
1914 3712 2058 3765 testi-

475 3804 696 3873 ,‘icentur
718 3804 890 3858 Deum
924 3815 1236 3868 creatorem,
1269 3814 1325 3857 ut
1360 3804 1513 3874 cujus
1543 3805 1610 3859 sit
1624 3793 1859 3874 jttstitia,
1891 3803 2055 3870 ipsius

474 3896 546 3950 sit
569 3905 620 3950 et
648 3912 823 3967 pugna
845 3906 892 3949 ct
917 3896 1162 3951 uictoria.
1209 3897 1390 3951 Donec
1446 3896 1550 3950 hoc
1602 3893 1948 3966 probationis
2000 3902 2055 3947 et

474 3990 818 4060 purgationis
840 4004 1015 4061 genus
1046 4004 1144 4058 per
1183 3987 1451 4054 duellum,
1516 3997 1627 4042 tam
1689 3989 1947 4055 frequens
1996 3987 2061 4040 in.

477 4082 933 4151 Longobardicis,
968 4081 1270 4147 Francicis,
1310 4081 1604 4138 Saxonicis
1662 4080 1898 4152 legibus,
1959 4094 2056 4149 per

477 4188 716 4230 canones
751 4173 1029 4229 sublatum
1064 4173 1209 4239 fuit;
1257 4174 1330 4228 ita
1368 4183 1424 4229 et
1474 4189 1573 4243 per
1634 4172 2059 4228 constitutiones

480 4270 785 4340 principum
824 4268 985 4323 ludus
1020 4266 1400 4340 gladiatorius.
1455 4267 1613 4337 Quod
1662 4283 1787 4324 cum
1848 4266 2054 4321 dudum

479 4372 603 4416 ante
631 4361 857 4416 Laonici
888 4361 1064 4416 nostri
1099 4376 1274 4416 aevum
1310 4359 1515 4416 factum
1566 4359 1756 4426 luerit,
1799 4359 2057 4415 existimo

478 4470 603 4507 eum
640 4453 890 4508 ltocloco
931 4453 1116 4518 potius
1174 4452 1243 4507 de
1270 4454 1673 4510 exercitatione
1732 4452 1827 4507 illa
1884 4450 2059 4521 loqui,

480 4561 590 4615 quo
625 4544 903 4601 Germana
933 4545 1105 4615 pubes
1157 4544 1372 4601 festivis
1400 4545 1622 4611 diebus,
1649 4560 1745 4614 per
1784 4543 1939 4598 varia
1965 4557 2058 4597 ar-

484 4648 713 4693 maturae
743 4652 966 4707 genera,
1000 4638 1211 4701 hastas.
1250 4653 1417 4709 gaesa,
1447 4653 1607 4694 enses
1659 4645 1909 4698 retusos,
1957 4649 2062 4703 puu

397 4802 401 4805 _
487 4732 779 4802 giunculos
811 4729 1043 4801 ligneos,
1100 4731 1324 4802 publico
1377 4730 1690 4800 spectaculo
1753 4726 2062 4785 inserviens

489 4833 689 4894 (neque
721 4839 787 4879 eo
816 4838 1034 4896 semper
1065 4824 1314 4895 innoxio)
1367 4827 1632 4880 decertat.
1684 4820 1741 4877 In
1771 4837 1876 4892 qua
1908 4830 2065 4875 vetus

486 4916 619 4972 illud
652 4917 1049 4988 propemodum
1095 4931 1461 4988 recognoscas
1501 4915 1680 4970 Taciti
1732 4915 1787 4970 in
1843 4911 2065 4968 Germa-

484 5019 574 5065 nia
606 5006 986 5064 :Exercitatio
1035 5020 1202 5064 artem
1249 5019 1429 5079 parat,
1466 5025 1555 5063 ars
1616 5010 1878 5062 decorem.
1941 5001 2070 5056 Non

487 5103 541 5154 in
573 5111 830 5171 quantum
863 5118 1040 5155 tamen
1064 5113 1110 5157 et
1157 5102 1484 5156 mercedem:
1535 5100 1775 5171 quamvis
1842 5096 2064 5152 audacis

490 5192 716 5247 lascivire
753 5194 980 5261 pretium
1006 5203 1085 5247 est
1122 5195 1362 5264 voluptas
1382 5195 1756 5263 spectantium.

555 5329 701 5384 ibid.
740 5327 1104 5393 Δεξιώτατον
1155 5329 1226 5396 ἔς
1272 5344 1338 5383 te
1382 5331 1686 5399 μηχανάς.
1748 5329 1805 5386 ln
1856 5333 2067 5388 machi-

489 5423 575 5479 nis
629 5422 975 5492 omnigenis,
1033 5422 1364 5483 autumatis,
1417 5421 1716 5492 grapltide,
1764 5423 2067 5492 cmiatura,

2230 1920 2313 1971 Du
2346 1919 2451 1988 fort
2486 1918 2917 1987 Norembergeois
2940 1932 2959 1971 :
2993 1934 3090 1988 que
3126 1918 3197 1972 les
3228 1920 3408 1986 piliers
3439 1918 3616 1983 dares,

2225 1990 2321 2044 Les
2348 1991 2571 2056 tapisscs
2605 1989 2859 2051 chemins,
2904 1988 2976 2041 les
2998 2003 3116 2041 ares
3150 1988 3446 2053 elabourés,

2218 2059 2319 2129 Les
2347 2060 2681 2129 faudroyans
2713 2074 2936 2116 canens.
2966 2059 3022 2111 ni
3054 2059 3376 2123 lajeunesse
3403 2057 3588 2113 isnelle

2224 2128 2299 2183 Ni
2328 2129 2377 2183 le
2402 2127 2567 2184 clienti
2597 2128 3155 2191 senatln’ltonoraient
3205 2138 3321 2183 tant
3358 2144 3560 2182 contine
3605 2127 3724 2185 clle.

2220 2261 2395 2336 Cujus
2431 2264 2680 2320 miraculi
2729 2263 2924 2320 Petrus
2955 2265 3120 2320 etiam
3159 2264 3374 2320 Ramus
3426 2263 3480 2318 in
3534 2264 3728 2335 praela-

2155 2363 2303 2418 tione
2348 2360 2472 2416 libri
2508 2376 2548 2416 ιι
2607 2362 2977 2416 Mathematie.
3015 2360 3286 2428 meminit,
3335 2360 3497 2431 idque
3528 2359 3727 2417 Joanni

2152 2455 2220 2509 de
2251 2452 2433 2509 Monte
2466 2452 2638 2526 [legio
2671 2454 2944 2508 attribuit.

2222 2545 2342 2601 Col.
2376 2546 2442 2601 77
2468 2546 2532 2599 ι).
2560 2543 2865 2614 Πολεμικὰ
2890 2544 3052 2615 ἔργα.
3086 2541 3227 2610 Quid
3262 2541 3492 2597 Romani
3530 2542 3730 2597 arietes

2154 2635 2533 2705 machinaeque
2558 2649 2753 2691 omnes
2784 2636 3171 2705 poliorcelicte,
3200 2645 3292 2688 aut
3321 2632 3484 2687 etiam
3515 2633 3730 2687 Graeco-

2153 2743 2276 2782 rum
2299 2728 2387 2783 ille
2419 2729 2562 2799 ignis
2598 2729 2848 2784 marinus
2875 2729 2990 2798 (qui
3032 2726 3373 2783 Chelandrite
3429 2725 3568 2796 apud
3629 2724 3731 2779 zn'.

2155 2834 2346 2874 naram
2375 2828 2430 2873 et
2455 2818 2702 2874 Nicetam
2729 2825 3003 2890 vocatur),
3032 2818 3098 2873 ad
3128 2817 3524 2875 Germanorum
3551 2814 3731 2870 fulmi-

2154 2927 2261 2965 nea
2298 2920 2569 2966 tormenta
2599 2912 2689 2967 illa
2716 2912 2869 2984 pyrio
2898 2912 3125 2982 pulvere
3158 2909 3423 2979 displosa,
3452 2923 3733 2963 murorum

2157 3005 2506 3072 turriumque
2586 3014 2797 3074 pestem
2880 3001 3295 3059 certissimam?
3373 2999 3448 3056 De
3532 3001 3733 3070 quibus

2159 3096 2364 3152 Aineas
2422 3096 2642 3168 Sylvius
2685 3099 2740 3152 in
2792 3097 3103 3161 Germania,
3149 3111 3270 3165 cap.
3321 3094 3431 3149 67:
3503 3092 3734 3147 Rideant

2082 3207 2128 3272 ο
2160 3206 2364 3245 necesse
2389 3200 2466 3245 est
2500 3191 2732 3262 reliquas
2783 3206 3054 3245 armorum
3083 3189 3316 3259 oﬂicinas
3337 3228 3351 3250 ,
3384 3187 3473 3258 qui
3522 3183 3735 3255 publica

2160 3280 2571 3337 Teutonicorum
2606 3283 3030 3337 armamentaria
3060 3280 3273 3337 viderit.
3337 3278 3428 3333 Tot
3459 3278 3530 3332 itri
3568 3277 3735 3347 majo-

2165 3390 2247 3427 res
2272 3373 2504 3435 balistis,
2532 3384 2609 3430 tot
2641 3375 2959 3445 catapultae,
2994 3383 3070 3427 tot
3112 3373 3326 3436 arietes,
3388 3381 3465 3425 tot
3510 3369 3737 3423 insolita

2162 3473 2549 3543 magnitudinis
2581 3487 2729 3527 teneo
2777 3479 3041 3526 tormenta
3076 3469 3341 3531 uisuntur,
3386 3482 3503 3537 qua:
3554 3471 3738 3519 vocant

2163 3562 2494 3616 Bombardas
2518 3580 2537 3618 :
2556 3580 2781 3633 quorum
2814 3571 2865 3617 et
2886 3562 2988 3631 ipsi
3014 3559 3272 3614 Teutones
3306 3569 3595 3626 repertores
3645 3555 3738 3607 Ita-

2162 3657 2368 3711 bentur.
2400 3654 2670 3711 Huttenus
2706 3656 2761 3711 in
2798 3655 3031 3725 eleganti
3063 3651 3259 3722 ldyllio
3290 3650 3366 3705 De
3419 3663 3524 3703 non
3581 3648 3737 3715 dege-

2162 3750 2282 3804 neri
2311 3748 2607 3804 Germania
2633 3764 2650 3802 :

2242 3882 2384 3936 Nam
2406 3900 2522 3952 qute
2545 3884 2775 3938 sidereas
2804 3883 3000 3939 vocalis
3035 3883 3280 3937 machina
3307 3890 3480 3936 turres

2236 3955 2450 4017 Dejicit.
2473 3971 2537 4008 ac
2559 3955 2764 4008 solidas
2796 3954 3030 4025 impulsu
3057 3953 3285 4025 concutit
3305 3968 3453 4004 arces

2237 4026 2532 4096 tllgeniaque
2559 4042 2623 4079 ac
2662 4027 2862 4095 spissos
2897 4034 3106 4096 aggesto
3135 4024 3361 4096 pondere
3392 4038 3570 4076 muros

2240 4094 2611 4164 Equat’agris
2634 4132 2648 4154 .
2671 4094 3191 4165 sternitque'domos,
3218 4105 3267 4151 et
3297 4094 3522 4148 destruit
3550 4096 3738 4161 urbes;

2238 4165 2446 4220 Prodiit
2482 4182 2515 4220 a
2547 4165 2717 4223 nobis.
3100 4194 3107 4199 -

2247 4302 2372 4358 llaec
2411 4303 2647 4374 eleganti
2697 4318 2835 4360 voce
2866 4303 3192 4373 τηλεδόλους
3239 4313 3293 4357 et
3325 4301 3745 4373 τηλεὸολεὰκους

2171 4395 2443 4457 nominat,
2479 4410 2588 4466 qua
2654 4397 2820 4451 etiam
2856 4392 3111 4451 Lasraris
3174 4394 3387 4450 utitur:
3443 4409 3746 4464 eorumque

2174 4486 2547 4541 inventionem
2579 4486 2870 4542 Germanis
2911 4486 3110 4540 tribuit
3145 4484 3458 4549 Laonicus,
3493 4484 3639 4553 quod
3691 4497 3747 4539 et

2093 4621 2138 4677 Β
2168 4578 2416 4647 pluribus
2438 4581 2638 4648 repetit
2663 4579 2769 4633 lib.
2807 4594 2861 4639 ν.
2905 4575 2979 4632 lol
3014 4577 3141 4631 579.
3167 4574 3333 4629 Plura
3389 4574 3459 4629 de
3490 4572 3744 4627 bombar-

2168 4671 2528 4742 disPolydor.
2558 4671 2831 4740 Vergilius
2875 4668 2973 4724 lib.
3002 4683 3067 4736 ιι,
3113 4681 3234 4737 cap.
3279 4666 3367 4730 il,
3427 4673 3484 4722 et
3528 4666 3622 4723 lib.
3662 4681 3743 4730 ιιι,

2165 4762 2339 4828 ε.18;
2376 4762 2603 4819 Gubert.
2642 4762 2912 4818 Costanus
2962 4760 3016 4815 in
3074 4755 3418 4830 Polyhistore
3467 4774 3591 4829 cap.
3641 4758 3743 4822 95;

2167 4853 2564 4924 Wimpbeling,
2630 4853 2687 4907 in
2735 4850 2980 4923 Epitome
3043 4850 3319 4919 Comum,
3360 4865 3482 4922 cap.
3542 4850 3633 4915 64,
3693 4858 3748 4903 et

2167 4945 2432 5002 Munsler.
2460 4944 2843 5014 Cosmograplt.
2872 4944 2966 4998 lib.
2999 4959 3080 4998 ιιι.

2247 5043 2387 5097 Ibid.
2438 5042 2538 5106 Ἐς
2584 5038 2787 5105 πάσας
2840 5036 2948 5104 τὰς
2997 5038 3213 5107 τέχνας
3267 5036 3590 5107 εὐδοκιμεῖ.
3625 5035 3747 5089 Alio

2171 5146 2378 5192 mutata
2433 5151 2462 5190 a
2514 5134 2685 5188 veteri
2744 5133 2833 5186 illa
2893 5133 3128 5204 rudique
3181 5132 3475 5189 Germania
3519 5148 3533 5186 :
3590 5129 3747 5185 facile

2169 5243 2232 5287 ut
2264 5238 2522 5300 appareat
2553 5228 2718 5299 (quod
2764 5224 2978 5280 Tullius
3022 5240 3077 5278 tv
3130 5223 3349 5279 Tuscul.
3389 5224 3455 5278 de
3481 5223 3595 5279 suis
3649 5221 3747 5276 ho-

2172 5324 2412 5377 minibus
2434 5319 2535 5390 ait)
2571 5329 2789 5372 nostros
2826 5315 3010 5371 omnia
3047 5315 3311 5386 consequi
3345 5314 3607 5384 potuisse,
3667 5312 3745 5365 si-

2173 5413 2287 5467 mul
2319 5425 2377 5466 ut
2407 5412 2545 5465 velle
2581 5407 2900 5479 cepissent.
2960 5405 3036 5461 De
3090 5407 3335 5462 omnium
3382 5402 3747 5459 solertissituo

491 5515 713 5584 ingenio
745 5526 799 5569 et
835 5514 1104 5569 felicitate
1165 5513 1461 5570 Germania
1512 5524 1743 5570 cmteras
1815 5517 2052 5572 natione:

2174 5513 2229 5560 et
2250 5503 2546 5559 utilissimo
2576 5502 2800 5556 invento
2845 5498 3222 5570 typOgrapltiae
3278 5496 3550 5552 Laonicus
3599 5511 3751 5549 men-

490 5606 773 5676 pracellit,
797 5617 853 5661 et
882 5607 937 5659 in
959 5620 1022 5660 ea
1074 5616 1301 5660 caeteras
1333 5604 1496 5659 urbes
1529 5604 1855 5674 Noriberga,
1912 5605 2074 5660 indu-

493 5701 696 5754 strioso
725 5696 924 5769 populo
949 5697 1079 5753 faeta
1106 5694 1370 5767 (utsupra
1415 5712 1480 5752 ex
1515 5696 1687 5751 Enen
1714 5696 1898 5768 Sylvio
1936 5698 2073 5752 rela-

491 5792 632 5855 tum)
691 5801 746 5845 et
798 5789 1140 5859 ingeniorum
1208 5805 1433 5860 parens.
1496 5789 1771 5857 Artiﬁcum
1801 5790 1855 5842 in
1886 5806 1945 5843 eo
1992 5790 2076 5842 in-

2177 5600 2382 5652 tionem
2417 5594 2599 5649 facere
2623 5609 2734 5647 non
2763 5594 2964 5663 potuit,
2998 5591 3147 5663 quod
3200 5598 3323 5661 post
3348 5589 3467 5660 ejus
3526 5588 3745 5643 demum

2177 5699 2393 5746 aetatem
2423 5688 2527 5742 sub
2576 5685 2841 5741 Friderici
2881 5683 2946 5740 Ill
2978 5685 3209 5753 imperio
3259 5690 3450 5737 natum
3503 5692 3630 5746 est,
3692 5689 3752 5734 ut

2180 5781 2460 5839 adnotavit
2496 5778 2887 5849 Wimplteliug.
2910 5777 2963 5830 in
2996 5770 3143 5845 Epit.
3200 5775 3455 5832 German.
3488 5792 3606 5847 cap.
3659 5775 3749 5837 65,

507 5885 677 5953 genia,
732 5884 807 5939 ait
865 5883 1167 5950 Coi-bimus,
1234 5881 1425 5936 nedum
1474 5882 1743 5946 Germani,
1812 5882 1901 5936 sed
1952 5881 2076 5936 Itali
2180 5889 2230 5935 ct
2260 5875 2515 5942 Polydor.
2541 5874 2632 5930 lib.
2661 5888 2798 5943 tt,c.
2829 5868 3165 5934 7.11adrian.
3193 5867 3390 5926 Junius
3422 5870 3475 5922 in
3501 5865 3752 5922 Balat‘ia.
