4126 6510
374 437 472 504 567

1593 437 2054 511 ΜᾹΒΟΟΑΒΒῘ
2101 440 2446 499 FREIIERI

3505 437 3608 499 553

443 547 560 603 Col.
593 550 661 606 80
689 553 753 606 Α.
789 556 956 620 Φέρει
989 554 1038 606 τ’
1064 553 1225 608 ἀλλὰ
1253 551 1470 605 πάντα.
1507 549 1679 605 Etiam
1714 550 1933 605 metalla
1965 610 1968 619 η

2078 550 2128 604 bi
2184 552 2411 605 Carolus
2455 548 2734 606 Marte-Ilus
2807 551 3053 607 Francus
3125 550 3306 619 palatii
3355 549 3610 620 magister

378 653 540 694 omne
565 657 756 710 genus,
784 645 929 710 quod
984 645 1114 698 olim
1167 644 1387 699 Tacitus
1442 644 1676 708 negavit.
1735 641 1840 697 Sed
1870 641 1938 694 de

379 727 465 782 bis
493 730 639 783 alibi.
685 730 819 786 Illud
877 735 946 786 de
999 735 1314 788 volucribus
1385 734 1668 787 noctilucis
1743 735 1938 785 mirum

381 819 642 891 Dionysio
668 833 720 877 et
753 822 904 880 Solio
923 824 1272 890 adnotatum,
1299 825 1410 880 risu
1439 825 1660 894 dignum
1692 833 1797 878 est.

449 974 602 1046 Quod
634 977 803 1042 pascit
832 976 1066 1029 uolucres
1097 974 1336 1046 (mirum)
1368 975 1690 1046 fulgentibus
1736 975 1834 1027 alis

517 1042 676 1108 Quoi:
695 1046 914 1099 ducibus
953 1042 1114 1100 noctu
1148 1042 1606 1112 cernuntur'ﬂexa
1638 1045 1868 1098 viarum.

448 1172 582 1226 Ibid.
631 1174 761 1229 Ἐπὶ
823 1177 1090 1244 Βοέμους
1139 1176 1280 1242 τοὺς
1318 1179 1595 1247 Κεχίους.
1644 1179 1796 1246 Quod
1837 1179 1945 1235 Utt-

379 1265 584 1332 gariam
637 1269 1034 1322 conterminam
1088 1268 1218 1323 facit
1277 1268 1598 1331 Bohemite.
1655 1273 1780 1327 inde
1829 1286 1945 1338 est,

380 1358 524 1424 quod
559 1358 660 1412 sub
690 1357 946 1415 Bohetnis
992 1360 1242 1417 Moravos
1293 1362 1456 1416 etiam
1515 1365 1944 1432 comprehendit,

383 1451 488 1518 qui
515 1453 713 1505 subditi
757 1469 924 1522 regno
963 1455 1239 1508 Boltemiae
1301 1453 1594 1525 Ungariatn
1649 1459 1943 1526 attingunt.

387 1542 541 1607 Quod
576 1559 703 1597 vero
736 1545 810 1597 ait
845 1545 1112 1600 Bohemus
1142 1545 1248 1599 dici
1300 1545 1532 1609 Ccchos,
1583 1547 1650 1600 ab
1707 1548 1949 1616 ipsorum

383 1645 432 1685 et
469 1633 799 1688 I’olonorum
841 1635 1019 1702 lingua
1075 1647 1181 1699 est.
1213 1637 1415 1707 quibus
1465 1638 1737 1693 Bohetnus
1788 1640 1951 1694 Czeclt

389 1734 449 1776 ιιι
508 1723 777 1794 Ungarica
837 1728 957 1779 czéh
1027 1727 1371 1798 appellatur;
1434 1727 1520 1782 (ΞΖ
1581 1731 1656 1783 ita
1713 1746 1952 1800 pronun-

390 1815 545 1880 tiato,
577 1817 854 1884 quomodo
888 1819 1016 1872 Tsch
1071 1820 1124 1872 in
1162 1819 1454 1875 Tsclmdus.
1498 1821 1653 1887 Quod
1688 1837 1880 1876 nomen
1924 1839 1952 1875 a

2039 651 2196 697 erat:
2248 644 2402 707 cujus
2453 653 2639 712 rogatu
2683 644 3047 713 Luitprandus
3107 643 3441 698 obsidionem
3498 640 3608 695 sol-

2041 732 2137 786 vit.
2193 733 2476 802 Pippiuus,
2533 735 2759 789 Martelli
2817 736 2980 800 Iilius,
3026 733 3334 789 Cbilderico
3387 734 3608 786 domino

2041 839 2140 878 suo
2169 825 2362 892 ignavo
2393 827 2975 889 monasterioincluso,
3000 840 3143 878 anno
3191 821 3312 889 753,
3368 833 3523 875 curat
3553 837 3612 876 se

2041 909 2162 979 eligi
2184 922 2236 966 et
2261 912 2327 966 ad
2357 912 2672 967 Zachariam
2739 914 2870 968 dicti
2937 911 3182 981 Gregorii
3228 925 3607 966 successorem

2044 1001 2242 1055 mittit:
2271 1003 2363 1070 qui
2394 1003 2598 1071 accepti
2647 1001 2894 1057 beneﬁcii
2934 1015 3145 1055 memor
3179 1016 3302 1054 mox
3339 1001 3530 1054 annuit
3560 1011 3617 1053 et

2043 1106 2231 1146 omnes
2253 1091 2563 1146 Cbilderico
2597 1091 2700 1146 fide
2726 1092 3017 1147 obstrictos
3047 1091 3300 1146 absolvit.
3336 1091 3399 1145 C.
3430 1090 3614 1154 Alius,

2045 1184 2134 1238 15.
2164 1199 2221 1253 q.
2247 1183 2298 1238 6.
2327 1183 2529 1239 Dehinc
2549 1184 2778 1239 Carolus
2831 1183 3080 1254 Magnus,
3108 1181 3317 1252 Pippini
3343 1181 3508 1242 (ilius,
3530 1196 3618 1234 ro-

2047 1283 2203 1342 gatus
2220 1275 2289 1328 ah
2315 1275 2588 1329 Hadriano
2610 1275 2682 1345 (c.
2706 1274 2956 1329 Hortatu.
2976 1273 3066 1328 23.
3093 1291 3148 1343 q.
3173 1273 3248 1343 8).
3277 1271 3613 1326 Desiderium

2049 1366 2531 1434 Langobardorum
2591 1381 2768 1438 regem
2821 1367 3020 1434 insigni
3089 1366 3231 1420 bello
3291 1364 3488 1418 devicit
3533 1379 3620 1418 re-

2051 1473 2323 1525 gnumque
2383 1459 2512 1513 illud
2543 1458 2747 1512 delevit
2772 1473 2916 1512 anno
2943 1457 3066 1511 776.
3100 1453 3304 1508 Deinde
3322 1463 3442 1524 post
3473 1468 3622 1506 com-

2051 1550 2234 1620 plures
2271 1566 2442 1604 aunos
2472 1550 2752 1604 invocatus
2787 1565 2814 1602 a
2850 1547 3027 1604 Leone
3056 1548 3144 1611 Ill,
3182 1563 3306 1602 eum
3343 1546 3396 1600 in
3437 1545 3620 1599 sedem

2051 1641 2291 1696 restituit
2326 1660 2338 1694 :
2382 1659 2410 1694 a
2443 1657 2552 1710 quo
2585 1642 2821 1695 vicissim
2852 1641 3146 1710 imperator
3176 1639 3482 1695 declaratus
3515 1648 3622 1698 est.

2054 1743 2107 1786 et
2126 1743 2417 1786 coronatus
2444 1733 2628 1786 Romae
2652 1734 2740 1785 die
2773 1731 2975 1785 Natalis
3005 1731 3215 1786 Domini
3246 1745 3390 1785 anno
3423 1728 3547 1782 801.

2122 1826 2240 1882 Col.
2263 1827 2328 1881 80
2356 1825 2416 1878 D.
2445 1826 2880 1889 Μετενήνεκται
2898 1827 2929 1878 ὀ
2957 1822 3180 1892 ψῆφος.
3204 1821 3249 1875 Α
3271 1821 3479 1876 Latinis
3515 1837 3616 1874 au-

386 1909 601 1963 Czecho
621 1924 745 1979 rege
766 1911 942 1979 primo
966 1914 1143 1982 gentis
1193 1914 1481 1969 conditore
1513 1913 1736 1969 duxisse
1771 1913 1952 1968 feruu-
1985 1921 2029 1980 Β
2059 1917 2258 1970 ditione
2283 1917 2488 1983 accepit
2512 1915 2776 1970 Laonicus
2802 1916 2868 1968 de
2915 1915 3272 1970 translatione
3327 1913 3543 1982 imperii
3569 1923 3624 1966 et

389 2009 498 2050 tur.
528 2001 812 2064 Quomodo
843 2012 896 2057 et
931 2020 959 2058 a
987 2005 1166 2061 Lecho
1197 2007 1377 2076 primo
1429 2008 1567 2061 duce
1619 2017 1956 2074 auctorettue

389 2107 508 2156 suo,
537 2091 722 2148 Poloui
764 2111 791 2149 a
823 2097 1086 2154 Ruthenis
1133 2099 1454 2170 cmterisque
1484 2100 1660 2156 Slavis
1702 2100 1881 2154 Lee/iii
1906 2109 1955 2154 et

392 2185 618 2236 Lac/tim
638 2187 1001 2254 appellantur,
1054 2199 1113 2243 ut
1139 2191 1447 2246 Alexander
1475 2191 1796 2262 Guaguinus
1854 2191 1956 2245 ad-

391 2278 619 2329 notavit.
639 2274 753 2332 Hoc
784 2279 902 2334 loco
927 2283 1208 2350 praeterire
1243 2300 1349 2340 non
1379 2300 1600 2354 possum
1657 2285 1956 2350 Nemitzos,

390 2381 530 2435 quos
574 2369 833 2426 Celticam
885 2374 1160 2429 nationem
1211 2392 1334 2432 esse
1381 2388 1434 2432 et
1485 2379 1957 2444 Constantinopoli

395 2464 664 2520 militasse
713 2465 960 2524 Zonaras
1016 2479 1072 2523 et
1117 2471 1312 2541 Glycas
1361 2474 1649 2528 scribunt:
1683 2469 1860 2526 Ἦσαν
1903 2475 1961 2524 δὲ

394 2556 541 2621 παρὰ
572 2573 690 2608 τινα
714 2557 924 2626 πύργον
951 2561 1090 2629 πρὸς
1135 2565 1202 2632 τῇ
1241 2561 1382 2632 πύλῃ
1409 2563 1506 2629 τῆς
1547 2563 1751 2623 πόλεως
1781 2565 1816 2632 ἥ
1851 2563 1983 2622 Κατ

399 2645 545 2717 poiou
576 2645 820 2700 καλεῖται
841 2648 1202 2714 φυλάσσοντες
1228 2651 1497 2720 Νέμετζοι
1523 2652 1692 2722 (ἔθνος
1720 2652 1764 2704 δ’
1785 2654 1833 2704 oi
1860 2653 1962 2704 Νέ-

401 2741 585 2806 μετζοι
617 2742 897 2812 Κελτικὸν)
923 2761 940 2777 ο
973 2745 1121 2800 οὗτοι
1160 2747 1334 2818 λάθρα
1364 2752 1476 2812 τοῖς
1502 2749 1627 2818 περὶ
1656 2749 1784 2810 τοὺς
1809 2751 1964 2816 Κομ-

398 2831 590 2896 νηνοὺς
622 2831 1104 2903 ὲκοινολογήσαντο
1125 2837 1254 2908 περὶ
1282 2838 1572 2908 προδοσίας
1599 2839 1696 2905 τῆς
1731 2839 1958 2898 πόλεως.

401 2916 469 2971 Et
486 2920 690 2986 statim,
719 2939 791 2972 πα
805 2921 872 2990 ρὰ
893 2922 1000 2974 τῶν
1025 2924 1308 2994 Νεμέζων;
1329 2938 1489 2995 atque
1510 2927 1704 2981 iterum
1734 2929 1834 2981 ὑπὸ
1857 2927 1964 2980 τῶν

399 3009 674 3080 Νεμὶζων.
717 3012 932 3069 Gentem
956 3015 1212 3071 Gallicam
1263 3019 1532 3087 interpres
1574 3021 1751 3081 vertit,
1783 3031 1830 3071 et
1884 3027 1968 3073 ta-

401 3120 524 3158 men
557 3107 607 3160 in
643 3107 821 3163 indice
852 3110 1152 3166 Germanos
1180 3115 1548 3169 subodoratus
1585 3123 1690 3177 est,
1723 3115 1967 3182 adeoque

399 3193 653 3252 Nemetes
681 3198 857 3254 Rheni
889 3203 1127 3257 accolas.
1163 3202 1526 3259 Leunclavius
1547 3214 1728 3259 autem
1779 3214 1965 3260 uoster

401 3288 454 3341 in
499 3287 664 3358 Glyca
689 3291 755 3343 ad
787 3307 937 3344 oram
967 3281 1271 3359 adnotavit,
1330 3296 1602 3350 Teutones
1648 3297 1962 3351 Sclavorum

401 3380 588 3447 lingua
633 3381 906 3438 Nemitzos
930 3387 1130 3442 vorari.
1156 3386 1222 3442 Et
1246 3385 1483 3442 Ortelius
1509 3404 1725 3459 quoque
1752 3389 1808 3442 in
1837 3389 1969 3442 The-

404 3489 565 3526 sauro
604 3489 704 3543 pro
731 3473 1053 3542 Niemecltes,
1103 3479 1156 3534 id
1206 3491 1315 3546 est,
1363 3480 1664 3537 Germanos
1693 3481 1970 3536 habendos

405 3571 613 3620 Censet.

432 3698 435 3702 ·
479 3679 612 3736 Ibid.
647 3683 708 3739 Β.
755 3684 1161 3753 Συμεςέρονται
1202 3686 1273 3741 δὲ
1306 3688 1651 3755 Γερμανοῖς.
1697 3689 1809 3743 1100
1840 3703 1974 3758 quo-

409 3790 514 3841 que
541 3775 643 3828 [ide
673 3775 892 3831 Laoaici
917 3778 1007 3841 sit,
1050 3776 1295 3848 Ungaros
1318 3797 1438 3834 cum
1457 3779 1748 3836 Germanis
1783 3781 1971 3835 iisdem

409 3867 577 3919 armis
604 3875 658 3918 et
687 3866 930 3922 moribus
964 3870 1062 3922 uti.

486 3979 621 4032 Ibid.
653 3977 716 4034 C.
761 3978 899 4032 Ἀπό
927 3997 989 4033 τε
1012 3980 1186 4049 σφῶν
1209 3980 1428 4034 αὐτῶν.
1459 3980 1612 4046 Quod
1642 3980 1727 4034 hic
1764 3978 1975 4042 scribit,

419 4070 668 4138 l‘ngaros
707 4086 804 4125 sua
847 4074 1092 4140 ipsorum
1144 4074 1327 4141 lingua
1387 4071 1674 4125 Pannones
1703 4070 1806 4124 dici
1852 4086 1978 4123 nes-

414 4163 499 4214 cio
539 4178 605 4214 an
651 4163 776 4213 olim
822 4178 1008 4215 verum
1063 4162 1260 4226 fuerit;
1317 4161 1474 4214 hodie
1524 4171 1670 4213 certe
1718 4175 1822 4212 non
1874 4171 1976 4213 est.

418 4253 630 4319 .‘llagiar
655 4253 1007 4321 dissyllabutn
1045 4240 1278 4319 Ungaris
1311 4250 1556 4318 Ungarus
1588 4251 1825 4315 dicitur;
1865 4250 1982 4303 Ma-

417 4343 620 4410 giarok.
657 4344 882 4410 litigari.

491 4458 625 4510 Ibid.
672 4457 970 4526 Ῥωμαίων
1011 4455 1306 4523 ἀρχιερέα.
1363 4453 1662 4521 Eugenium
1711 4455 1776 4510 IV
1828 4457 1984 4526 cujus

417 4550 696 4618 rpitaphio
724 4550 776 4602 id
802 4549 980 4618 ipsum
1019 4548 1214 4616 legitur
1239 4567 1253 4601 :

495 4684 661 4738 Istius
695 4695 817 4737 ante
837 4701 1017 4739 sacros
1041 4701 1092 4737 se
1125 4683 1374 4752 prwbuit,
1427 4683 1562 4735 alter
1592 4683 1656 4733 ab
1691 4690 1835 4742 ortu,

566 4756 712 4808 Alter
739 4756 801 4807 ab
831 4771 1023 4808 occasu
1054 4753 1234 4808 Ca'sar
1264 4763 1478 4822 uterque
1507 4756 1681 4818 pedes.

497 4828 644 4878 Alter
675 4835 731 4876 ut
759 4827 988 4892 accipiat
1026 4825 1148 4892 ﬁdei
1171 4825 1484 4876 documenta
1521 4822 1743 4887 Latina‘,

564 4895 712 4947 Alter
738 4909 793 4949 ut
818 4906 1012 4948 aurato
1041 4895 1215 4964 cingat
1246 4894 1440 4946 honore
1465 4905 1640 4958 caput.

497 5056 625 5110 Ibid.
656 5053 716 5108 D.
773 5053 898 5119 Τοῖς
945 5051 1184 5107 Κελτῶν
1245 5050 1600 5116 βασιλεῦσι.
1647 5049 1721 5104 Ita
1770 5047 1992 5102 omnino

422 5147 716 5220 legvntlum
755 5155 850 5202 :et
877 5161 973 5214 pro
1008 5145 1174 5199 Celtis
1209 5145 1288 5199 vel
1331 5143 1520 5206 Gallis,
1549 5141 1777 5196 Francis
1813 5140 1993 5209 potius

427 5242 736 5297 dicendum.
785 5235 970 5304 Neque
1037 5235 1088 5290 id
1148 5246 1255 5290 tam
1310 5235 1504 5289 merito
1556 5234 1795 5288 liberata:
1829 5247 1860 5286 a
1891 5231 1993 5286 Sa-

431 5334 646 5389 racenis
669 5329 942 5401 Hispania
969 5327 1132 5397 (quod
1168 5336 1320 5398 putat
1363 5323 1674 5395 Laonicus),
1705 5338 1868 5393 quam
1904 5322 1994 5376 de-

433 5429 601 5481 t‘eusae
649 5425 822 5495 ipsius
888 5420 1055 5476 Italiae
1108 5429 1160 5473 et
1219 5418 1423 5473 Romae.
1474 5417 1807 5484 Luitprando
1849 5413 1994 5469 enim

436 5519 915 5590 Langobardorum
959 5529 1085 5584 rege
1146 5512 1371 5566 ltotnam
1431 5510 1734 5572 obsndente,
1791 5505 1997 5577 Grego-

441 5617 554 5666 rius
584 5611 649 5665 Ill
685 5629 820 5680 papa
853 5625 960 5664 non
982 5607 1091 5674 jam
1125 5606 1190 5657 ad
1221 5604 1441 5660 solitum
1482 5599 1742 5654 auxilium
1773 5599 2002 5666 impera-

440 5706 575 5759 toris
603 5701 1186 5770 Constantinopolitani
1220 5700 1403 5768 (quem
1434 5695 1504 5749 ob
1538 5693 1738 5760 eiectas
1784 5691 2000 5760 tetnp‘is

439 5796 703 5864 imagines
729 5795 1114 5847 eotnmtmione
1160 5801 1215 5844 et
1244 5787 1475 5856 imperio
1505 5781 1836 5853 privaverat)
1868 5795 1998 5835 con-

435 5887 594 5958 fugit,
617 5884 707 5939 scd
731 5883 795 5937 ad
815 5897 865 5950 ιιι
882 5881 1085 5950 incipcs
1103 5878 1432 5934 Francorum
1455 5874 1654 5930 Gallias
1678 5869 1999 5935 tenentium,

2059 2009 2306 2063 instituto
2331 2012 2646 2073 electurum;
2703 2009 2845 2075 quod
2895 2022 2999 2060 non
3053 2007 3250 2069 miror,
3285 2020 3413 2058 cum
3459 2005 3612 2058 etiam

2057 2099 2392 2154 Constantini
2415 2099 2756 2152 donationem
2774 2097 2996 2151 Photius
3019 2107 3182 2167 ponat
3209 2097 3262 2149 in
3283 2094 3610 2149 Nomocano-

2059 2207 2148 2245 ne.
2183 2188 2304 2244 Fuit
2328 2201 2506 2242 autem
2556 2189 2839 2257 imperium
2899 2187 3296 2242 litereditat'ittut
3353 2186 3406 2239 in
3461 2185 3623 2251 Stirpe

2060 2282 2237 2338 Caroli
2263 2280 2440 2350 Magni
2466 2289 2802 2348 percentum
2840 2279 3030 2346 viginti
3093 2293 3293 2338 annos,
3361 2292 3534 2344 usque
3561 2274 3627 2326 ad

2058 2374 2369 2430 Conradum
2401 2374 2631 2442 primum
2665 2390 2679 2426 :
2731 2372 2821 2442 qui
2881 2373 3118 2425 moriens
3161 2385 3305 2425 anno
3335 2369 3456 2433 920,
3490 2369 3636 2424 ultro

2061 2468 2249 2523 detulit
2300 2465 2586 2534 imperium
2622 2464 2688 2518 ad
2711 2461 3003 2517 Henricum
3028 2461 3327 2531 Aucupem,
3353 2460 3630 2514 Saxonum

2061 2563 2276 2624 ducem,
2309 2574 2433 2613 cum
2464 2572 2572 2628 quo
2604 2555 2802 2610 bellum
2837 2554 3035 2622 injuste
3064 2553 3302 2621 gerebat.
3358 2551 3410 2604 In
3463 2549 3628 2603 fatui-

2061 2649 2130 2702 lia
2164 2647 2332 2716 hujus
2366 2647 2579 2700 Henrici
2618 2643 2636 2696 1
2683 2643 2773 2711 (de
2824 2659 2932 2713 quo
2991 2653 3074 2696 est
3122 2642 3438 2696 constitutio
3495 2639 3631 2692 dist.

2064 2742 2152 2809 6'5)
2193 2739 2592 2794 hereditarium
2617 2733 2717 2790 fuit
2747 2734 3033 2802 imperium
3088 2748 3261 2801 usque
3282 2735 3346 2786 ad
3378 2730 3633 2786 Ottonem

2065 2833 2130 2886 III
2163 2841 2511 2902 pronepotem
2537 2828 2655 2898 ejus
2685 2845 2698 2882 :
2731 2827 2822 2894 qui
2884 2839 3075 2880 carens
3118 2824 3244 2878 ﬁliis
3294 2825 3348 2877 in
3397 2822 3638 2875 comitiis

2067 2923 2440 2994 imperialibus
2477 2919 2782 2990 principum
2817 2927 3020 2986 septem
3063 2914 3324 2969 electores
3367 2912 3637 2977 instituit,

2067 3025 2122 3070 et
2149 3029 2207 3070 ut
2230 3013 2635 3068 Francol‘ordiae
2674 3011 2865 3066 electio
2904 3008 3046 3062 fieret
3083 3025 3098 3061 :
3134 3007 3463 3076 approbante
3495 3003 3639 3058 Gre—

2068 3107 2220 3178 gorio
2246 3105 2290 3159 Υ
2319 3120 2479 3174 papa,
2511 3105 2725 3158 natione
2751 3112 2803 3156 et
2833 3102 2946 3172 ipso
2990 3098 3227 3155 Saxone.
3269 3096 3454 3165 Itaque
3490 3109 3641 3148 anno

2075 3198 2214 3253 I300
2245 3195 2536 3259 Henricus,
2573 3192 2812 3247 Bavarite
2860 3188 3168 3266 duit,juxta
3225 3186 3370 3239 illam
3428 3183 3638 3237 consti-

2073 3287 2335 3342 tutionem
2373 3286 2600 3354 primus,
2655 3294 2709 3336 et
2766 3281 2926 3347 hujus
2955 3277 3189 3332 nominis
3213 3275 3484 3330 secundus
3515 3273 3630 3328 ele-

2071 3390 2192 3434 ctus
2223 3376 2344 3432 fuit.
2377 3375 2500 3430 Iltec
2525 3373 2587 3428 C.
2616 3373 2683 3427 Μ.
2706 3374 2758 3427 in
2789 3372 2955 3426 addit.
2984 3370 3056 3439 gl.
3079 3369 3144 3424 ad
3169 3384 3218 3423 c.
3255 3364 3633 3429 Venerabilem,

2071 3471 2147 3526 De
2174 3470 2420 3525 election.
2457 3476 2511 3521 et
2541 3466 2700 3521 ciem.
2732 3463 2758 3517 1
2799 3463 2870 3516 De
2890 3461 3124 3530 jnrejur.

2141 3563 2258 3617 Jam
2299 3576 2426 3615 vero
2471 3559 2642 3630 (lubet
2704 3556 2848 3610 enim
2903 3553 3176 3624 praedictis
3247 3553 3387 3607 hanc
3433 3550 3642 3618 digres-

2075 3654 2378 3712 siunculam
2432 3649 2773 3718 adnectere),
2813 3647 2916 3702 etsi
2966 3645 3194 3701 Carolus
3252 3645 3480 3712 Magnus
3535 3656 3642 3693 non

2080 3759 2293 3805 tantum
2323 3745 2447 3814 jure
2483 3744 2632 3809 belli,
2659 3742 2800 3813 quod
2851 3757 2975 3796 cum
3015 3737 3392 3808 Longobardis
3440 3733 3645 3801 ἀμυνό-

2080 3857 2240 3913 μενος
2278 3846 2544 3911 gesserat,
2571 3844 2627 3890 et
2652 3834 2712 3888 S.
2748 3833 2806 3888 P.
2839 3833 2904 3901 ρ.
2937 3830 3004 3886 R.
3035 3831 3311 3886 voluntate
3336 3839 3392 3883 et
3423 3827 3646 3898 pontili-

2078 3940 2159 3993 cis
2190 3931 2541 3992 coronatione
2569 3938 2720 3982 vetus
2747 3938 2800 3982 et
2819 3927 3113 3996 legitimus,
3149 3922 3193 3979 si
3227 3922 3350 3992 quis
3380 3933 3639 3989 unquam,

2079 4029 2303 4086 effectus
2365 4032 2510 4078 esset
2578 4021 2890 4090 imperator,
2969 4018 3062 4072 sed
3129 4013 3497 4072 transaclione
3558 4013 3645 4064 in-

2083 4137 2246 4192 super
2275 4133 2396 4173 cum
2416 4117 2567 4170 Irene
2589 4116 2832 4181 Augusta
2864 4123 3094 4179 eamque
3151 4105 3352 4162 secutis
3377 4103 3646 4172 Nicepho-

2086 4225 2148 4264 ro
2178 4217 2231 4262 et
2271 4205 2468 4259 Basilio
2503 4199 2925 4270 imperatoribus
2977 4196 3318 4266 interposita,
3374 4197 3648 4260 certisque

2089 4297 2332 4354 terminis
2373 4295 2585 4365 imperii
2617 4294 2756 4346 inter
2783 4308 2874 4345 eos
2897 4289 3168 4344 divisione
3209 4287 3350 4342 facta
3378 4285 3466 4352 ius
3489 4300 3646 4340 suum

2090 4389 2304 4447 abunde
2399 4385 2796 4448 confirmasset,
2843 4383 3074 4450 ideoque
3139 4379 3296 4449 legati
3367 4375 3646 4448 Byzantini

2089 4499 2213 4540 cum
2246 4479 2469 4552 βασιλέα
2496 4477 2677 4547 palam
2714 4475 3064 4536 salutassent,
3091 4480 3146 4526 et
3166 4469 3388 4525 omnino
3415 4469 3486 4522 ita
3513 4469 3650 4522 inter

2019 4578 2238 4647 Dipsos
2317 4579 2642 4626 conventum
2705 4567 2906 4634 diuque
2963 4562 3306 4618 observatum
3371 4565 3514 4612 esset
3595 4568 3654 4608 ut

2089 4683 2247 4738 aequo
2272 4666 2395 4736 jure
2456 4659 2736 4734 Byzantini
2793 4670 2847 4711 et
2898 4653 3068 4708 nostri
3103 4652 3378 4722 Augustos
3408 4647 3652 4716 adeoque

2091 4762 2288 4816 fratres
2322 4772 2380 4811 se
2399 4755 2764 4824 appellarent:
2816 4746 3076 4818 paulatim
3137 4753 3317 4798 tamen
3375 4739 3554 4796 invida
3597 4746 3656 4791 et

2095 4851 2381 4906 ambitiosa
2409 4849 2502 4902 illa
2532 4846 2682 4899 natio
2727 4841 2926 4897 nostris
2948 4837 3257 4894 Caesaribus
3281 4849 3408 4890 eum
3433 4831 3650 4886 titulum

2097 4943 2388 5000 detrahere
2419 4949 2611 4994 conata
2641 4945 2742 5001 est,
2772 4944 2827 4988 et
2863 4947 2994 4986 suos
3025 4931 3174 4986 solos
3209 4928 3450 4996 βασιλεῖς
3477 4936 3530 4982 et
3562 4924 3658 4976 αὑ-

2096 5034 2428 5104 τοκράτορας
2485 5028 2776 5097 Ῥωμαίων
2819 5026 2873 5080 in
2931 5021 3320 5092 diplomatibus
3365 5026 3420 5075 et
3443 5017 3658 5073 numis-

2099 5126 2336 5182 matibus
2364 5120 2723 5193 perscribere,
2785 5115 3151 5184 dominosque
3178 5111 3329 5166 orbis
3387 5118 3656 5164 terrarum

2096 5219 2322 5289 jactare.
2348 5213 2575 5268 Nostros
2608 5219 2789 5265 autem
2813 5205 3033 5261 Latinos
3083 5212 3292 5258 tantum
3307 5209 3362 5256 et
3382 5199 3660 5255 Alamanos

2101 5287 2456 5376 Francosque,
2483 5315 2537 5358 et
2557 5301 2826 5357 Caesarem
2858 5307 3104 5370 nostrum
3137 5309 3246 5350 non
3270 5295 3449 5349 minus
3477 5287 3662 5362 inepto

2100 5416 2266 5472 quam
2320 5413 2464 5452 novo
2521 5401 2828 5450 commento
2890 5392 3031 5460 ρῆγα
3070 5385 3663 5472 Ἀλαμανιαςῆᾦραγ-

2104 5471 2245 5562 «έίας.
2280 5490 2432 5546 Unde
2453 5488 2653 5542 factum
2681 5493 2784 5546 est,
2815 5493 2874 5538 ut
2903 5498 2934 5537 a
2982 5480 3188 5536 nostris
3241 5476 3484 5533 vicissim
3509 5471 3662 5544 paria

2106 5581 2491 5653 reponentibns
2522 5594 2626 5632 non
2659 5577 2815 5631 aliter
2863 5588 3026 5644 quam
3079 5571 3380 5628 ercorum
3433 5581 3576 5635 reges
3607 5570 3664 5618 et

2107 5669 2673 5738 Constantinopolitani
2706 5670 3044 5738 imperatores
3065 5665 3394 5721 dicerentur,
3424 5667 3483 5712 ut
3525 5655 3665 5726 apud

2111 5769 2469 5821 Ilelmoldum.
2510 5761 2777 5816 Othonem
2825 5757 3087 5826 Frising.,
3117 5754 3262 5809 Petr.
3293 5753 3359 5806 de
3391 5749 3577 5803 Vincis
3613 5756 3667 5802 et

2110 5861 2240 5916 alios
2279 5859 2544 5914 videmus.
2575 5854 2637 5910 Et
2671 5854 2791 5924 quis
2815 5854 2933 5909 sine
2967 5848 3248 5907 stomacho
3278 5847 3414 5915 legat
3443 5844 3666 5898 Graecu-
