4126 6440
410 397 518 458 ξ69

409 511 523 564 lum
556 507 796 563 Henrico
829 510 1140 578 imperatori
1203 517 1276 570 ita
1309 517 1722 585 obgannientem

408 603 617 672 κυρίων
645 601 832 673 κύριος
859 604 1195 675 καθεστήκει
1217 611 1312 662 καὶ
1346 610 1601 680 βασιλεὺς
1633 614 1983 666 ἀναδέδεκται

417 693 701 764 βασιλέων,
733 696 882 758 ὅπως
909 700 1211 767 μοναρχίαν
1269 704 1676 772 περιϐαλεῖται,
1737 706 1831 758 καὶ
1891 705 1985 760 κύ-

425 803 539 857 ριος
570 788 772 840 ἐσεῖταί
819 789 931 840 τῶν
969 790 1155 860 κύκλῳ
1187 793 1520 848 δυναστειῶν
1575 802 1698 860 τοὺς
1736 798 1988 852 Ἀντωνί-

425 895 543 940 νους
571 879 662 931 καὶ
697 880 1040 948 Αὐγούστους
1069 882 1147 951 τῷ
1175 884 1506 956 διανοητικῷ
1551 891 1984 958 φανταζομένος,

426 971 677 1040 καὶπρὸς
701 971 810 1023 τῶν
843 973 1068 1026 ἐκείνων
1090 977 1266 1046 ἀρχὴν
1304 979 1561 1032 ἐκτείνων
1618 982 1716 1050 τὴν
1772 983 1983 1052 ἔφεσιν,

425 1064 514 1116 καὶ
549 1065 746 1134 μικροῦ
783 1065 1153 1136 φθεγγόμενος
1185 1072 1307 1122 κατ’
1333 1070 1708 1143 Ἀλέξανδρον,
1754 1077 1822 1130 τὰ
1851 1077 1981 1144 τῇδε

424 1157 517 1210 καὶ
555 1157 625 1210 τὰ
654 1159 782 1228 τῇδε
802 1160 980 1213 πάντα
1027 1161 1226 1227 ἐμάλε
1275 1171 1362 1219 est
1410 1163 1626 1220 Nicetas
1670 1165 1982 1223 Chouiates.

422 1249 562 1315 Quid
622 1253 767 1318 quod
831 1250 1119 1307 Frederico
1147 1255 1456 1324 imperatori
1509 1268 1795 1312 transuttm
1825 1275 1986 1314 exer-

421 1340 549 1394 citui
607 1355 712 1395 suo
769 1344 974 1411 petenti
1025 1344 1194 1414 (quod
1263 1346 1591 1403 Godefridus
1637 1361 1816 1405 noster
1879 1352 1988 1406 Co-

422 1434 686 1488 loniensis
749 1436 1030 1490 adnotavit
1087 1440 1191 1493 sub
1255 1456 1398 1493 anno
1451 1442 1609 1511 “87)
1656 1443 1989 1513 Byzantinus

419 1540 514 1589 per
533 1527 877 1594 responsales
893 1543 1025 1584 suos
1046 1529 1305 1584 demanda
1316 1533 1411 1596 vit,
1454 1548 1513 1586 se
1545 1542 1669 1604 post
1720 1533 1885 1588 Deum
1905 1553 1989 1589 es-

421 1629 482 1666 se
523 1613 810 1669 dominum
859 1617 1454 1686 dontinantiutu.Quod
1477 1623 1521 1676 si
1546 1639 1768 1690 regnum
1793 1623 1990 1678 Roma-

421 1717 617 1757 norum
637 1707 766 1758 dare
786 1707 952 1760 vellet
990 1709 1043 1762 in
1067 1724 1260 1763 manus
1279 1711 1419 1778 ejus,
1441 1715 1576 1768 etab
1596 1729 1659 1767 eo
1681 1715 1804 1768 luco
1819 1715 1992 1769 homi-

426 1795 498 1848 nii
539 1797 793 1864 recipere.
825 1799 1150 1855 conductum
1212 1803 1260 1856 ei
1293 1805 1450 1858 daret
1509 1821 1601 1874 per
1641 1816 1813 1860 terras
1862 1823 1990 1862 suas

423 1897 475 1939 et
507 1897 798 1942 mercatum
845 1889 1135 1947 sttﬂicietts.
1167 1893 1333 1960 Quasi
1364 1913 1470 1951 non
1517 1900 1684 1952 nostri
1723 1900 1902 1968 potius
1959 1915 1989 1954 a

424 1977 586 2029 veteri
621 1977 808 2042 lloma,
837 1995 998 2048 quam
1027 1998 1053 2036 a
1091 1999 1229 2037 nova
1265 2001 1363 2039 sua
1416 1986 1770 2042 Constantina
1804 1991 1988 2056 (quam

422 2081 521 2120 nec
557 2067 724 2136 ipsam
749 2070 952 2140 absque
975 2071 1272 2130 Gothorum
1339 2092 1440 2146 ope
1461 2089 1724 2133 structam
1771 2096 1992 2134 surrex-

421 2159 549 2222 isse,
580 2159 884 2218 Jornandcs
909 2163 962 2217 in
1001 2163 1196 2222 Geticis
1222 2178 1413 2222 auctor
1440 2169 1546 2240 est)
1573 2186 1763 2224 nomen
1791 2174 1992 2240 princio

419 2261 577 2317 palus
609 2253 694 2306 sui
727 2263 779 2307 et
812 2253 1213 2313 Antoninorum
1260 2259 1745 2331 Augustorumque
1769 2280 1992 2322 succes-

419 2339 623 2394 sionem
650 2343 1096 2401 deduceretttiet
1128 2349 1196 2418 ,εἰ
1257 2350 1338 2404 vel
1375 2348 1544 2404 Roma
1603 2353 1812 2417 relicta,
1848 2356 1992 2422 quod

419 2432 580 2484 etiam
619 2434 828 2503 antiqui
877 2437 1155 2507 principes
1181 2454 1287 2494 non
1335 2459 1474 2496 raro
1505 2445 1768 2505 fecerunt,
1797 2444 1996 2500 Medio-

421 2515 628 2589 lanum,
651 2527 949 2591 Treverim,
973 2531 1242 2587 Lutetiam
1270 2535 1452 2589 Romae
1477 2536 1844 2605 praeferentes.
1867 2539 1994 2593 alibi

423 2618 673 2674 habitare
721 2635 1144 2692 praeoptassent,
1183 2637 1346 2697 atque
1387 2630 1524 2683 adeo
1566 2628 1793 2683 Romam
1838 2632 1992 2684 alteri

425 2708 776 2765 habitandam
802 2713 945 2768 ultro
983 2717 1302 2783 cessissent,
1337 2729 1398 2781 ut
1430 2722 1702 2788 quondam
1729 2720 1874 2774 Zeno
1896 2722 1997 2773 im-

422 2812 643 2866 perator
665 2804 1001 2862 Theoderico
1021 2808 1233 2875 Gotho;
1268 2827 1373 2864 non
1407 2813 1586 2879 potius
1618 2814 1739 2867 aula
1760 2815 1996 2868 ctcomi-

425 2905 570 2948 tatus
592 2895 846 2961 Cmsaris,
863 2910 915 2953 et
934 2902 1020 2955 ubi
1041 2904 1251 2957 curiam
1278 2907 1537 2964 celebrat.
1557 2917 1614 2960 ut
1638 2908 1803 2961 nostri
1824 2908 1997 2976 scrip-

428 2997 572 3039 torcs
595 2988 919 3057 loquuntur,
941 2993 1174 3060 denique
1197 2995 1284 3048 ttbi
1307 2995 1486 3050 Caesar
1501 3007 1602 3058 est,
1626 2995 1791 3051 Roma
1811 2998 1994 3050 haberi

428 3080 728 3134 debuisset.
791 3080 864 3135 Ita
905 3085 1049 3138 enim
1113 3088 1246 3141 satis
1275 3087 1450 3141 visum
1483 3100 1587 3152 est,
1615 3099 1673 3142 ut
1703 3088 1995 3144 Germania

1918 403 2157 463 NOTJE.

1759 538 1774 577 :
1818 521 1906 583 Ὦς
1934 524 1982 574 αἱ
2010 521 2061 576 Α
2089 521 2348 583 maniam,
2372 537 2533 590 quam
2561 521 2691 575 olim
2724 521 2893 576 solam
2923 521 3288 588 desiderabat,
3332 522 3442 592 jam
3479 525 3652 580 solam

3545 402 3656 462 570

2087 612 2279 666 habeat
2309 629 2324 667 :
2353 613 2443 665 scd
2466 621 2521 665 ttt
2540 614 2712 666 solum
2739 624 2994 682 quantum
3010 613 3103 667 sub
3128 613 3283 667 Tatio
3304 615 3529 684 populus
3553 616 3656 670 Ro-

2087 720 2274 758 manus
2303 703 2489 757 arabat
2515 720 2534 767 ;
2570 721 2700 758 eove
2725 707 2900 759 minus
2933 705 3245 759 Romanum
3274 706 3413 761 foret
3439 707 3480 777 η
3508 718 3657 763 certe

2085 806 2338 867 porrecta
2376 796 2683 851 Germaniae
2733 806 2785 850 nl
2851 799 3027 865 spatio
3062 809 3222 851 terrae
3251 799 3383 852 nulli
3414 815 3652 870 unquam

2087 889 2300 953 regioni
2358 900 2668 955 cesserunt,
2733 892 2805 944 ita
2855 907 2955 946 nec
2990 891 3153 945 hodie
3188 890 3420 955 viribus,
3459 893 3652 955 armis,

2089 983 2299 1037 artibus
2329 992 2422 1035 aut
2445 983 2677 1048 ingeniis
2702 981 2958 1052 cuiquam
2990 983 3220 1036 ltabitati
3253 983 3402 1039 orbis
3426 984 3654 1052 provin-

2087 1074 2187 1127 ciae
2218 1073 2300 1126 vel
2337 1073 2508 1126 hilum
2540 1075 2879 1128 concedant:
2908 1083 2964 1126 et
3001 1073 3645 1144 Occidentisimperium,

2088 1164 2135 1219 si
2161 1180 2285 1218 cum
2303 1164 2629 1220 Germanica
2652 1165 2778 1220 sede
2792 1165 3056 1233 principis
3085 1174 3275 1219 caetera
3295 1166 3438 1219 socia
3464 1181 3651 1235 regna,

2089 1271 2210 1325 qua:
2243 1271 2340 1310 ceu
2375 1257 2604 1311 coloniae
2645 1272 2708 1310 ex
2747 1257 2836 1311 illa
2895 1259 3143 1326 gentium
3190 1256 3404 1312 ofﬁcina
3441 1257 3654 1327 prodie-

2089 1357 2235 1408 runt,
2273 1357 2326 1401 et
2351 1349 2670 1403 alterutrius
2695 1349 2890 1417 lingua:
2914 1347 3228 1404 Teutonica.
3248 1365 3407 1402 merae
3437 1347 3650 1402 autLa-

2090 1439 2216 1492 time
2260 1449 2533 1507 corruptae
2578 1441 2859 1495 consortio
2910 1442 3196 1495 nobiscum
3247 1450 3523 1501 tenentur,
3561 1455 3654 1493 eo-

2091 1531 2321 1600 demque
2355 1533 2480 1597 jttre
2501 1533 2748 1587 Romano
2777 1535 3058 1588 nobiscum
3105 1535 3469 1588 communiter
3493 1542 3652 1587 utun-

2101 1631 2206 1683 tur.
2243 1623 2694 1691 coniungantur;
2731 1636 3008 1693 quantttm,
3049 1627 3267 1679 tandem
3296 1625 3517 1679 Graecia
3551 1625 3648 1678 toti

2098 1714 2436 1782 imperioque
2467 1715 2600 1777 Eoo,
2635 1717 2799 1769 etiam
2863 1718 2952 1770 ubi
2990 1717 3119 1770 illttd
3158 1717 3571 1785 integerrimum
3599 1725 3653 1768 ct

2093 1806 2538 1862 florentissimum
2577 1808 2696 1870 fttit,
2731 1809 3036 1863 concedet?
3074 1808 3198 1862 Sive
3225 1817 3406 1861 autem
3443 1807 3652 1861 utrius-

2095 1911 2201 1962 que
2255 1896 2400 1949 vires
2427 1905 2480 1950 et
2503 1897 2800 1964 potentiam
2830 1899 3202 1961 conferamus,
3225 1913 3291 1950 an
3312 1895 3649 1949 Francorum

2095 1987 2202 2039 illis
2253 1989 2470 2051 regibus
2524 1989 2946 2054 potentissimis.
2982 1988 3190 2041 Carolo.
3228 1984 3533 2050 praesertim
3569 1991 3652 2036 tot

2094 2079 2416 2146 populorum
2457 2080 2647 2132 victori
2694 2089 2747 2132 et
2794 2079 3123 2134 dominatori
3154 2076 3457 2130 fortissimo
3484 2083 3538 2127 et
3561 2087 3654 2127 sa-

2095 2169 2458 2237 pientissimo,
2519 2170 2661 2225 ullus
2705 2170 3016 2224 Graecorum
3053 2184 3150 2238 par
3187 2182 3307 2222 esse
3348 2163 3660 2235 potuisset?

2094 2259 2320 2327 Quoties
2354 2259 2664 2314 Germanici
2693 2277 2815 2316 cum
2851 2275 2946 2330 per
2976 2269 3125 2314 tanta
3189 2270 3346 2312 teme
3375 2257 3658 2326 pelagique

2095 2352 2380 2405 intervalla
2411 2353 2555 2406 bello
2587 2368 2745 2407 sacro
2774 2352 3081 2407 Saracenos
3143 2353 3197 2406 in
3236 2351 3365 2405 Asia
3395 2358 3579 2419 petere
3604 2357 3658 2400 ct

2095 2453 2298 2497 terram
2345 2445 2490 2497 illam
2528 2446 2726 2513 (quam
2767 2445 2996 2512 vocant)
3032 2453 3278 2499 sanctam
3342 2442 3654 2498 Graecorum

2097 2535 2308 2602 ignavia
2339 2536 2541 2590 dudum
2571 2537 2831 2592 amissam
2857 2553 3051 2605 magna
3069 2552 3133 2590 ex
3158 2544 3309 2605 parte
3335 2547 3658 2603 recuperare

2096 2635 2417 2694 potuerunt,
2452 2628 2535 2681 vel
2571 2629 2625 2680 in
2662 2628 2893 2682 transitu
2949 2626 3265 2697 Byzantittis
3299 2625 3524 2694 regibus
3552 2633 3660 2675 ter-

2099 2714 2210 2766 rori
2268 2726 2322 2769 et
2376 2715 2656 2769 formidini
2725 2716 2992 2770 fuerunt?
3042 2714 3234 2769 Nonne
3293 2728 3421 2768 vero
3443 2713 3658 2765 illorum

2098 2805 2441 2873 principatus
2468 2808 2571 2860 sub
2597 2808 2784 2861 Alexio
2803 2808 3008 2873 Angelo
3031 2808 3316 2861 Germanis
3339 2805 3662 2858 tributarius

2098 2895 2296 2964 factus,
2327 2909 2376 2950 et
2395 2900 2622 2967 vectigal
2648 2899 2771 2952 inde
2803 2898 3165 2966 Ἀλαμανικόν
3186 2903 3435 2949 vocatum
3456 2894 3663 2948 Grtecis

2100 2990 2415 3043 hominibus
2475 2990 2787 3044 indictum?
2827 2989 2890 3043 ad
2948 2990 3090 3058 quod
3139 2988 3532 3042 conficiendum
3563 3001 3664 3038 nec

2099 3082 2320 3149 quidem
2386 3081 2631 3150 priorum
2674 3083 3060 3149 imperatorum
3124 3079 3392 3132 thesauris
3435 3090 3536 3130 nec
3576 3090 3662 3130 se-

428 3183 718 3240 postquam
755 3173 878 3228 inde
928 3176 997 3229 ab
1042 3177 1192 3232 urbis
1217 3179 1475 3246 ausplciis
1519 3179 1641 3246 ejus
1696 3181 1913 3235 inimica
1939 3181 2062 3239 etC
2101 3174 2308 3240 Pulcris
2369 3173 2638 3241 parciwm
2690 3173 2813 3229 fuit.
2872 3173 3008 3225 Cum
3067 3171 3336 3224 Henricus
3400 3166 3663 3222 Friderici

429 3265 642 3334 aemula,
706 3281 814 3318 non
873 3267 1055 3324 minus
1122 3285 1286 3337 quam
1344 3271 1640 3339 Carthago,
1677 3271 1984 3326 Romanam

431 3354 683 3418 virtutem
730 3357 1008 3425 perpetuis
1066 3358 1221 3414 bellis
1277 3365 1639 3424 exercuisset.
1703 3371 1758 3417 et
1819 3379 1986 3433 quam

438 3444 593 3499 avide
621 3460 652 3500 a
695 3445 957 3502 Romanis
990 3451 1249 3520 expetita,
1291 3451 1594 3506 Germanici
1636 3452 1853 3508 titulutn
1882 3469 1991 3522 prae

441 3533 560 3588 aliis
589 3550 617 3588 a
649 3545 785 3593 terra
818 3539 1149 3610 triumphata
1173 3543 1344 3613 magis
1364 3560 1528 3611 quam
1559 3545 1700 3600 victa
1735 3546 1992 3601 aﬂectan-

446 3627 610 3692 tibus,
663 3639 765 3684 tam
811 3633 1197 3702 insuperabilis
1229 3652 1444 3705 semper
1491 3639 1802 3704 restitisset,
1841 3639 1988 3694 limi-

439 3730 646 3789 temque
668 3723 1018 3780 victuriarum
1038 3742 1201 3795 quem
1226 3729 1488 3782 excedere
1503 3744 1612 3782 non
1632 3730 1803 3798 magis
1825 3746 1992 3800 quam

433 3812 746 3869 Ρ.ιιἰΙιίρυω
777 3816 1166 3887 l’ersicumque
1201 3830 1404 3888 posset.
1426 3821 1491 3873 ad
1520 3819 1692 3875 Rheni
1721 3832 1776 3878 et
1810 3824 1992 3876 Danu-

435 3905 503 3958 bii
533 3907 734 3960 ﬂuenta
762 3909 843 3961 eis
871 3909 1195 3978 prmlixisset
1230 3929 1244 3964 :
1290 3912 1508 3965 tandem
1533 3928 1690 3966 versa
1720 3913 1839 3968 vice
1875 3915 1990 3983 ipsa

435 3998 575 4047 ultro
608 3995 932 4052 Romaniattt
963 4000 1224 4054 immissis
1246 4003 1497 4071 procellze
1531 4019 1682 4056 more
1711 4005 1994 4062 immensis

433 4090 756 4156 populorum
820 4093 1058 4147 millibus
1117 4095 1748 4167 aggrederetunneque
1781 4108 1993 4154 tantum

435 4196 623 4235 omnes
653 4183 719 4236 ad
762 4185 1100 4238 occidentem
1140 4186 1450 4253 provincias
1500 4187 1759 4244 Romanis
1809 4199 1996 4244 extor-

432 4285 644 4340 queret,
706 4275 906 4344 quibus
969 4293 1067 4331 cett
1101 4277 1340 4332 inductis
1369 4294 1434 4333 ex
1475 4295 1533 4334 se
1566 4281 1777 4336 colonis
1808 4282 1860 4336 in
1899 4283 1995 4335 ho-

432 4365 681 4419 diernunt
710 4368 854 4421 diem
884 4370 986 4422 sub
1015 4369 1248 4426 diversis
1279 4371 1592 4426 nominibus
1625 4371 1995 4438 Francorum,

437 4455 944 4528 Langobardorum,
967 4458 1295 4523 Gothorum,
1319 4461 1643 4529 Anglorum,
1678 4461 1998 4533 Burgundn-

2090 3266 2434 3320 Barbarossa:
2456 3266 2618 3326 filius,
2650 3265 2953 3320 fteeialibtts
2973 3266 3037 3319 ad
3061 3266 3211 3317 illum
3233 3263 3439 3325 missis,
3463 3261 3664 3314 Roma-

2099 3373 2201 3412 nas
2227 3357 2540 3425 pr0vincias
2568 3372 2761 3409 omnes
2791 3356 2857 3409 ab
2887 3357 3187 3424 Epidamno
3218 3369 3390 3423 usque
3409 3353 3473 3404 ad
3494 3351 3665 3404 Thes-

2091 3448 2384 3502 salonicam
2403 3456 2670 3514 repetens,
2688 3458 2736 3496 et
2751 3445 3038 3498 Germanis
3057 3445 3108 3496 ιιι
3127 3441 3411 3498 Palaestina
3432 3437 3667 3491 militau-

2093 3540 2238 3594 tibus
2281 3539 2484 3592 auxilia
2543 3536 2747 3590 navalia
2830 3534 2970 3588 ntitti
3045 3534 3269 3602 iubens,
3318 3532 3370 3584 ni
3399 3533 3663 3595 imperata

2095 3631 2356 3691 facerent,
2406 3629 2606 3683 bellum
2641 3642 2884 3695 prmsens
2914 3625 3298 3678 denuntiaret:
3335 3623 3480 3690 quod
3514 3620 3664 3673 Chu-

2095 3723 2272 3777 niates
2306 3721 2514 3789 prolixe
2550 3719 2838 3772 describit.
2861 3717 2998 3782 Quid
3022 3716 3167 3785 quod
3194 3730 3302 3768 nun
3335 3712 3519 3765 tuultis
3545 3721 3666 3778 post

2093 3814 2250 3868 annis
2281 3814 2452 3881 ipsum
2477 3811 2764 3881 imperium
2787 3810 3015 3877 ejusque
3040 3807 3200 3874 regia:
3219 3805 3373 3861 sedes
3394 3802 3663 3857 Constan-

2098 3906 2354 3974 tinopolis
2388 3920 2416 3958 a
2449 3901 2737 3956 Germanis
2772 3900 3039 3954 Balduino
3064 3896 3299 3951 Flandro
3328 3896 3464 3948 duce
3495 3909 3660 3945 oecu'

2098 4009 2323 4067 patum;
2351 3995 2554 4050 Grtccis
2587 3995 2793 4047 interea
2825 3990 3059 4047 Nicamm
3094 3999 3146 4043 et
3175 3988 3570 4056 Trapezuntem
3606 3984 3660 4035 itt

2096 4087 2377 4156 angustias
2395 4085 2624 4147 coactis;
2645 4093 2698 4138 et
2717 4083 2836 4151 plus
2857 4080 3229 4150 qttttqttnginta
3249 4077 3406 4131 annis
3431 4076 3497 4129 ab
3516 4074 3665 4128 illius

2096 4180 2416 4252 posteritate
2444 4191 2762 4246 possessum
2797 4175 2922 4229 fuit.
2949 4173 3065 4228 Non
3097 4173 3318 4234 addam,
3350 4171 3471 4224 illos
3499 4171 3665 4238 impe-

2099 4271 2194 4325 riis
2221 4272 2357 4331 suis,
2390 4279 2442 4321 ct
2471 4266 2711 4327 Nicamo,
2744 4277 2796 4321 et
2826 4265 3257 4337 Trapezuntino,
3291 4271 3346 4318 et
3383 4261 3668 4314 Bizantiuo

2099 4363 2313 4416 tandem
2334 4359 2572 4415 a'l'urcis
2588 4361 2753 4415 citius
2771 4368 2986 4420 exutos,
3014 4357 3364 4424 funditusque
3379 4355 3594 4408 excisos
3615 4361 3670 4404 et

2098 4454 2333 4509 deletos:
2349 4464 2539 4508 contra
2561 4451 2979 4522 qttosGermana
2999 4451 3170 4504 virtus
3189 4451 3452 4502 hactenus
3470 4447 3666 4497 invicta

438 4565 579 4616 rum,
613 4550 1081 4605 Nurttnannorttm
1125 4551 1442 4606 dominatur
1470 4593 1486 4618 ,
1517 4563 1573 4606 ttt
1601 4553 1712 4622 jam
1747 4529 1857 4607 tota
1887 4553 1996 4607 Eu-
2027 4529 2076 4587 θ
2102 4565 2210 4603 non
2245 4558 2454 4602 tantum
2490 4547 2725 4616 patriam
2764 4555 2934 4599 tutam
2990 4541 3320 4610 praestiterit.
3356 4538 3449 4592 sed
3478 4545 3534 4590 et
3560 4551 3666 4591 ca-

441 4659 566 4712 ropa
605 4645 678 4699 uil
733 4645 880 4698 aliud
942 4656 1106 4714 quam
1162 4661 1358 4717 magna
1422 4647 1670 4715 qua-dam
1702 4645 1996 4701 Germania

442 4737 729 4803 videatur;
767 4737 860 4791 sed
885 4752 1014 4791 vero
1054 4737 1263 4791 Italiam
1300 4738 1472 4808 ipsam
1502 4748 1557 4792 et
1592 4739 1782 4793 urbem
1814 4739 1990 4793 domi-

449 4844 569 4882 nam
609 4829 823 4898 imperii
859 4833 1066 4892 sedem,
1086 4828 1136 4879 vi
1168 4838 1221 4884 et
1247 4831 1417 4885 armis
1439 4846 1546 4884 non
1575 4832 1740 4884 semel
1763 4845 2001 4899 occupa-

440 4932 560 4987 ret;
602 4924 930 4991 tandemqne
965 4923 1124 4976 titulo
1142 4924 1475 4992 etdignitate
1511 4924 1724 4993 imperii
1753 4923 1997 4992 legitime

439 5018 728 5084 potiretur.
750 5017 829 5069 lla
851 5025 909 5067 ιιι
934 5014 1221 5083 imperium
1254 5013 1586 5078 Romanum,
1612 5016 1753 5082 quod
1777 5014 2004 5067 Germa-

441 5124 538 5162 nus
571 5122 765 5174 capere
792 5122 899 5159 non
932 5110 1131 5174 potuit,
1167 5107 1382 5161 illorum
1418 5109 1620 5160 virtute
1655 5115 1872 5174 captum
1899 5124 1912 5171 ;
1949 5116 2006 5160 et

438 5199 527 5267 qui
561 5200 748 5254 hostes
767 5200 895 5252 olim
928 5199 1212 5262 Romanis,
1233 5214 1377 5255 nunc
1403 5199 1672 5264 victores;
1699 5199 1842 5268 quod
1869 5197 2002 5253 olim

441 5289 794 5345 Barbaricum
866 5289 1150 5354 Romanis,
1179 5290 1356 5357 ntipsi
1420 5289 1868 5358 praeseferebant,
1908 5288 2005 5342 de-

441 5383 702 5449 spicatui,
735 5399 796 5435 re
817 5390 999 5436 autem
1035 5397 1160 5435 vera
1194 5381 1468 5435 formidini
1505 5381 1628 5446 fttit,
1664 5381 1714 5434 id
1741 5396 1885 5434 nunc
1914 5395 2004 5432 ar-

421 5474 594 5528 'tibus
624 5483 678 5527 et
713 5474 961 5527 moribus
997 5471 1356 5527 cultissimum
1399 5473 1553 5526 sedes
1569 5483 1623 5525 et
1659 5487 1750 5524 arx
1788 5471 2002 5540 imperii

445 5571 646 5619 factum
681 5567 752 5620 sit
777 5606 792 5620 .
820 5564 972 5628 Quod
1012 5565 1056 5618 si
1095 5563 1260 5616 etiam
1299 5564 1526 5617 ditionis
1559 5563 1852 5630 utriusque
1883 5579 2002 5615 aut-

457 5658 778 5725 plitudinetn
814 5656 1091 5724 inspicere
1127 5658 1290 5709 libeat
1315 5697 1328 5720 ,
1356 5656 1609 5723 quamvis
1641 5672 1702 5708 ea
1737 5654 1802 5706 ad
1863 5657 2005 5706 hanc

444 5753 800 5815 qumstionem
828 5765 933 5802 non
962 5749 1194 5816 pertinet
1225 5747 1375 5815 (quid
1400 5745 1586 5800 enim?
1619 5746 1665 5799 si
1701 5746 1785 5799 vel
1819 5747 1884 5797 ad
1911 5761 2003 5798 cas

446 5842 726 5909 angustias
759 5841 1047 5912 imperium
1091 5837 1386 5910 redigatur,
1424 5855 1530 5895 non
1566 5839 1742 5894 dicam
1778 5848 1835 5892 ut
1868 5836 1997 5892 Ger-

2103 4639 2234 4694 teris
2269 4637 2542 4707 Hesperia:
2570 4636 2866 4706 provinciis
2894 4643 3077 4688 contra
3110 4628 3521 4685 immanissima:
3540 4640 3670 4692 gen-

2107 4732 2177 4786 tis
2202 4731 2503 4786 eluvionem
2527 4730 2671 4783 velut
2693 4729 2746 4781 in
2775 4726 2915 4781 muri
2941 4723 3234 4794 aggerique
3262 4721 3434 4777 vicem
3469 4718 3668 4780 fuerit;

2104 4826 2247 4894 quod
2268 4833 2439 4877 totum
2462 4822 2592 4876 illud
2611 4837 2715 4875 non
2739 4820 2805 4874 ab
2832 4819 3191 4872 humanarum
3210 4815 3406 4870 virium
3429 4822 3668 4867 ostenta.

2103 4916 2272 4976 tione,
2297 4915 2389 4968 sed
2414 4913 2528 4967 sola
2547 4911 2730 4967 divina
2749 4927 2850 4978 ope
2868 4910 3103 4980 pendere
3124 4923 3507 4978 agnoscamus.
3530 4905 3668 4959 Cum

2105 5017 2286 5062 autem
2310 5006 2536 5076 imperia
2554 5015 2607 5060 et
2624 5020 2810 5074 regna,
2836 5005 2881 5059 si
2916 5019 3020 5056 non
3038 5003 3207 5069 justa.
3236 5002 3311 5054 nil
3337 5001 3442 5055 nisi
3475 5013 3670 5068 magna

2106 5101 2214 5157 sint
2234 5100 2514 5154 latrocinia
2534 5115 2549 5164 ;
2573 5100 2624 5151 in
2645 5109 2894 5166 promptu
2917 5094 3079 5149 fuerit
3099 5094 3418 5162 diiudicare,
3441 5101 3558 5147 uter
3577 5091 3673 5143 ho-

2106 5209 2226 5249 rum
2245 5193 2468 5264 legitimi
2490 5189 2748 5261 principis
2774 5204 2970 5244 nomen
2993 5189 3188 5244 melius
3208 5187 3484 5240 tueretur:
3511 5184 3671 5237 illene

2107 5285 2200 5356 qui
2231 5286 2550 5353 plerumque
2578 5281 2726 5336 nulla
2749 5281 2901 5349 justa
2923 5295 3100 5348 neque
3120 5278 3470 5334 suctzessione
3493 5288 3671 5342 neque

2106 5378 2393 5442 electione,
2430 5377 2523 5429 sed
2564 5374 2860 5442 aliquando
2885 5373 3109 5442 magicis
3149 5371 3414 5432 sortibus,
3441 5367 3672 5434 aliisque

2107 5470 2268 5524 malis
2306 5469 2514 5521 artibus
2543 5465 2789 5536 allectata
2827 5464 3136 5536 tyrannide,
3173 5477 3304 5516 vero
3321 5458 3564 5530 principe
3599 5459 3670 5526 (si

2107 5560 2366 5614 vclfratcr
2383 5558 2476 5624 sit)
2500 5535 2593 5611 aut
2610 5556 2723 5610 sica
2753 5535 3024 5609 vettcnove
3045 5560 3340 5622 perempto,
3363 5557 3458 5602 aut
3473 5549 3554 5618 (ut
3571 5549 3674 5602 mi-

2109 5652 2239 5722 tius)
2259 5651 2563 5704 elucificato
2585 5649 2666 5701 vel
2693 5657 2956 5705 castrato.
2978 5654 3072 5700 aut
3089 5647 3170 5713 (ut
3186 5641 3498 5711 mitissime)
3515 5651 3676 5695 tonso

2109 5757 2162 5800 et
2186 5749 2239 5797 in
2265 5743 2658 5798 monasterium
2706 5742 2932 5796 detruso
2965 5739 3248 5808 imperium
3286 5738 3426 5791 male
3458 5735 3672 5805 arripit,

2109 5838 2262 5902 peius
2285 5835 2414 5900 gerit
2433 5833 2666 5898 pessime
2684 5841 2730 5886 et
2753 5831 2915 5886 simili
2939 5832 3082 5886 exitu
3111 5844 3302 5884 rursus
3322 5829 3517 5883 amittit
3543 5843 3556 5881 :
3590 5827 3674 5880 vel
