4126 6464
416 381 520 450 571

1480 389 1939 459 MARQUARDI
1979 393 2325 452 FREHEBI
2367 395 2605 454 NOTAE.

3563 381 3668 444 ᾗῗὲ

423 498 568 554 forte
593 512 702 552 non
750 497 928 553 dicam
960 497 1308 562 feminarum,
1351 502 1450 556 sed
1485 501 1651 572 (quod
1687 503 1990 574 indignius)
2024 516 2066 568 Α
2097 507 2246 561 nitus
2302 508 2565 561 immissis
2617 504 2890 561 hostibus.
2956 503 3023 555 ab
3047 501 3339 555 Occidente
3381 497 3664 557 Vandalis.

409 590 806 645 cunuchorum
866 599 999 645 nutu
1038 600 1090 645 et
1123 592 1369 654 libidine,
1394 593 1690 664 aliquando
1715 607 1770 650 et
1793 595 1988 650 factio-

412 697 556 734 num
583 680 966 735 theatricarurn
990 681 1218 751 impetu,
1245 700 1636 756 nonnunquam
1661 688 1826 741 etiam
1850 688 1998 756 ipso-

423 790 545 828 rum
572 775 813 830 hostium
851 786 903 830 et
938 777 1294 832 barbarorum
1337 788 1502 848 atque
1525 779 1664 834 adeo
1690 780 1996 836 Turcorum

420 863 705 918 voluntate
733 875 785 918 et
813 866 998 930 minis,
1050 867 1116 920 ad
1161 877 1376 937 sceptra
1416 870 1720 938 extollitur,
1761 887 1998 941 quorum

412 957 670 1008 «nuntium
689 959 932 1026 exempla
967 959 1019 1011 in
1043 957 1358 1014 Graecorum
1384 960 1631 1016 historiis
1648 973 1776 1017 sunt
1804 962 1959 1016 obvia
1984 983 1998 1018 :

429 1065 495 1102 an
523 1065 650 1102 vero
680 1050 768 1104 ille
803 1053 1006 1120 potius,
1042 1052 1136 1122 qui
1196 1052 1602 1120 sapientissimo
1646 1063 1700 1109 et
1722 1054 2003 1110 liberrimo

429 1138 738 1192 antistitum
771 1141 1197 1210 principumque
1251 1157 1594 1196 summorum
1638 1143 1898 1204 concilio,
1932 1144 2003 1197 ob

429 1230 650 1287 virtutis
679 1244 939 1302 spectatae
994 1235 1249 1287 meritum
1303 1244 1356 1289 et
1386 1235 1480 1289 alti
1517 1236 1736 1304 generis
1766 1236 2003 1290 indolem

429 1323 661 1391 electus,
691 1327 864 1380 sacris
891 1328 1232 1381 caeremoniis
1255 1337 1308 1381 et
1337 1327 1626 1396 exquisitis
1643 1328 2006 1382 solemnitati-

436 1415 538 1468 bus
572 1431 722 1468 more
747 1416 1016 1485 majorum
1048 1419 1330 1481 initiatus,
1367 1419 1648 1494 conceptis
1688 1419 1868 1473 verbis
1910 1419 2008 1472 Ec-

431 1507 615 1562 clesim
646 1519 698 1562 et
746 1511 934 1577 patri:e
992 1510 1148 1564 ﬁdem
1183 1525 1340 1564 suam
1380 1509 1734 1580 obstringens
1759 1549 1774 1571 ,
1805 1512 2007 1578 pepulo

433 1600 773 1654 acclamante
823 1601 922 1654 rite
974 1602 1367 1664 renuntiatur,
1431 1602 1576 1654 trina
1645 1601 2008 1654 coronatione

435 1691 715 1752 sancitur;
759 1701 926 1758 atque
973 1690 1047 1742 ita
1093 1690 1330 1760 legitime
1370 1705 1470 1745 ceu
1515 1689 1607 1744 Dei
1642 1705 1802 1742 manu
1833 1689 1887 1742 in
1917 1705 2010 1744 so-

433 1783 506 1836 lio
533 1782 856 1847 collocatus,
893 1792 953 1837 ut
979 1799 1221 1854 praesens
1284 1784 1338 1837 in
1369 1785 1531 1838 terris
1562 1783 1776 1837 Numen
1813 1782 2012 1835 colitur

438 1879 643 1948 pariter
703 1889 758 1934 et
786 1879 1031 1933 timetur.
1063 1877 1195 1932 Jure
1223 1877 1390 1949 igitur
1433 1877 1537 1932 hoc
1563 1877 1870 1932 Germaniae
1901 1875 2012 1930 Ro-

440 1987 662 2025 manum
686 1971 997 2040 imperium,
1051 1980 1129 2024 tot
1159 1971 1429 2024 hactenus
1460 1969 1822 2036 sapientibus,
1854 1968 2008 2022 forti-

439 2066 560 2127 hus,
597 2064 899 2119 moderatis
941 2063 1280 2134 principibus
1310 2062 1702 2132 gubernatum,
1743 2077 1854 2115 non
1886 2073 2010 2115 tau-

435 2169 547 2210 tum
579 2156 878 2226 legitimum
913 2158 1214 2225 etjustum,
1250 2156 1347 2210 sed
1378 2171 1503 2210 vere
1556 2155 1725 2226 (quod
1756 2155 2010 2223 vocatur)

434 2258 874 2314 sacrosanctum,
920 2250 1149 2319 ideoque
1176 2247 1284 2302 Deo
1333 2248 1562 2302 charum
1585 2255 1640 2301 et
1671 2247 2012 2317 θεοφρούρη-

431 2360 524 2394 τον
565 2351 822 2397 censetur
853 2359 867 2399 :
903 2354 958 2397 et
994 2343 1063 2398 ab
1091 2341 1350 2396 omnibus
1402 2339 1701 2396 Christiani
1739 2341 1888 2396 orbis
1921 2354 2012 2409 po-

431 2435 575 2502 pulis
605 2433 949 2510 regibusque
971 2434 1103 2488 hinc
1135 2449 1242 2487 non
1264 2432 1533 2503 gravatim
1568 2431 1746 2485 fasces
1774 2431 2005 2485 submit-

435 2527 680 2580 Ientibus
711 2528 1054 2580 honoratur:
1093 2524 1302 2592 talique
1337 2526 1404 2575 ad
1441 2521 1815 2575 ﬁnemmundi
1847 2523 2013 2575 dura-

432 2629 616 2672 turum
649 2619 1044 2689 prophetarum
1081 2615 1325 2670 oraculis
1380 2614 1650 2669 creditur.
1679 2613 1815 2667 Cum
1847 2613 1901 2668 in
1930 2614 2012 2666 al-

437 2721 548 2763 tera
575 2710 663 2763 illa
701 2709 768 2763 ad
829 2709 1100 2762 Euxinum
1151 2705 1382 2760 Pontum
1431 2703 1701 2773 septicolli
1735 2701 1928 2764 Roma.
1957 2710 2012 2756 et

438 2804 825 2873 imperitantes
859 2799 964 2871 ipsi
995 2798 1276 2854 Neronum
1311 2797 1496 2867 potius
1544 2795 2012 2862 Claudiorumque

446 2914 610 2967 quam
637 2894 986 2951 Constantini
1016 2893 1201 2962 (cujus
1227 2905 1428 2945 nomen
1487 2889 1833 2957 affectabam)
1887 2905 2010 2942 suc-

439 3005 686 3046 cessores
724 2986 892 3042 variis
934 3000 1150 3040 morum
1179 2983 1398 3037 damnis
1437 2991 1490 3037 et
1525 2983 1650 3036 vita:
1678 2981 1924 3052 flagitiis,
1953 2979 2008 3033 in

439 3083 618 3136 socios
659 3080 791 3151 perii
816 3080 912 3144 lia,
967 3076 1254 3147 perulciali
1311 3075 1454 3128 inter
1506 3074 1655 3143 ipsos
1709 3072 2008 3138 discordia,

440 3174 660 3228 infanda
685 3172 1030 3234 crudelitate,
1063 3178 1119 3224 ct
1142 3167 1368 3237 tragicis
1403 3167 1725 3231 sceleribus,
1763 3167 2010 3235 adeoque

441 3275 624 3334 aperta
685 3263 1001 3330 impietate:
1068 3267 1125 3313 et
1175 3273 1371 3313 eorum
1425 3256 1680 3325 exemplo
1708 3265 2010 3329 corruptus

441 3356 523 3424 (ut
555 3354 630 3416 tit)
675 3352 906 3422 populus
934 3365 1000 3405 eo
1022 3347 1426 3411 dissolutionis,
1457 3347 1738 3416 nequitiae,
1775 3345 2016 3401 infamias

442 3447 857 3515 prolaberetur,
893 3452 950 3498 ut
980 3458 1079 3511 pro
1114 3441 1257 3495 Nova
1292 3441 1465 3494 Roma
1485 3451 1540 3495 et
1582 3438 1751 3494 Sione
1779 3438 1928 3510 (nam
1963 3447 2022 3494 et

443 3545 544 3589 hoc
604 3533 763 3589 titulo
792 3532 896 3588 sibi
923 3530 1364 3597 blandiebantur)
1401 3543 1538 3583 nova
1578 3527 1764 3596 ponus
1794 3527 2020 3599 Sybaris

443 3640 491 3684 et
527 3627 766 3686 Sodoma
806 3627 888 3682 vel
923 3626 1054 3697 ipsis
1091 3623 1328 3680 testibus
1368 3634 1516 3676 esset
1539 3621 1796 3676 dicenda.
1838 3618 2020 3686 Quam

444 3721 851 3790 pertersiOuem
879 3718 1060 3774 fatalis
1075 3718 1197 3788 ejus
1217 3714 1471 3771 interitus
1495 3722 1549 3768 et
1577 3715 1846 3770 excidium
1869 3712 2022 3782 justo

444 3815 722 3868 Adrasteae
741 3811 948 3882 judicio
961 3821 1046 3868 est
1067 3818 1384 3864 consecuta.
1405 3807 1702 3876 Postquam
1728 3804 1874 3860 enim
1893 3819 2018 3859 cum

449 3907 646 3962 vicinis
688 3905 944 3963 omnibus
977 3901 1191 3974 populis
1214 3941 1229 3969 ,
1256 3900 1372 3972 jam
1401 3898 1546 3956 velut
1569 3897 1770 3969 juratis
1801 3905 1858 3952 et
1879 3895 2022 3952 divi-

2097 596 2314 661 Gothis,
2348 599 2617 664 Bulgaria.
2661 596 2897 658 Vlachis,
2967 593 3153 664 Mysis,
3197 591 3429 654 ﬂunnis,
3471 590 3671 644 Avari-

2101 691 2227 753 bus,
2289 691 2516 754 Serviis,
2585 689 2868 751 Triballis,
2905 686 3230 747 Patziuacis,
3262 682 3473 747 Bessis,
3505 681 3669 745 Uris;

2101 784 2169 835 ab
2191 781 2410 837 Oriente
2465 797 2594 836 vero
2623 779 2825 842 Persis,
2853 780 3101 847 Ahasgis,
3133 776 3326 840 lberis,
3377 773 3676 838 Arabibus,

2101 874 2410 937 Armeniis.
2453 875 2672 928 tandem
2731 871 2925 926 Turcis
2965 882 3017 924 et
3073 869 3366 924 Saracenis
3427 865 3674 920 omnium

2103 969 2412 1028 acerrimis.
2461 975 2720 1034 tanquam
2769 963 2971 1032 capitis
3036 975 3162 1014 reus
3190 958 3385 1014 bestiis
3417 957 3680 1025 obiectus

2105 1060 2198 1114 diu
2236 1059 2388 1113 varia
2421 1057 2633 1112 fortuna
2662 1056 2851 1110 fuisset
2902 1051 3304 1117 conﬂictatum;
3354 1051 3682 1120 plerumque

2105 1168 2237 1208 vero
2258 1162 2352 1206 aut
2369 1166 2561 1219 magna
2584 1161 2766 1217 strage
2783 1157 3144 1210 attenuatum,
3161 1153 3254 1198 aut
3273 1145 3338 1198 ad
3354 1143 3683 1218 durissimas

2107 1244 2445 1316 dependendi
2467 1244 2655 1298 tributi
2672 1242 3018 1297 conditiones
3032 1239 3279 1292 adactum
3307 1252 3322 1288 :
3340 1250 3448 1288 non
3465 1243 3681 1288 tantum

2111 1338 2244 1391 lines
2271 1337 2389 1390 illos
2416 1334 2629 1402 imperii
2651 1333 2779 1386 olim
2811 1327 3067 1386 latissimi
3088 1326 3390 1380 exteriores
3418 1333 3684 1394 perpetua

2114 1431 2272 1498 quasi
2306 1428 2582 1482 alluvione
2622 1440 2879 1488 arrosos,
2917 1421 3138 1476 amissis
3186 1419 3422 1474 subinde
3455 1418 3683 1486 optimis

2110 1521 2420 1590 quibusque
2456 1519 2757 1589 provinciis
2793 1515 2968 1584 magis
3003 1511 3292 1580 magisque
3349 1508 3680 1564 contrahere

2111 1630 2336 1668 necesse
2373 1613 2580 1675 habuit,
2627 1613 2720 1665 sed
2750 1611 2832 1663 vix
2871 1607 3090 1662 tandem
3133 1605 3379 1675 pomaria
3412 1618 3537 1664 sua,
3572 1602 3683 1654 imo

2112 1709 2314 1765 muenia
2349 1719 2643 1776 portasque
2675 1703 2840 1758 tutari
2871 1701 3067 1771 potuit.
3101 1697 3286 1766 Itaque
3314 1711 3440 1748 cum
3471 1693 3687 1760 aliquot

2115 1801 2428 1856 obsidiones
2453 1794 2987 1863 Constantinopolis,
3031 1792 3100 1846 ab
3133 1789 3422 1848 Avaribus,
3457 1786 3686 1838 Sarace-

2116 1894 2192 1956 ni,
2230 1872 2640 1947 Genuensibus.
2714 1898 2880 1955 atque
2925 1885 3090 1940 etiam
3133 1887 3187 1936 in
3239 1880 3494 1936 civilibus
3527 1875 3682 1930 bellis

2114 1999 2294 2056 passa.
2323 1985 2475 2054 justo
2507 1981 2807 2051 paenitendi
2843 1971 3089 2047 tempore
3119 1978 3306 2044 elapso
3343 1972 3522 2027 nihilo
3550 1971 3678 2024 intc-

2113 2079 2216 2132 rim
2242 2079 2495 2132 evaderet
2530 2076 2760 2140 melior;
2788 2072 2882 2126 sed
2907 2071 3069 2124 veluti
3093 2069 3333 2138 obligato
3367 2065 3472 2120 sibi
3503 2062 3667 2117 divino

2112 2171 2325 2226 auxilio
2389 2167 2764 2223 inuincibilem
2795 2181 2853 2220 se
2880 2172 2937 2219 et
2966 2161 3374 2233 Θεοφρούρητον
3407 2158 3678 2228 jactaret;

2113 2264 2332 2320 tandem
2363 2278 2393 2316 a
2426 2259 2536 2312 Deo
2599 2259 2814 2312 deserta
2869 2253 3038 2324 (quod
3085 2255 3194 2306 Leo
3233 2253 3366 2319 imp.
3393 2246 3601 2303 dudum
3631 2245 3687 2298 in

2111 2355 2349 2426 quodam
2409 2349 2671 2404 vaticinio
2707 2343 3105 2416 praesagierat),
3139 2351 3196 2396 ut
3238 2357 3270 2396 a
3321 2339 3696 2395 Constantino

2111 2446 2290 2516 primo
2323 2443 2566 2502 condita.
2602 2442 2676 2495 ita
2732 2440 2802 2493 ab
2843 2439 3036 2491 ultimo
3070 2435 3294 2493 amissa.
3359 2429 3698 2486 immanissi-

2113 2553 2216 2593 ma:
2247 2537 2555 2590 Turcarum
2627 2532 2779 2600 genti
2830 2529 3183 2599 pertinaciter
3217 2522 3562 2578 obsidionem
3598 2533 3695 2574 ur-

2112 2629 2284 2700 genti,
2317 2641 2595 2695 nunquam
2647 2625 2782 2679 satis
2822 2619 3162 2689 deploraudo
3190 2615 3347 2672 orbis
3378 2609 3698 2666 Christiani

2111 2721 2314 2776 damno
2341 2717 2649 2783 concessit;
2675 2715 2842 2770 nobis
2861 2714 3068 2767 interea
3101 2707 3395 2763 manifesto
3415 2701 3696 2767 exemplo,

2113 2814 2328 2869 utdum
2363 2813 2416 2866 in
2451 2811 2560 2867 illis
2611 2825 2858 2864 errorum
2917 2803 3485 2874 superstitionumque
3515 2794 3700 2850 collu-

2114 2906 2283 2970 viem,
2307 2905 2574 2960 bonarum
2605 2903 2782 2971 legum
2816 2907 3213 2966 contemptum,
3245 2890 3550 2960 disciplina:
3577 2887 3699 2940 dis-

2112 2997 2470 3062 solutionem,
2505 2995 2795 3050 intestinas
2853 2990 3180 3050 discordias,
3209 2985 3455 3051 aul:eque
3481 2991 3537 3035 et
3559 2978 3696 3032 cleri

2111 3089 2474 3160 corruptelas,
2503 3097 2558 3142 et
2605 3085 2852 3157 perditos
2887 3083 3126 3149 denique
3154 3077 3338 3148 populi
3375 3087 3557 3128 mores
3593 3083 3702 3122 no-

2115 3194 2344 3248 tamus;
2400 3180 2560 3236 obvia
2601 3180 2653 3232 in
2707 3175 2986 3246 plerisque
3040 3181 3359 3242 nostrorum
3389 3176 3698 3232 temporum

2039 3284 2082 3343 ς.
2116 3273 2495 3338 similitudine,
2557 3271 2661 3325 nisi
2711 3269 2779 3323 de
2807 3265 3132 3336 paenitentia
3175 3261 3321 3316 serio
3365 3259 3701 3326 cogitemus,

2115 3371 2186 3425 ab
2215 3369 2420 3422 eisdem
2448 3367 2630 3420 causis
2655 3378 2814 3433 pares
2837 3359 3021 3415 exitus
3058 3357 3378 3413 sortiamur.
3411 3351 3546 3417 Quae
3571 3348 3704 3418 qui-

2117 3463 2242 3518 dem
2279 3461 2383 3514 hoc
2415 3460 2533 3512 loco
2585 3457 2749 3523 paulo
2796 3452 2974 3507 fusius
3005 3449 3280 3504 disserere
3307 3484 3322 3508 ,
3373 3441 3596 3513 quando
3636 3454 3704 3494 co

2119 3556 2242 3624 ipso
2270 3568 2386 3608 aevo
2420 3551 2580 3621 cujus
2627 3548 2715 3602 hic
2755 3544 2937 3599 varios
2983 3540 3284 3609 scriptores
3325 3543 3704 3604 repra-senta-

2124 3660 2268 3709 mus,
2315 3659 2376 3698 ea
2426 3639 2710 3713 Byzantini
2767 3633 2984 3704 imperii
3034 3631 3249 3685 eversio
3297 3625 3553 3696 contigit,
3581 3634 3638 3679 et
3672 3639 3709 3675 a

2129 3737 2316 3794 multis
2365 3736 2586 3789 illorum
2624 3729 2881 3785 adnotata
2926 3726 3249 3797 reperietur,
3300 3737 3406 3777 non
3459 3719 3704 3774 alienum

2133 3831 2464 3905 putavimus.
