4126 6428
1249 408 3620 440 MM
1361 429 2071 440 —__—__.__
2161 437 2359 440 Ἥ

2354 429 2407 430 κέ
2900 429 3654 440 ______.___.__

1564 647 1575 659 ’
1689 641 2417 778 ANNALES

556 925 1861 1087 SULTANORUM
1961 933 3540 1134 .OTHMANIDARUM

1342 1291 1354 1304 ο
1383 1259 1429 1316 Α
1484 1255 1764 1316 TURClS
1803 1257 1954 1317 SUA
2020 1258 2328 1320 LINGUA
2375 1261 2706 1323 SCRIPTI.

658 1438 1029 1516 Hieronymi
1064 1439 1224 1501 Beck
1251 1459 1289 1499 a
1319 1439 1782 1522 Leopoldstorf,
1809 1443 2016 1504 Marci
2040 1442 2132 1519 ﬁl.
2172 1440 2385 1503 studio
2418 1453 2471 1504 st
2505 1445 2840 1524 diligentia
2874 1447 3434 1528 Constantinopoli

893 1560 1138 1624 advecti
1164 1563 1404 1640 MDL],
1437 1564 1583 1626 divo
1613 1564 2018 1627 Ferdinando
2053 1565 2205 1627 (ἔαξε.
2245 1565 2392 1645 Opt.
2440 1570 2624 1631 Mam.
2653 1571 2730 1632 D.
2764 1571 2837 1632 Β.
2875 1573 3187 1653 jussuque

500 1693 651 1758 Cas.
711 1713 752 1753 a
813 1695 1063 1757 Joanne
1135 1695 1416 1758 Gaudier
1489 1697 1656 1760 dicto
1733 1699 2000 1780 Spiegel,
2099 1702 2440 1780 interprete
2507 1704 2774 1767 Turcico
2831 1707 3198 1770 Germanice
3269 1707 3587 1772 translati.

735 1889 1012 1951 Joannes
1072 1889 1512 1952 anncuvms
1573 1891 1805 1954 nobilis
1881 1895 2308 1974 Angrivarius,
2374 1899 2598 1961 Latine
2664 1900 2949 1964 redditos
3013 1901 3348 1964 illustravit

1279 2024 1340 2082 et
1377 2021 1553 2084 auxit
1588 2039 1789 2102 usque
1819 2022 1896 2085 ad
1927 2016 2168 2086 annut'n
2197 2025 2316 2088 CII)
2348 2029 2421 2092 1f)
2453 2029 2792 2092 XXCVIII.

1033 2391 1831 2524 JOANNIS
1906 2389 2662 2538 LEUNCLJ

1412 2409 1831 2524 NNIS
1906 2389 3041 2538 LEUNCLAVII

1558 2680 1641 2722 AD
1699 2679 1978 2752 IFOBILBM
2008 2677 2082 2722 AC
2123 2678 2519 2724 MAGNIFICUM

1216 2854 1290 2916 D.
1313 2853 1839 2917 HIERONYMUM
1884 2855 2091 2917 BECK
2134 2857 2185 2917 A
2219 2855 2847 2918 LEOPOLDSTORF

1361 3036 1490 3077 σεε.
1545 3037 1762 3079 IAJEST.
1811 3038 2034 3078 CAHEBE
2071 3038 2275 3080 ιυιιως
2325 3037 2728 3093 εοΝδιιιΑιιιωι,

1151 3225 1278 3315 IN
1352 3219 1588 3316 HOS
1657 3223 2201 3316 ANNALES
2257 3224 2952 3318 PREFATIO.

489 3614 642 3685 305
675 3614 927 3687 Equidem
956 3614 1142 3672 audire
1166 3632 1270 3671 non
1287 3615 1444 3672 semel
1469 3631 1535 3672 ex
1555 3625 1604 3672 te
1630 3617 1866 3681 memini,
1900 3619 1980 3672 vir
2008 3615 2304 3687 magniﬁce,
2342 3622 2391 3669 te
2429 3614 2849 3684 peregrinatione
2875 3612 3250 3681 tua'suscepta,
3280 3631 3400 3668 cum
3433 3615 3663 3672 Romam

340 3764 346 3770 ο
415 3722 550 3756 anno
579 3704 780 3759 Jubtleo
819 3704 956 3760 1550
980 3706 1224 3770 adiisses,
1268 3715 1318 3760 et
1350 3705 1518 3760 Roma
1567 3705 1810 3761 Venetias
1834 3706 2128 3776 profectus,
2161 3708 2396 3762 indidem
2431 3707 2736 3761 triremibus
2783 3707 3078 3776 majoribus
3105 3709 3173 3760 ad
3199 3707 3450 3774 Tripolim
3481 3708 3665 3778 Syrio

410 3793 698 3859 nppulisses
725 3807 744 3846 :
774 3789 1059 3862 Halepum,
1082 3792 1426 3860 Damascum,
1450 3792 1738 3855 Nazaret'h.
1770 3793 1826 3849 S.
1856 3794 2118 3849 S.Christi
2133 3796 2437 3863 sepulcrum
2463 3792 2842 3863 Hierosolymis
2860 3803 2908 3845 et
2937 3793 2990 3845 in
3022 3794 3222 3847 Arabia
3257 3803 3486 3848 montem
3517 3794 3667 3848 0reb~

407 3884 731 3945 accessisse;
768 3894 1154 3952 peragrataque
1187 3882 1427 3952 deinceps
1452 3881 1710 3952 Egypto,
1739 3881 1803 3935 ab
1836 3881 1960 3937 urbe
1981 3883 2126 3938 illius
2157 3883 2485 3937 Alexandria
2507 3883 2644 3936 mari
2685 3881 2927 3950 trajecta.
2956 3898 3048 3951 per
3084 3881 3349 3934 Attaliam
3384 3880 3658 3954 Pamphy-

405 3969 508 4031 lite.
540 3968 822 4040 Cotyaium
846 3970 1112 4041 Phrygiae,
1144 3969 1375 4025 Prusam
1413 3969 1698 4042 Bithynite,
1758 3971 1969 4024 tandem
1993 3969 2317 4043 Byzantium
2346 3971 2581 4025 Thraciae
2616 3971 2933 4040 pervenisse.
2998 3969 3246 4041 Byzantii
3278 3987 3416 4033 vero,
3455 3971 3510 4024 in
3533 3988 3652 4023 am-

404 4059 650 4124 plissima
673 4059 1014 4113 Turcicerum
1041 4059 1162 4113 sede
1188 4062 1355 4129 regia,
1389 4058 1580 4112 librum
1605 4056 1828 4112 Turcica
1851 4057 2032 4128 lingua
2086 4061 2360 4128 scriptum,
2414 4058 2690 4114 Othmanw
2750 4057 2976 4127 familia:
3025 4059 3323 4128 principum
3357 4073 3434 4112 res
3476 4067 3666 4128 gestas.

402 4147 778 4209 continentem,
808 4163 997 4214 magno
1031 4147 1229 4211 studio,
1267 4163 1360 4200 nec
1395 4147 1542 4200 nullo
1570 4156 1784 4217 sumptu
1824 4146 1987 4216 fuisse
2016 4157 2393 4203 consecutum:
2436 4162 2590 4218 quem
2641 4146 2764 4200 divo
2799 4143 3143 4200 Ferdinando
3165 4143 3466 4201 Rom.Ctes.
3507 4146 3654 4215 pien-

403 4234 630 4294 tissimo,
664 4249 802 4287 anno
838 4233 1190 4288 CItrSstilSSI
1232 4234 1378 4303 felici
1409 4235 1576 4288 tuoin
1599 4234 1877 4288 Austriam
1904 4232 2099 4300 reditu,
2128 4235 2266 4289 dono
2317 4234 2568 4288 obtuleris
2599 4233 2913 4287 :humiliter
2930 4245 3083 4288 orato
3145 4249 3286 4303 rege,
3332 4243 3388 4286 ut
3424 4232 3651 4302 publica:

401 4323 647 4376 utilitatis
670 4339 832 4378 causa
865 4326 917 4378 in
949 4323 1198 4378 Latinam
1221 4325 1299 4378 vel
1341 4323 1710 4378 Germanicam
1740 4325 1978 4394 linguam
2023 4323 2328 4378 vertendum
2355 4323 2590 4392 juberet.
2624 4319 2759 4376 Post
2789 4321 2886 4377 illa
2909 4332 2976 4386 te,
3002 4322 3180 4390 ofﬁciis
3203 4323 3530 4390 negotiisque
3557 4337 3656 4391 pu-

401 4411 550 4464 blicis
585 4415 851 4478 obrutum,
889 4413 1136 4483 emiguam
1163 4415 1322 4484 hujus
1360 4414 1437 4467 rei
1453 4429 1638 4468 curam
1667 4413 1951 4477 habuisse;
1979 4427 2138 4481 quam
2179 4420 2353 4464 tamen
2377 4411 2589 4480 penitus
2623 4408 2764 4461 haud
2801 4409 3074 4476 abjeceris.
3103 4407 3301 4476 Elapso
3327 4425 3429 4461 non
3467 4409 3659 4476 exiguo.

402 4509 629 4565 tempore
653 4499 818 4571 306
843 4517 961 4553 cum
983 4501 1173 4554 nobilis
1203 4502 1280 4554 vir
1315 4499 1528 4555 Ulricus
1587 4498 1992 4556 Maschwantler
2019 4519 2052 4554 a
2099 4501 2471 4572 Cranigsperg,
2525 4501 2614 4571 qui
2645 4500 2826 4552 multis
2881 4499 3036 4552 annis
3056 4497 3176 4551 divo
3211 4495 3558 4551 Ferdinando
3596 4499 3659 4550 in

402 4586 637 4640 cubiculo
661 4589 952 4653 inservivit,
970 4589 1101 4656 ﬁlia:
1119 4605 1250 4651 sure,
1277 4588 1563 4658 Alphonsaz
1596 4589 1660 4644 de
1697 4589 1888 4644 Games
1939 4591 1994 4643 in
2032 4590 2434 4644 matrimonium
2461 4588 2756 4652 collocatas,
2787 4585 3050 4641 solemnes
3090 4584 3303 4639 Vienna:
3336 4586 3550 4652 nuptias
3567 4600 3666 4637 σεα-

404 4673 621 4728 lebraret
649 4691 667 4728 :
698 4692 815 4730 eum
835 4677 950 4739 tibi,
975 4677 1040 4732 de
1068 4677 1160 4731 illo
1186 4677 1323 4730 libro
1350 4677 1661 4747 diligentius
1691 4678 1990 4732 sciscitanti
2032 4677 2384 4746 respondisse,
2410 4675 2665 4728 memoria
2716 4689 2772 4726 se
2836 4682 3026 4749 tene-rs,
3071 4669 3333 4726 Cursarem
3373 4672 3665 4738 interpreti;

401 4761 748 4835 suo'l'urcico
771 4763 1000 4818 Annales
1029 4765 1284 4836 quosdam
1318 4765 1574 4828 vertendi,
1602 4766 1980 4834 exercendique
2016 4765 2131 4833 ejus
2166 4765 2370 4834 gratia,
2407 4764 2692 4817 tradidisse
2718 4777 2736 4813 :
2769 4763 3064 4832 habereque
3088 4777 3144 4815 se
3177 4758 3456 4814 Turcicam
3486 4761 3664 4813 histo«

401 4849 554 4912 riam,
579 4850 763 4920 lingua
793 4851 1132 4919 Germanica,
1165 4868 1328 4906 manu
1355 4853 1630 4921 scriptam.
1665 4851 1818 4905 Hanc
1857 4853 2022 4922 igitur
2051 4870 2191 4908 anno
2223 4854 2362 4908 1586
2410 4853 2475 4906 ab
2511 4853 2606 4906 illo
2640 4853 2735 4906 tibi
2795 4854 3034 4916 missam,
3075 4867 3194 4905 cum
3239 4867 3303 4906 ex
3345 4853 3652 4918 interpretis

395 4934 616 4990 Joannis
649 4936 909 5000 Gaudier.
943 4939 1074 4993 dicti
1103 4939 1334 5008 Spiegel,
1367 4940 1591 5006 epistola
1618 4940 1959 5010 proaemiaca.
1989 4943 2278 4995 versionem
2301 4959 2410 4995 esse
2445 4941 2570 4994 libri
2608 4944 2706 5001 tui,
2740 4957 2935 5010 magna
2965 4956 3084 4994 cum
3114 4941 3378 5000 voluptate
3405 4942 3656 5011 agnovis-

393 5039 474 5075 ses
497 5065 510 5083 ,
558 5029 740 5078 statim
765 5029 993 5081 exscribi
1013 5028 1248 5096 jussisti.
1282 5026 1330 5080 F
1334 5045 1515 5082 ueram
1547 5045 1642 5100 ego
1675 5028 1988 5097 praecedenti
2014 5037 2138 5082 tunc
2165 5047 2302 5082 anno
2359 5028 2822 5096 Constantinopoli
2859 5028 3111 5082 Viennam
3141 5045 3396 5086 reversus.
3427 5029 3512 5082 cui
3541 5045 3646 5081 non

392 5113 646 5167 indicasti
677 5118 1044 5171 tantummodo
1069 5117 1134 5171 de
1164 5120 1382 5186 repertis
1406 5117 1511 5171 illis
1542 5117 1838 5172 Annalibus
1877 5117 2009 5180 tuis,
2073 5135 2246 5172 verum
2271 5119 2431 5171 etiam
2456 5134 2559 5168 non
2591 5117 2808 5180 invitus,
2841 5132 2960 5186 qua:
3015 5117 3307 5187 singularis
3364 5119 3416 5171 in
3441 5134 3522 5171 me
3553 5127 3652 5169 tua-

388 5211 466 5254 est
492 5201 869 5271 benevolentia,
903 5222 1103 5260 mecum
1127 5189 1674 5273 eos.communicas_ti.
1707 5205 1914 5261 Lubens
1949 5207 2046 5259 hoc
2077 5203 2317 5274 equidem
2339 5201 2556 5271 perlegi,
2586 5218 2808 5272 cumque
2861 5219 2965 5256 non
3029 5220 3241 5276 parum,
3281 5204 3520 5273 pluribus
3577 5203 3656 5257 de~

389 5283 593 5353 causis,
619 5291 906 5361 placerent,
967 5295 1174 5349 eosdem
1197 5305 1385 5366 rogatu
1420 5307 1508 5349 tuo
1541 5294 1752 5360 Latine,
1785 5306 1841 5349 ut
1865 5297 1916 5348 in
1940 5294 2106 5346 lucem
2125 5291 2253 5344 editi
2286 5290 2588 5344 nationibus
2625 5290 2823 5343 exteris
2876 5290 3039 5344 etiam
3071 5293 3194 5346 usui
3258 5304 3446 5357 essent,
3491 5301 3642 5344 tran-

388 5380 598 5447 scripsi.
623 5379 854 5435 Redeunt
883 5383 1049 5453 igitur
1081 5385 1150 5436 ad
1175 5395 1222 5437 te
1247 5401 1382 5437 nunc
1411 5385 1543 5454 typis
1577 5383 1810 5453 expressi
1836 5382 2288 5451 chalcagraphit'is
2337 5377 2575 5432 Annales
2604 5377 2844 5443 Turcici,
2881 5388 2970 5432 tuo
3003 5380 3094 5449 qui
3123 5380 3380 5433 debentur
3437 5378 3638 5434 studio.

385 5462 524 5531 quod
555 5481 660 5516 non
692 5474 900 5519 tantum
930 5482 1015 5519 eos
1054 5483 1122 5520 etc
1145 5467 1258 5520 illis
1289 5467 1416 5521 locis
1460 5477 1626 5520 tecum
1661 5465 1892 5519 attulisti
1919 5480 1937 5517 :
1965 5482 2144 5522 verum
2172 5469 2332 5522 etiam
2370 5481 2531 5535 prope
2563 5464 2801 5533 sepultos
2831 5465 2894 5520 ab
2959 5467 3115 5520 annis
3146 5467 3214 5520 ’57
3249 5476 3299 5521 et
3354 5468 3494 5535 ipsos
3543 5469 3655 5520 eri-.

386 5552 546 5618 puisti
577 5569 763 5606 rursus
795 5570 821 5606 e
847 5555 1096 5620 tenebris,
1123 5565 1173 5609 et
1201 5555 1502 5609 latitantem
1531 5555 1662 5608 alibi
1686 5552 2049 5610 Germanicam
2077 5573 2279 5627 quoque
2309 5557 2592 5609 versionem
2631 5573 2663 5607 a
2695 5555 2875 5610 blattis
2906 5564 2956 5609 et
2983 5555 3138 5609 tineis
3185 5555 3484 5608 asseruisti.
3523 5553 3639 5619 Qua

385 5641 447 5692 de
471 5656 660 5707 causa,
690 5656 811 5694 cum
840 5642 964 5695 libri
985 5643 1054 5695 ad
1086 5660 1178 5697 nos
1207 5643 1504 5712 perferendi
1533 5643 1736 5712 primus
1769 5652 1977 5706 auctor,
1999 5643 2135 5697 idem
2167 5644 2389 5711 perituri
2430 5643 2618 5696 vindex
2653 5650 2702 5695 et
2727 5653 3067 5697 conservator
3096 5645 3359 5696 exstiteris
3392 5657 3410 5695 :
3444 5641 3640 5712 absque

386 5725 586 5792 iniuria
617 5739 728 5793 tua,
753 5729 987 5797 cujusvis
1007 5731 1228 5784 alterius
1249 5733 1498 5801 prteferre
1524 5747 1710 5784 nomen
1733 5730 1962 5786 Annales
1988 5734 2090 5801 ipsi
2116 5744 2395 5803 nequeunt.
2431 5731 2604 5786 Meum
2634 5748 2752 5786 vero
2781 5729 3180 5803 injexpoliendis
3205 5723 3282 5785 his
3316 5732 3633 5783 laboriosam

386 5828 598 5884 operam
623 5818 970 5888 probaturum
1008 5830 1074 5884 te,
1110 5839 1225 5875 cum
1257 5820 1374 5875 aliis
1401 5823 1601 5876 sincere
1628 5821 2022 5892 judicamibu’s,
2056 5838 2183 5874 sane
2217 5819 2446 5890 con/illo.
2475 5819 2609 5876 Cum
2643 5821 2780 5874 enim
2806 5821 2888 5873 uir
2919 5802 3128 5872 clarisls.
3170 5817 3324 5888 "tth
3347 5816 3549 5871 Βίοιίω
3575 5815 3626 5870 Ι.
