4126 6454
492 381 609 447 577
1426 385 1773 450 ANNALES
1809 381 2149 445 TU‘RCICI.
2190 407 2257 416 --
2292 382 2528 444 EP‘IST.
2570 381 2815 442 DEDIC.
3616 383 3732 442 “578

503 532 3044 562 MM

3056 548 3185 558 .-

869 710 1470 825 JOANNIS
1554 711 2187 827 GAUDlER
2274 713 2669 825 DICTI
2754 708 3350 824 SPlEGEL

1714 928 1993 986 TURCICI
2057 928 2518 985 INTERPRE’HS

766 1081 1183 1147 EPISTULA
1266 1085 1905 1152 PMLIMINARIS
1987 1091 2104 1152 AD
2172 1091 2251 1154 Β.
2317 1092 2395 1153 FJ

1861 1092 1905 1152 3
1987 1091 2104 1152 AD
2172 1091 2251 1154 Β.
2317 1090 2943 1155 ΕΕΚΒΙΝΑΝὒΠΜ
3018 1091 3217 1157 30M.
3297 1095 3490 1157 C/ES.

1295 1426 1662 1496 Serenissime,
1695 1433 2054 1499 potentissime
2080 1430 2213 1501 Rex,
2264 1435 2486 1490 Domine
2520 1436 2938 1493 clementissime.

565 1564 731 1636 309
744 1563 875 1619 Cum
897 1582 1000 1621 non
1025 1567 1108 1620 ita
1134 1567 1335 1634 pridem
1364 1569 1511 1639 regia
1538 1568 1720 1625 Vestra
1746 1570 2006 1641 Hajestas
2030 1574 2222 1629 librum
2248 1572 2523 1627 Turcicum
2545 1574 2671 1627 mihi
2689 1573 3031 1635 commiserit.
3053 1572 3107 1626 in
3124 1588 3223 1643 quo
3247 1582 3391 1626 ortus
3410 1583 3568 1643 atque
3586 1588 3732 1643 gesta

495 1652 661 1721 impp.
690 1652 1027 1706 Turcicorum
1051 1653 1457 1708 describuntur:
1479 1672 1626 1724 quem
1660 1659 1865 1726 quidem
1893 1661 2049 1729 regia:
2085 1656 2282 1712 Vestra:
2312 1655 2363 1708 Μ
2373 1654 2609 1724 ajestatis
2641 1656 2851 1716 nobilis,
2875 1664 3122 1709 strenuus
3180 1665 3335 1723 atque
3364 1657 3731 1726 integerrimus

498 1743 848 1813 Hieronymus
883 1743 1019 1797 Beck
1048 1761 1080 1797 a
1114 1742 1491 1814 Leopoldstorf
1514 1761 1577 1800 ex
1622 1748 1806 1802 itinere
1852 1747 2325 1817 llierosolgmitano
2347 1754 2396 1797 et
2445 1740 2488 1795 Τ
2491 1744 2638 1796 urcia
2697 1743 2919 1803 rediens,
2960 1742 3148 1795 obtulit
3181 1759 3200 1796 :
3248 1746 3337 1810 qui
3370 1743 3497 1795 mihi
3525 1760 3557 1796 a
3590 1746 3731 1810 regia

508 1829 691 1884 Vestra
724 1830 1003 1901 llojestate
1038 1832 1345 1888 Germanice
1371 1835 1819 1902 interpretandus.
1848 1839 2126 1889 clementer
2156 1831 2536 1887 demandatus:
2588 1832 2724 1896 quod
2772 1828 3043 1882 humiliter
3092 1831 3336 1895 pra’stiti,
3369 1846 3527 1899 eaque
3564 1847 3667 1899 qua
3701 1852 3733 1880 a

502 1918 687 1972 Turcis
709 1925 934 1989 scriptas
961 1929 1037 1973 est
1067 1921 1329 1988 methodo,
1366 1925 1421 1975 in
1476 1922 1677 1977 idioma
1734 1923 2099 1977 Germanicum
2133 1920 2403 1975 transtuli.
2435 1918 2575 1972 Licet
2624 1933 2742 1971 vero
2803 1919 3034 1987 idipsum
3074 1919 3293 1972 libenter
3352 1934 3493 1971 more
3518 1928 3566 1970 et
3599 1921 3734 1988 siglo

494 2008 749 2061 rhetorico
774 2008 1059 2077 e/fecissem
1079 2024 1098 2062 .·
1134 2010 1226 2063 sed
1241 2026 1355 2062 cum
1382 2011 1447 2063 ab
1475 2010 1686 2064 ineunte
1708 2022 1882 2077 rotate,
1912 2026 2104 2079 parum
2142 2014 2425 2064 admodum
2461 2007 2648 2061 litteris
2671 2008 3068 2061 humanioribus
3122 2010 3316 2076 fuerim
3345 2009 3599 2073 imbutus,
3650 2022 3732 2060 at-

483 2110 590 2165 que
619 2095 997 2164 hujusmodiiu
1026 2097 1178 2151 rebus
1212 2098 1425 2152 minime
1447 2109 1717 2164 versatus;
1746 2110 1903 2153 certa:
1957 2109 2130 2153 tamen
2192 2113 2308 2153 sum
2347 2097 2474 2162 spei,
2530 2096 2761 2149 laborem
2810 2096 2947 2149 hunc
3011 2097 3256 2164 exiguum
3315 2112 3473 2163 regite
3540 2096 3733 2149 Vestia!

494 2181 764 2251 Majestati
813 2183 1161 2253 placiturum.
1195 2187 1541 2239 Adnotassem
1564 2191 1733 2241 etiam
1784 2188 1944 2240 simul
1972 2202 2075 2255 quo
2104 2197 2331 2253 tempore
2387 2185 2673 2237 secundum
2699 2199 2863 2236 annos
2918 2182 3108 2236 salutis
3148 2194 3344 2237 nostra:
3408 2186 3518 2237 hinc
3585 2193 3730 2251 gesta

488 2269 750 2339 fuissent:
776 2286 953 2325 verum
979 2288 1096 2325 cum
1126 2274 1253 2326 anni
1285 2271 1575 2327 Turcorum
1603 2274 1865 2328 breviores
1888 2275 1993 2327 sint
2018 2276 2233 2334 nostris,
2269 2288 2429 2341 neque
2480 2275 2709 2339 ipsorum
2743 2271 3091 2324 anniversarii
3129 2272 3259 2334 dies,
3296 2272 3430 2323 sicut
3467 2272 3609 2339 apud
3633 2288 3728 2324 nos

489 2358 840 2422 Christianos,
868 2361 929 2413 in
982 2362 1121 2414 idem
1182 2371 1383 2430 tempus
1415 2363 1747 2428 ‘coincidant,
1804 2364 1925 2417 licet
1954 2365 2111 2417 etiam
2166 2362 2263 2429 ipsi
2320 2363 2373 2414 in
2432 2377 2570 2413 anno
2619 2376 2816 2412 menses
2881 2359 3154 2411 duodecim
3227 2356 3492 2411 habeant:
3552 2370 3726 2411 tamen

487 2448 585 2498 hoc
652 2458 856 2501 tantum
924 2451 1129 2503 ratione
1178 2451 1473 2516 splendoris
1540 2452 1721 2515 lunae;
1784 2453 2000 2519 insuper
2049 2450 2280 2505 scribunt
2366 2449 2465 2515 ipsi
2555 2448 2858 2515 dicuntque,
2939 2450 3110 2515 spatio
3196 2448 3414 2515 triginta
3500 2446 3726 2499 duorum

482 2536 1075 2601 annorum,secundum
1105 2537 1340 2605 ipsorum
1368 2542 1839 2610 computationem,
1870 2541 2050 2593 ctutum
2074 2537 2261 2591 mobile
2295 2552 2383 2590 seu
2416 2536 2813 2604 ﬁrmamentum
2869 2550 3021 2588 suum
3078 2536 3615 2588 absolverecursuin:
3672 2534 3727 2586 id

487 2623 811 2676 tantumdem
838 2628 947 2691 fere
964 2635 1120 2687 esset,
1156 2640 1275 2677 cum
1300 2640 1395 2679 nos
1428 2624 1718 2683 Christiani
1748 2628 1964 2696 trig.nta
1983 2642 2165 2690 unum,
2199 2626 2297 2694 ipsi
2331 2626 2550 2693 triginta
2593 2623 2726 2676 duos
2753 2639 2921 2676 annos
2954 2623 3237 2677 scriberent
3268 2624 3724 2689 nominareutque.

482 2707 557 2761 Et
580 2713 911 2773 quantumvis
931 2727 998 2765 ex
1023 2728 1138 2766 mea
1170 2716 1523 2769 translatione
1551 2718 1847 2784 computari
1881 2731 1983 2769 non
2000 2722 2191 2783 potest,
2229 2731 2328 2784 quo
2348 2725 2573 2781 tempore
2613 2728 2874 2766 annorum
2904 2710 3101 2767 Christi
3130 2713 3208 2766 ha:
3237 2714 3397 2780 intpp.
3437 2710 3727 2764 Turcorum

488 2812 571 2850 res
602 2807 763 2866 gesta:
793 2802 897 2852 sint
919 2816 938 2853 :
976 2810 1209 2855 attamen
1245 2804 1457 2857 omnino
1486 2804 1846 2875 gubernatori,
1879 2803 2084 2859 militia:
2105 2804 2247 2864 duci.
2278 2813 2368 2856 aut
2395 2804 2690 2871 capitaneo,
2718 2802 2804 2854 cui
2831 2817 2950 2854 cum
2979 2801 3209 2855 inimicis
3237 2796 3529 2854 Christiani
3558 2801 3730 2854 nomi-

486 2887 567 2939 nis
599 2887 881 2957 agendum,
907 2894 1042 2942 tectu
1078 2905 1247 2956 operte
1272 2892 1500 2960 pretium
1526 2907 1637 2945 esse
1661 2893 1925 2945 existimo.
1961 2890 2096 2943 llmc
2113 2908 2339 2960 namque
2374 2890 2542 2943 videre
2571 2890 2711 2953 licet,
2738 2890 2863 2959 quid
2914 2889 3104 2957 politia
3134 2897 3225 2941 aut
3247 2890 3460 2942 animus
3482 2889 3727 2942 heroicus

483 2971 677 3035 valeat,
706 2974 1034 3045 qualiterque
1057 2978 1398 3049 magistratus
1432 2995 1556 3048 erga
1582 2980 1783 3046 proprii
1805 2979 2086 3051 commoti,
2114 2994 2301 3032 avaros
2350 2991 2507 3048 atque
2532 2977 2782 3044 superbos
2811 2977 3052 3029 homines
3088 2991 3142 3028 se
3191 2964 3435 3029 exhibere
3489 2990 3728 3028 remune-

485 3061 698 3129 rorique
734 3062 949 3129 debeat;
975 3066 1131 3129 quale
1152 3067 1313 3119 etiam
1338 3066 1712 3119 detrimentum
1738 3069 1928 3135 patria:
1957 3074 2110 3133 atque
2138 3068 2414 3131 exercitui,
2448 3066 2509 3119 ob
2539 3064 2967 3126 inobedientiam,
3005 3062 3387 3132 confusionem,
3420 3063 3723 3131 perfidiam,

482 3149 808 3217 superbiam,
836 3153 1106 3221 proprium
1133 3154 1483 3219 commodum,
1516 3156 1648 3207 oriri
1683 3166 1729 3209 et
1756 3156 1993 3209 accidere
2012 3156 2199 3224 possit.
2239 3154 2525 3221 Propterea
2577 3154 2737 3225 facile
2758 3154 3003 3224 colligere
3059 3152 3181 3205 hinc
3213 3152 3355 3215 licet,
3381 3167 3500 3204 cum
3527 3151 3729 3205 moder-

488 3239 541 3291 ni
561 3240 903 3306 imperatores
930 3238 1137 3294 Turcici
1165 3257 1341 3310 partite
1375 3252 1528 3311 atque
1559 3241 1797 3297 obscura:
1828 3243 2072 3313 familiis.
2098 3260 2214 3297 cum
2240 3248 2429 3313 exiguo
2460 3258 2621 3296 manu
2660 3244 2717 3295 in
2747 3244 3057 3294 immensum
3087 3240 3363 3304 creverint,
3402 3240 3479 3293 uti
3520 3241 3726 3307 quidem

488 3340 554 3378 ex
574 3328 798 3381 historia
821 3327 921 3381 hac
944 3329 1201 3401 intelligo,
1233 3329 1373 3401 quod
1410 3331 1563 3392 Asia,
1590 3329 1814 3393 Crtecia,
1845 3332 2122 3399 Bulgaria,
2144 3334 2456 3397 Arbanesia,
2480 3330 2700 3395 Bosuia,
2726 3329 2931 3394 Servia,
2960 3331 3172 3383 nonnisi
3194 3339 3405 3398 propter
3429 3330 3729 3382 inobedien-

496 3413 643 3478 tiam,
661 3416 1037 3484 confusionem,
1060 3419 1359 3486 perﬁdiam,
1383 3420 1702 3487 superbiam,
1719 3430 1767 3473 et
1787 3437 1895 3473 rem
1920 3422 2203 3489 privatam.
2229 3421 2282 3472 in
2303 3431 2372 3471 tot
2398 3420 2730 3473 calamitates
2753 3432 2908 3490 atque
2928 3435 3116 3471 manus
3142 3419 3473 3472 inimicorum
3501 3419 3727 3470 nominis

497 3499 654 3568 310
687 3499 976 3557 Christiani
1003 3505 1323 3559 inciderint:
1344 3507 1482 3575 quod
1502 3507 1654 3576 (proh
1682 3508 1901 3576 Deum!)
1932 3508 2178 3562 hodierno
2227 3508 2394 3560 adhuc
2415 3510 2497 3559 die
2517 3507 2717 3559 euenire
2757 3510 3008 3560 videmus.
3030 3505 3170 3558 Nam
3189 3522 3304 3575 qua:
3337 3506 3444 3559 alia
3463 3516 3537 3559 est
3565 3524 3727 3558 causa

490 3584 799 3644 Christiani:
817 3592 1215 3655 devastationis,
1232 3609 1389 3662 quam
1405 3593 1771 3655 inobedientia,
1785 3594 2028 3663 perﬁdia,
2044 3596 2239 3649 avariii
2256 3617 2291 3658 ι,
2311 3596 2570 3663 superbia.
2585 3605 2632 3646 et
2652 3595 2725 3646 rei
2739 3594 2960 3662 private
2976 3593 3246 3646 studium?
3262 3591 3400 3645 Nam
3420 3586 3503 3645 hic
3520 3608 3727 3660 promer

492 3690 641 3727 suum
659 3679 987 3732 commodum
1004 3679 1142 3747 favet
1164 3680 1368 3746 Turcis,
1391 3680 1528 3734 alter
1545 3680 1830 3737 Woiwoda:
1848 3699 1866 3736 :
1892 3684 2097 3746 tertius,
2118 3682 2248 3736 nulli
2264 3684 2565 3751 obsequens,
2584 3681 2810 3749 seipsum
2828 3680 3095 3737 dominum
3117 3690 3308 3733 censet.
3336 3680 3477 3733 Unde
3492 3681 3551 3748 [it
3569 3697 3727 3749 porro

487 3764 621 3829 estad
639 3781 729 3818 nos
749 3769 925 3820 omnia
943 3767 1077 3822 bella
1099 3786 1223 3839 erga
1246 3769 1534 3825 Christiani
1554 3773 1780 3825 nominis
1799 3772 1970 3825 hostes
1991 3772 2260 3832 instituta,
2282 3769 2454 3822 minus
2479 3784 2720 3837 prospere
2735 3783 3000 3837 geramus,
3017 3782 3173 3835 quant
3198 3776 3408 3835 propter
3423 3768 3725 3821 inobedieit-

487 3852 1026 3921 tiam,confusionem,
1047 3858 1350 3925 perﬁdiam,
1377 3860 1679 3923 avaritiam,
1707 3862 2033 3928 superbiam,
2060 3869 2109 3913 et
2138 3861 2410 3927 proprium
2445 3854 2921 3911 commodumin
2950 3857 3316 3910 existimamus
3345 3860 3485 3922 ipsos
3516 3858 3725 3908 minime

483 3939 786 4004 subsistere,
817 3958 927 3995 rem
960 3955 1199 3997 nostram
1222 3948 1610 4002 inconsiderate
1639 3948 1998 4018 aggredimur,
2022 3958 2070 4000 et
2096 3949 2436 4017 proponimus
2469 3946 2616 3998 nobis
2668 3960 2886 4015 magnas
2914 3959 3032 4011 opes
3063 3942 3127 3995 ab
3159 3944 3291 4011 ipsis
3333 3944 3722 4011 acquirendas:

481 4029 649 4093 primo
677 4044 954 4098 congressu
995 4031 1200 4085 alacres
1228 4046 1385 4103 atque
1421 4037 1648 4089 animosi
1681 4052 1886 4098 sumus,
1918 4052 2091 4089 verum
2130 4038 2275 4087 illico
2331 4033 2667 4086 remittimus.
2730 4032 2864 4085 Deus
2915 4033 3237 4100 ontuipo:ens
3292 4047 3447 4084 suam
3480 4032 3720 4099 dignetur

483 4114 632 4167 nobis
652 4118 879 4184 gratiam
917 4120 1125 4189 largiri,
1154 4136 1256 4189 quo
1286 4109 1380 4175 tios
1408 4139 1530 4191 erga
1560 4123 1817 4190 ejusmodi
1845 4125 2008 4177 divini
2031 4124 2256 4177 nominis
2285 4122 2457 4175 hostes
2482 4122 2794 4190 dirigamus,
2822 4121 3180 4189 superioribus
3211 4130 3258 4172 et
3288 4119 3626 4188 magistratui
3652 4120 3698 4170 si
3715 4150 3722 4157 -

482 4216 596 4254 mus
627 4208 982 4272 obsequentes,
1010 4207 1462 4273 bonampolitiam
1486 4227 1866 4276 conservemus,
1903 4212 2165 4273 avaritiw,
2210 4208 2487 4278 superbiae,
2545 4219 2593 4263 et
2624 4209 2700 4261 rei
2751 4210 2998 4275 privatae,
3048 4219 3306 4279 quantum
3358 4223 3579 4276 inquam.
3618 4217 3722 4269 est,

483 4291 817 4356 tribuamus;
846 4310 908 4347 ne
935 4304 986 4348 et
1025 4312 1117 4348 nos
1141 4301 1353 4350 tandem
1388 4298 1545 4368 (quod
1574 4297 1710 4351 Dens
1729 4314 2021 4367 praecavere
2041 4298 2179 4367 velit)
2209 4298 2364 4351 sicuti
2403 4297 2688 4350 nominatae
2730 4297 2961 4366 regiones
2982 4298 3035 4351 in
3063 4298 3296 4350 maxima
3323 4297 3519 4352 damna
3546 4304 3723 4354 vetita-

483 4391 623 4441 mus,
643 4389 691 4430 et
716 4383 995 4445 posteritas
1024 4392 1207 4435 nostra
1234 4384 1390 4450 ﬁdem
1416 4392 1571 4454 atque
1601 4383 1901 4455 religionem
1933 4385 2255 4441 diabolicam
2291 4386 2550 4455 suscipere
2586 4394 2824 4455 cogatur.
2863 4384 3017 4451 Quod
3044 4384 3185 4440 Deus
3218 4387 3271 4439 in
3302 4392 3722 4442 teternamnobis

481 4473 762 4521 concedere
789 4469 1034 4538 dignetur
1061 4471 1161 4539 (a).
1186 4474 1223 4523 Α
1238 4487 1377 4527 men.

555 4600 724 4674 liegia:
757 4604 944 4663 Vestri:
974 4608 1271 4679 Majestatis

1888 4761 2256 4823 ltuinillimus,
2318 4767 2776 4815 obedientissimus
2800 4761 3042 4823 servitor,
3072 4768 3121 4811 et
3159 4758 3413 4826 interpres
3443 4758 3716 4820 Turcicus,

2632 4915 2862 4974 Josuuss
2886 4915 3206 4982 GAUDIER,
3244 4919 3380 4972 alias
3409 4915 3714 4974 S.'ll;Gl.L.

539 5779 614 5844 la)
649 5780 1022 5844 Eispeclaham,
1060 5784 1196 5842 Quod
1237 5785 1362 5835 Deus
1394 5797 1423 5834 a
1455 5786 1589 5836 nobis
1622 5790 1824 5837 avertat.
