  <div class='ocr_page' id='page_1' title='image "/cluster/home/n/w/nwhite01/storage/ocr_20150623/159/coo.31924054870641/297.png"; bbox 0 0 4126 6450; ppageno 0'>
   <div class='ocr_carea' id='block_1_1' title="bbox 1707 366 2438 431">
    <p class='ocr_par' dir='ltr' id='par_1_1' title="bbox 1707 366 2438 431">
     <span class='ocr_line' id='line_1_1' title="bbox 1707 366 2438 431; baseline -0.001 -1"><span class='ocrx_word' id='word_1_1' title='bbox 1707 369 2064 431; x_wconf 83' lang='lat' dir='ltr'><strong>‘ANNALES</strong></span> <span class='ocrx_word' id='word_1_2' title='bbox 2100 366 2438 430; x_wconf 79' lang='lat' dir='ltr'><strong>TURCICL</strong></span> 
     </span>
    </p>
   </div>
   <div class='ocr_carea' id='block_1_2' title="bbox 1743 690 2390 811">
    <p class='ocr_par' dir='ltr' id='par_1_2' title="bbox 1743 690 2390 811">
     <span class='ocr_line' id='line_1_2' title="bbox 1743 690 2390 811; baseline -0.003 -4"><span class='ocrx_word' id='word_1_3' title='bbox 1743 690 2390 811; x_wconf 86' lang='lat' dir='ltr'><strong>ANNALES</strong></span> 
     </span>
    </p>
   </div>
   <div class='ocr_carea' id='block_1_3' title="bbox 654 873 3572 1141">
    <p class='ocr_par' dir='ltr' id='par_1_3' title="bbox 654 873 3572 1141">
     <span class='ocr_line' id='line_1_3' title="bbox 654 873 3572 1141; baseline -0.001 -5"><span class='ocrx_word' id='word_1_4' title='bbox 654 981 1970 1141; x_wconf 81' lang='lat' dir='ltr'><strong>SULTANORUM</strong></span> <span class='ocrx_word' id='word_1_5' title='bbox 2083 873 3572 1137; x_wconf 82' lang='lat' dir='ltr'><strong>OSMANIDARUM</strong></span> 
     </span>
    </p>
   </div>
   <div class='ocr_carea' id='block_1_4' title="bbox 1339 1287 2824 1351">
    <p class='ocr_par' dir='ltr' id='par_1_4' title="bbox 1339 1287 2824 1351">
     <span class='ocr_line' id='line_1_4' title="bbox 1339 1287 2824 1351; baseline 0.003 -5"><span class='ocrx_word' id='word_1_6' title='bbox 1339 1289 1435 1347; x_wconf 83' lang='lat' dir='ltr'><strong>AB</strong></span> <span class='ocrx_word' id='word_1_7' title='bbox 1471 1288 1671 1349; x_wconf 91' lang='lat' dir='ltr'><strong>lPSIS</strong></span> <span class='ocrx_word' id='word_1_8' title='bbox 1709 1287 1998 1350; x_wconf 77' lang='lat' dir='ltr'><strong>TURCIS</strong></span> <span class='ocrx_word' id='word_1_9' title='bbox 2030 1287 2424 1348; x_wconf 64' lang='lat' dir='ltr'><strong>MEMORIA!</strong></span> <span class='ocrx_word' id='word_1_10' title='bbox 2474 1288 2824 1351; x_wconf 83' lang='lat' dir='ltr'><strong>PRODITI.</strong></span> 
     </span>
    </p>
   </div>
   <div class='ocr_carea' id='block_1_5' title="bbox 2029 1463 2103 1479">
    <p class='ocr_par' dir='ltr' id='par_1_5' title="bbox 2029 1463 2103 1479">
     <span class='ocr_line' id='line_1_5' title="bbox 2029 1463 2103 1479; baseline -0.014 0"><span class='ocrx_word' id='word_1_11' title='bbox 2029 1463 2103 1479; x_wconf 47' lang='grc' dir='ltr'><strong><em>ἡ</em></strong></span> 
     </span>
    </p>
   </div>
   <div class='ocr_carea' id='block_1_6' title="bbox 509 1590 3716 1671">
    <p class='ocr_par' dir='ltr' id='par_1_6' title="bbox 509 1590 3716 1671">
     <span class='ocr_line' id='line_1_6' title="bbox 509 1590 3716 1671; baseline -0.001 -21"><span class='ocrx_word' id='word_1_12' title='bbox 509 1597 674 1671; x_wconf 73' lang='lat'><strong>’31]</strong></span> <span class='ocrx_word' id='word_1_13' title='bbox 728 1595 950 1650; x_wconf 87' lang='lat' dir='ltr'><strong>Primus</strong></span> <span class='ocrx_word' id='word_1_14' title='bbox 995 1595 1142 1666; x_wconf 88' lang='lat' dir='ltr'><strong>apud</strong></span> <span class='ocrx_word' id='word_1_15' title='bbox 1196 1593 1410 1651; x_wconf 85' lang='lat' dir='ltr'><strong>Turcos</strong></span> <span class='ocrx_word' id='word_1_16' title='bbox 1450 1610 1631 1650; x_wconf 91' lang='lat' dir='ltr'><strong>rerum</strong></span> <span class='ocrx_word' id='word_1_17' title='bbox 1685 1596 1888 1664; x_wconf 89' lang='lat' dir='ltr'><strong>potitus</strong></span> <span class='ocrx_word' id='word_1_18' title='bbox 1930 1593 2105 1658; x_wconf 66' lang='lat' dir='ltr'><strong>fuitA</strong></span> <span class='ocrx_word' id='word_1_19' title='bbox 2133 1594 2330 1651; x_wconf 79' lang='lat' dir='ltr'><strong>itinere</strong></span> <span class='ocrx_word' id='word_1_20' title='bbox 2359 1635 2377 1661; x_wconf 93' lang='lat'><strong>,</strong></span> <span class='ocrx_word' id='word_1_21' title='bbox 2417 1592 2720 1664; x_wconf 87' lang='lat' dir='ltr'><strong>Chalepum</strong></span> <span class='ocrx_word' id='word_1_22' title='bbox 2752 1592 2929 1648; x_wconf 88' lang='lat' dir='ltr'><strong>adiit:</strong></span> <span class='ocrx_word' id='word_1_23' title='bbox 2980 1591 3176 1663; x_wconf 91' lang='lat' dir='ltr'><strong>inqua</strong></span> <span class='ocrx_word' id='word_1_24' title='bbox 3225 1590 3571 1662; x_wconf 81' lang='lat' dir='ltr'><strong>profectione</strong></span> <span class='ocrx_word' id='word_1_25' title='bbox 3617 1593 3716 1648; x_wconf 81' lang='lat' dir='ltr'><strong>de-</strong></span> 
     </span>
    </p>
   </div>
   <div class='ocr_carea' id='block_1_7' title="bbox 433 1685 2026 1761">
    <p class='ocr_par' dir='ltr' id='par_1_7' title="bbox 433 1685 2026 1761">
     <span class='ocr_line' id='line_1_7' title="bbox 433 1685 2026 1761; baseline -0.006 -11"><span class='ocrx_word' id='word_1_26' title='bbox 433 1691 783 1761; x_wconf 50' lang='lat' dir='ltr'><strong>‘Osman,qui</strong></span> <span class='ocrx_word' id='word_1_27' title='bbox 810 1698 1018 1758; x_wconf 90' lang='lat' dir='ltr'><strong>patrem</strong></span> <span class='ocrx_word' id='word_1_28' title='bbox 1048 1688 1240 1742; x_wconf 88' lang='lat' dir='ltr'><strong>ltabuit</strong></span> <span class='ocrx_word' id='word_1_29' title='bbox 1273 1687 1610 1743; x_wconf 87' lang='lat' dir='ltr'><strong>Ertuculem.</strong></span> <span class='ocrx_word' id='word_1_30' title='bbox 1637 1685 1736 1741; x_wconf 81' lang='lat' dir='ltr'><strong>Hic</strong></span> <span class='ocrx_word' id='word_1_31' title='bbox 1754 1686 1898 1742; x_wconf 81' lang='lat' dir='ltr'><strong>filius</strong></span> <span class='ocrx_word' id='word_1_32' title='bbox 1925 1685 2026 1740; x_wconf 85' lang='lat' dir='ltr'><strong>fuit</strong></span> 
     </span>
    </p>
   </div>
   <div class='ocr_carea' id='block_1_8' title="bbox 448 1780 2025 1850">
    <p class='ocr_par' dir='ltr' id='par_1_8' title="bbox 448 1780 2025 1850">
     <span class='ocr_line' id='line_1_8' title="bbox 448 1780 2025 1850; baseline -0.006 -8"><span class='ocrx_word' id='word_1_33' title='bbox 448 1784 782 1841; x_wconf 88' lang='lat' dir='ltr'><strong>Soleimauis</strong></span> <span class='ocrx_word' id='word_1_34' title='bbox 810 1780 1006 1836; x_wconf 84' lang='lat' dir='ltr'><strong>Scachi</strong></span> <span class='ocrx_word' id='word_1_35' title='bbox 1035 1797 1049 1834; x_wconf 90' lang='lat'><strong>:</strong></span> <span class='ocrx_word' id='word_1_36' title='bbox 1079 1780 1737 1850; x_wconf 84' lang='lat' dir='ltr'><strong>Soleitnanes.Cabielpis</strong></span> <span class='ocrx_word' id='word_1_37' title='bbox 1771 1780 2025 1834; x_wconf 86' lang='lat' dir='ltr'><strong>:Cabiel—</strong></span> 
     </span>
    </p>
   </div>
   <div class='ocr_carea' id='block_1_9' title="bbox 454 1870 2026 1946">
    <p class='ocr_par' dir='ltr' id='par_1_9' title="bbox 454 1870 2026 1946">
     <span class='ocr_line' id='line_1_9' title="bbox 454 1870 2026 1946; baseline -0.004 -16"><span class='ocrx_word' id='word_1_38' title='bbox 454 1894 568 1946; x_wconf 81' lang='lat' dir='ltr'><strong>pes,</strong></span> <span class='ocrx_word' id='word_1_39' title='bbox 613 1876 949 1944; x_wconf 74' lang='lat' dir='ltr'><strong>Cusulhugte</strong></span> <span class='ocrx_word' id='word_1_40' title='bbox 981 1891 994 1927; x_wconf 89' lang='lat'><strong>:</strong></span> <span class='ocrx_word' id='word_1_41' title='bbox 1028 1873 1366 1943; x_wconf 84' lang='lat' dir='ltr'><strong>Cusulbuga,</strong></span> <span class='ocrx_word' id='word_1_42' title='bbox 1403 1871 1729 1928; x_wconf 83' lang='lat' dir='ltr'><strong>Baiuderis:</strong></span> <span class='ocrx_word' id='word_1_43' title='bbox 1772 1870 2026 1937; x_wconf 88' lang='lat' dir='ltr'><strong>Bainder,</strong></span> 
     </span>
    </p>
   </div>
   <div class='ocr_carea' id='block_1_10' title="bbox 447 1962 2024 2036">
    <p class='ocr_par' dir='ltr' id='par_1_10' title="bbox 447 1962 2024 2036">
     <span class='ocr_line' id='line_1_10' title="bbox 447 1962 2024 2036; baseline -0.003 -13"><span class='ocrx_word' id='word_1_44' title='bbox 447 1968 728 2023; x_wconf 82' lang='lat' dir='ltr'><strong>Oicolucis</strong></span> <span class='ocrx_word' id='word_1_45' title='bbox 789 1983 804 2019; x_wconf 89' lang='lat'><strong>:</strong></span> <span class='ocrx_word' id='word_1_46' title='bbox 856 1965 1166 2032; x_wconf 78' lang='lat' dir='ltr'><strong>Oiroluces,</strong></span> <span class='ocrx_word' id='word_1_47' title='bbox 1223 1965 1574 2036; x_wconf 80' lang='lat' dir='ltr'><strong>Baisungeris</strong></span> <span class='ocrx_word' id='word_1_48' title='bbox 1626 1981 1642 2020; x_wconf 87' lang='lat'><strong>:</strong></span> <span class='ocrx_word' id='word_1_49' title='bbox 1698 1962 2024 2034; x_wconf 87' lang='lat' dir='ltr'><strong>Baisunger,</strong></span> 
     </span>
    </p>
   </div>
   <div class='ocr_carea' id='block_1_11' title="bbox 453 2055 2028 2129">
    <p class='ocr_par' dir='ltr' id='par_1_11' title="bbox 453 2055 2028 2129">
     <span class='ocr_line' id='line_1_11' title="bbox 453 2055 2028 2129; baseline -0.002 -17"><span class='ocrx_word' id='word_1_50' title='bbox 453 2057 610 2114; x_wconf 81' lang='lat' dir='ltr'><strong>Baltis</strong></span> <span class='ocrx_word' id='word_1_51' title='bbox 651 2061 778 2129; x_wconf 58' lang='lat' dir='ltr'><strong>Agat</strong></span> <span class='ocrx_word' id='word_1_52' title='bbox 813 2076 826 2111; x_wconf 88' lang='lat'><strong>:</strong></span> <span class='ocrx_word' id='word_1_53' title='bbox 858 2057 1028 2112; x_wconf 83' lang='lat' dir='ltr'><strong>Bakes</strong></span> <span class='ocrx_word' id='word_1_54' title='bbox 1057 2059 1192 2126; x_wconf 83' lang='lat' dir='ltr'><strong>Aga,</strong></span> <span class='ocrx_word' id='word_1_55' title='bbox 1238 2057 1417 2112; x_wconf 84' lang='lat' dir='ltr'><strong>Ciacis</strong></span> <span class='ocrx_word' id='word_1_56' title='bbox 1466 2058 1592 2126; x_wconf 63' lang='lat' dir='ltr'><strong>Agre</strong></span> <span class='ocrx_word' id='word_1_57' title='bbox 1622 2073 1636 2110; x_wconf 90' lang='lat'><strong>:</strong></span> <span class='ocrx_word' id='word_1_58' title='bbox 1670 2055 1860 2112; x_wconf 75' lang='lat' dir='ltr'><strong>(.iaces</strong></span> <span class='ocrx_word' id='word_1_59' title='bbox 1893 2058 2028 2126; x_wconf 84' lang='lat' dir='ltr'><strong>Aga,</strong></span> 
     </span>
    </p>
   </div>
   <div class='ocr_carea' id='block_1_12' title="bbox 450 2147 2028 2214">
    <p class='ocr_par' dir='ltr' id='par_1_12' title="bbox 450 2147 2028 2214">
     <span class='ocr_line' id='line_1_12' title="bbox 450 2147 2028 2214; baseline 0 -10"><span class='ocrx_word' id='word_1_60' title='bbox 450 2151 794 2205; x_wconf 86' lang='lat' dir='ltr'><strong>Toctemuris</strong></span> <span class='ocrx_word' id='word_1_61' title='bbox 849 2168 863 2206; x_wconf 91' lang='lat'><strong>:</strong></span> <span class='ocrx_word' id='word_1_62' title='bbox 899 2149 1222 2211; x_wconf 87' lang='lat' dir='ltr'><strong>Toctemur,</strong></span> <span class='ocrx_word' id='word_1_63' title='bbox 1264 2149 1628 2204; x_wconf 84' lang='lat' dir='ltr'><strong>Versaiobis:</strong></span> <span class='ocrx_word' id='word_1_64' title='bbox 1679 2147 2028 2214; x_wconf 80' lang='lat' dir='ltr'><strong>Versaiobes,</strong></span> 
     </span>
    </p>
   </div>
   <div class='ocr_carea' id='block_1_13' title="bbox 447 2238 2030 2313">
    <p class='ocr_par' dir='ltr' id='par_1_13' title="bbox 447 2238 2030 2313">
     <span class='ocr_line' id='line_1_13' title="bbox 447 2238 2030 2313; baseline -0.003 -13"><span class='ocrx_word' id='word_1_65' title='bbox 447 2241 723 2313; x_wconf 76' lang='lat' dir='ltr'><strong>Giokeipis</strong></span> <span class='ocrx_word' id='word_1_66' title='bbox 756 2260 772 2298; x_wconf 88' lang='lat'>:</span> <span class='ocrx_word' id='word_1_67' title='bbox 807 2241 1122 2312; x_wconf 77' lang='lat' dir='ltr'><strong>Giokelpes,</strong></span> <span class='ocrx_word' id='word_1_68' title='bbox 1175 2240 1379 2312; x_wconf 78' lang='lat' dir='ltr'><strong>Oguzis</strong></span> <span class='ocrx_word' id='word_1_69' title='bbox 1417 2257 1431 2295; x_wconf 90' lang='lat'><strong>:</strong></span> <span class='ocrx_word' id='word_1_70' title='bbox 1461 2238 1676 2312; x_wconf 78' lang='lat' dir='ltr'><strong>Oguzes</strong></span> <span class='ocrx_word' id='word_1_71' title='bbox 1705 2256 1720 2293; x_wconf 89' lang='lat'><strong>:</strong></span> <span class='ocrx_word' id='word_1_72' title='bbox 1753 2240 2030 2296; x_wconf 85' lang='lat' dir='ltr'><strong>Caracha-</strong></span> 
     </span>
    </p>
   </div>
   <div class='ocr_carea' id='block_1_14' title="bbox 451 2334 2031 2400">
    <p class='ocr_par' dir='ltr' id='par_1_14' title="bbox 451 2334 2031 2400">
     <span class='ocr_line' id='line_1_14' title="bbox 451 2334 2031 2400; baseline -0.001 -9"><span class='ocrx_word' id='word_1_73' title='bbox 451 2339 538 2392; x_wconf 88' lang='lat' dir='ltr'><strong>uis</strong></span> <span class='ocrx_word' id='word_1_74' title='bbox 594 2354 610 2390; x_wconf 91' lang='lat'><strong>:</strong></span> <span class='ocrx_word' id='word_1_75' title='bbox 669 2335 978 2400; x_wconf 82' lang='lat' dir='ltr'><strong>Carachan,</strong></span> <span class='ocrx_word' id='word_1_76' title='bbox 1029 2334 1376 2391; x_wconf 76' lang='lat' dir='ltr'><strong>Cntluzeccie</strong></span> <span class='ocrx_word' id='word_1_77' title='bbox 1417 2334 1822 2389; x_wconf 80' lang='lat' dir='ltr'><strong>:Cutluzecces</strong></span> <span class='ocrx_word' id='word_1_78' title='bbox 1880 2334 2031 2389; x_wconf 91' lang='lat' dir='ltr'><strong>deni-</strong></span> 
     </span>
    </p>
   </div>
   <div class='ocr_carea' id='block_1_15' title="bbox 449 2425 2030 2500">
    <p class='ocr_par' dir='ltr' id='par_1_15' title="bbox 449 2425 2030 2500">
     <span class='ocr_line' id='line_1_15' title="bbox 449 2425 2030 2500; baseline -0.001 -18"><span class='ocrx_word' id='word_1_79' title='bbox 449 2445 558 2500; x_wconf 89' lang='lat' dir='ltr'><strong>que</strong></span> <span class='ocrx_word' id='word_1_80' title='bbox 602 2428 858 2482; x_wconf 81' lang='lat' dir='ltr'><strong>~Lecrace</strong></span> <span class='ocrx_word' id='word_1_81' title='bbox 923 2437 1079 2498; x_wconf 85' lang='lat' dir='ltr'><strong>patre</strong></span> <span class='ocrx_word' id='word_1_82' title='bbox 1113 2437 1278 2482; x_wconf 84' lang='lat' dir='ltr'><strong>natus</strong></span> <span class='ocrx_word' id='word_1_83' title='bbox 1339 2427 1462 2480; x_wconf 91' lang='lat' dir='ltr'><strong>fuit.</strong></span> <span class='ocrx_word' id='word_1_84' title='bbox 1516 2426 1580 2480; x_wconf 83' lang='lat' dir='ltr'><strong>Hi</strong></span> <span class='ocrx_word' id='word_1_85' title='bbox 1641 2425 2030 2495; x_wconf 84' lang='lat' dir='ltr'><strong>septemdecim</strong></span> 
     </span>
    </p>
   </div>
   <div class='ocr_carea' id='block_1_16' title="bbox 449 2518 2035 2588">
    <p class='ocr_par' dir='ltr' id='par_1_16' title="bbox 449 2518 2035 2588">
     <span class='ocr_line' id='line_1_16' title="bbox 449 2518 2035 2588; baseline -0.002 -13"><span class='ocrx_word' id='word_1_86' title='bbox 449 2523 716 2576; x_wconf 78' lang='lat' dir='ltr'><strong>duntaxat</strong></span> <span class='ocrx_word' id='word_1_87' title='bbox 737 2527 1012 2573; x_wconf 77' lang='lat' dir='ltr'><strong>auctores</strong></span> <span class='ocrx_word' id='word_1_88' title='bbox 1037 2518 1202 2588; x_wconf 84' lang='lat' dir='ltr'><strong>hujus</strong></span> <span class='ocrx_word' id='word_1_89' title='bbox 1231 2518 1453 2573; x_wconf 68' lang='lat' dir='ltr'><strong>familias</strong></span> <span class='ocrx_word' id='word_1_90' title='bbox 1489 2519 1804 2574; x_wconf 82' lang='lat' dir='ltr'><strong>litterarum</strong></span> <span class='ocrx_word' id='word_1_91' title='bbox 1836 2533 2035 2573; x_wconf 85' lang='lat' dir='ltr'><strong>monu-</strong></span> 
     </span>
    </p>
   </div>
   <div class='ocr_carea' id='block_1_17' title="bbox 453 2609 2034 2681">
    <p class='ocr_par' dir='ltr' id='par_1_17' title="bbox 453 2609 2034 2681">
     <span class='ocr_line' id='line_1_17' title="bbox 453 2609 2034 2681; baseline -0.001 -15"><span class='ocrx_word' id='word_1_92' title='bbox 453 2616 650 2667; x_wconf 77' lang='lat' dir='ltr'><strong>mentis</strong></span> <span class='ocrx_word' id='word_1_93' title='bbox 684 2612 887 2680; x_wconf 89' lang='lat' dir='ltr'><strong>proditi</strong></span> <span class='ocrx_word' id='word_1_94' title='bbox 931 2619 1313 2666; x_wconf 77' lang='lat' dir='ltr'><strong>recensentur.</strong></span> <span class='ocrx_word' id='word_1_95' title='bbox 1343 2609 1565 2676; x_wconf 66' lang='lat' dir='ltr'><strong>Ceteri,</strong></span> <span class='ocrx_word' id='word_1_96' title='bbox 1590 2623 1831 2680; x_wconf 90' lang='lat' dir='ltr'><strong>quorum</strong></span> <span class='ocrx_word' id='word_1_97' title='bbox 1875 2609 2034 2681; x_wconf 85' lang='lat' dir='ltr'><strong>igno-</strong></span> 
     </span>
    </p>
   </div>
   <div class='ocr_carea' id='block_1_18' title="bbox 451 2700 2032 2766">
    <p class='ocr_par' dir='ltr' id='par_1_18' title="bbox 451 2700 2032 2766">
     <span class='ocr_line' id='line_1_18' title="bbox 451 2700 2032 2766; baseline -0.002 -7"><span class='ocrx_word' id='word_1_98' title='bbox 451 2715 504 2759; x_wconf 89' lang='lat' dir='ltr'><strong>ta</strong></span> <span class='ocrx_word' id='word_1_99' title='bbox 553 2705 802 2766; x_wconf 86' lang='lat' dir='ltr'><strong>nmuiua,</strong></span> <span class='ocrx_word' id='word_1_100' title='bbox 861 2703 1122 2758; x_wconf 87' lang='lat' dir='ltr'><strong>continua</strong></span> <span class='ocrx_word' id='word_1_101' title='bbox 1173 2701 1316 2757; x_wconf 90' lang='lat' dir='ltr'><strong>serie</strong></span> <span class='ocrx_word' id='word_1_102' title='bbox 1361 2701 1638 2757; x_wconf 80' lang='lat' dir='ltr'><strong>referendi</strong></span> <span class='ocrx_word' id='word_1_103' title='bbox 1687 2701 1918 2756; x_wconf 85' lang='lat' dir='ltr'><strong>veniunt</strong></span> <span class='ocrx_word' id='word_1_104' title='bbox 1963 2700 2032 2756; x_wconf 88' lang='lat' dir='ltr'><strong>ad</strong></span> 
     </span>
    </p>
   </div>
   <div class='ocr_carea' id='block_1_19' title="bbox 449 2792 2034 2867">
    <p class='ocr_par' dir='ltr' id='par_1_19' title="bbox 449 2792 2034 2867">
     <span class='ocr_line' id='line_1_19' title="bbox 449 2792 2034 2867; baseline -0.003 -18"><span class='ocrx_word' id='word_1_105' title='bbox 449 2795 764 2867; x_wconf 72' lang='lat' dir='ltr'><strong>Japltetum.</strong></span> <span class='ocrx_word' id='word_1_106' title='bbox 798 2793 966 2850; x_wconf 73' lang='lat' dir='ltr'><strong>Nolite</strong></span> <span class='ocrx_word' id='word_1_107' title='bbox 1009 2794 1204 2848; x_wconf 85' lang='lat' dir='ltr'><strong>tilium.</strong></span> <span class='ocrx_word' id='word_1_108' title='bbox 1240 2793 1359 2861; x_wconf 83' lang='lat' dir='ltr'><strong>ipsa</strong></span> <span class='ocrx_word' id='word_1_109' title='bbox 1389 2792 1612 2864; x_wconf 82' lang='lat' dir='ltr'><strong>quidem</strong></span> <span class='ocrx_word' id='word_1_110' title='bbox 1655 2792 1772 2848; x_wconf 75' lang='lat' dir='ltr'><strong>haec</strong></span> <span class='ocrx_word' id='word_1_111' title='bbox 1801 2792 2034 2864; x_wconf 79' lang='lat' dir='ltr'><strong>Oguzio-</strong></span> 
     </span>
    </p>
   </div>
   <div class='ocr_carea' id='block_1_20' title="bbox 452 2885 2030 2955">
    <p class='ocr_par' dir='ltr' id='par_1_20' title="bbox 452 2885 2030 2955">
     <span class='ocr_line' id='line_1_20' title="bbox 452 2885 2030 2955; baseline -0.003 -13"><span class='ocrx_word' id='word_1_112' title='bbox 452 2905 571 2943; x_wconf 88' lang='lat' dir='ltr'><strong>rutn</strong></span> <span class='ocrx_word' id='word_1_113' title='bbox 627 2889 771 2950; x_wconf 76' lang='lat' dir='ltr'><strong>dicta</strong></span> <span class='ocrx_word' id='word_1_114' title='bbox 841 2887 1068 2950; x_wconf 79' lang='lat' dir='ltr'><strong>familia,</strong></span> <span class='ocrx_word' id='word_1_115' title='bbox 1135 2885 1490 2941; x_wconf 91' lang='lat' dir='ltr'><strong>successione</strong></span> <span class='ocrx_word' id='word_1_116' title='bbox 1544 2893 1803 2955; x_wconf 90' lang='lat' dir='ltr'><strong>perpetua</strong></span> <span class='ocrx_word' id='word_1_117' title='bbox 1842 2899 2030 2938; x_wconf 88' lang='lat' dir='ltr'><strong>rerum</strong></span> 
     </span>
    </p>
   </div>
   <div class='ocr_carea' id='block_1_21' title="bbox 2137 1684 3712 1758">
    <p class='ocr_par' dir='ltr' id='par_1_21' title="bbox 2137 1684 3712 1758">
     <span class='ocr_line' id='line_1_21' title="bbox 2137 1684 3712 1758; baseline -0.001 -17"><span class='ocrx_word' id='word_1_118' title='bbox 2137 1687 2281 1743; x_wconf 88' lang='lat' dir='ltr'><strong>latus</strong></span> <span class='ocrx_word' id='word_1_119' title='bbox 2327 1689 2394 1742; x_wconf 86' lang='lat' dir='ltr'><strong>ad</strong></span> <span class='ocrx_word' id='word_1_120' title='bbox 2431 1687 2717 1758; x_wconf 85' lang='lat' dir='ltr'><strong>oppidum,</strong></span> <span class='ocrx_word' id='word_1_121' title='bbox 2743 1686 2890 1757; x_wconf 88' lang='lat' dir='ltr'><strong>quod</strong></span> <span class='ocrx_word' id='word_1_122' title='bbox 2915 1684 3083 1742; x_wconf 69' lang='lat' dir='ltr'><strong>Iaber</strong></span> <span class='ocrx_word' id='word_1_123' title='bbox 3108 1685 3331 1748; x_wconf 86' lang='lat' dir='ltr'><strong>dicitur,</strong></span> <span class='ocrx_word' id='word_1_124' title='bbox 3364 1685 3430 1739; x_wconf 89' lang='lat' dir='ltr'><strong>ad</strong></span> <span class='ocrx_word' id='word_1_125' title='bbox 3461 1685 3712 1754; x_wconf 85' lang='lat' dir='ltr'><strong>Euphra-</strong></span> 
     </span>
    </p>
   </div>
   <div class='ocr_carea' id='block_1_22' title="bbox 2137 1777 3715 1836">
    <p class='ocr_par' dir='ltr' id='par_1_22' title="bbox 2137 1777 3715 1836">
     <span class='ocr_line' id='line_1_22' title="bbox 2137 1777 3715 1836; baseline -0.002 0"><span class='ocrx_word' id='word_1_126' title='bbox 2137 1791 2244 1836; x_wconf 87' lang='lat' dir='ltr'><strong>tem</strong></span> <span class='ocrx_word' id='word_1_127' title='bbox 2294 1779 2518 1835; x_wconf 83' lang='lat' dir='ltr'><strong>ﬂuvium</strong></span> <span class='ocrx_word' id='word_1_128' title='bbox 2569 1789 2748 1834; x_wconf 85' lang='lat' dir='ltr'><strong>castra</strong></span> <span class='ocrx_word' id='word_1_129' title='bbox 2801 1789 3058 1835; x_wconf 83' lang='lat' dir='ltr'><strong>ructatur.</strong></span> <span class='ocrx_word' id='word_1_130' title='bbox 3096 1777 3225 1833; x_wconf 83' lang='lat' dir='ltr'><strong>Erat</strong></span> <span class='ocrx_word' id='word_1_131' title='bbox 3272 1778 3363 1832; x_wconf 91' lang='lat' dir='ltr'><strong>hic</strong></span> <span class='ocrx_word' id='word_1_132' title='bbox 3390 1778 3472 1832; x_wconf 92' lang='lat' dir='ltr'><strong>eis</strong></span> <span class='ocrx_word' id='word_1_133' title='bbox 3519 1789 3715 1833; x_wconf 86' lang='lat' dir='ltr'><strong>trans-</strong></span> 
     </span>
    </p>
   </div>
   <div class='ocr_carea' id='block_1_23' title="bbox 2131 1869 3710 1944">
    <p class='ocr_par' dir='ltr' id='par_1_23' title="bbox 2131 1869 3710 1944">
     <span class='ocr_line' id='line_1_23' title="bbox 2131 1869 3710 1944; baseline -0.001 -18"><span class='ocrx_word' id='word_1_134' title='bbox 2131 1873 2405 1944; x_wconf 90' lang='lat' dir='ltr'><strong>jiciendus</strong></span> <span class='ocrx_word' id='word_1_135' title='bbox 2445 1871 2772 1943; x_wconf 84' lang='lat' dir='ltr'><strong>Euphrates,</strong></span> <span class='ocrx_word' id='word_1_136' title='bbox 2824 1872 2916 1926; x_wconf 90' lang='lat' dir='ltr'><strong>sed</strong></span> <span class='ocrx_word' id='word_1_137' title='bbox 2966 1871 3166 1926; x_wconf 88' lang='lat' dir='ltr'><strong>vadum</strong></span> <span class='ocrx_word' id='word_1_138' title='bbox 3208 1871 3418 1924; x_wconf 91' lang='lat' dir='ltr'><strong>nullum</strong></span> <span class='ocrx_word' id='word_1_139' title='bbox 3469 1869 3710 1924; x_wconf 79' lang='lat' dir='ltr'><strong>invenie-</strong></span> 
     </span>
    </p>
   </div>
   <div class='ocr_carea' id='block_1_24' title="bbox 2136 1963 3702 2036">
    <p class='ocr_par' dir='ltr' id='par_1_24' title="bbox 2136 1963 3702 2036">
     <span class='ocr_line' id='line_1_24' title="bbox 2136 1963 3702 2036; baseline -0.003 -16"><span class='ocrx_word' id='word_1_140' title='bbox 2136 1966 2293 2032; x_wconf 90' lang='lat' dir='ltr'><strong>bant,</strong></span> <span class='ocrx_word' id='word_1_141' title='bbox 2336 1965 2484 2036; x_wconf 91' lang='lat' dir='ltr'><strong>quod</strong></span> <span class='ocrx_word' id='word_1_142' title='bbox 2533 1975 2722 2022; x_wconf 87' lang='lat' dir='ltr'><strong>essent</strong></span> <span class='ocrx_word' id='word_1_143' title='bbox 2773 1965 3022 2021; x_wconf 80' lang='lat' dir='ltr'><strong>homines</strong></span> <span class='ocrx_word' id='word_1_144' title='bbox 3051 1963 3280 2019; x_wconf 88' lang='lat' dir='ltr'><strong>omnino</strong></span> <span class='ocrx_word' id='word_1_145' title='bbox 3311 1963 3480 2018; x_wconf 86' lang='lat' dir='ltr'><strong>rudes</strong></span> <span class='ocrx_word' id='word_1_146' title='bbox 3520 1974 3571 2018; x_wconf 86' lang='lat' dir='ltr'><strong>et</strong></span> <span class='ocrx_word' id='word_1_147' title='bbox 3620 1979 3702 2016; x_wconf 85' lang='lat' dir='ltr'><strong>re-</strong></span> 
     </span>
    </p>
   </div>
   <div class='ocr_carea' id='block_1_25' title="bbox 2138 2058 3695 2129">
    <p class='ocr_par' dir='ltr' id='par_1_25' title="bbox 2138 2058 3695 2129">
     <span class='ocr_line' id='line_1_25' title="bbox 2138 2058 3695 2129; baseline -0.003 -16"><span class='ocrx_word' id='word_1_148' title='bbox 2138 2074 2260 2113; x_wconf 89' lang='lat' dir='ltr'><strong>rum</strong></span> <span class='ocrx_word' id='word_1_149' title='bbox 2310 2059 2566 2129; x_wconf 87' lang='lat' dir='ltr'><strong>imperiti.</strong></span> <span class='ocrx_word' id='word_1_150' title='bbox 2618 2058 2756 2114; x_wconf 89' lang='lat' dir='ltr'><strong>Cum</strong></span> <span class='ocrx_word' id='word_1_151' title='bbox 2787 2073 3056 2128; x_wconf 89' lang='lat' dir='ltr'><strong>equorum</strong></span> <span class='ocrx_word' id='word_1_152' title='bbox 3093 2066 3282 2112; x_wconf 84' lang='lat' dir='ltr'><strong>natatu</strong></span> <span class='ocrx_word' id='word_1_153' title='bbox 3330 2058 3695 2112; x_wconf 84' lang='lat' dir='ltr'><strong>transmitten-</strong></span> 
     </span>
    </p>
   </div>
   <div class='ocr_carea' id='block_1_26' title="bbox 2138 2148 3700 2222">
    <p class='ocr_par' dir='ltr' id='par_1_26' title="bbox 2138 2148 3700 2222">
     <span class='ocr_line' id='line_1_26' title="bbox 2138 2148 3700 2222; baseline -0.004 -15"><span class='ocrx_word' id='word_1_154' title='bbox 2138 2151 2266 2207; x_wconf 89' lang='lat' dir='ltr'><strong>dum</strong></span> <span class='ocrx_word' id='word_1_155' title='bbox 2311 2167 2530 2207; x_wconf 89' lang='lat' dir='ltr'><strong>amnem</strong></span> <span class='ocrx_word' id='word_1_156' title='bbox 2581 2151 2882 2222; x_wconf 81' lang='lat' dir='ltr'><strong>placuisset</strong></span> <span class='ocrx_word' id='word_1_157' title='bbox 2933 2151 3234 2217; x_wconf 86' lang='lat' dir='ltr'><strong>universis,</strong></span> <span class='ocrx_word' id='word_1_158' title='bbox 3283 2149 3495 2218; x_wconf 89' lang='lat' dir='ltr'><strong>primus</strong></span> <span class='ocrx_word' id='word_1_159' title='bbox 3545 2148 3700 2202; x_wconf 84' lang='lat' dir='ltr'><strong>Solei-</strong></span> 
     </span>
    </p>
   </div>
   <div class='ocr_carea' id='block_1_27' title="bbox 2139 2242 3713 2314">
    <p class='ocr_par' dir='ltr' id='par_1_27' title="bbox 2139 2242 3713 2314">
     <span class='ocr_line' id='line_1_27' title="bbox 2139 2242 3713 2314; baseline -0.004 -13"><span class='ocrx_word' id='word_1_160' title='bbox 2139 2262 2330 2302; x_wconf 86' lang='lat' dir='ltr'><strong>manes</strong></span> <span class='ocrx_word' id='word_1_161' title='bbox 2363 2246 2612 2302; x_wconf 86' lang='lat' dir='ltr'><strong>Scachus</strong></span> <span class='ocrx_word' id='word_1_162' title='bbox 2663 2245 2867 2299; x_wconf 85' lang='lat' dir='ltr'><strong>flumen</strong></span> <span class='ocrx_word' id='word_1_163' title='bbox 2904 2243 3187 2314; x_wconf 86' lang='lat' dir='ltr'><strong>ingressus</strong></span> <span class='ocrx_word' id='word_1_164' title='bbox 3213 2253 3267 2298; x_wconf 90' lang='lat' dir='ltr'><strong>et</strong></span> <span class='ocrx_word' id='word_1_165' title='bbox 3295 2244 3457 2313; x_wconf 85' lang='lat' dir='ltr'><strong>aquis</strong></span> <span class='ocrx_word' id='word_1_166' title='bbox 3486 2242 3713 2296; x_wconf 89' lang='lat' dir='ltr'><strong>obrutus</strong></span> 
     </span>
    </p>
   </div>
   <div class='ocr_carea' id='block_1_28' title="bbox 2137 2336 3720 2409">
    <p class='ocr_par' dir='ltr' id='par_1_28' title="bbox 2137 2336 3720 2409">
     <span class='ocr_line' id='line_1_28' title="bbox 2137 2336 3720 2409; baseline -0.003 -15"><span class='ocrx_word' id='word_1_167' title='bbox 2137 2341 2422 2409; x_wconf 78' lang='lat' dir='ltr'><strong>exspirat:</strong></span> <span class='ocrx_word' id='word_1_168' title='bbox 2457 2353 2621 2409; x_wconf 86' lang='lat' dir='ltr'><strong>quem</strong></span> <span class='ocrx_word' id='word_1_169' title='bbox 2676 2352 2872 2408; x_wconf 82' lang='lat' dir='ltr'><strong>magna</strong></span> <span class='ocrx_word' id='word_1_170' title='bbox 2905 2338 3194 2406; x_wconf 73' lang='lat' dir='ltr'><strong>quaesitum</strong></span> <span class='ocrx_word' id='word_1_171' title='bbox 3236 2336 3544 2408; x_wconf 75' lang='lat' dir='ltr'><strong>diligentia,</strong></span> <span class='ocrx_word' id='word_1_172' title='bbox 3600 2349 3720 2390; x_wconf 87' lang='lat' dir='ltr'><strong>tan-</strong></span> 
     </span>
    </p>
   </div>
   <div class='ocr_carea' id='block_1_29' title="bbox 2139 2428 3720 2500">
    <p class='ocr_par' dir='ltr' id='par_1_29' title="bbox 2139 2428 3720 2500">
     <span class='ocr_line' id='line_1_29' title="bbox 2139 2428 3720 2500; baseline -0.002 -14"><span class='ocrx_word' id='word_1_173' title='bbox 2139 2433 2375 2500; x_wconf 86' lang='lat' dir='ltr'><strong>demque</strong></span> <span class='ocrx_word' id='word_1_174' title='bbox 2426 2438 2707 2497; x_wconf 88' lang='lat' dir='ltr'><strong>repertum</strong></span> <span class='ocrx_word' id='word_1_175' title='bbox 2765 2429 3084 2495; x_wconf 74' lang='lat' dir='ltr'><strong>extrahunt,</strong></span> <span class='ocrx_word' id='word_1_176' title='bbox 3145 2428 3458 2499; x_wconf 86' lang='lat' dir='ltr'><strong>ibidemque</strong></span> <span class='ocrx_word' id='word_1_177' title='bbox 3507 2429 3720 2483; x_wconf 86' lang='lat' dir='ltr'><strong>tumulo</strong></span> 
     </span>
    </p>
   </div>
   <div class='ocr_carea' id='block_1_30' title="bbox 2139 2517 3721 2590">
    <p class='ocr_par' dir='ltr' id='par_1_30' title="bbox 2139 2517 3721 2590">
     <span class='ocr_line' id='line_1_30' title="bbox 2139 2517 3721 2590; baseline -0.001 -15"><span class='ocrx_word' id='word_1_178' title='bbox 2139 2521 2422 2576; x_wconf 87' lang='lat' dir='ltr'><strong>mandant.</strong></span> <span class='ocrx_word' id='word_1_179' title='bbox 2465 2521 2634 2574; x_wconf 84' lang='lat' dir='ltr'><strong>Erant</strong></span> <span class='ocrx_word' id='word_1_180' title='bbox 2682 2519 2810 2574; x_wconf 90' lang='lat' dir='ltr'><strong>huic</strong></span> <span class='ocrx_word' id='word_1_181' title='bbox 2839 2518 3142 2574; x_wconf 87' lang='lat' dir='ltr'><strong>Soleitnaui</strong></span> <span class='ocrx_word' id='word_1_182' title='bbox 3177 2517 3389 2574; x_wconf 87' lang='lat' dir='ltr'><strong>Scacho</strong></span> <span class='ocrx_word' id='word_1_183' title='bbox 3416 2519 3577 2590; x_wconf 77' lang='lat'><strong>312</strong></span> <span class='ocrx_word' id='word_1_184' title='bbox 3625 2521 3721 2574; x_wconf 86' lang='lat' dir='ltr'><strong>filii</strong></span> 
     </span>
    </p>
   </div>
   <div class='ocr_carea' id='block_1_31' title="bbox 2142 2609 3721 2682">
    <p class='ocr_par' dir='ltr' id='par_1_31' title="bbox 2142 2609 3721 2682">
     <span class='ocr_line' id='line_1_31' title="bbox 2142 2609 3721 2682; baseline 0 -16"><span class='ocrx_word' id='word_1_185' title='bbox 2142 2623 2254 2669; x_wconf 82' lang='lat' dir='ltr'><strong>tres</strong></span> <span class='ocrx_word' id='word_1_186' title='bbox 2283 2613 2631 2681; x_wconf 75' lang='lat' dir='ltr'><strong>superstites,</strong></span> <span class='ocrx_word' id='word_1_187' title='bbox 2659 2625 2899 2681; x_wconf 88' lang='lat' dir='ltr'><strong>quorum</strong></span> <span class='ocrx_word' id='word_1_188' title='bbox 2933 2611 3029 2665; x_wconf 92' lang='lat' dir='ltr'><strong>uni</strong></span> <span class='ocrx_word' id='word_1_189' title='bbox 3058 2625 3256 2666; x_wconf 91' lang='lat' dir='ltr'><strong>nomen</strong></span> <span class='ocrx_word' id='word_1_190' title='bbox 3288 2609 3721 2682; x_wconf 80' lang='lat' dir='ltr'><strong>Sungurgensis,</strong></span> 
     </span>
    </p>
   </div>
   <div class='ocr_carea' id='block_1_32' title="bbox 2140 2701 3728 2773">
    <p class='ocr_par' dir='ltr' id='par_1_32' title="bbox 2140 2701 3728 2773">
     <span class='ocr_line' id='line_1_32' title="bbox 2140 2701 3728 2773; baseline -0.001 -15"><span class='ocrx_word' id='word_1_191' title='bbox 2140 2704 2302 2758; x_wconf 88' lang='lat' dir='ltr'><strong>alteri</strong></span> <span class='ocrx_word' id='word_1_192' title='bbox 2359 2702 2702 2773; x_wconf 89' lang='lat' dir='ltr'><strong>Gundogdis,</strong></span> <span class='ocrx_word' id='word_1_193' title='bbox 2757 2702 2923 2757; x_wconf 88' lang='lat' dir='ltr'><strong>tertio</strong></span> <span class='ocrx_word' id='word_1_194' title='bbox 2953 2702 3261 2766; x_wconf 85' lang='lat' dir='ltr'><strong>Ertucules,</strong></span> <span class='ocrx_word' id='word_1_195' title='bbox 3295 2702 3388 2770; x_wconf 87' lang='lat' dir='ltr'><strong>qui</strong></span> <span class='ocrx_word' id='word_1_196' title='bbox 3423 2701 3592 2756; x_wconf 84' lang='lat' dir='ltr'><strong>lilium</strong></span> <span class='ocrx_word' id='word_1_197' title='bbox 3630 2702 3728 2756; x_wconf 81' lang='lat' dir='ltr'><strong>ha-</strong></span> 
     </span>
    </p>
   </div>
   <div class='ocr_carea' id='block_1_33' title="bbox 2141 2792 3726 2860">
    <p class='ocr_par' dir='ltr' id='par_1_33' title="bbox 2141 2792 3726 2860">
     <span class='ocr_line' id='line_1_33' title="bbox 2141 2792 3726 2860; baseline -0.002 -10"><span class='ocrx_word' id='word_1_198' title='bbox 2141 2795 2263 2850; x_wconf 91' lang='lat' dir='ltr'><strong>buit</strong></span> <span class='ocrx_word' id='word_1_199' title='bbox 2289 2792 2611 2850; x_wconf 86' lang='lat' dir='ltr'><strong>Ostuauem.</strong></span> <span class='ocrx_word' id='word_1_200' title='bbox 2646 2793 2936 2848; x_wconf 79' lang='lat' dir='ltr'><strong>Exstincto</strong></span> <span class='ocrx_word' id='word_1_201' title='bbox 2982 2802 3157 2860; x_wconf 87' lang='lat' dir='ltr'><strong>patre,</strong></span> <span class='ocrx_word' id='word_1_202' title='bbox 3203 2802 3382 2848; x_wconf 82' lang='lat' dir='ltr'><strong>castra</strong></span> <span class='ocrx_word' id='word_1_203' title='bbox 3415 2793 3617 2847; x_wconf 84' lang='lat' dir='ltr'><strong>fratres</strong></span> <span class='ocrx_word' id='word_1_204' title='bbox 3668 2793 3726 2847; x_wconf 91' lang='lat' dir='ltr'><strong>hi</strong></span> 
     </span>
    </p>
   </div>
   <div class='ocr_carea' id='block_1_34' title="bbox 2142 2884 3725 2959">
    <p class='ocr_par' dir='ltr' id='par_1_34' title="bbox 2142 2884 3725 2959">
     <span class='ocr_line' id='line_1_34' title="bbox 2142 2884 3725 2959; baseline -0.003 -17"><span class='ocrx_word' id='word_1_205' title='bbox 2142 2896 2488 2959; x_wconf 84' lang='lat' dir='ltr'><strong>promovent,</strong></span> <span class='ocrx_word' id='word_1_206' title='bbox 2538 2903 2601 2942; x_wconf 89' lang='lat' dir='ltr'><strong>ac</strong></span> <span class='ocrx_word' id='word_1_207' title='bbox 2666 2895 2890 2957; x_wconf 90' lang='lat' dir='ltr'><strong>propter</strong></span> <span class='ocrx_word' id='word_1_208' title='bbox 2935 2886 3292 2955; x_wconf 84' lang='lat' dir='ltr'><strong>Euphratem,</strong></span> <span class='ocrx_word' id='word_1_209' title='bbox 3335 2887 3566 2941; x_wconf 87' lang='lat' dir='ltr'><strong>adverso</strong></span> <span class='ocrx_word' id='word_1_210' title='bbox 3621 2884 3725 2939; x_wconf 77' lang='lat' dir='ltr'><strong>ﬂu-</strong></span> 
     </span>
    </p>
   </div>
   <div class='ocr_carea' id='block_1_35' title="bbox 453 2969 3728 3055">
    <p class='ocr_par' dir='ltr' id='par_1_35' title="bbox 453 2969 3728 3055">
     <span class='ocr_line' id='line_1_35' title="bbox 453 2969 3728 3055; baseline -0.004 -19"><span class='ocrx_word' id='word_1_211' title='bbox 453 2983 598 3054; x_wconf 87' lang='lat' dir='ltr'><strong>apud</strong></span> <span class='ocrx_word' id='word_1_212' title='bbox 633 2981 863 3037; x_wconf 85' lang='lat' dir='ltr'><strong>Parthos</strong></span> <span class='ocrx_word' id='word_1_213' title='bbox 895 2980 1066 3051; x_wconf 82' lang='lat' dir='ltr'><strong>polita</strong></span> <span class='ocrx_word' id='word_1_214' title='bbox 1099 2977 1222 3045; x_wconf 88' lang='lat' dir='ltr'><strong>fuit,</strong></span> <span class='ocrx_word' id='word_1_215' title='bbox 1256 2979 1618 3047; x_wconf 86' lang='lat' dir='ltr'><strong>hominesque</strong></span> <span class='ocrx_word' id='word_1_216' title='bbox 1644 2976 1796 3031; x_wconf 89' lang='lat' dir='ltr'><strong>fuere</strong></span> <span class='ocrx_word' id='word_1_217' title='bbox 1825 2975 2036 3043; x_wconf 86' lang='lat' dir='ltr'><strong>simpli-</strong></span> <span class='ocrx_word' id='word_1_218' title='bbox 2067 2969 2112 3025; x_wconf 91' lang='lat' dir='ltr'><strong>B</strong></span> <span class='ocrx_word' id='word_1_219' title='bbox 2138 2985 2286 3039; x_wconf 73' lang='lat' dir='ltr'><strong>mine</strong></span> <span class='ocrx_word' id='word_1_220' title='bbox 2338 2983 2591 3055; x_wconf 63' lang='grc' dir='ltr'><strong>ρι-οίρριί,</strong></span> <span class='ocrx_word' id='word_1_221' title='bbox 2637 2984 2854 3038; x_wconf 54' lang='lat' dir='ltr'><strong>tandem</strong></span> <span class='ocrx_word' id='word_1_222' title='bbox 2886 2983 2951 3037; x_wconf 70' lang='lat' dir='ltr'><strong>ad</strong></span> <span class='ocrx_word' id='word_1_223' title='bbox 2990 2998 3216 3053; x_wconf 66' lang='lat' dir='ltr'><strong>campos</strong></span> <span class='ocrx_word' id='word_1_224' title='bbox 3261 2983 3554 3038; x_wconf 62' lang='lat' dir='ltr'><strong>paswnios</strong></span> <span class='ocrx_word' id='word_1_225' title='bbox 3602 2998 3728 3054; x_wconf 68' lang='lat' dir='ltr'><strong>per-</strong></span> 
     </span>
    </p>
   </div>
   <div class='ocr_carea' id='block_1_36' title="bbox 453 3068 2032 3143">
    <p class='ocr_par' dir='ltr' id='par_1_36' title="bbox 453 3068 2032 3143">
     <span class='ocr_line' id='line_1_36' title="bbox 453 3068 2032 3143; baseline -0.005 -13"><span class='ocrx_word' id='word_1_226' title='bbox 453 3092 546 3130; x_wconf 82' lang='lat' dir='ltr'><strong>ces</strong></span> <span class='ocrx_word' id='word_1_227' title='bbox 574 3085 628 3129; x_wconf 88' lang='lat' dir='ltr'><strong>et</strong></span> <span class='ocrx_word' id='word_1_228' title='bbox 659 3075 824 3129; x_wconf 80' lang='lat' dir='ltr'><strong>rudes</strong></span> <span class='ocrx_word' id='word_1_229' title='bbox 860 3091 875 3128; x_wconf 89' lang='lat'><strong>:</strong></span> <span class='ocrx_word' id='word_1_230' title='bbox 918 3074 1013 3143; x_wconf 89' lang='lat' dir='ltr'><strong>qui</strong></span> <span class='ocrx_word' id='word_1_231' title='bbox 1060 3081 1248 3142; x_wconf 89' lang='lat' dir='ltr'><strong>postea</strong></span> <span class='ocrx_word' id='word_1_232' title='bbox 1290 3086 1455 3141; x_wconf 88' lang='lat' dir='ltr'><strong>quam</strong></span> <span class='ocrx_word' id='word_1_233' title='bbox 1490 3071 1665 3141; x_wconf 90' lang='lat' dir='ltr'><strong>primo</strong></span> <span class='ocrx_word' id='word_1_234' title='bbox 1715 3068 2032 3138; x_wconf 80' lang='lat' dir='ltr'><strong>religionem</strong></span> 
     </span>
    </p>
   </div>
   <div class='ocr_carea' id='block_1_37' title="bbox 454 3160 2033 3234">
    <p class='ocr_par' dir='ltr' id='par_1_37' title="bbox 454 3160 2033 3234">
     <span class='ocr_line' id='line_1_37' title="bbox 454 3160 2033 3234; baseline -0.006 -11"><span class='ocrx_word' id='word_1_235' title='bbox 454 3167 894 3223; x_wconf 70' lang='lat' dir='ltr'><strong>Mahumetanam</strong></span> <span class='ocrx_word' id='word_1_236' title='bbox 958 3165 1196 3220; x_wconf 90' lang='lat' dir='ltr'><strong>fuissent</strong></span> <span class='ocrx_word' id='word_1_237' title='bbox 1255 3163 1520 3234; x_wconf 77' lang='lat' dir='ltr'><strong>amplexi,</strong></span> <span class='ocrx_word' id='word_1_238' title='bbox 1573 3161 1891 3216; x_wconf 87' lang='lat' dir='ltr'><strong>dominatus</strong></span> <span class='ocrx_word' id='word_1_239' title='bbox 1945 3160 2033 3215; x_wconf 88' lang='lat' dir='ltr'><strong>sui</strong></span> 
     </span>
    </p>
   </div>
   <div class='ocr_carea' id='block_1_38' title="bbox 454 3246 2035 3312">
    <p class='ocr_par' dir='ltr' id='par_1_38' title="bbox 454 3246 2035 3312">
     <span class='ocr_line' id='line_1_38' title="bbox 454 3246 2035 3312; baseline -0.006 0"><span class='ocrx_word' id='word_1_240' title='bbox 454 3261 638 3312; x_wconf 83' lang='lat' dir='ltr'><strong>sedem</strong></span> <span class='ocrx_word' id='word_1_241' title='bbox 681 3259 733 3311; x_wconf 90' lang='lat' dir='ltr'><strong>in</strong></span> <span class='ocrx_word' id='word_1_242' title='bbox 775 3257 997 3311; x_wconf 77' lang='lat' dir='ltr'><strong>civitate</strong></span> <span class='ocrx_word' id='word_1_243' title='bbox 1053 3252 1406 3308; x_wconf 67' lang='lat' dir='ltr'><strong>Machanensi</strong></span> <span class='ocrx_word' id='word_1_244' title='bbox 1451 3251 1874 3306; x_wconf 90' lang='lat' dir='ltr'><strong>constituerunt.</strong></span> <span class='ocrx_word' id='word_1_245' title='bbox 1921 3246 2035 3302; x_wconf 70' lang='lat' dir='ltr'><strong>Cte-</strong></span> 
     </span>
    </p>
   </div>
   <div class='ocr_carea' id='block_1_39' title="bbox 454 3341 2033 3418">
    <p class='ocr_par' dir='ltr' id='par_1_39' title="bbox 454 3341 2033 3418">
     <span class='ocr_line' id='line_1_39' title="bbox 454 3341 2033 3418; baseline -0.004 -14"><span class='ocrx_word' id='word_1_246' title='bbox 454 3362 630 3404; x_wconf 87' lang='lat' dir='ltr'><strong>terum</strong></span> <span class='ocrx_word' id='word_1_247' title='bbox 675 3364 785 3418; x_wconf 90' lang='lat' dir='ltr'><strong>quo</strong></span> <span class='ocrx_word' id='word_1_248' title='bbox 825 3357 1066 3406; x_wconf 82' lang='lat' dir='ltr'><strong>tempore</strong></span> <span class='ocrx_word' id='word_1_249' title='bbox 1099 3345 1439 3399; x_wconf 88' lang='lat' dir='ltr'><strong>Soleimaues</strong></span> <span class='ocrx_word' id='word_1_250' title='bbox 1465 3342 1708 3398; x_wconf 82' lang='lat' dir='ltr'><strong>Scachus</strong></span> <span class='ocrx_word' id='word_1_251' title='bbox 1755 3341 2033 3398; x_wconf 72' lang='lat' dir='ltr'><strong>Maelianae</strong></span> 
     </span>
    </p>
   </div>
   <div class='ocr_carea' id='block_1_40' title="bbox 441 3433 2034 3512">
    <p class='ocr_par' dir='ltr' id='par_1_40' title="bbox 441 3433 2034 3512">
     <span class='ocr_line' id='line_1_40' title="bbox 441 3433 2034 3512; baseline -0.004 -16"><span class='ocrx_word' id='word_1_252' title='bbox 441 3451 689 3512; x_wconf 62' lang='lat' dir='ltr'><strong>praeerat</strong></span> <span class='ocrx_word' id='word_1_253' title='bbox 738 3442 903 3493; x_wconf 83' lang='lat' dir='ltr'><strong>rebus</strong></span> <span class='ocrx_word' id='word_1_254' title='bbox 966 3437 1261 3502; x_wconf 80' lang='lat' dir='ltr'><strong>Parthicis,</strong></span> <span class='ocrx_word' id='word_1_255' title='bbox 1322 3447 1633 3509; x_wconf 72' lang='lat' dir='ltr'><strong>praepotens</strong></span> <span class='ocrx_word' id='word_1_256' title='bbox 1697 3435 1787 3490; x_wconf 91' lang='lat' dir='ltr'><strong>ille</strong></span> <span class='ocrx_word' id='word_1_257' title='bbox 1851 3433 2034 3504; x_wconf 81' lang='lat' dir='ltr'><strong>Ziugis</strong></span> 
     </span>
    </p>
   </div>
   <div class='ocr_carea' id='block_1_41' title="bbox 448 3528 2034 3602">
    <p class='ocr_par' dir='ltr' id='par_1_41' title="bbox 448 3528 2034 3602">
     <span class='ocr_line' id='line_1_41' title="bbox 448 3528 2034 3602; baseline -0.005 -13"><span class='ocrx_word' id='word_1_258' title='bbox 448 3536 604 3590; x_wconf 82' lang='lat' dir='ltr'><strong>Chan</strong></span> <span class='ocrx_word' id='word_1_259' title='bbox 647 3551 714 3590; x_wconf 78' lang='lat' dir='ltr'><strong>ex</strong></span> <span class='ocrx_word' id='word_1_260' title='bbox 770 3533 992 3602; x_wconf 78' lang='lat' dir='ltr'><strong>regione</strong></span> <span class='ocrx_word' id='word_1_261' title='bbox 1043 3531 1258 3588; x_wconf 85' lang='lat' dir='ltr'><strong>Chitaia</strong></span> <span class='ocrx_word' id='word_1_262' title='bbox 1315 3547 1439 3586; x_wconf 91' lang='lat' dir='ltr'><strong>cum</strong></span> <span class='ocrx_word' id='word_1_263' title='bbox 1487 3531 1734 3585; x_wconf 81' lang='lat' dir='ltr'><strong>exercitu</strong></span> <span class='ocrx_word' id='word_1_264' title='bbox 1789 3529 1843 3584; x_wconf 91' lang='lat' dir='ltr'><strong>in</strong></span> <span class='ocrx_word' id='word_1_265' title='bbox 1900 3528 2034 3583; x_wconf 83' lang='lat' dir='ltr'><strong>Par-</strong></span> 
     </span>
    </p>
   </div>
   <div class='ocr_carea' id='block_1_42' title="bbox 448 3622 2035 3695">
    <p class='ocr_par' dir='ltr' id='par_1_42' title="bbox 448 3622 2035 3695">
     <span class='ocr_line' id='line_1_42' title="bbox 448 3622 2035 3695; baseline -0.001 -17"><span class='ocrx_word' id='word_1_266' title='bbox 448 3629 619 3679; x_wconf 76' lang='lat' dir='ltr'><strong>ttiiain</strong></span> <span class='ocrx_word' id='word_1_267' title='bbox 654 3625 931 3695; x_wconf 84' lang='lat' dir='ltr'><strong>profectus</strong></span> <span class='ocrx_word' id='word_1_268' title='bbox 959 3632 1062 3689; x_wconf 83' lang='lat' dir='ltr'><strong>est,</strong></span> <span class='ocrx_word' id='word_1_269' title='bbox 1096 3625 1283 3694; x_wconf 82' lang='lat' dir='ltr'><strong>ibique</strong></span> <span class='ocrx_word' id='word_1_270' title='bbox 1312 3622 1572 3678; x_wconf 86' lang='lat' dir='ltr'><strong>Belcham</strong></span> <span class='ocrx_word' id='word_1_271' title='bbox 1616 3624 1892 3677; x_wconf 88' lang='lat' dir='ltr'><strong>civitatem</strong></span> <span class='ocrx_word' id='word_1_272' title='bbox 1941 3637 2035 3677; x_wconf 86' lang='lat' dir='ltr'><strong>co—</strong></span> 
     </span>
    </p>
   </div>
   <div class='ocr_carea' id='block_1_43' title="bbox 453 3717 2035 3787">
    <p class='ocr_par' dir='ltr' id='par_1_43' title="bbox 453 3717 2035 3787">
     <span class='ocr_line' id='line_1_43' title="bbox 453 3717 2035 3787; baseline -0.001 -17"><span class='ocrx_word' id='word_1_273' title='bbox 453 3722 556 3786; x_wconf 82' lang='lat' dir='ltr'><strong>piis</strong></span> <span class='ocrx_word' id='word_1_274' title='bbox 604 3719 928 3787; x_wconf 83' lang='lat' dir='ltr'><strong>locupletem</strong></span> <span class='ocrx_word' id='word_1_275' title='bbox 979 3717 1214 3782; x_wconf 82' lang='lat' dir='ltr'><strong>obsedit,</strong></span> <span class='ocrx_word' id='word_1_276' title='bbox 1254 3717 1418 3786; x_wconf 88' lang='lat' dir='ltr'><strong>cepit,</strong></span> <span class='ocrx_word' id='word_1_277' title='bbox 1479 3717 1697 3771; x_wconf 85' lang='lat' dir='ltr'><strong>diruit:</strong></span> <span class='ocrx_word' id='word_1_278' title='bbox 1753 3725 2035 3786; x_wconf 82' lang='lat' dir='ltr'><strong>totamque</strong></span> 
     </span>
    </p>
   </div>
   <div class='ocr_carea' id='block_1_44' title="bbox 455 3808 2036 3880">
    <p class='ocr_par' dir='ltr' id='par_1_44' title="bbox 455 3808 2036 3880">
     <span class='ocr_line' id='line_1_44' title="bbox 455 3808 2036 3880; baseline -0.002 -16"><span class='ocrx_word' id='word_1_279' title='bbox 455 3811 734 3880; x_wconf 75' lang='lat' dir='ltr'><strong>regionem</strong></span> <span class='ocrx_word' id='word_1_280' title='bbox 763 3809 1136 3866; x_wconf 87' lang='lat' dir='ltr'><strong>Chorasanem</strong></span> <span class='ocrx_word' id='word_1_281' title='bbox 1162 3811 1592 3880; x_wconf 89' lang='lat' dir='ltr'><strong>p0pulabundus</strong></span> <span class='ocrx_word' id='word_1_282' title='bbox 1620 3808 1875 3879; x_wconf 89' lang='lat' dir='ltr'><strong>diripuit.</strong></span> <span class='ocrx_word' id='word_1_283' title='bbox 1903 3809 2036 3862; x_wconf 83' lang='lat' dir='ltr'><strong>Erat</strong></span> 
     </span>
    </p>
   </div>
   <div class='ocr_carea' id='block_1_45' title="bbox 455 3900 2036 3971">
    <p class='ocr_par' dir='ltr' id='par_1_45' title="bbox 455 3900 2036 3971">
     <span class='ocr_line' id='line_1_45' title="bbox 455 3900 2036 3971; baseline -0.002 -14"><span class='ocrx_word' id='word_1_284' title='bbox 455 3903 511 3957; x_wconf 91' lang='lat' dir='ltr'><strong>id</strong></span> <span class='ocrx_word' id='word_1_285' title='bbox 543 3903 808 3971; x_wconf 86' lang='lat' dir='ltr'><strong>temporis</strong></span> <span class='ocrx_word' id='word_1_286' title='bbox 855 3901 1171 3958; x_wconf 89' lang='lat' dir='ltr'><strong>Curisemes</strong></span> <span class='ocrx_word' id='word_1_287' title='bbox 1230 3901 1480 3958; x_wconf 86' lang='lat' dir='ltr'><strong>Scachus</strong></span> <span class='ocrx_word' id='word_1_288' title='bbox 1507 3901 1718 3956; x_wconf 66' lang='lat' dir='ltr'><strong>Belcha:</strong></span> <span class='ocrx_word' id='word_1_289' title='bbox 1777 3900 2036 3971; x_wconf 84' lang='lat' dir='ltr'><strong>princeps</strong></span> 
     </span>
    </p>
   </div>
   <div class='ocr_carea' id='block_1_46' title="bbox 451 3994 2032 4065">
    <p class='ocr_par' dir='ltr' id='par_1_46' title="bbox 451 3994 2032 4065">
     <span class='ocr_line' id='line_1_46' title="bbox 451 3994 2032 4065; baseline -0.004 -14"><span class='ocrx_word' id='word_1_290' title='bbox 451 4007 512 4051; x_wconf 89' lang='lat' dir='ltr'><strong>et</strong></span> <span class='ocrx_word' id='word_1_291' title='bbox 550 3997 916 4062; x_wconf 83' lang='lat' dir='ltr'><strong>Cltorasanis,</strong></span> <span class='ocrx_word' id='word_1_292' title='bbox 943 3999 1035 4065; x_wconf 90' lang='lat' dir='ltr'><strong>qui</strong></span> <span class='ocrx_word' id='word_1_293' title='bbox 1062 4010 1234 4065; x_wconf 83' lang='lat' dir='ltr'><strong>regno</strong></span> <span class='ocrx_word' id='word_1_294' title='bbox 1267 3996 1459 4065; x_wconf 90' lang='lat' dir='ltr'><strong>pulsus</strong></span> <span class='ocrx_word' id='word_1_295' title='bbox 1491 4012 1618 4050; x_wconf 91' lang='lat' dir='ltr'><strong>cum</strong></span> <span class='ocrx_word' id='word_1_296' title='bbox 1643 3994 1760 4049; x_wconf 85' lang='lat' dir='ltr'><strong>suis</strong></span> <span class='ocrx_word' id='word_1_297' title='bbox 1799 3996 2032 4061; x_wconf 71' lang='lat' dir='ltr'><strong>aufugit,</strong></span> 
     </span>
    </p>
   </div>
   <div class='ocr_carea' id='block_1_47' title="bbox 455 4081 2037 4154">
    <p class='ocr_par' dir='ltr' id='par_1_47' title="bbox 455 4081 2037 4154">
     <span class='ocr_line' id='line_1_47' title="bbox 455 4081 2037 4154; baseline -0.003 -14"><span class='ocrx_word' id='word_1_298' title='bbox 455 4096 511 4140; x_wconf 78' lang='lat' dir='ltr'><strong>et</strong></span> <span class='ocrx_word' id='word_1_299' title='bbox 546 4088 599 4140; x_wconf 93' lang='lat' dir='ltr'><strong>iu</strong></span> <span class='ocrx_word' id='word_1_300' title='bbox 649 4088 846 4140; x_wconf 86' lang='lat' dir='ltr'><strong>itinere</strong></span> <span class='ocrx_word' id='word_1_301' title='bbox 891 4088 1073 4153; x_wconf 90' lang='lat' dir='ltr'><strong>periit.</strong></span> <span class='ocrx_word' id='word_1_302' title='bbox 1121 4085 1256 4154; x_wconf 81' lang='lat' dir='ltr'><strong>Ejus</strong></span> <span class='ocrx_word' id='word_1_303' title='bbox 1301 4086 1360 4140; x_wconf 90' lang='lat' dir='ltr'><strong>in</strong></span> <span class='ocrx_word' id='word_1_304' title='bbox 1391 4086 1577 4141; x_wconf 90' lang='lat' dir='ltr'><strong>locum</strong></span> <span class='ocrx_word' id='word_1_305' title='bbox 1613 4085 1880 4140; x_wconf 85' lang='lat' dir='ltr'><strong>successit</strong></span> <span class='ocrx_word' id='word_1_306' title='bbox 1928 4081 2037 4152; x_wconf 89' lang='lat' dir='ltr'><strong>Ug-</strong></span> 
     </span>
    </p>
   </div>
   <div class='ocr_carea' id='block_1_48' title="bbox 455 4174 2034 4245">
    <p class='ocr_par' dir='ltr' id='par_1_48' title="bbox 455 4174 2034 4245">
     <span class='ocr_line' id='line_1_48' title="bbox 455 4174 2034 4245; baseline -0.003 -15"><span class='ocrx_word' id='word_1_307' title='bbox 455 4192 582 4230; x_wconf 88' lang='lat' dir='ltr'><strong>naut</strong></span> <span class='ocrx_word' id='word_1_308' title='bbox 621 4177 776 4232; x_wconf 87' lang='lat' dir='ltr'><strong>Chan</strong></span> <span class='ocrx_word' id='word_1_309' title='bbox 831 4177 999 4241; x_wconf 82' lang='lat' dir='ltr'><strong>filius,</strong></span> <span class='ocrx_word' id='word_1_310' title='bbox 1033 4177 1127 4244; x_wconf 90' lang='lat' dir='ltr'><strong>qui</strong></span> <span class='ocrx_word' id='word_1_311' title='bbox 1162 4176 1349 4244; x_wconf 80' lang='lat' dir='ltr'><strong>copias</strong></span> <span class='ocrx_word' id='word_1_312' title='bbox 1386 4184 1664 4245; x_wconf 87' lang='lat' dir='ltr'><strong>.paternas</strong></span> <span class='ocrx_word' id='word_1_313' title='bbox 1719 4174 2034 4244; x_wconf 85' lang='lat' dir='ltr'><strong>Bagadatim</strong></span> 
     </span>
    </p>
   </div>
   <div class='ocr_carea' id='block_1_49' title="bbox 461 4267 2040 4336">
    <p class='ocr_par' dir='ltr' id='par_1_49' title="bbox 461 4267 2040 4336">
     <span class='ocr_line' id='line_1_49' title="bbox 461 4267 2040 4336; baseline 0.001 -17"><span class='ocrx_word' id='word_1_314' title='bbox 461 4284 656 4323; x_wconf 83' lang='lat' dir='ltr'><strong>versus</strong></span> <span class='ocrx_word' id='word_1_315' title='bbox 687 4269 884 4322; x_wconf 80' lang='lat' dir='ltr'><strong>duxit:</strong></span> <span class='ocrx_word' id='word_1_316' title='bbox 919 4283 1029 4334; x_wconf 84' lang='lat' dir='ltr'><strong>quo</strong></span> <span class='ocrx_word' id='word_1_317' title='bbox 1063 4283 1188 4322; x_wconf 90' lang='lat' dir='ltr'><strong>cum</strong></span> <span class='ocrx_word' id='word_1_318' title='bbox 1223 4268 1585 4336; x_wconf 77' lang='lat' dir='ltr'><strong>pervenisset,</strong></span> <span class='ocrx_word' id='word_1_319' title='bbox 1635 4267 1825 4321; x_wconf 87' lang='lat' dir='ltr'><strong>urbem</strong></span> <span class='ocrx_word' id='word_1_320' title='bbox 1875 4281 2040 4320; x_wconf 88' lang='lat' dir='ltr'><strong>occu-</strong></span> 
     </span>
    </p>
   </div>
   <div class='ocr_carea' id='block_1_50' title="bbox 455 4357 2042 4429">
    <p class='ocr_par' dir='ltr' id='par_1_50' title="bbox 455 4357 2042 4429">
     <span class='ocr_line' id='line_1_50' title="bbox 455 4357 2042 4429; baseline -0.001 -16"><span class='ocrx_word' id='word_1_321' title='bbox 455 4360 630 4429; x_wconf 81' lang='lat' dir='ltr'><strong>pavit,</strong></span> <span class='ocrx_word' id='word_1_322' title='bbox 683 4357 892 4414; x_wconf 81' lang='lat' dir='ltr'><strong>incolas</strong></span> <span class='ocrx_word' id='word_1_323' title='bbox 947 4359 1170 4422; x_wconf 80' lang='lat' dir='ltr'><strong>oceidit,</strong></span> <span class='ocrx_word' id='word_1_324' title='bbox 1234 4358 1512 4428; x_wconf 80' lang='lat' dir='ltr'><strong>regionem</strong></span> <span class='ocrx_word' id='word_1_325' title='bbox 1563 4360 1879 4414; x_wconf 82' lang='lat' dir='ltr'><strong>universam</strong></span> <span class='ocrx_word' id='word_1_326' title='bbox 1940 4359 2042 4412; x_wconf 85' lang='lat' dir='ltr'><strong>sibi</strong></span> 
     </span>
    </p>
   </div>
   <div class='ocr_carea' id='block_1_51' title="bbox 452 4451 2041 4520">
    <p class='ocr_par' dir='ltr' id='par_1_51' title="bbox 452 4451 2041 4520">
     <span class='ocr_line' id='line_1_51' title="bbox 452 4451 2041 4520; baseline -0.003 -14"><span class='ocrx_word' id='word_1_327' title='bbox 452 4454 684 4520; x_wconf 75' lang='lat' dir='ltr'><strong>suisque</strong></span> <span class='ocrx_word' id='word_1_328' title='bbox 709 4453 1026 4506; x_wconf 86' lang='lat' dir='ltr'><strong>vindicavit.</strong></span> <span class='ocrx_word' id='word_1_329' title='bbox 1053 4451 1110 4505; x_wconf 81' lang='lat' dir='ltr'><strong>id</strong></span> <span class='ocrx_word' id='word_1_330' title='bbox 1146 4451 1236 4505; x_wconf 91' lang='lat' dir='ltr'><strong>ubi</strong></span> <span class='ocrx_word' id='word_1_331' title='bbox 1269 4451 1460 4519; x_wconf 87' lang='lat' dir='ltr'><strong>Ziugis</strong></span> <span class='ocrx_word' id='word_1_332' title='bbox 1485 4451 1637 4505; x_wconf 77' lang='lat' dir='ltr'><strong>Chan</strong></span> <span class='ocrx_word' id='word_1_333' title='bbox 1663 4452 2041 4516; x_wconf 82' lang='lat' dir='ltr'><strong>intellexisset,</strong></span> 
     </span>
    </p>
   </div>
   <div class='ocr_carea' id='block_1_52' title="bbox 449 4545 2041 4615">
    <p class='ocr_par' dir='ltr' id='par_1_52' title="bbox 449 4545 2041 4615">
     <span class='ocr_line' id='line_1_52' title="bbox 449 4545 2041 4615; baseline -0.001 -16"><span class='ocrx_word' id='word_1_334' title='bbox 449 4547 628 4601; x_wconf 88' lang='lat' dir='ltr'><strong>armis</strong></span> <span class='ocrx_word' id='word_1_335' title='bbox 659 4562 784 4600; x_wconf 91' lang='lat' dir='ltr'><strong>eum</strong></span> <span class='ocrx_word' id='word_1_336' title='bbox 811 4554 1136 4615; x_wconf 85' lang='lat' dir='ltr'><strong>persecutus</strong></span> <span class='ocrx_word' id='word_1_337' title='bbox 1175 4546 1227 4598; x_wconf 91' lang='lat' dir='ltr'><strong>in</strong></span> <span class='ocrx_word' id='word_1_338' title='bbox 1267 4559 1424 4600; x_wconf 80' lang='lat' dir='ltr'><strong>suam</strong></span> <span class='ocrx_word' id='word_1_339' title='bbox 1447 4555 1774 4613; x_wconf 89' lang='lat' dir='ltr'><strong>potestatem</strong></span> <span class='ocrx_word' id='word_1_340' title='bbox 1813 4545 2041 4613; x_wconf 81' lang='lat' dir='ltr'><strong>redegit.</strong></span> 
     </span>
    </p>
   </div>
   <div class='ocr_carea' id='block_1_53' title="bbox 444 4635 2041 4706">
    <p class='ocr_par' dir='ltr' id='par_1_53' title="bbox 444 4635 2041 4706">
     <span class='ocr_line' id='line_1_53' title="bbox 444 4635 2041 4706; baseline -0.004 -10"><span class='ocrx_word' id='word_1_341' title='bbox 444 4642 740 4696; x_wconf 65' lang='lat' dir='ltr'><strong>Oriundus</strong></span> <span class='ocrx_word' id='word_1_342' title='bbox 801 4656 868 4693; x_wconf 68' lang='lat' dir='ltr'><strong>ea</strong></span> <span class='ocrx_word' id='word_1_343' title='bbox 923 4639 1129 4692; x_wconf 87' lang='lat' dir='ltr'><strong>familia</strong></span> <span class='ocrx_word' id='word_1_344' title='bbox 1185 4635 1431 4706; x_wconf 80' lang='lat' dir='ltr'><strong>Sclgucis</strong></span> <span class='ocrx_word' id='word_1_345' title='bbox 1451 4639 1703 4690; x_wconf 86' lang='lat' dir='ltr'><strong>sultanus</strong></span> <span class='ocrx_word' id='word_1_346' title='bbox 1757 4637 2041 4702; x_wconf 81' lang='lat' dir='ltr'><strong>Aladincs,</strong></span> 
     </span>
    </p>
   </div>
   <div class='ocr_carea' id='block_1_54' title="bbox 446 4724 2042 4798">
    <p class='ocr_par' dir='ltr' id='par_1_54' title="bbox 446 4724 2042 4798">
     <span class='ocr_line' id='line_1_54' title="bbox 446 4724 2042 4798; baseline -0.004 -12"><span class='ocrx_word' id='word_1_347' title='bbox 446 4749 494 4786; x_wconf 57' lang='grc' dir='ltr'><strong>λε</strong></span> <span class='ocrx_word' id='word_1_348' title='bbox 517 4731 739 4784; x_wconf 77' lang='lat' dir='ltr'><strong>Parthia</strong></span> <span class='ocrx_word' id='word_1_349' title='bbox 783 4731 1071 4798; x_wconf 79' lang='lat' dir='ltr'><strong>profugus,</strong></span> <span class='ocrx_word' id='word_1_350' title='bbox 1109 4731 1165 4783; x_wconf 90' lang='lat' dir='ltr'><strong>in</strong></span> <span class='ocrx_word' id='word_1_351' title='bbox 1191 4741 1472 4796; x_wconf 80' lang='lat' dir='ltr'><strong>regionem</strong></span> <span class='ocrx_word' id='word_1_352' title='bbox 1500 4724 1702 4790; x_wconf 79' lang='lat' dir='ltr'><strong>.lonan,</strong></span> <span class='ocrx_word' id='word_1_353' title='bbox 1729 4744 1850 4796; x_wconf 74' lang='lat' dir='ltr'><strong>qua:</strong></span> <span class='ocrx_word' id='word_1_354' title='bbox 1871 4727 2042 4780; x_wconf 79' lang='lat' dir='ltr'><strong>Cara-</strong></span> 
     </span>
    </p>
   </div>
   <div class='ocr_carea' id='block_1_55' title="bbox 462 4822 2044 4891">
    <p class='ocr_par' dir='ltr' id='par_1_55' title="bbox 462 4822 2044 4891">
     <span class='ocr_line' id='line_1_55' title="bbox 462 4822 2044 4891; baseline -0.002 -14"><span class='ocrx_word' id='word_1_355' title='bbox 462 4828 645 4877; x_wconf 87' lang='lat' dir='ltr'><strong>mauia</strong></span> <span class='ocrx_word' id='word_1_356' title='bbox 693 4825 854 4876; x_wconf 89' lang='lat' dir='ltr'><strong>modo</strong></span> <span class='ocrx_word' id='word_1_357' title='bbox 884 4823 1110 4888; x_wconf 87' lang='lat' dir='ltr'><strong>dicitur,</strong></span> <span class='ocrx_word' id='word_1_358' title='bbox 1156 4822 1444 4891; x_wconf 87' lang='lat' dir='ltr'><strong>pervenit,</strong></span> <span class='ocrx_word' id='word_1_359' title='bbox 1483 4822 1663 4891; x_wconf 86' lang='lat' dir='ltr'><strong>iisque</strong></span> <span class='ocrx_word' id='word_1_360' title='bbox 1700 4822 1838 4874; x_wconf 83' lang='lat' dir='ltr'><strong>locis</strong></span> <span class='ocrx_word' id='word_1_361' title='bbox 1878 4836 2044 4874; x_wconf 88' lang='lat' dir='ltr'><strong>occu-</strong></span> 
     </span>
    </p>
   </div>
   <div class='ocr_carea' id='block_1_56' title="bbox 458 4912 2045 4984">
    <p class='ocr_par' dir='ltr' id='par_1_56' title="bbox 458 4912 2045 4984">
     <span class='ocr_line' id='line_1_56' title="bbox 458 4912 2045 4984; baseline -0.002 -17"><span class='ocrx_word' id='word_1_362' title='bbox 458 4917 624 4984; x_wconf 82' lang='lat' dir='ltr'><strong>patis,</strong></span> <span class='ocrx_word' id='word_1_363' title='bbox 674 4923 728 4967; x_wconf 91' lang='lat' dir='ltr'><strong>et</strong></span> <span class='ocrx_word' id='word_1_364' title='bbox 779 4914 1080 4968; x_wconf 84' lang='lat' dir='ltr'><strong>instaurata</strong></span> <span class='ocrx_word' id='word_1_365' title='bbox 1143 4917 1278 4968; x_wconf 87' lang='lat' dir='ltr'><strong>urbe</strong></span> <span class='ocrx_word' id='word_1_366' title='bbox 1320 4912 1560 4977; x_wconf 80' lang='lat' dir='ltr'><strong>Sivasta,</strong></span> <span class='ocrx_word' id='word_1_367' title='bbox 1600 4913 1746 4983; x_wconf 86' lang='lat' dir='ltr'><strong>regia</strong></span> <span class='ocrx_word' id='word_1_368' title='bbox 1774 4929 1898 4967; x_wconf 91' lang='lat' dir='ltr'><strong>cum</strong></span> <span class='ocrx_word' id='word_1_369' title='bbox 1951 4927 2045 4982; x_wconf 84' lang='lat' dir='ltr'><strong>po-</strong></span> 
     </span>
    </p>
   </div>
   <div class='ocr_carea' id='block_1_57' title="bbox 449 5005 2046 5081">
    <p class='ocr_par' dir='ltr' id='par_1_57' title="bbox 449 5005 2046 5081">
     <span class='ocr_line' id='line_1_57' title="bbox 449 5005 2046 5081; baseline -0.003 -16"><span class='ocrx_word' id='word_1_370' title='bbox 449 5020 661 5066; x_wconf 63' lang='lat' dir='ltr'><strong>testate</strong></span> <span class='ocrx_word' id='word_1_371' title='bbox 691 5009 932 5081; x_wconf 65' lang='lat' dir='ltr'><strong>praefuit.</strong></span> <span class='ocrx_word' id='word_1_372' title='bbox 959 5010 1095 5063; x_wconf 79' lang='lat' dir='ltr'><strong>Cum</strong></span> <span class='ocrx_word' id='word_1_373' title='bbox 1167 5021 1350 5063; x_wconf 88' lang='lat' dir='ltr'><strong>autem</strong></span> <span class='ocrx_word' id='word_1_374' title='bbox 1393 5008 1450 5062; x_wconf 82' lang='lat' dir='ltr'><strong>in</strong></span> <span class='ocrx_word' id='word_1_375' title='bbox 1481 5011 1626 5064; x_wconf 88' lang='lat' dir='ltr'><strong>hunc</strong></span> <span class='ocrx_word' id='word_1_376' title='bbox 1654 5010 1878 5061; x_wconf 76' lang='lat' dir='ltr'><strong>modum</strong></span> <span class='ocrx_word' id='word_1_377' title='bbox 1921 5005 2046 5060; x_wconf 82' lang='lat' dir='ltr'><strong>Zin-</strong></span> 
     </span>
    </p>
   </div>
   <div class='ocr_carea' id='block_1_58' title="bbox 388 5100 2044 5178">
    <p class='ocr_par' dir='ltr' id='par_1_58' title="bbox 388 5100 2044 5178">
     <span class='ocr_line' id='line_1_58' title="bbox 388 5100 2044 5178; baseline 0 -24"><span class='ocrx_word' id='word_1_378' title='bbox 388 5172 391 5178; x_wconf 83' lang='lat'><em>_</em></span> <span class='ocrx_word' id='word_1_379' title='bbox 445 5120 542 5174; x_wconf 67' lang='lat' dir='ltr'><strong>gis</strong></span> <span class='ocrx_word' id='word_1_380' title='bbox 571 5103 725 5158; x_wconf 84' lang='lat' dir='ltr'><strong>Chau</strong></span> <span class='ocrx_word' id='word_1_381' title='bbox 763 5101 1042 5155; x_wconf 80' lang='lat' dir='ltr'><strong>Parthiatu</strong></span> <span class='ocrx_word' id='word_1_382' title='bbox 1077 5112 1282 5171; x_wconf 82' lang='lat' dir='ltr'><strong>ageret,</strong></span> <span class='ocrx_word' id='word_1_383' title='bbox 1318 5103 1522 5166; x_wconf 85' lang='lat' dir='ltr'><strong>ferret,</strong></span> <span class='ocrx_word' id='word_1_384' title='bbox 1572 5103 1736 5155; x_wconf 84' lang='lat' dir='ltr'><strong>etiam</strong></span> <span class='ocrx_word' id='word_1_385' title='bbox 1776 5100 2044 5154; x_wconf 72' lang='lat' dir='ltr'><strong>Maeliana</strong></span> 
     </span>
    </p>
   </div>
   <div class='ocr_carea' id='block_1_59' title="bbox 387 5192 2048 5272">
    <p class='ocr_par' dir='ltr' id='par_1_59' title="bbox 387 5192 2048 5272">
     <span class='ocr_line' id='line_1_59' title="bbox 387 5192 2048 5272; baseline -0.003 -23"><span class='ocrx_word' id='word_1_386' title='bbox 387 5242 395 5272; x_wconf 37' lang='grc' dir='ltr'><em>ί</em></span> <span class='ocrx_word' id='word_1_387' title='bbox 455 5193 712 5249; x_wconf 71' lang='lat' dir='ltr'><strong>funditus</strong></span> <span class='ocrx_word' id='word_1_388' title='bbox 767 5206 960 5246; x_wconf 86' lang='lat' dir='ltr'><strong>eversa</strong></span> <span class='ocrx_word' id='word_1_389' title='bbox 1013 5193 1137 5256; x_wconf 86' lang='lat' dir='ltr'><strong>fuit,</strong></span> <span class='ocrx_word' id='word_1_390' title='bbox 1201 5207 1326 5260; x_wconf 69' lang='lat' dir='ltr'><strong>quae</strong></span> <span class='ocrx_word' id='word_1_391' title='bbox 1383 5192 1437 5245; x_wconf 89' lang='lat' dir='ltr'><strong>id</strong></span> <span class='ocrx_word' id='word_1_392' title='bbox 1493 5193 1759 5261; x_wconf 87' lang='lat' dir='ltr'><strong>temporis</strong></span> <span class='ocrx_word' id='word_1_393' title='bbox 1814 5193 2048 5260; x_wconf 85' lang='lat' dir='ltr'><strong>imperio</strong></span> 
     </span>
    </p>
   </div>
   <div class='ocr_carea' id='block_1_60' title="bbox 387 5275 2051 5354">
    <p class='ocr_par' dir='ltr' id='par_1_60' title="bbox 387 5275 2051 5354">
     <span class='ocr_line' id='line_1_60' title="bbox 387 5275 2051 5354; baseline -0.002 -12"><span class='ocrx_word' id='word_1_394' title='bbox 387 5275 395 5284; x_wconf 67' lang='grc'><em>’</em></span> <span class='ocrx_word' id='word_1_395' title='bbox 453 5289 788 5344; x_wconf 67' lang='grc' dir='ltr'><strong>-δοιυὶηιαιιίε</strong></span> <span class='ocrx_word' id='word_1_396' title='bbox 819 5286 1018 5340; x_wconf 79' lang='lat' dir='ltr'><strong>Scachi</strong></span> <span class='ocrx_word' id='word_1_397' title='bbox 1050 5289 1295 5354; x_wconf 84' lang='lat' dir='ltr'><strong>parebat.</strong></span> <span class='ocrx_word' id='word_1_398' title='bbox 1349 5286 1398 5340; x_wconf 93' lang='lat' dir='ltr'><strong>ls</strong></span> <span class='ocrx_word' id='word_1_399' title='bbox 1430 5283 1617 5340; x_wconf 86' lang='lat' dir='ltr'><strong>Tatari</strong></span> <span class='ocrx_word' id='word_1_400' title='bbox 1659 5285 1931 5339; x_wconf 68' lang='lat' dir='ltr'><strong>violentiae</strong></span> <span class='ocrx_word' id='word_1_401' title='bbox 1961 5302 2051 5339; x_wconf 88' lang='lat' dir='ltr'><strong>ce-</strong></span> 
     </span>
    </p>
   </div>
   <div class='ocr_carea' id='block_1_61' title="bbox 454 5378 2052 5449">
    <p class='ocr_par' dir='ltr' id='par_1_61' title="bbox 454 5378 2052 5449">
     <span class='ocr_line' id='line_1_61' title="bbox 454 5378 2052 5449; baseline -0.002 -16"><span class='ocrx_word' id='word_1_402' title='bbox 454 5389 619 5445; x_wconf 74' lang='lat' dir='ltr'><strong>dcns,</strong></span> <span class='ocrx_word' id='word_1_403' title='bbox 655 5392 712 5435; x_wconf 90' lang='lat' dir='ltr'><strong>et</strong></span> <span class='ocrx_word' id='word_1_404' title='bbox 745 5380 861 5449; x_wconf 86' lang='lat' dir='ltr'><strong>ipse</strong></span> <span class='ocrx_word' id='word_1_405' title='bbox 888 5393 1012 5432; x_wconf 90' lang='lat' dir='ltr'><strong>cum</strong></span> <span class='ocrx_word' id='word_1_406' title='bbox 1052 5379 1170 5432; x_wconf 82' lang='lat' dir='ltr'><strong>suis</strong></span> <span class='ocrx_word' id='word_1_407' title='bbox 1201 5379 1475 5446; x_wconf 76' lang='lat' dir='ltr'><strong>migravit,</strong></span> <span class='ocrx_word' id='word_1_408' title='bbox 1511 5379 1648 5431; x_wconf 90' lang='lat' dir='ltr'><strong>inito</strong></span> <span class='ocrx_word' id='word_1_409' title='bbox 1693 5378 1927 5431; x_wconf 87' lang='lat' dir='ltr'><strong>consilio</strong></span> <span class='ocrx_word' id='word_1_410' title='bbox 1967 5379 2052 5431; x_wconf 89' lang='lat' dir='ltr'><strong>in-</strong></span> 
     </span>
    </p>
   </div>
   <div class='ocr_carea' id='block_1_62' title="bbox 461 5469 2050 5539">
    <p class='ocr_par' dir='ltr' id='par_1_62' title="bbox 461 5469 2050 5539">
     <span class='ocr_line' id='line_1_62' title="bbox 461 5469 2050 5539; baseline 0.001 -15"><span class='ocrx_word' id='word_1_411' title='bbox 461 5475 721 5527; x_wconf 73' lang='lat' dir='ltr'><strong>vadenda:</strong></span> <span class='ocrx_word' id='word_1_412' title='bbox 762 5471 1048 5525; x_wconf 74' lang='lat' dir='ltr'><strong>ltouuanize</strong></span> <span class='ocrx_word' id='word_1_413' title='bbox 1093 5487 1108 5524; x_wconf 89' lang='lat'><strong>:</strong></span> <span class='ocrx_word' id='word_1_414' title='bbox 1145 5472 1293 5539; x_wconf 85' lang='lat' dir='ltr'><strong>quod</strong></span> <span class='ocrx_word' id='word_1_415' title='bbox 1326 5469 1649 5533; x_wconf 78' lang='lat' dir='ltr'><strong>iuaudisset,</strong></span> <span class='ocrx_word' id='word_1_416' title='bbox 1691 5469 1760 5523; x_wconf 87' lang='lat' dir='ltr'><strong>iis</strong></span> <span class='ocrx_word' id='word_1_417' title='bbox 1806 5472 1858 5523; x_wconf 93' lang='lat' dir='ltr'><strong>in</strong></span> <span class='ocrx_word' id='word_1_418' title='bbox 1915 5471 2050 5525; x_wconf 86' lang='lat' dir='ltr'><strong>locis</strong></span> 
     </span>
    </p>
   </div>
   <div class='ocr_carea' id='block_1_63' title="bbox 463 5561 2052 5635">
    <p class='ocr_par' dir='ltr' id='par_1_63' title="bbox 463 5561 2052 5635">
     <span class='ocr_line' id='line_1_63' title="bbox 463 5561 2052 5635; baseline -0.002 -17"><span class='ocrx_word' id='word_1_419' title='bbox 463 5569 607 5620; x_wconf 79' lang='lat' dir='ltr'><strong>bella</strong></span> <span class='ocrx_word' id='word_1_420' title='bbox 659 5567 798 5635; x_wconf 75' lang='lat' dir='ltr'><strong>geri,</strong></span> <span class='ocrx_word' id='word_1_421' title='bbox 857 5577 911 5619; x_wconf 89' lang='lat' dir='ltr'><strong>et</strong></span> <span class='ocrx_word' id='word_1_422' title='bbox 963 5567 1134 5618; x_wconf 87' lang='lat' dir='ltr'><strong>armis</strong></span> <span class='ocrx_word' id='word_1_423' title='bbox 1176 5579 1289 5618; x_wconf 89' lang='lat' dir='ltr'><strong>rem</strong></span> <span class='ocrx_word' id='word_1_424' title='bbox 1348 5566 1528 5631; x_wconf 87' lang='lat' dir='ltr'><strong>parari</strong></span> <span class='ocrx_word' id='word_1_425' title='bbox 1583 5576 1765 5630; x_wconf 73' lang='lat' dir='ltr'><strong>pOsse.</strong></span> <span class='ocrx_word' id='word_1_426' title='bbox 1803 5561 2052 5631; x_wconf 76' lang='lat' dir='ltr'><strong>Quapro-</strong></span> 
     </span>
    </p>
   </div>
   <div class='ocr_carea' id='block_1_64' title="bbox 2133 3075 3727 3147">
    <p class='ocr_par' dir='ltr' id='par_1_64' title="bbox 2133 3075 3727 3147">
     <span class='ocr_line' id='line_1_64' title="bbox 2133 3075 3727 3147; baseline -0.003 -14"><span class='ocrx_word' id='word_1_427' title='bbox 2133 3077 2388 3133; x_wconf 77' lang='lat' dir='ltr'><strong>veniunt.</strong></span> <span class='ocrx_word' id='word_1_428' title='bbox 2421 3077 2490 3132; x_wconf 90' lang='lat' dir='ltr'><strong>lis</strong></span> <span class='ocrx_word' id='word_1_429' title='bbox 2523 3077 2576 3131; x_wconf 93' lang='lat' dir='ltr'><strong>in</strong></span> <span class='ocrx_word' id='word_1_430' title='bbox 2607 3077 2745 3130; x_wconf 87' lang='lat' dir='ltr'><strong>locis</strong></span> <span class='ocrx_word' id='word_1_431' title='bbox 2794 3075 3038 3130; x_wconf 89' lang='lat' dir='ltr'><strong>Ertuculi</strong></span> <span class='ocrx_word' id='word_1_432' title='bbox 3081 3077 3338 3132; x_wconf 90' lang='lat' dir='ltr'><strong>Osmanis</strong></span> <span class='ocrx_word' id='word_1_433' title='bbox 3387 3077 3549 3147; x_wconf 84' lang='lat' dir='ltr'><strong>patri,</strong></span> <span class='ocrx_word' id='word_1_434' title='bbox 3599 3091 3727 3130; x_wconf 89' lang='lat' dir='ltr'><strong>cum</strong></span> 
     </span>
    </p>
   </div>
   <div class='ocr_carea' id='block_1_65' title="bbox 2135 3167 3729 3244">
    <p class='ocr_par' dir='ltr' id='par_1_65' title="bbox 2135 3167 3729 3244">
     <span class='ocr_line' id='line_1_65' title="bbox 2135 3167 3729 3244; baseline -0.002 -18"><span class='ocrx_word' id='word_1_435' title='bbox 2135 3171 2554 3244; x_wconf 78' lang='lat' dir='ltr'><strong>quadringentis</strong></span> <span class='ocrx_word' id='word_1_436' title='bbox 2581 3169 2910 3241; x_wconf 88' lang='lat' dir='ltr'><strong>mapalibus,</strong></span> <span class='ocrx_word' id='word_1_437' title='bbox 2934 3185 3051 3239; x_wconf 69' lang='lat' dir='ltr'><strong>qua&#39;</strong></span> <span class='ocrx_word' id='word_1_438' title='bbox 3067 3184 3166 3238; x_wconf 93' lang='lat' dir='ltr'><strong>pro</strong></span> <span class='ocrx_word' id='word_1_439' title='bbox 3189 3184 3336 3223; x_wconf 77' lang='lat' dir='ltr'><strong>&quot;mre</strong></span> <span class='ocrx_word' id='word_1_440' title='bbox 3359 3169 3538 3240; x_wconf 87' lang='lat' dir='ltr'><strong>gentis</strong></span> <span class='ocrx_word' id='word_1_441' title='bbox 3559 3169 3628 3222; x_wconf 87' lang='lat' dir='ltr'><strong>de</strong></span> <span class='ocrx_word' id='word_1_442' title='bbox 3648 3167 3729 3223; x_wconf 90' lang='lat' dir='ltr'><strong>lo-</strong></span> 
     </span>
    </p>
   </div>
   <div class='ocr_carea' id='block_1_66' title="bbox 2136 3259 3730 3336">
    <p class='ocr_par' dir='ltr' id='par_1_66' title="bbox 2136 3259 3730 3336">
     <span class='ocr_line' id='line_1_66' title="bbox 2136 3259 3730 3336; baseline -0.005 -14"><span class='ocrx_word' id='word_1_443' title='bbox 2136 3281 2204 3322; x_wconf 90' lang='lat' dir='ltr'><strong>co</strong></span> <span class='ocrx_word' id='word_1_444' title='bbox 2226 3265 2468 3320; x_wconf 88' lang='lat' dir='ltr'><strong>inlocum</strong></span> <span class='ocrx_word' id='word_1_445' title='bbox 2493 3263 2800 3336; x_wconf 85' lang='lat' dir='ltr'><strong>promoveri</strong></span> <span class='ocrx_word' id='word_1_446' title='bbox 2836 3261 3229 3332; x_wconf 87' lang='lat' dir='ltr'><strong>transferrique</strong></span> <span class='ocrx_word' id='word_1_447' title='bbox 3263 3269 3520 3332; x_wconf 85' lang='lat' dir='ltr'><strong>possunt,</strong></span> <span class='ocrx_word' id='word_1_448' title='bbox 3543 3259 3730 3316; x_wconf 76' lang='lat' dir='ltr'><strong>subsi-</strong></span> 
     </span>
    </p>
   </div>
   <div class='ocr_carea' id='block_1_67' title="bbox 2136 3351 3726 3425">
    <p class='ocr_par' dir='ltr' id='par_1_67' title="bbox 2136 3351 3726 3425">
     <span class='ocr_line' id='line_1_67' title="bbox 2136 3351 3726 3425; baseline -0.006 -10"><span class='ocrx_word' id='word_1_449' title='bbox 2136 3368 2280 3415; x_wconf 90' lang='lat' dir='ltr'><strong>stere</strong></span> <span class='ocrx_word' id='word_1_450' title='bbox 2295 3357 2476 3422; x_wconf 89' lang='lat' dir='ltr'><strong>libuit,</strong></span> <span class='ocrx_word' id='word_1_451' title='bbox 2497 3356 2726 3425; x_wconf 86' lang='lat' dir='ltr'><strong>reliquis</strong></span> <span class='ocrx_word' id='word_1_452' title='bbox 2745 3357 2959 3410; x_wconf 82' lang='lat' dir='ltr'><strong>duobus</strong></span> <span class='ocrx_word' id='word_1_453' title='bbox 2986 3355 3244 3409; x_wconf 83' lang='lat' dir='ltr'><strong>fratribus</strong></span> <span class='ocrx_word' id='word_1_454' title='bbox 3263 3353 3314 3406; x_wconf 93' lang='lat' dir='ltr'><strong>in</strong></span> <span class='ocrx_word' id='word_1_455' title='bbox 3335 3351 3613 3408; x_wconf 86' lang='lat' dir='ltr'><strong>Parthiam</strong></span> <span class='ocrx_word' id='word_1_456' title='bbox 3633 3367 3726 3406; x_wconf 85' lang='lat' dir='ltr'><strong>re-</strong></span> 
     </span>
    </p>
   </div>
   <div class='ocr_carea' id='block_1_68' title="bbox 2136 3442 3731 3516">
    <p class='ocr_par' dir='ltr' id='par_1_68' title="bbox 2136 3442 3731 3516">
     <span class='ocr_line' id='line_1_68' title="bbox 2136 3442 3731 3516; baseline -0.006 -10"><span class='ocrx_word' id='word_1_457' title='bbox 2136 3451 2454 3506; x_wconf 89' lang='lat' dir='ltr'><strong>deuntibus.</strong></span> <span class='ocrx_word' id='word_1_458' title='bbox 2489 3447 2880 3503; x_wconf 62' lang='lat' dir='ltr'><strong>Hmsitibidem</strong></span> <span class='ocrx_word' id='word_1_459' title='bbox 2914 3447 2978 3502; x_wconf 91' lang='lat' dir='ltr'><strong>ad</strong></span> <span class='ocrx_word' id='word_1_460' title='bbox 3015 3445 3236 3516; x_wconf 85' lang='lat' dir='ltr'><strong>aliquod</strong></span> <span class='ocrx_word' id='word_1_461' title='bbox 3259 3455 3473 3516; x_wconf 87' lang='lat' dir='ltr'><strong>tempus</strong></span> <span class='ocrx_word' id='word_1_462' title='bbox 3493 3442 3731 3499; x_wconf 84' lang='lat' dir='ltr'><strong>Ertucu-</strong></span> 
     </span>
    </p>
   </div>
   <div class='ocr_carea' id='block_1_69' title="bbox 2137 3538 3726 3610">
    <p class='ocr_par' dir='ltr' id='par_1_69' title="bbox 2137 3538 3726 3610">
     <span class='ocr_line' id='line_1_69' title="bbox 2137 3538 3726 3610; baseline -0.006 -12"><span class='ocrx_word' id='word_1_463' title='bbox 2137 3544 2239 3610; x_wconf 87' lang='lat' dir='ltr'><strong>les,</strong></span> <span class='ocrx_word' id='word_1_464' title='bbox 2291 3543 2444 3597; x_wconf 90' lang='lat' dir='ltr'><strong>varie</strong></span> <span class='ocrx_word' id='word_1_465' title='bbox 2491 3541 2851 3595; x_wconf 80' lang='lat' dir='ltr'><strong>finitimorum</strong></span> <span class='ocrx_word' id='word_1_466' title='bbox 2912 3539 3128 3610; x_wconf 88' lang='lat' dir='ltr'><strong>injuriis</strong></span> <span class='ocrx_word' id='word_1_467' title='bbox 3146 3548 3200 3592; x_wconf 88' lang='lat' dir='ltr'><strong>et</strong></span> <span class='ocrx_word' id='word_1_468' title='bbox 3244 3538 3382 3593; x_wconf 74' lang='lat' dir='ltr'><strong>rixis</strong></span> <span class='ocrx_word' id='word_1_469' title='bbox 3427 3538 3726 3592; x_wconf 77' lang='lat' dir='ltr'><strong>exercitus.</strong></span> 
     </span>
    </p>
   </div>
   <div class='ocr_carea' id='block_1_70' title="bbox 2137 3630 3734 3706">
    <p class='ocr_par' dir='ltr' id='par_1_70' title="bbox 2137 3630 3734 3706">
     <span class='ocr_line' id='line_1_70' title="bbox 2137 3630 3734 3706; baseline -0.004 -17"><span class='ocrx_word' id='word_1_470' title='bbox 2137 3637 2384 3706; x_wconf 88' lang='lat' dir='ltr'><strong>Denique</strong></span> <span class='ocrx_word' id='word_1_471' title='bbox 2433 3651 2624 3689; x_wconf 87' lang='lat' dir='ltr'><strong>rumor</strong></span> <span class='ocrx_word' id='word_1_472' title='bbox 2656 3638 2722 3688; x_wconf 89' lang='lat' dir='ltr'><strong>ad</strong></span> <span class='ocrx_word' id='word_1_473' title='bbox 2762 3650 2886 3688; x_wconf 87' lang='lat' dir='ltr'><strong>eum</strong></span> <span class='ocrx_word' id='word_1_474' title='bbox 2920 3633 3216 3703; x_wconf 87' lang='lat' dir='ltr'><strong>perfertur,</strong></span> <span class='ocrx_word' id='word_1_475' title='bbox 3243 3630 3734 3686; x_wconf 79' lang='lat' dir='ltr'><strong>sultanumAladi-</strong></span> 
     </span>
    </p>
   </div>
   <div class='ocr_carea' id='block_1_71' title="bbox 2135 3722 3733 3793">
    <p class='ocr_par' dir='ltr' id='par_1_71' title="bbox 2135 3722 3733 3793">
     <span class='ocr_line' id='line_1_71' title="bbox 2135 3722 3733 3793; baseline -0.004 -12"><span class='ocrx_word' id='word_1_476' title='bbox 2135 3741 2284 3793; x_wconf 85' lang='lat' dir='ltr'><strong>nem,</strong></span> <span class='ocrx_word' id='word_1_477' title='bbox 2302 3741 2332 3779; x_wconf 91' lang='lat' dir='ltr'><strong>e</strong></span> <span class='ocrx_word' id='word_1_478' title='bbox 2346 3725 2573 3780; x_wconf 80' lang='lat' dir='ltr'><strong>Parthia</strong></span> <span class='ocrx_word' id='word_1_479' title='bbox 2595 3722 2906 3793; x_wconf 84' lang='lat' dir='ltr'><strong>profugum,</strong></span> <span class='ocrx_word' id='word_1_480' title='bbox 2927 3725 2981 3776; x_wconf 90' lang='lat' dir='ltr'><strong>in</strong></span> <span class='ocrx_word' id='word_1_481' title='bbox 2998 3723 3258 3777; x_wconf 75' lang='lat' dir='ltr'><strong>Romauia</strong></span> <span class='ocrx_word' id='word_1_482' title='bbox 3281 3737 3400 3777; x_wconf 89' lang='lat' dir='ltr'><strong>com</strong></span> <span class='ocrx_word' id='word_1_483' title='bbox 3408 3723 3590 3792; x_wconf 79' lang='lat' dir='ltr'><strong>plures</strong></span> <span class='ocrx_word' id='word_1_484' title='bbox 3609 3738 3733 3792; x_wconf 82' lang='lat' dir='ltr'><strong>pro-</strong></span> 
     </span>
    </p>
   </div>
   <div class='ocr_carea' id='block_1_72' title="bbox 2137 3817 3728 3886">
    <p class='ocr_par' dir='ltr' id='par_1_72' title="bbox 2137 3817 3728 3886">
     <span class='ocr_line' id='line_1_72' title="bbox 2137 3817 3728 3886; baseline -0.003 -14"><span class='ocrx_word' id='word_1_485' title='bbox 2137 3819 2346 3872; x_wconf 80' lang='lat' dir='ltr'><strong>vincias</strong></span> <span class='ocrx_word' id='word_1_486' title='bbox 2369 3820 2452 3872; x_wconf 90' lang='lat' dir='ltr'><strong>sui</strong></span> <span class='ocrx_word' id='word_1_487' title='bbox 2473 3819 2614 3886; x_wconf 86' lang='lat' dir='ltr'><strong>juris</strong></span> <span class='ocrx_word' id='word_1_488' title='bbox 2637 3817 2858 3877; x_wconf 85' lang='lat' dir='ltr'><strong>fecisse.</strong></span> <span class='ocrx_word' id='word_1_489' title='bbox 2885 3817 3134 3885; x_wconf 86' lang='lat' dir='ltr'><strong>adeoque</strong></span> <span class='ocrx_word' id='word_1_490' title='bbox 3162 3831 3357 3884; x_wconf 87' lang='lat' dir='ltr'><strong>magno</strong></span> <span class='ocrx_word' id='word_1_491' title='bbox 3372 3817 3602 3884; x_wconf 91' lang='lat' dir='ltr'><strong>potitum</strong></span> <span class='ocrx_word' id='word_1_492' title='bbox 3625 3817 3728 3868; x_wconf 88' lang='lat' dir='ltr'><strong>im-</strong></span> 
     </span>
    </p>
   </div>
   <div class='ocr_carea' id='block_1_73' title="bbox 2138 3907 3734 3978">
    <p class='ocr_par' dir='ltr' id='par_1_73' title="bbox 2138 3907 3734 3978">
     <span class='ocr_line' id='line_1_73' title="bbox 2138 3907 3734 3978; baseline -0.001 -16"><span class='ocrx_word' id='word_1_493' title='bbox 2138 3912 2314 3978; x_wconf 74' lang='lat' dir='ltr'><strong>perio.</strong></span> <span class='ocrx_word' id='word_1_494' title='bbox 2338 3909 2507 3962; x_wconf 81' lang='lat' dir='ltr'><strong>Erant</strong></span> <span class='ocrx_word' id='word_1_495' title='bbox 2543 3908 2782 3962; x_wconf 78' lang='lat' dir='ltr'><strong>Ertuculi</strong></span> <span class='ocrx_word' id='word_1_496' title='bbox 2819 3917 2926 3962; x_wconf 88' lang='lat' dir='ltr'><strong>tres</strong></span> <span class='ocrx_word' id='word_1_497' title='bbox 2957 3908 3073 3972; x_wconf 85' lang='lat' dir='ltr'><strong>filii,</strong></span> <span class='ocrx_word' id='word_1_498' title='bbox 3096 3907 3345 3973; x_wconf 86' lang='lat' dir='ltr'><strong>Guudus,</strong></span> <span class='ocrx_word' id='word_1_499' title='bbox 3369 3909 3649 3978; x_wconf 84' lang='lat' dir='ltr'><strong>Sarigates</strong></span> <span class='ocrx_word' id='word_1_500' title='bbox 3673 3918 3734 3962; x_wconf 87' lang='lat' dir='ltr'><strong>et</strong></span> 
     </span>
    </p>
   </div>
   <div class='ocr_carea' id='block_1_74' title="bbox 2137 4000 3730 4070">
    <p class='ocr_par' dir='ltr' id='par_1_74' title="bbox 2137 4000 3730 4070">
     <span class='ocr_line' id='line_1_74' title="bbox 2137 4000 3730 4070; baseline -0.002 -13"><span class='ocrx_word' id='word_1_501' title='bbox 2137 4003 2363 4057; x_wconf 83' lang='lat' dir='ltr'><strong>Osmau.</strong></span> <span class='ocrx_word' id='word_1_502' title='bbox 2391 4002 2519 4065; x_wconf 86' lang='lat' dir='ltr'><strong>Ubi,</strong></span> <span class='ocrx_word' id='word_1_503' title='bbox 2547 4016 2656 4070; x_wconf 87' lang='lat' dir='ltr'><strong>quo</strong></span> <span class='ocrx_word' id='word_1_504' title='bbox 2693 4001 2747 4055; x_wconf 92' lang='lat' dir='ltr'><strong>iu</strong></span> <span class='ocrx_word' id='word_1_505' title='bbox 2771 4009 2913 4055; x_wconf 89' lang='lat' dir='ltr'><strong>statu</strong></span> <span class='ocrx_word' id='word_1_506' title='bbox 2939 4016 3026 4055; x_wconf 90' lang='lat' dir='ltr'><strong>res</strong></span> <span class='ocrx_word' id='word_1_507' title='bbox 3049 4001 3296 4055; x_wconf 80' lang='lat' dir='ltr'><strong>Alad&#39;ruis</strong></span> <span class='ocrx_word' id='word_1_508' title='bbox 3320 4011 3527 4063; x_wconf 87' lang='lat' dir='ltr'><strong>essent,</strong></span> <span class='ocrx_word' id='word_1_509' title='bbox 3559 4000 3730 4054; x_wconf 85' lang='lat' dir='ltr'><strong>Ertu-</strong></span> 
     </span>
    </p>
   </div>
   <div class='ocr_carea' id='block_1_75' title="bbox 2138 4092 3731 4162">
    <p class='ocr_par' dir='ltr' id='par_1_75' title="bbox 2138 4092 3731 4162">
     <span class='ocr_line' id='line_1_75' title="bbox 2138 4092 3731 4162; baseline -0.003 -13"><span class='ocrx_word' id='word_1_510' title='bbox 2138 4098 2291 4149; x_wconf 90' lang='lat' dir='ltr'><strong>cules</strong></span> <span class='ocrx_word' id='word_1_511' title='bbox 2346 4092 2672 4162; x_wconf 85' lang='lat' dir='ltr'><strong>accepisset,</strong></span> <span class='ocrx_word' id='word_1_512' title='bbox 2753 4108 2864 4146; x_wconf 91' lang='lat' dir='ltr'><strong>non</strong></span> <span class='ocrx_word' id='word_1_513' title='bbox 2915 4108 3111 4159; x_wconf 70' lang='lat' dir='ltr'><strong>magna</strong></span> <span class='ocrx_word' id='word_1_514' title='bbox 3161 4092 3589 4146; x_wconf 86' lang='lat' dir='ltr'><strong>consultationis</strong></span> <span class='ocrx_word' id='word_1_515' title='bbox 3645 4093 3731 4147; x_wconf 87' lang='lat' dir='ltr'><strong>in-</strong></span> 
     </span>
    </p>
   </div>
   <div class='ocr_carea' id='block_1_76' title="bbox 2139 4184 3725 4256">
    <p class='ocr_par' dir='ltr' id='par_1_76' title="bbox 2139 4184 3725 4256">
     <span class='ocr_line' id='line_1_76' title="bbox 2139 4184 3725 4256; baseline -0.001 -17"><span class='ocrx_word' id='word_1_516' title='bbox 2139 4184 2397 4255; x_wconf 75' lang='lat' dir='ltr'><strong>terposita</strong></span> <span class='ocrx_word' id='word_1_517' title='bbox 2441 4201 2615 4250; x_wconf 89' lang='lat' dir='ltr'><strong>mora,</strong></span> <span class='ocrx_word' id='word_1_518' title='bbox 2647 4185 2816 4238; x_wconf 87' lang='lat' dir='ltr'><strong>tilium</strong></span> <span class='ocrx_word' id='word_1_519' title='bbox 2863 4184 3155 4254; x_wconf 84' lang='lat' dir='ltr'><strong>Sarigatim</strong></span> <span class='ocrx_word' id='word_1_520' title='bbox 3193 4185 3261 4238; x_wconf 88' lang='lat' dir='ltr'><strong>ad</strong></span> <span class='ocrx_word' id='word_1_521' title='bbox 3313 4200 3442 4238; x_wconf 90' lang='lat' dir='ltr'><strong>eum</strong></span> <span class='ocrx_word' id='word_1_522' title='bbox 3482 4185 3725 4256; x_wconf 78' lang='lat' dir='ltr'><strong>ablegat;</strong></span> 
     </span>
    </p>
   </div>
   <div class='ocr_carea' id='block_1_77' title="bbox 2146 4277 3726 4352">
    <p class='ocr_par' dir='ltr' id='par_1_77' title="bbox 2146 4277 3726 4352">
     <span class='ocr_line' id='line_1_77' title="bbox 2146 4277 3726 4352; baseline -0.003 -19"><span class='ocrx_word' id='word_1_523' title='bbox 2146 4288 2382 4341; x_wconf 90' lang='lat' dir='ltr'><strong>oratum,</strong></span> <span class='ocrx_word' id='word_1_524' title='bbox 2428 4287 2484 4332; x_wconf 93' lang='lat' dir='ltr'><strong>ut</strong></span> <span class='ocrx_word' id='word_1_525' title='bbox 2511 4278 2749 4347; x_wconf 90' lang='lat' dir='ltr'><strong>aliquem</strong></span> <span class='ocrx_word' id='word_1_526' title='bbox 2785 4278 2890 4332; x_wconf 88' lang='lat' dir='ltr'><strong>sibi</strong></span> <span class='ocrx_word' id='word_1_527' title='bbox 2927 4278 3109 4332; x_wconf 89' lang='lat' dir='ltr'><strong>locum</strong></span> <span class='ocrx_word' id='word_1_528' title='bbox 3143 4277 3492 4352; x_wconf 77' lang='lat' dir='ltr'><strong>concederet,</strong></span> <span class='ocrx_word' id='word_1_529' title='bbox 3521 4291 3631 4346; x_wconf 90' lang='lat' dir='ltr'><strong>quo</strong></span> <span class='ocrx_word' id='word_1_530' title='bbox 3671 4277 3726 4330; x_wconf 91' lang='lat' dir='ltr'><strong>in</strong></span> 
     </span>
    </p>
   </div>
   <div class='ocr_carea' id='block_1_78' title="bbox 2147 4373 3729 4442">
    <p class='ocr_par' dir='ltr' id='par_1_78' title="bbox 2147 4373 3729 4442">
     <span class='ocr_line' id='line_1_78' title="bbox 2147 4373 3729 4442; baseline 0.001 -16"><span class='ocrx_word' id='word_1_531' title='bbox 2147 4375 2269 4427; x_wconf 92' lang='lat' dir='ltr'><strong>loco</strong></span> <span class='ocrx_word' id='word_1_532' title='bbox 2294 4388 2354 4426; x_wconf 89' lang='lat' dir='ltr'><strong>se</strong></span> <span class='ocrx_word' id='word_1_533' title='bbox 2386 4388 2510 4427; x_wconf 89' lang='lat' dir='ltr'><strong>cum</strong></span> <span class='ocrx_word' id='word_1_534' title='bbox 2539 4375 2658 4427; x_wconf 87' lang='lat' dir='ltr'><strong>suis</strong></span> <span class='ocrx_word' id='word_1_535' title='bbox 2687 4382 3001 4428; x_wconf 86' lang='lat' dir='ltr'><strong>sustentare</strong></span> <span class='ocrx_word' id='word_1_536' title='bbox 3041 4384 3250 4442; x_wconf 87' lang='lat' dir='ltr'><strong>posset.</strong></span> <span class='ocrx_word' id='word_1_537' title='bbox 3291 4374 3554 4428; x_wconf 81' lang='lat' dir='ltr'><strong>Aladines</strong></span> <span class='ocrx_word' id='word_1_538' title='bbox 3598 4373 3729 4429; x_wconf 72' lang='lat' dir='ltr'><strong>huic</strong></span> 
     </span>
    </p>
   </div>
   <div class='ocr_carea' id='block_1_79' title="bbox 2146 4467 3726 4538">
    <p class='ocr_par' dir='ltr' id='par_1_79' title="bbox 2146 4467 3726 4538">
     <span class='ocr_line' id='line_1_79' title="bbox 2146 4467 3726 4538; baseline 0 -18"><span class='ocrx_word' id='word_1_539' title='bbox 2146 4467 2428 4537; x_wconf 91' lang='lat' dir='ltr'><strong>postulato</strong></span> <span class='ocrx_word' id='word_1_540' title='bbox 2483 4467 2682 4522; x_wconf 92' lang='lat' dir='ltr'><strong>lubens</strong></span> <span class='ocrx_word' id='word_1_541' title='bbox 2738 4467 3059 4532; x_wconf 87' lang='lat' dir='ltr'><strong>assentitur,</strong></span> <span class='ocrx_word' id='word_1_542' title='bbox 3102 4472 3292 4537; x_wconf 88' lang='lat' dir='ltr'><strong>eisque</strong></span> <span class='ocrx_word' id='word_1_543' title='bbox 3324 4467 3603 4538; x_wconf 88' lang='lat' dir='ltr'><strong>regionem</strong></span> <span class='ocrx_word' id='word_1_544' title='bbox 3643 4476 3726 4520; x_wconf 88' lang='lat' dir='ltr'><strong>at-</strong></span> 
     </span>
    </p>
   </div>
   <div class='ocr_carea' id='block_1_80' title="bbox 2147 4557 3735 4628">
    <p class='ocr_par' dir='ltr' id='par_1_80' title="bbox 2147 4557 3735 4628">
     <span class='ocr_line' id='line_1_80' title="bbox 2147 4557 3735 4628; baseline 0 -18"><span class='ocrx_word' id='word_1_545' title='bbox 2147 4557 2362 4622; x_wconf 78' lang='lat' dir='ltr'><strong>tribuit,</strong></span> <span class='ocrx_word' id='word_1_546' title='bbox 2414 4567 2522 4612; x_wconf 87' lang='lat' dir='ltr'><strong>tam</strong></span> <span class='ocrx_word' id='word_1_547' title='bbox 2575 4559 2800 4622; x_wconf 64' lang='lat' dir='ltr'><strong>aestivis,</strong></span> <span class='ocrx_word' id='word_1_548' title='bbox 2835 4574 3000 4627; x_wconf 88' lang='lat' dir='ltr'><strong>quam</strong></span> <span class='ocrx_word' id='word_1_549' title='bbox 3029 4558 3276 4612; x_wconf 89' lang='lat' dir='ltr'><strong>hibernis</strong></span> <span class='ocrx_word' id='word_1_550' title='bbox 3310 4569 3494 4628; x_wconf 86' lang='lat' dir='ltr'><strong>aptam</strong></span> <span class='ocrx_word' id='word_1_551' title='bbox 3526 4557 3735 4611; x_wconf 55' lang='lat' dir='ltr'><strong>mensi-</strong></span> 
     </span>
    </p>
   </div>
   <div class='ocr_carea' id='block_1_81' title="bbox 2145 4647 3718 4717">
    <p class='ocr_par' dir='ltr' id='par_1_81' title="bbox 2145 4647 3718 4717">
     <span class='ocr_line' id='line_1_81' title="bbox 2145 4647 3718 4717; baseline -0.001 -15"><span class='ocrx_word' id='word_1_552' title='bbox 2145 4647 2274 4703; x_wconf 88' lang='lat' dir='ltr'><strong>bus.</strong></span> <span class='ocrx_word' id='word_1_553' title='bbox 2305 4647 2363 4702; x_wconf 89' lang='lat' dir='ltr'><strong>id</strong></span> <span class='ocrx_word' id='word_1_554' title='bbox 2393 4649 2654 4717; x_wconf 79' lang='lat' dir='ltr'><strong>temporis</strong></span> <span class='ocrx_word' id='word_1_555' title='bbox 2683 4649 2835 4701; x_wconf 89' lang='lat' dir='ltr'><strong>natio</strong></span> <span class='ocrx_word' id='word_1_556' title='bbox 2861 4649 3110 4717; x_wconf 63' lang='lat' dir='ltr'><strong>quaedam</strong></span> <span class='ocrx_word' id='word_1_557' title='bbox 3143 4650 3409 4703; x_wconf 84' lang='lat' dir='ltr'><strong>adversus</strong></span> <span class='ocrx_word' id='word_1_558' title='bbox 3439 4648 3718 4704; x_wconf 88' lang='lat' dir='ltr'><strong>sultauum</strong></span> 
     </span>
    </p>
   </div>
   <div class='ocr_carea' id='block_1_82' title="bbox 2144 4741 3730 4811">
    <p class='ocr_par' dir='ltr' id='par_1_82' title="bbox 2144 4741 3730 4811">
     <span class='ocr_line' id='line_1_82' title="bbox 2144 4741 3730 4811; baseline 0 -17"><span class='ocrx_word' id='word_1_559' title='bbox 2144 4741 2431 4794; x_wconf 80' lang='lat' dir='ltr'><strong>Aladineut</strong></span> <span class='ocrx_word' id='word_1_560' title='bbox 2466 4757 2617 4794; x_wconf 88' lang='lat' dir='ltr'><strong>arma</strong></span> <span class='ocrx_word' id='word_1_561' title='bbox 2656 4742 2841 4796; x_wconf 86' lang='lat' dir='ltr'><strong>subito</strong></span> <span class='ocrx_word' id='word_1_562' title='bbox 2882 4753 3151 4806; x_wconf 87' lang='lat' dir='ltr'><strong>moverat,</strong></span> <span class='ocrx_word' id='word_1_563' title='bbox 3187 4751 3382 4795; x_wconf 90' lang='lat' dir='ltr'><strong>contra</strong></span> <span class='ocrx_word' id='word_1_564' title='bbox 3419 4757 3558 4811; x_wconf 90' lang='lat' dir='ltr'><strong>quos</strong></span> <span class='ocrx_word' id='word_1_565' title='bbox 3601 4742 3730 4794; x_wconf 90' lang='lat' dir='ltr'><strong>dum</strong></span> 
     </span>
    </p>
   </div>
   <div class='ocr_carea' id='block_1_83' title="bbox 2147 4833 3732 4902">
    <p class='ocr_par' dir='ltr' id='par_1_83' title="bbox 2147 4833 3732 4902">
     <span class='ocr_line' id='line_1_83' title="bbox 2147 4833 3732 4902; baseline -0.001 -13"><span class='ocrx_word' id='word_1_566' title='bbox 2147 4833 2265 4889; x_wconf 90' lang='lat' dir='ltr'><strong>suis</strong></span> <span class='ocrx_word' id='word_1_567' title='bbox 2297 4833 2581 4888; x_wconf 84' lang='lat' dir='ltr'><strong>instructis</strong></span> <span class='ocrx_word' id='word_1_568' title='bbox 2611 4833 2701 4888; x_wconf 90' lang='lat' dir='ltr'><strong>ille</strong></span> <span class='ocrx_word' id='word_1_569' title='bbox 2744 4834 3130 4902; x_wconf 80' lang='lat' dir='ltr'><strong>proficiscitur,</strong></span> <span class='ocrx_word' id='word_1_570' title='bbox 3195 4833 3401 4889; x_wconf 89' lang='lat' dir='ltr'><strong>interea</strong></span> <span class='ocrx_word' id='word_1_571' title='bbox 3435 4834 3732 4888; x_wconf 83' lang='lat' dir='ltr'><strong>Ertucules</strong></span> 
     </span>
    </p>
   </div>
   <div class='ocr_carea' id='block_1_84' title="bbox 2147 4923 3735 4994">
    <p class='ocr_par' dir='ltr' id='par_1_84' title="bbox 2147 4923 3735 4994">
     <span class='ocr_line' id='line_1_84' title="bbox 2147 4923 3735 4994; baseline 0 -15"><span class='ocrx_word' id='word_1_572' title='bbox 2147 4940 2271 4979; x_wconf 90' lang='lat' dir='ltr'><strong>cum</strong></span> <span class='ocrx_word' id='word_1_573' title='bbox 2333 4925 2480 4987; x_wconf 78' lang='lat' dir='ltr'><strong>filiis,</strong></span> <span class='ocrx_word' id='word_1_574' title='bbox 2537 4925 2778 4994; x_wconf 83' lang='lat' dir='ltr'><strong>Sarigati</strong></span> <span class='ocrx_word' id='word_1_575' title='bbox 2817 4937 2872 4978; x_wconf 92' lang='lat' dir='ltr'><strong>et</strong></span> <span class='ocrx_word' id='word_1_576' title='bbox 2903 4923 3166 4990; x_wconf 87' lang='lat' dir='ltr'><strong>Ostnaue,</strong></span> <span class='ocrx_word' id='word_1_577' title='bbox 3224 4939 3418 4980; x_wconf 82' lang='lat' dir='ltr'><strong>versus</strong></span> <span class='ocrx_word' id='word_1_578' title='bbox 3469 4925 3735 4992; x_wconf 85' lang='lat' dir='ltr'><strong>Euguritu</strong></span> 
     </span>
    </p>
   </div>
   <div class='ocr_carea' id='block_1_85' title="bbox 2149 5013 3738 5087">
    <p class='ocr_par' dir='ltr' id='par_1_85' title="bbox 2149 5013 3738 5087">
     <span class='ocr_line' id='line_1_85' title="bbox 2149 5013 3738 5087; baseline 0 -15"><span class='ocrx_word' id='word_1_579' title='bbox 2149 5033 2272 5072; x_wconf 88' lang='lat' dir='ltr'><strong>sese</strong></span> <span class='ocrx_word' id='word_1_580' title='bbox 2303 5016 2516 5072; x_wconf 80' lang='lat' dir='ltr'><strong>confert</strong></span> <span class='ocrx_word' id='word_1_581' title='bbox 2563 5032 2787 5085; x_wconf 84' lang='lat' dir='ltr'><strong>:eoque</strong></span> <span class='ocrx_word' id='word_1_582' title='bbox 2832 5017 2954 5071; x_wconf 91' lang='lat' dir='ltr'><strong>loco</strong></span> <span class='ocrx_word' id='word_1_583' title='bbox 3008 5017 3113 5072; x_wconf 88' lang='lat' dir='ltr'><strong>sibi</strong></span> <span class='ocrx_word' id='word_1_584' title='bbox 3161 5013 3386 5087; x_wconf 86' lang='lat' dir='ltr'><strong>suisque</strong></span> <span class='ocrx_word' id='word_1_585' title='bbox 3434 5021 3738 5072; x_wconf 70' lang='lat' dir='ltr'><strong>constituta</strong></span> 
     </span>
    </p>
   </div>
   <div class='ocr_carea' id='block_1_86' title="bbox 2149 5109 3743 5180">
    <p class='ocr_par' dir='ltr' id='par_1_86' title="bbox 2149 5109 3743 5180">
     <span class='ocr_line' id='line_1_86' title="bbox 2149 5109 3743 5180; baseline -0.001 -15"><span class='ocrx_word' id='word_1_586' title='bbox 2149 5111 2276 5165; x_wconf 90' lang='lat' dir='ltr'><strong>sede</strong></span> <span class='ocrx_word' id='word_1_587' title='bbox 2313 5112 2548 5178; x_wconf 86' lang='lat' dir='ltr'><strong>quadam</strong></span> <span class='ocrx_word' id='word_1_588' title='bbox 2589 5126 2655 5165; x_wconf 89' lang='lat' dir='ltr'><strong>ae</strong></span> <span class='ocrx_word' id='word_1_589' title='bbox 2681 5111 2990 5173; x_wconf 87' lang='lat' dir='ltr'><strong>domicilio.</strong></span> <span class='ocrx_word' id='word_1_590' title='bbox 3057 5109 3321 5165; x_wconf 79' lang='lat' dir='ltr'><strong>finitimos</strong></span> <span class='ocrx_word' id='word_1_591' title='bbox 3345 5109 3567 5165; x_wconf 61' lang='lat' dir='ltr'><strong>Graecos</strong></span> <span class='ocrx_word' id='word_1_592' title='bbox 3615 5127 3743 5180; x_wconf 87' lang='lat' dir='ltr'><strong>per-</strong></span> 
     </span>
    </p>
   </div>
   <div class='ocr_carea' id='block_1_87' title="bbox 2153 5201 3744 5271">
    <p class='ocr_par' dir='ltr' id='par_1_87' title="bbox 2153 5201 3744 5271">
     <span class='ocr_line' id='line_1_87' title="bbox 2153 5201 3744 5271; baseline -0.001 -14"><span class='ocrx_word' id='word_1_593' title='bbox 2153 5202 2332 5271; x_wconf 88' lang='lat' dir='ltr'><strong>petuis</strong></span> <span class='ocrx_word' id='word_1_594' title='bbox 2386 5203 2812 5256; x_wconf 77' lang='lat' dir='ltr'><strong>excursiOnibus</strong></span> <span class='ocrx_word' id='word_1_595' title='bbox 2856 5211 2911 5256; x_wconf 89' lang='lat' dir='ltr'><strong>et</strong></span> <span class='ocrx_word' id='word_1_596' title='bbox 2945 5203 3149 5271; x_wconf 88' lang='lat' dir='ltr'><strong>rapinis</strong></span> <span class='ocrx_word' id='word_1_597' title='bbox 3181 5201 3442 5256; x_wconf 89' lang='lat' dir='ltr'><strong>infestare</strong></span> <span class='ocrx_word' id='word_1_598' title='bbox 3487 5219 3596 5256; x_wconf 92' lang='lat' dir='ltr'><strong>non</strong></span> <span class='ocrx_word' id='word_1_599' title='bbox 3639 5204 3744 5256; x_wconf 88' lang='lat' dir='ltr'><strong>de-</strong></span> 
     </span>
    </p>
   </div>
   <div class='ocr_carea' id='block_1_88' title="bbox 2151 5295 3741 5357">
    <p class='ocr_par' dir='ltr' id='par_1_88' title="bbox 2151 5295 3741 5357">
     <span class='ocr_line' id='line_1_88' title="bbox 2151 5295 3741 5357; baseline 0 -7"><span class='ocrx_word' id='word_1_600' title='bbox 2151 5295 2262 5350; x_wconf 88' lang='lat' dir='ltr'><strong>siit.</strong></span> <span class='ocrx_word' id='word_1_601' title='bbox 2315 5295 2560 5350; x_wconf 88' lang='lat' dir='ltr'><strong>Tandem</strong></span> <span class='ocrx_word' id='word_1_602' title='bbox 2604 5295 2768 5350; x_wconf 87' lang='lat' dir='ltr'><strong>rebus</strong></span> <span class='ocrx_word' id='word_1_603' title='bbox 2817 5297 3076 5350; x_wconf 87' lang='lat' dir='ltr'><strong>humanis</strong></span> <span class='ocrx_word' id='word_1_604' title='bbox 3133 5295 3423 5351; x_wconf 78' lang='lat' dir='ltr'><strong>Ertucules</strong></span> <span class='ocrx_word' id='word_1_605' title='bbox 3473 5297 3741 5357; x_wconf 77' lang='lat' dir='ltr'><strong>excessit.</strong></span> 
     </span>
    </p>
   </div>
   <div class='ocr_carea' id='block_1_89' title="bbox 2153 5386 3740 5456">
    <p class='ocr_par' dir='ltr' id='par_1_89' title="bbox 2153 5386 3740 5456">
     <span class='ocr_line' id='line_1_89' title="bbox 2153 5386 3740 5456; baseline 0.003 -18"><span class='ocrx_word' id='word_1_606' title='bbox 2153 5402 2278 5440; x_wconf 89' lang='lat' dir='ltr'><strong>cum</strong></span> <span class='ocrx_word' id='word_1_607' title='bbox 2312 5388 2430 5441; x_wconf 86' lang='lat' dir='ltr'><strong>suis</strong></span> <span class='ocrx_word' id='word_1_608' title='bbox 2469 5387 2535 5440; x_wconf 86' lang='lat' dir='ltr'><strong>ad</strong></span> <span class='ocrx_word' id='word_1_609' title='bbox 2572 5386 2642 5441; x_wconf 74' lang='lat'><strong>52</strong></span> <span class='ocrx_word' id='word_1_610' title='bbox 2675 5403 2850 5441; x_wconf 86' lang='lat' dir='ltr'><strong>annos</strong></span> <span class='ocrx_word' id='word_1_611' title='bbox 2889 5388 3205 5456; x_wconf 75' lang='lat' dir='ltr'><strong>przefuisset</strong></span> <span class='ocrx_word' id='word_1_612' title='bbox 3255 5404 3270 5443; x_wconf 88' lang='lat'><strong>:</strong></span> <span class='ocrx_word' id='word_1_613' title='bbox 3304 5400 3555 5442; x_wconf 88' lang='lat' dir='ltr'><strong>tnortuns</strong></span> <span class='ocrx_word' id='word_1_614' title='bbox 3588 5406 3740 5442; x_wconf 85' lang='lat' dir='ltr'><strong>anno</strong></span> 
     </span>
    </p>
   </div>
   <div class='ocr_carea' id='block_1_90' title="bbox 2151 5476 3324 5548">
    <p class='ocr_par' dir='ltr' id='par_1_90' title="bbox 2151 5476 3324 5548">
     <span class='ocr_line' id='line_1_90' title="bbox 2151 5476 3324 5548; baseline 0.004 -19"><span class='ocrx_word' id='word_1_615' title='bbox 2151 5476 2571 5531; x_wconf 81' lang='lat' dir='ltr'><strong>Machumetauo</strong></span> <span class='ocrx_word' id='word_1_616' title='bbox 2608 5478 2711 5532; x_wconf 84' lang='lat'><strong>687</strong></span> <span class='ocrx_word' id='word_1_617' title='bbox 2759 5479 3102 5548; x_wconf 87' lang='lat' dir='ltr'><strong>(Christiano</strong></span> <span class='ocrx_word' id='word_1_618' title='bbox 3140 5480 3324 5547; x_wconf 64' lang='lat' dir='ltr'><strong>P289).</strong></span> 
     </span>
    </p>
   </div>
   <div class='ocr_carea' id='block_1_91' title="bbox 2577 5569 3268 5626">
    <p class='ocr_par' dir='ltr' id='par_1_91' title="bbox 2577 5569 3268 5626">
     <span class='ocr_line' id='line_1_91' title="bbox 2577 5569 3268 5626; baseline 0.004 -4"><span class='ocrx_word' id='word_1_619' title='bbox 2577 5569 2650 5622; x_wconf 86' lang='lat' dir='ltr'><strong>De</strong></span> <span class='ocrx_word' id='word_1_620' title='bbox 2681 5570 2933 5625; x_wconf 79' lang='lat' dir='ltr'><strong>Osmanis</strong></span> <span class='ocrx_word' id='word_1_621' title='bbox 2960 5573 3268 5626; x_wconf 81' lang='lat' dir='ltr'><strong>nativitate.</strong></span> 
     </span>
    </p>
   </div>
   <div class='ocr_carea' id='block_1_92' title="bbox 448 5655 3743 5733">
    <p class='ocr_par' dir='ltr' id='par_1_92' title="bbox 448 5655 3743 5733">
     <span class='ocr_line' id='line_1_92' title="bbox 448 5655 3743 5733; baseline -0.002 -21"><span class='ocrx_word' id='word_1_622' title='bbox 448 5673 586 5726; x_wconf 57' lang='lat' dir='ltr'><strong>mter</strong></span> <span class='ocrx_word' id='word_1_623' title='bbox 615 5660 805 5711; x_wconf 72' lang='lat' dir='ltr'><strong>relicta</strong></span> <span class='ocrx_word' id='word_1_624' title='bbox 844 5657 1076 5711; x_wconf 81' lang='lat' dir='ltr'><strong>Parthia</strong></span> <span class='ocrx_word' id='word_1_625' title='bbox 1122 5655 1413 5724; x_wconf 83' lang='lat' dir='ltr'><strong>Erzingant</strong></span> <span class='ocrx_word' id='word_1_626' title='bbox 1444 5670 1564 5709; x_wconf 86' lang='lat' dir='ltr'><strong>esse</strong></span> <span class='ocrx_word' id='word_1_627' title='bbox 1593 5655 1828 5708; x_wconf 83' lang='lat' dir='ltr'><strong>contulit</strong></span> <span class='ocrx_word' id='word_1_628' title='bbox 1864 5661 2051 5709; x_wconf 88' lang='lat' dir='ltr'><strong>:uude</strong></span> <span class='ocrx_word' id='word_1_629' title='bbox 2085 5658 2130 5714; x_wconf 77' lang='grc' dir='ltr'><strong>ι)</strong></span> <span class='ocrx_word' id='word_1_630' title='bbox 2225 5664 2439 5718; x_wconf 65' lang='lat' dir='ltr'><strong>Accidit</strong></span> <span class='ocrx_word' id='word_1_631' title='bbox 2488 5663 2808 5733; x_wconf 65' lang='lat' dir='ltr'><strong>aliquando,</strong></span> <span class='ocrx_word' id='word_1_632' title='bbox 2855 5675 2914 5719; x_wconf 77' lang='grc' dir='ltr'><strong>ιιι</strong></span> <span class='ocrx_word' id='word_1_633' title='bbox 2949 5665 3128 5722; x_wconf 67' lang='lat' dir='ltr'><strong>fessus</strong></span> <span class='ocrx_word' id='word_1_634' title='bbox 3164 5667 3454 5724; x_wconf 68' lang='grc' dir='ltr'><strong>Ετιυουιοε</strong></span> <span class='ocrx_word' id='word_1_635' title='bbox 3501 5669 3743 5724; x_wconf 50' lang='lat' dir='ltr'><strong>interdiu</strong></span> 
     </span>
    </p>
   </div>
   <div class='ocr_carea' id='block_1_93' title="bbox 461 5747 2048 5818">
    <p class='ocr_par' dir='ltr' id='par_1_93' title="bbox 461 5747 2048 5818">
     <span class='ocr_line' id='line_1_93' title="bbox 461 5747 2048 5818; baseline -0.002 -15"><span class='ocrx_word' id='word_1_636' title='bbox 461 5768 520 5803; x_wconf 80' lang='lat' dir='ltr'><strong>tu</strong></span> <span class='ocrx_word' id='word_1_637' title='bbox 555 5747 884 5802; x_wconf 79' lang='lat' dir='ltr'><strong>Romaniam</strong></span> <span class='ocrx_word' id='word_1_638' title='bbox 919 5759 1238 5818; x_wconf 86' lang='lat' dir='ltr'><strong>penetrans,</strong></span> <span class='ocrx_word' id='word_1_639' title='bbox 1265 5747 1540 5801; x_wconf 83' lang='lat' dir='ltr'><strong>Amasiam</strong></span> <span class='ocrx_word' id='word_1_640' title='bbox 1581 5748 1851 5814; x_wconf 78' lang='lat' dir='ltr'><strong>pervenit,</strong></span> <span class='ocrx_word' id='word_1_641' title='bbox 1902 5748 2048 5800; x_wconf 82' lang='lat' dir='ltr'><strong>Inul-</strong></span> 
     </span>
    </p>
   </div>
   <div class='ocr_carea' id='block_1_94' title="bbox 469 5841 2047 5914">
    <p class='ocr_par' dir='ltr' id='par_1_94' title="bbox 469 5841 2047 5914">
     <span class='ocr_line' id='line_1_94' title="bbox 469 5841 2047 5914; baseline 0.001 -17"><span class='ocrx_word' id='word_1_642' title='bbox 469 5846 537 5900; x_wconf 74' lang='lat' dir='ltr'><strong>tis</strong></span> <span class='ocrx_word' id='word_1_643' title='bbox 565 5854 624 5898; x_wconf 90' lang='lat' dir='ltr'><strong>et</strong></span> <span class='ocrx_word' id='word_1_644' title='bbox 652 5841 1020 5912; x_wconf 74' lang='lat' dir='ltr'><strong>tnagniprctii</strong></span> <span class='ocrx_word' id='word_1_645' title='bbox 1056 5845 1262 5912; x_wconf 85' lang='lat' dir='ltr'><strong>potitus</strong></span> <span class='ocrx_word' id='word_1_646' title='bbox 1294 5841 1503 5914; x_wconf 78' lang='lat' dir='ltr'><strong>Spoiiis.</strong></span> <span class='ocrx_word' id='word_1_647' title='bbox 1533 5843 1816 5898; x_wconf 76' lang='lat' dir='ltr'><strong>Conversa</strong></span> <span class='ocrx_word' id='word_1_648' title='bbox 1848 5841 2047 5898; x_wconf 83' lang='lat' dir='ltr'><strong>deinde</strong></span> 
     </span>
    </p>
   </div>
   <div class='ocr_carea' id='block_1_95' title="bbox 2159 5756 3743 5828">
    <p class='ocr_par' dir='ltr' id='par_1_95' title="bbox 2159 5756 3743 5828">
     <span class='ocr_line' id='line_1_95' title="bbox 2159 5756 3743 5828; baseline 0.002 -17"><span class='ocrx_word' id='word_1_649' title='bbox 2159 5767 2332 5811; x_wconf 89' lang='lat' dir='ltr'><strong>semet</strong></span> <span class='ocrx_word' id='word_1_650' title='bbox 2373 5756 2442 5810; x_wconf 85' lang='lat' dir='ltr'><strong>ad</strong></span> <span class='ocrx_word' id='word_1_651' title='bbox 2498 5758 2740 5825; x_wconf 88' lang='lat' dir='ltr'><strong>quietem</strong></span> <span class='ocrx_word' id='word_1_652' title='bbox 2783 5770 3157 5828; x_wconf 76' lang='lat' dir='ltr'><strong>componeret.</strong></span> <span class='ocrx_word' id='word_1_653' title='bbox 3218 5761 3292 5814; x_wconf 88' lang='lat' dir='ltr'><strong>ibi</strong></span> <span class='ocrx_word' id='word_1_654' title='bbox 3336 5772 3452 5816; x_wconf 85' lang='lat' dir='ltr'><strong>tum</strong></span> <span class='ocrx_word' id='word_1_655' title='bbox 3501 5765 3550 5816; x_wconf 85' lang='lat' dir='ltr'><strong>ei</strong></span> <span class='ocrx_word' id='word_1_656' title='bbox 3592 5776 3743 5816; x_wconf 83' lang='lat' dir='ltr'><strong>som-</strong></span> 
     </span>
    </p>
   </div>
   <div class='ocr_carea' id='block_1_96' title="bbox 2159 5851 3740 5923">
    <p class='ocr_par' dir='ltr' id='par_1_96' title="bbox 2159 5851 3740 5923">
     <span class='ocr_line' id='line_1_96' title="bbox 2159 5851 3740 5923; baseline 0.002 -17"><span class='ocrx_word' id='word_1_657' title='bbox 2159 5851 2313 5906; x_wconf 80' lang='lat' dir='ltr'><strong>nium</strong></span> <span class='ocrx_word' id='word_1_658' title='bbox 2353 5865 2416 5907; x_wconf 85' lang='lat' dir='ltr'><strong>se</strong></span> <span class='ocrx_word' id='word_1_659' title='bbox 2454 5852 2726 5921; x_wconf 81' lang='lat' dir='ltr'><strong>quoddam</strong></span> <span class='ocrx_word' id='word_1_660' title='bbox 2773 5853 2991 5921; x_wconf 85' lang='lat' dir='ltr'><strong>obtulit,</strong></span> <span class='ocrx_word' id='word_1_661' title='bbox 3025 5869 3134 5922; x_wconf 89' lang='lat' dir='ltr'><strong>quo</strong></span> <span class='ocrx_word' id='word_1_662' title='bbox 3191 5856 3306 5908; x_wconf 79' lang='lat' dir='ltr'><strong>viso</strong></span> <span class='ocrx_word' id='word_1_663' title='bbox 3350 5857 3449 5909; x_wconf 82' lang='lat' dir='ltr'><strong>fuit</strong></span> <span class='ocrx_word' id='word_1_664' title='bbox 3483 5870 3740 5923; x_wconf 74' lang='lat' dir='ltr'><strong>experre-</strong></span> 
     </span>
    </p>
   </div>
  </div>
