  <div class='ocr_page' id='page_1' title='image "/cluster/home/n/w/nwhite01/storage/ocr_20150623/159/coo.31924054870641/298.png"; bbox 0 0 4126 6440; ppageno 0'>
   <div class='ocr_carea' id='block_1_1' title="bbox 465 365 573 426">
    <p class='ocr_par' dir='ltr' id='par_1_1' title="bbox 465 365 573 426">
     <span class='ocr_line' id='line_1_1' title="bbox 465 365 573 426; baseline 0 -1"><span class='ocrx_word' id='word_1_1' title='bbox 465 365 573 426; x_wconf 80' lang='grc'><strong>581</strong></span> 
     </span>
    </p>
   </div>
   <div class='ocr_carea' id='block_1_2' title="bbox 1725 354 2438 420">
    <p class='ocr_par' dir='ltr' id='par_1_2' title="bbox 1725 354 2438 420">
     <span class='ocr_line' id='line_1_2' title="bbox 1725 354 2438 420; baseline 0.004 -3"><span class='ocrx_word' id='word_1_2' title='bbox 1725 357 2072 418; x_wconf 76' lang='lat' dir='ltr'><strong>ANNALES</strong></span> <span class='ocrx_word' id='word_1_3' title='bbox 2111 354 2438 420; x_wconf 78' lang='lat' dir='ltr'><strong>TURCICl.</strong></span> 
     </span>
    </p>
   </div>
   <div class='ocr_carea' id='block_1_3' title="bbox 3594 357 3702 420">
    <p class='ocr_par' dir='ltr' id='par_1_3' title="bbox 3594 357 3702 420">
     <span class='ocr_line' id='line_1_3' title="bbox 3594 357 3702 420; baseline 0 -2"><span class='ocrx_word' id='word_1_4' title='bbox 3594 357 3702 420; x_wconf 72' lang='lat'><strong>582</strong></span> 
     </span>
    </p>
   </div>
   <div class='ocr_carea' id='block_1_4' title="bbox 463 469 3696 544">
    <p class='ocr_par' dir='ltr' id='par_1_4' title="bbox 463 469 3696 544">
     <span class='ocr_line' id='line_1_4' title="bbox 463 469 3696 544; baseline -0.001 -15"><span class='ocrx_word' id='word_1_5' title='bbox 463 489 612 529; x_wconf 74' lang='lat' dir='ltr'><strong>eius.</strong></span> <span class='ocrx_word' id='word_1_6' title='bbox 645 473 927 527; x_wconf 51' lang='lat' dir='ltr'><strong>Monbine</strong></span> <span class='ocrx_word' id='word_1_7' title='bbox 961 481 1015 526; x_wconf 89' lang='lat' dir='ltr'><strong>et</strong></span> <span class='ocrx_word' id='word_1_8' title='bbox 1059 473 1183 526; x_wconf 90' lang='lat' dir='ltr'><strong>inde</strong></span> <span class='ocrx_word' id='word_1_9' title='bbox 1225 489 1339 528; x_wconf 86' lang='lat' dir='ltr'><strong>rem</strong></span> <span class='ocrx_word' id='word_1_10' title='bbox 1377 473 1778 544; x_wconf 89' lang='lat' dir='ltr'><strong>cogitabundus</strong></span> <span class='ocrx_word' id='word_1_11' title='bbox 1827 490 2034 544; x_wconf 85' lang='lat' dir='ltr'><strong>expen-</strong></span> <span class='ocrx_word' id='word_1_12' title='bbox 2064 481 2110 538; x_wconf 74' lang='grc' dir='ltr'>Α</span> <span class='ocrx_word' id='word_1_13' title='bbox 2139 472 2447 528; x_wconf 72' lang='lat' dir='ltr'><strong>includunt.</strong></span> <span class='ocrx_word' id='word_1_14' title='bbox 2475 469 2623 536; x_wconf 84' lang='lat' dir='ltr'><strong>Quos</strong></span> <span class='ocrx_word' id='word_1_15' title='bbox 2667 486 2694 525; x_wconf 92' lang='lat' dir='ltr'><strong>a</strong></span> <span class='ocrx_word' id='word_1_16' title='bbox 2730 478 2879 541; x_wconf 81' lang='lat' dir='ltr'><strong>tergo</strong></span> <span class='ocrx_word' id='word_1_17' title='bbox 2919 485 3042 526; x_wconf 91' lang='lat' dir='ltr'><strong>cum</strong></span> <span class='ocrx_word' id='word_1_18' title='bbox 3080 470 3216 524; x_wconf 87' lang='lat' dir='ltr'><strong>&#39;suis</strong></span> <span class='ocrx_word' id='word_1_19' title='bbox 3267 471 3543 525; x_wconf 86' lang='lat' dir='ltr'><strong>insecutus</strong></span> <span class='ocrx_word' id='word_1_20' title='bbox 3585 473 3696 526; x_wconf 78' lang='lat' dir='ltr'><strong>Os-</strong></span> 
     </span>
    </p>
   </div>
   <div class='ocr_carea' id='block_1_5' title="bbox 465 565 2039 633">
    <p class='ocr_par' dir='ltr' id='par_1_5' title="bbox 465 565 2039 633">
     <span class='ocr_line' id='line_1_5' title="bbox 465 565 2039 633; baseline -0.001 -13"><span class='ocrx_word' id='word_1_21' title='bbox 465 567 625 628; x_wconf 85' lang='lat' dir='ltr'><strong>dens,</strong></span> <span class='ocrx_word' id='word_1_22' title='bbox 658 581 860 633; x_wconf 88' lang='lat' dir='ltr'><strong>corpus</strong></span> <span class='ocrx_word' id='word_1_23' title='bbox 893 565 1084 628; x_wconf 91' lang='lat' dir='ltr'><strong>abluit,</strong></span> <span class='ocrx_word' id='word_1_24' title='bbox 1127 581 1314 632; x_wconf 88' lang='lat' dir='ltr'><strong>preces</strong></span> <span class='ocrx_word' id='word_1_25' title='bbox 1359 581 1488 619; x_wconf 89' lang='lat' dir='ltr'><strong>suas</strong></span> <span class='ocrx_word' id='word_1_26' title='bbox 1533 567 1788 629; x_wconf 76' lang='lat' dir='ltr'><strong>absolvit,</strong></span> <span class='ocrx_word' id='word_1_27' title='bbox 1826 565 2039 618; x_wconf 88' lang='lat' dir='ltr'><strong>habitu—</strong></span> 
     </span>
    </p>
   </div>
   <div class='ocr_carea' id='block_1_6' title="bbox 470 656 2035 725">
    <p class='ocr_par' dir='ltr' id='par_1_6' title="bbox 470 656 2035 725">
     <span class='ocr_line' id='line_1_6' title="bbox 470 656 2035 725; baseline -0.001 -14"><span class='ocrx_word' id='word_1_28' title='bbox 470 676 576 725; x_wconf 79' lang='lat' dir='ltr'><strong>que</strong></span> <span class='ocrx_word' id='word_1_29' title='bbox 623 665 831 710; x_wconf 85' lang='lat' dir='ltr'><strong>tnutato</strong></span> <span class='ocrx_word' id='word_1_30' title='bbox 860 657 1088 709; x_wconf 84' lang='lat' dir='ltr'><strong>Coniam</strong></span> <span class='ocrx_word' id='word_1_31' title='bbox 1135 660 1435 725; x_wconf 81' lang='lat' dir='ltr'><strong>prolectus,</strong></span> <span class='ocrx_word' id='word_1_32' title='bbox 1481 658 1666 710; x_wconf 83' lang='lat' dir='ltr'><strong>urbem</strong></span> <span class='ocrx_word' id='word_1_33' title='bbox 1716 656 2035 724; x_wconf 68' lang='lat' dir='ltr'><strong>ingreditur.</strong></span> 
     </span>
    </p>
   </div>
   <div class='ocr_carea' id='block_1_7' title="bbox 473 748 2038 820">
    <p class='ocr_par' dir='ltr' id='par_1_7' title="bbox 473 748 2038 820">
     <span class='ocr_line' id='line_1_7' title="bbox 473 748 2038 820; baseline -0.004 -16"><span class='ocrx_word' id='word_1_34' title='bbox 473 750 678 820; x_wconf 79' lang='lat' dir='ltr'><strong>Agebat</strong></span> <span class='ocrx_word' id='word_1_35' title='bbox 709 748 835 803; x_wconf 83' lang='lat' dir='ltr'><strong>istic</strong></span> <span class='ocrx_word' id='word_1_36' title='bbox 869 749 952 799; x_wconf 92' lang='lat' dir='ltr'><strong>vir</strong></span> <span class='ocrx_word' id='word_1_37' title='bbox 988 750 1334 802; x_wconf 74' lang='lat' dir='ltr'><strong>auctoritatis</strong></span> <span class='ocrx_word' id='word_1_38' title='bbox 1361 765 1428 802; x_wconf 75' lang='lat' dir='ltr'><strong>ex</strong></span> <span class='ocrx_word' id='word_1_39' title='bbox 1473 749 1722 808; x_wconf 72' lang='lat' dir='ltr'><strong>doctrina</strong></span> <span class='ocrx_word' id='word_1_40' title='bbox 1753 748 2038 809; x_wconf 69' lang='lat' dir='ltr'><strong>,maximaa,</strong></span> 
     </span>
    </p>
   </div>
   <div class='ocr_carea' id='block_1_8' title="bbox 477 840 2041 910">
    <p class='ocr_par' dir='ltr' id='par_1_8' title="bbox 477 840 2041 910">
     <span class='ocr_line' id='line_1_8' title="bbox 477 840 2041 910; baseline -0.003 -12"><span class='ocrx_word' id='word_1_41' title='bbox 477 845 560 898; x_wconf 87' lang='lat' dir='ltr'><strong>cui</strong></span> <span class='ocrx_word' id='word_1_42' title='bbox 589 858 786 896; x_wconf 88' lang='lat' dir='ltr'><strong>nomen</strong></span> <span class='ocrx_word' id='word_1_43' title='bbox 825 840 1116 904; x_wconf 87' lang='lat' dir='ltr'><strong>Edebales,</strong></span> <span class='ocrx_word' id='word_1_44' title='bbox 1153 856 1378 910; x_wconf 87' lang='lat' dir='ltr'><strong>operum</strong></span> <span class='ocrx_word' id='word_1_45' title='bbox 1412 843 1639 896; x_wconf 81' lang='lat' dir='ltr'><strong>effector</strong></span> <span class='ocrx_word' id='word_1_46' title='bbox 1666 851 1721 895; x_wconf 88' lang='lat' dir='ltr'><strong>et</strong></span> <span class='ocrx_word' id='word_1_47' title='bbox 1770 841 2041 910; x_wconf 80' lang='lat' dir='ltr'><strong>prodigio-</strong></span> 
     </span>
    </p>
   </div>
   <div class='ocr_carea' id='block_1_9' title="bbox 477 933 2040 1002">
    <p class='ocr_par' dir='ltr' id='par_1_9' title="bbox 477 933 2040 1002">
     <span class='ocr_line' id='line_1_9' title="bbox 477 933 2040 1002; baseline -0.003 -13"><span class='ocrx_word' id='word_1_48' title='bbox 477 951 594 989; x_wconf 90' lang='lat' dir='ltr'><strong>rum</strong></span> <span class='ocrx_word' id='word_1_49' title='bbox 643 933 1074 997; x_wconf 79' lang='lat' dir='ltr'><strong>admirabilium,</strong></span> <span class='ocrx_word' id='word_1_50' title='bbox 1128 933 1181 985; x_wconf 92' lang='lat' dir='ltr'><strong>in</strong></span> <span class='ocrx_word' id='word_1_51' title='bbox 1234 950 1391 1001; x_wconf 88' lang='lat' dir='ltr'><strong>quem</strong></span> <span class='ocrx_word' id='word_1_52' title='bbox 1435 933 1667 1002; x_wconf 87' lang='lat' dir='ltr'><strong>conjecti</strong></span> <span class='ocrx_word' id='word_1_53' title='bbox 1719 940 1874 986; x_wconf 86' lang='lat' dir='ltr'><strong>erant</strong></span> <span class='ocrx_word' id='word_1_54' title='bbox 1920 947 2040 985; x_wconf 85' lang='lat' dir='ltr'><strong>ont-</strong></span> 
     </span>
    </p>
   </div>
   <div class='ocr_carea' id='block_1_10' title="bbox 475 1022 2041 1092">
    <p class='ocr_par' dir='ltr' id='par_1_10' title="bbox 475 1022 2041 1092">
     <span class='ocr_line' id='line_1_10' title="bbox 475 1022 2041 1092; baseline -0.004 -12"><span class='ocrx_word' id='word_1_55' title='bbox 475 1028 622 1081; x_wconf 82' lang='lat' dir='ltr'><strong>nium</strong></span> <span class='ocrx_word' id='word_1_56' title='bbox 673 1025 842 1087; x_wconf 90' lang='lat' dir='ltr'><strong>oeuli,</strong></span> <span class='ocrx_word' id='word_1_57' title='bbox 878 1023 1026 1092; x_wconf 88' lang='lat' dir='ltr'><strong>qttod</strong></span> <span class='ocrx_word' id='word_1_58' title='bbox 1079 1039 1174 1077; x_wconf 89' lang='lat' dir='ltr'><strong>eos</strong></span> <span class='ocrx_word' id='word_1_59' title='bbox 1215 1025 1266 1076; x_wconf 92' lang='lat' dir='ltr'><strong>in</strong></span> <span class='ocrx_word' id='word_1_60' title='bbox 1314 1024 1430 1090; x_wconf 68' lang='lat' dir='ltr'><strong>lege</strong></span> <span class='ocrx_word' id='word_1_61' title='bbox 1464 1023 1848 1077; x_wconf 86' lang='lat' dir='ltr'><strong>Mahumetana</strong></span> <span class='ocrx_word' id='word_1_62' title='bbox 1885 1022 2041 1076; x_wconf 85' lang='lat' dir='ltr'><strong>iusti-</strong></span> 
     </span>
    </p>
   </div>
   <div class='ocr_carea' id='block_1_11' title="bbox 407 1114 2042 1185">
    <p class='ocr_par' dir='ltr' id='par_1_11' title="bbox 407 1114 2042 1185">
     <span class='ocr_line' id='line_1_11' title="bbox 407 1114 2042 1185; baseline -0.002 -15"><span class='ocrx_word' id='word_1_63' title='bbox 407 1149 414 1154; x_wconf 97' lang='lat'><strong>-</strong></span> <span class='ocrx_word' id='word_1_64' title='bbox 475 1127 673 1179; x_wconf 86' lang='lat' dir='ltr'><strong>tueret,</strong></span> <span class='ocrx_word' id='word_1_65' title='bbox 709 1131 771 1168; x_wconf 84' lang='lat' dir='ltr'><strong>ac</strong></span> <span class='ocrx_word' id='word_1_66' title='bbox 802 1114 1089 1168; x_wconf 85' lang='lat' dir='ltr'><strong>facultates</strong></span> <span class='ocrx_word' id='word_1_67' title='bbox 1116 1116 1443 1184; x_wconf 80' lang='lat' dir='ltr'><strong>caeteroquin</strong></span> <span class='ocrx_word' id='word_1_68' title='bbox 1466 1115 1844 1185; x_wconf 77' lang='lat' dir='ltr'><strong>‘antplissimas</strong></span> <span class='ocrx_word' id='word_1_69' title='bbox 1866 1115 2042 1183; x_wconf 88' lang='lat' dir='ltr'><strong>possi—</strong></span> 
     </span>
    </p>
   </div>
   <div class='ocr_carea' id='block_1_12' title="bbox 474 1207 2042 1276">
    <p class='ocr_par' dir='ltr' id='par_1_12' title="bbox 474 1207 2042 1276">
     <span class='ocr_line' id='line_1_12' title="bbox 474 1207 2042 1276; baseline -0.001 -15"><span class='ocrx_word' id='word_1_70' title='bbox 474 1211 646 1262; x_wconf 84' lang='lat' dir='ltr'><strong>deret.</strong></span> <span class='ocrx_word' id='word_1_71' title='bbox 680 1208 850 1261; x_wconf 88' lang='lat' dir='ltr'><strong>Etiam</strong></span> <span class='ocrx_word' id='word_1_72' title='bbox 884 1207 1135 1261; x_wconf 85' lang='lat' dir='ltr'><strong>sultanus</strong></span> <span class='ocrx_word' id='word_1_73' title='bbox 1165 1207 1301 1276; x_wconf 89' lang='lat' dir='ltr'><strong>ipse,</strong></span> <span class='ocrx_word' id='word_1_74' title='bbox 1325 1223 1482 1274; x_wconf 86' lang='lat' dir='ltr'><strong>quem</strong></span> <span class='ocrx_word' id='word_1_75' title='bbox 1509 1208 1764 1273; x_wconf 78' lang='lat' dir='ltr'><strong>diximus,</strong></span> <span class='ocrx_word' id='word_1_76' title='bbox 1785 1207 2042 1261; x_wconf 77' lang='lat' dir='ltr'><strong>Aladines</strong></span> 
     </span>
    </p>
   </div>
   <div class='ocr_carea' id='block_1_13' title="bbox 477 1297 2044 1368">
    <p class='ocr_par' dir='ltr' id='par_1_13' title="bbox 477 1297 2044 1368">
     <span class='ocr_line' id='line_1_13' title="bbox 477 1297 2044 1368; baseline -0.001 -17"><span class='ocrx_word' id='word_1_77' title='bbox 477 1301 773 1368; x_wconf 88' lang='lat' dir='ltr'><strong>plurimum</strong></span> <span class='ocrx_word' id='word_1_78' title='bbox 819 1300 867 1352; x_wconf 91' lang='lat' dir='ltr'><strong>ei</strong></span> <span class='ocrx_word' id='word_1_79' title='bbox 897 1301 1194 1358; x_wconf 74' lang='lat' dir='ltr'><strong>tribuebat.</strong></span> <span class='ocrx_word' id='word_1_80' title='bbox 1229 1301 1388 1352; x_wconf 87' lang='lat' dir='ltr'><strong>Hune</strong></span> <span class='ocrx_word' id='word_1_81' title='bbox 1427 1300 1516 1352; x_wconf 91' lang='lat' dir='ltr'><strong>ubi</strong></span> <span class='ocrx_word' id='word_1_82' title='bbox 1552 1303 1895 1354; x_wconf 71' lang='lat' dir='ltr'><strong>convenisset</strong></span> <span class='ocrx_word' id='word_1_83' title='bbox 1943 1297 2044 1351; x_wconf 89' lang='lat' dir='ltr'><strong>Er-</strong></span> 
     </span>
    </p>
   </div>
   <div class='ocr_carea' id='block_1_14' title="bbox 479 1389 2043 1460">
    <p class='ocr_par' dir='ltr' id='par_1_14' title="bbox 479 1389 2043 1460">
     <span class='ocr_line' id='line_1_14' title="bbox 479 1389 2043 1460; baseline 0.001 -16"><span class='ocrx_word' id='word_1_84' title='bbox 479 1392 718 1454; x_wconf 89' lang='lat' dir='ltr'><strong>tucules,</strong></span> <span class='ocrx_word' id='word_1_85' title='bbox 778 1402 832 1442; x_wconf 94' lang='lat' dir='ltr'><strong>ut</strong></span> <span class='ocrx_word' id='word_1_86' title='bbox 867 1389 1140 1444; x_wconf 90' lang='lat' dir='ltr'><strong>somnium</strong></span> <span class='ocrx_word' id='word_1_87' title='bbox 1173 1390 1246 1443; x_wconf 90' lang='lat' dir='ltr'><strong>illi</strong></span> <span class='ocrx_word' id='word_1_88' title='bbox 1293 1406 1453 1444; x_wconf 89' lang='lat' dir='ltr'><strong>suum</strong></span> <span class='ocrx_word' id='word_1_89' title='bbox 1490 1401 1786 1460; x_wconf 82' lang='lat' dir='ltr'><strong>exponeret</strong></span> <span class='ocrx_word' id='word_1_90' title='bbox 1815 1408 1831 1450; x_wconf 88' lang='lat'><strong>:</strong></span> <span class='ocrx_word' id='word_1_91' title='bbox 1863 1389 2043 1446; x_wconf 79' lang='lat' dir='ltr'><strong>Vene-</strong></span> 
     </span>
    </p>
   </div>
   <div class='ocr_carea' id='block_1_15' title="bbox 479 1482 2043 1551">
    <p class='ocr_par' dir='ltr' id='par_1_15' title="bbox 479 1482 2043 1551">
     <span class='ocr_line' id='line_1_15' title="bbox 479 1482 2043 1551; baseline -0.001 -15"><span class='ocrx_word' id='word_1_92' title='bbox 479 1484 648 1536; x_wconf 87' lang='lat' dir='ltr'><strong>rande</strong></span> <span class='ocrx_word' id='word_1_93' title='bbox 672 1484 776 1547; x_wconf 90' lang='lat' dir='ltr'><strong>vir,</strong></span> <span class='ocrx_word' id='word_1_94' title='bbox 805 1483 903 1547; x_wconf 92' lang='lat' dir='ltr'><strong>ait,</strong></span> <span class='ocrx_word' id='word_1_95' title='bbox 932 1497 1030 1551; x_wconf 73' lang='lat' dir='ltr'><strong>per</strong></span> <span class='ocrx_word' id='word_1_96' title='bbox 1055 1482 1293 1550; x_wconf 84' lang='lat' dir='ltr'><strong>quietem</strong></span> <span class='ocrx_word' id='word_1_97' title='bbox 1325 1485 1475 1537; x_wconf 87' lang='lat' dir='ltr'><strong>visus</strong></span> <span class='ocrx_word' id='word_1_98' title='bbox 1500 1498 1622 1536; x_wconf 92' lang='lat' dir='ltr'><strong>sum</strong></span> <span class='ocrx_word' id='word_1_99' title='bbox 1652 1482 1834 1537; x_wconf 85' lang='lat' dir='ltr'><strong>videre</strong></span> <span class='ocrx_word' id='word_1_100' title='bbox 1864 1483 2043 1551; x_wconf 85' lang='lat' dir='ltr'><strong>splen-</strong></span> 
     </span>
    </p>
   </div>
   <div class='ocr_carea' id='block_1_16' title="bbox 477 1573 2043 1644">
    <p class='ocr_par' dir='ltr' id='par_1_16' title="bbox 477 1573 2043 1644">
     <span class='ocr_line' id='line_1_16' title="bbox 477 1573 2043 1644; baseline 0.001 -17"><span class='ocrx_word' id='word_1_101' title='bbox 477 1577 663 1628; x_wconf 83' lang='lat' dir='ltr'><strong>dorem</strong></span> <span class='ocrx_word' id='word_1_102' title='bbox 689 1573 854 1637; x_wconf 72' lang='lat' dir='ltr'><strong>lunae,</strong></span> <span class='ocrx_word' id='word_1_103' title='bbox 889 1574 1246 1642; x_wconf 84' lang='lat' dir='ltr'><strong>prodeuntem</strong></span> <span class='ocrx_word' id='word_1_104' title='bbox 1270 1591 1302 1628; x_wconf 90' lang='lat' dir='ltr'><strong>e</strong></span> <span class='ocrx_word' id='word_1_105' title='bbox 1332 1573 1452 1628; x_wconf 89' lang='lat' dir='ltr'><strong>sinu</strong></span> <span class='ocrx_word' id='word_1_106' title='bbox 1491 1584 1611 1637; x_wconf 89' lang='lat' dir='ltr'><strong>tuo,</strong></span> <span class='ocrx_word' id='word_1_107' title='bbox 1644 1575 1738 1644; x_wconf 90' lang='lat' dir='ltr'><strong>qui</strong></span> <span class='ocrx_word' id='word_1_108' title='bbox 1768 1589 1950 1629; x_wconf 88' lang='lat' dir='ltr'><strong>meum</strong></span> <span class='ocrx_word' id='word_1_109' title='bbox 1991 1576 2043 1628; x_wconf 80' lang='lat' dir='ltr'><strong>in</strong></span> 
     </span>
    </p>
   </div>
   <div class='ocr_carea' id='block_1_17' title="bbox 480 1665 2044 1733">
    <p class='ocr_par' dir='ltr' id='par_1_17' title="bbox 480 1665 2044 1733">
     <span class='ocr_line' id='line_1_17' title="bbox 480 1665 2044 1733; baseline -0.002 -15"><span class='ocrx_word' id='word_1_110' title='bbox 480 1668 662 1719; x_wconf 91' lang='lat' dir='ltr'><strong>sinum</strong></span> <span class='ocrx_word' id='word_1_111' title='bbox 698 1672 1028 1733; x_wconf 79' lang='lat' dir='ltr'><strong>penetraret.</strong></span> <span class='ocrx_word' id='word_1_112' title='bbox 1064 1665 1138 1720; x_wconf 77' lang='lat' dir='ltr'><strong>Eo</strong></span> <span class='ocrx_word' id='word_1_113' title='bbox 1182 1679 1304 1718; x_wconf 90' lang='lat' dir='ltr'><strong>cum</strong></span> <span class='ocrx_word' id='word_1_114' title='bbox 1359 1665 1574 1718; x_wconf 87' lang='lat' dir='ltr'><strong>delatus</strong></span> <span class='ocrx_word' id='word_1_115' title='bbox 1603 1674 1768 1727; x_wconf 85' lang='lat' dir='ltr'><strong>esset,</strong></span> <span class='ocrx_word' id='word_1_116' title='bbox 1804 1677 1869 1718; x_wconf 79' lang='lat' dir='ltr'><strong>ex</strong></span> <span class='ocrx_word' id='word_1_117' title='bbox 1923 1679 2044 1718; x_wconf 88' lang='lat' dir='ltr'><strong>utn-</strong></span> 
     </span>
    </p>
   </div>
   <div class='ocr_carea' id='block_1_18' title="bbox 485 1756 2046 1824">
    <p class='ocr_par' dir='ltr' id='par_1_18' title="bbox 485 1756 2046 1824">
     <span class='ocr_line' id='line_1_18' title="bbox 485 1756 2046 1824; baseline -0.001 -14"><span class='ocrx_word' id='word_1_118' title='bbox 485 1759 646 1812; x_wconf 92' lang='lat' dir='ltr'><strong>bilico</strong></span> <span class='ocrx_word' id='word_1_119' title='bbox 675 1772 796 1810; x_wconf 91' lang='lat' dir='ltr'><strong>meo</strong></span> <span class='ocrx_word' id='word_1_120' title='bbox 830 1772 952 1809; x_wconf 85' lang='lat' dir='ltr'><strong>mox</strong></span> <span class='ocrx_word' id='word_1_121' title='bbox 1000 1766 1216 1810; x_wconf 88' lang='lat' dir='ltr'><strong>enatam</strong></span> <span class='ocrx_word' id='word_1_122' title='bbox 1268 1756 1438 1810; x_wconf 89' lang='lat' dir='ltr'><strong>fuisse</strong></span> <span class='ocrx_word' id='word_1_123' title='bbox 1484 1756 1758 1820; x_wconf 85' lang='lat' dir='ltr'><strong>arborem,</strong></span> <span class='ocrx_word' id='word_1_124' title='bbox 1793 1771 1914 1824; x_wconf 72' lang='lat' dir='ltr'><strong>qua:</strong></span> <span class='ocrx_word' id='word_1_125' title='bbox 1962 1770 2046 1809; x_wconf 77' lang='lat' dir='ltr'><strong>re-</strong></span> 
     </span>
    </p>
   </div>
   <div class='ocr_carea' id='block_1_19' title="bbox 2140 563 3786 633">
    <p class='ocr_par' dir='ltr' id='par_1_19' title="bbox 2140 563 3786 633">
     <span class='ocr_line' id='line_1_19' title="bbox 2140 563 3786 633; baseline 0 -15"><span class='ocrx_word' id='word_1_126' title='bbox 2140 580 2288 629; x_wconf 91' lang='lat' dir='ltr'><strong>man,</strong></span> <span class='ocrx_word' id='word_1_127' title='bbox 2318 566 2370 619; x_wconf 93' lang='lat' dir='ltr'><strong>in</strong></span> <span class='ocrx_word' id='word_1_128' title='bbox 2398 564 2594 619; x_wconf 87' lang='lat' dir='ltr'><strong>itinere</strong></span> <span class='ocrx_word' id='word_1_129' title='bbox 2617 565 2872 633; x_wconf 87' lang='lat' dir='ltr'><strong>oppidum</strong></span> <span class='ocrx_word' id='word_1_130' title='bbox 2907 563 3208 619; x_wconf 89' lang='lat' dir='ltr'><strong>Ulubadam</strong></span> <span class='ocrx_word' id='word_1_131' title='bbox 3239 565 3461 620; x_wconf 90' lang='lat' dir='ltr'><strong>militari</strong></span> <span class='ocrx_word' id='word_1_132' title='bbox 3496 579 3697 619; x_wconf 84' lang='lat' dir='ltr'><strong>corona</strong></span> <span class='ocrx_word' id='word_1_133' title='bbox 3779 609 3786 618; x_wconf 82' lang='lat'><strong>.</strong></span> 
     </span>
    </p>
   </div>
   <div class='ocr_carea' id='block_1_20' title="bbox 2140 655 3702 725">
    <p class='ocr_par' dir='ltr' id='par_1_20' title="bbox 2140 655 3702 725">
     <span class='ocr_line' id='line_1_20' title="bbox 2140 655 3702 725; baseline 0.001 -17"><span class='ocrx_word' id='word_1_134' title='bbox 2140 655 2330 724; x_wconf 80' lang='lat' dir='ltr'><strong>cingit,</strong></span> <span class='ocrx_word' id='word_1_135' title='bbox 2394 655 2551 723; x_wconf 83' lang='lat' dir='ltr'><strong>cujus</strong></span> <span class='ocrx_word' id='word_1_136' title='bbox 2599 655 2845 725; x_wconf 23' lang='lat' dir='ltr'><strong>,Teggiur</strong></span> <span class='ocrx_word' id='word_1_137' title='bbox 2898 671 3023 709; x_wconf 83' lang='lat' dir='ltr'><strong>mox</strong></span> <span class='ocrx_word' id='word_1_138' title='bbox 3079 655 3242 710; x_wconf 87' lang='lat' dir='ltr'><strong>certis</strong></span> <span class='ocrx_word' id='word_1_139' title='bbox 3298 657 3702 711; x_wconf 88' lang='lat' dir='ltr'><strong>conditionibus</strong></span> 
     </span>
    </p>
   </div>
   <div class='ocr_carea' id='block_1_21' title="bbox 2138 748 3705 817">
    <p class='ocr_par' dir='ltr' id='par_1_21' title="bbox 2138 748 3705 817">
     <span class='ocr_line' id='line_1_21' title="bbox 2138 748 3705 817; baseline 0.002 -18"><span class='ocrx_word' id='word_1_140' title='bbox 2138 763 2263 800; x_wconf 87' lang='lat' dir='ltr'><strong>cum</strong></span> <span class='ocrx_word' id='word_1_141' title='bbox 2289 764 2354 802; x_wconf 87' lang='lat' dir='ltr'><strong>eo</strong></span> <span class='ocrx_word' id='word_1_142' title='bbox 2388 751 2674 809; x_wconf 73' lang='lat' dir='ltr'><strong>transegit.</strong></span> <span class='ocrx_word' id='word_1_143' title='bbox 2715 749 2851 804; x_wconf 85' lang='lat' dir='ltr'><strong>Hinc</strong></span> <span class='ocrx_word' id='word_1_144' title='bbox 2880 748 3104 803; x_wconf 84' lang='lat' dir='ltr'><strong>Prusam</strong></span> <span class='ocrx_word' id='word_1_145' title='bbox 3153 764 3274 803; x_wconf 92' lang='lat' dir='ltr'><strong>cum</strong></span> <span class='ocrx_word' id='word_1_146' title='bbox 3310 750 3553 804; x_wconf 84' lang='lat' dir='ltr'><strong>exercitu</strong></span> <span class='ocrx_word' id='word_1_147' title='bbox 3585 767 3705 817; x_wconf 83' lang='lat' dir='ltr'><strong>pro-</strong></span> 
     </span>
    </p>
   </div>
   <div class='ocr_carea' id='block_1_22' title="bbox 2149 838 3704 910">
    <p class='ocr_par' dir='ltr' id='par_1_22' title="bbox 2149 838 3704 910">
     <span class='ocr_line' id='line_1_22' title="bbox 2149 838 3704 910; baseline 0.001 -20"><span class='ocrx_word' id='word_1_148' title='bbox 2149 852 2368 907; x_wconf 85' lang='lat' dir='ltr'><strong>perans,</strong></span> <span class='ocrx_word' id='word_1_149' title='bbox 2403 838 2556 892; x_wconf 83' lang='lat' dir='ltr'><strong>urbis</strong></span> <span class='ocrx_word' id='word_1_150' title='bbox 2589 839 2930 893; x_wconf 86' lang='lat' dir='ltr'><strong>obsidionem</strong></span> <span class='ocrx_word' id='word_1_151' title='bbox 2971 840 3210 894; x_wconf 85' lang='lat' dir='ltr'><strong>molitur.</strong></span> <span class='ocrx_word' id='word_1_152' title='bbox 3251 839 3500 910; x_wconf 86' lang='lat' dir='ltr'><strong>Cumque</strong></span> <span class='ocrx_word' id='word_1_153' title='bbox 3529 841 3580 894; x_wconf 84' lang='lat' dir='ltr'><strong>vi</strong></span> <span class='ocrx_word' id='word_1_154' title='bbox 3610 843 3704 894; x_wconf 83' lang='lat' dir='ltr'><strong>ad-</strong></span> 
     </span>
    </p>
   </div>
   <div class='ocr_carea' id='block_1_23' title="bbox 2144 929 3755 1002">
    <p class='ocr_par' dir='ltr' id='par_1_23' title="bbox 2144 929 3755 1002">
     <span class='ocr_line' id='line_1_23' title="bbox 2144 929 3755 1002; baseline 0.004 -21"><span class='ocrx_word' id='word_1_155' title='bbox 2144 937 2310 993; x_wconf 89' lang='lat' dir='ltr'><strong>mota,</strong></span> <span class='ocrx_word' id='word_1_156' title='bbox 2342 929 2476 982; x_wconf 91' lang='lat' dir='ltr'><strong>nihil</strong></span> <span class='ocrx_word' id='word_1_157' title='bbox 2508 930 2827 984; x_wconf 81' lang='lat' dir='ltr'><strong>effecturum</strong></span> <span class='ocrx_word' id='word_1_158' title='bbox 2873 948 2932 985; x_wconf 82' lang='lat' dir='ltr'><strong>se</strong></span> <span class='ocrx_word' id='word_1_159' title='bbox 2980 933 3188 987; x_wconf 83' lang='lat' dir='ltr'><strong>videret</strong></span> <span class='ocrx_word' id='word_1_160' title='bbox 3220 933 3287 986; x_wconf 87' lang='lat' dir='ltr'><strong>ad</strong></span> <span class='ocrx_word' id='word_1_161' title='bbox 3341 932 3704 1002; x_wconf 75' lang='lat' dir='ltr'><strong>expugnatio-</strong></span> <span class='ocrx_word' id='word_1_162' title='bbox 3754 985 3755 988; x_wconf 44' lang='grc' dir='ltr'><strong>η</strong></span> 
     </span>
    </p>
   </div>
   <div class='ocr_carea' id='block_1_24' title="bbox 2143 1003 3760 1094">
    <p class='ocr_par' dir='ltr' id='par_1_24' title="bbox 2143 1003 3760 1094">
     <span class='ocr_line' id='line_1_24' title="bbox 2143 1003 3760 1094; baseline 0.002 -21"><span class='ocrx_word' id='word_1_163' title='bbox 2143 1036 2268 1073; x_wconf 90' lang='lat' dir='ltr'><strong>nem</strong></span> <span class='ocrx_word' id='word_1_164' title='bbox 2305 1038 2320 1072; x_wconf 84' lang='lat'><strong>:</strong></span> <span class='ocrx_word' id='word_1_165' title='bbox 2357 1023 2590 1089; x_wconf 89' lang='lat' dir='ltr'><strong>primum</strong></span> <span class='ocrx_word' id='word_1_166' title='bbox 2631 1021 2684 1074; x_wconf 94' lang='lat' dir='ltr'><strong>in</strong></span> <span class='ocrx_word' id='word_1_167' title='bbox 2717 1023 2943 1076; x_wconf 84' lang='lat' dir='ltr'><strong>adversa</strong></span> <span class='ocrx_word' id='word_1_168' title='bbox 2981 1023 3132 1076; x_wconf 85' lang='lat' dir='ltr'><strong>urbis</strong></span> <span class='ocrx_word' id='word_1_169' title='bbox 3163 1033 3336 1094; x_wconf 89' lang='lat' dir='ltr'><strong>parte,</strong></span> <span class='ocrx_word' id='word_1_170' title='bbox 3367 1025 3520 1092; x_wconf 84' lang='lat' dir='ltr'><strong>juxta</strong></span> <span class='ocrx_word' id='word_1_171' title='bbox 3551 1027 3703 1077; x_wconf 69' lang='lat' dir='ltr'><strong>ther-</strong></span> <span class='ocrx_word' id='word_1_172' title='bbox 3755 1003 3760 1011; x_wconf 54' lang='grc'><em>’</em></span> 
     </span>
    </p>
   </div>
   <div class='ocr_carea' id='block_1_25' title="bbox 2143 1105 3760 1181">
    <p class='ocr_par' dir='ltr' id='par_1_25' title="bbox 2143 1105 3760 1181">
     <span class='ocr_line' id='line_1_25' title="bbox 2143 1105 3760 1181; baseline 0.002 -18"><span class='ocrx_word' id='word_1_173' title='bbox 2143 1128 2286 1178; x_wconf 88' lang='lat' dir='ltr'><strong>mas,</strong></span> <span class='ocrx_word' id='word_1_174' title='bbox 2337 1129 2462 1181; x_wconf 68' lang='lat' dir='ltr'><strong>quae</strong></span> <span class='ocrx_word' id='word_1_175' title='bbox 2511 1114 2730 1180; x_wconf 75' lang='lat' dir='ltr'><strong>(laplice</strong></span> <span class='ocrx_word' id='word_1_176' title='bbox 2781 1112 2973 1167; x_wconf 84' lang='lat' dir='ltr'><strong>Turcis</strong></span> <span class='ocrx_word' id='word_1_177' title='bbox 3007 1116 3287 1177; x_wconf 91' lang='lat' dir='ltr'><strong>dicuntur,</strong></span> <span class='ocrx_word' id='word_1_178' title='bbox 3338 1115 3480 1167; x_wconf 83' lang='lat' dir='ltr'><strong>vallo</strong></span> <span class='ocrx_word' id='word_1_179' title='bbox 3519 1115 3704 1178; x_wconf 85' lang='lat' dir='ltr'><strong>ducto,</strong></span> <span class='ocrx_word' id='word_1_180' title='bbox 3756 1105 3760 1112; x_wconf 75' lang='grc'><strong>’</strong></span> 
     </span>
    </p>
   </div>
   <div class='ocr_carea' id='block_1_26' title="bbox 2147 1204 3708 1272">
    <p class='ocr_par' dir='ltr' id='par_1_26' title="bbox 2147 1204 3708 1272">
     <span class='ocr_line' id='line_1_26' title="bbox 2147 1204 3708 1272; baseline 0.001 -18"><span class='ocrx_word' id='word_1_181' title='bbox 2147 1204 2542 1256; x_wconf 75' lang='lat' dir='ltr'><strong>munimentum</strong></span> <span class='ocrx_word' id='word_1_182' title='bbox 2579 1220 2673 1269; x_wconf 80' lang='lat' dir='ltr'><strong>pio</strong></span> <span class='ocrx_word' id='word_1_183' title='bbox 2705 1206 2822 1258; x_wconf 89' lang='lat' dir='ltr'><strong>suis</strong></span> <span class='ocrx_word' id='word_1_184' title='bbox 2850 1205 3028 1272; x_wconf 78' lang='lat' dir='ltr'><strong>erigit,</strong></span> <span class='ocrx_word' id='word_1_185' title='bbox 3061 1207 3148 1258; x_wconf 91' lang='lat' dir='ltr'><strong>cui</strong></span> <span class='ocrx_word' id='word_1_186' title='bbox 3195 1205 3378 1259; x_wconf 78' lang='lat' dir='ltr'><strong>fratris</strong></span> <span class='ocrx_word' id='word_1_187' title='bbox 3403 1205 3708 1260; x_wconf 89' lang='lat' dir='ltr'><strong>Gundusel—</strong></span> 
     </span>
    </p>
   </div>
   <div class='ocr_carea' id='block_1_27' title="bbox 2144 1296 3709 1366">
    <p class='ocr_par' dir='ltr' id='par_1_27' title="bbox 2144 1296 3709 1366">
     <span class='ocr_line' id='line_1_27' title="bbox 2144 1296 3709 1366; baseline 0.001 -18"><span class='ocrx_word' id='word_1_188' title='bbox 2144 1298 2228 1366; x_wconf 86' lang='lat' dir='ltr'><strong>pis</strong></span> <span class='ocrx_word' id='word_1_189' title='bbox 2262 1296 2428 1349; x_wconf 86' lang='lat' dir='ltr'><strong>lilium</strong></span> <span class='ocrx_word' id='word_1_190' title='bbox 2464 1298 2827 1364; x_wconf 74' lang='lat' dir='ltr'><strong>Agdemurem</strong></span> <span class='ocrx_word' id='word_1_191' title='bbox 2867 1297 3108 1365; x_wconf 65' lang='lat' dir='ltr'><strong>praeficit,</strong></span> <span class='ocrx_word' id='word_1_192' title='bbox 3151 1297 3423 1352; x_wconf 88' lang='lat' dir='ltr'><strong>hominem</strong></span> <span class='ocrx_word' id='word_1_193' title='bbox 3469 1299 3544 1352; x_wconf 86' lang='lat' dir='ltr'><strong>rei</strong></span> <span class='ocrx_word' id='word_1_194' title='bbox 3596 1301 3709 1352; x_wconf 86' lang='lat' dir='ltr'><strong>bel-</strong></span> 
     </span>
    </p>
   </div>
   <div class='ocr_carea' id='block_1_28' title="bbox 2147 1387 3709 1460">
    <p class='ocr_par' dir='ltr' id='par_1_28' title="bbox 2147 1387 3709 1460">
     <span class='ocr_line' id='line_1_28' title="bbox 2147 1387 3709 1460; baseline 0.003 -21"><span class='ocrx_word' id='word_1_195' title='bbox 2147 1390 2261 1441; x_wconf 72' lang='lat' dir='ltr'><strong>lica.-</strong></span> <span class='ocrx_word' id='word_1_196' title='bbox 2321 1389 2730 1456; x_wconf 85' lang='lat' dir='ltr'><strong>peritissimum,</strong></span> <span class='ocrx_word' id='word_1_197' title='bbox 2801 1387 3076 1456; x_wconf 84' lang='lat' dir='ltr'><strong>adjunclis</strong></span> <span class='ocrx_word' id='word_1_198' title='bbox 3126 1389 3287 1460; x_wconf 76' lang='lat'><strong>313</strong></span> <span class='ocrx_word' id='word_1_199' title='bbox 3339 1391 3388 1443; x_wconf 89' lang='lat' dir='ltr'><strong>ei</strong></span> <span class='ocrx_word' id='word_1_200' title='bbox 3447 1391 3709 1444; x_wconf 82' lang='lat' dir='ltr'><strong>militibus</strong></span> 
     </span>
    </p>
   </div>
   <div class='ocr_carea' id='block_1_29' title="bbox 2145 1476 3712 1546">
    <p class='ocr_par' dir='ltr' id='par_1_29' title="bbox 2145 1476 3712 1546">
     <span class='ocr_line' id='line_1_29' title="bbox 2145 1476 3712 1546; baseline 0.003 -16"><span class='ocrx_word' id='word_1_201' title='bbox 2145 1478 2401 1546; x_wconf 76' lang='lat' dir='ltr'><strong>egregiis.</strong></span> <span class='ocrx_word' id='word_1_202' title='bbox 2449 1476 2574 1530; x_wconf 86' lang='lat' dir='ltr'><strong>Inde</strong></span> <span class='ocrx_word' id='word_1_203' title='bbox 2630 1481 3026 1531; x_wconf 86' lang='lat' dir='ltr'><strong>munimentum</strong></span> <span class='ocrx_word' id='word_1_204' title='bbox 3072 1481 3218 1533; x_wconf 82' lang='lat' dir='ltr'><strong>aliud</strong></span> <span class='ocrx_word' id='word_1_205' title='bbox 3270 1480 3474 1533; x_wconf 86' lang='lat' dir='ltr'><strong>excitat</strong></span> <span class='ocrx_word' id='word_1_206' title='bbox 3524 1497 3712 1534; x_wconf 80' lang='lat' dir='ltr'><strong>versus</strong></span> 
     </span>
    </p>
   </div>
   <div class='ocr_carea' id='block_1_30' title="bbox 2144 1571 3712 1641">
    <p class='ocr_par' dir='ltr' id='par_1_30' title="bbox 2144 1571 3712 1641">
     <span class='ocr_line' id='line_1_30' title="bbox 2144 1571 3712 1641; baseline 0.002 -17"><span class='ocrx_word' id='word_1_207' title='bbox 2144 1587 2270 1624; x_wconf 90' lang='lat' dir='ltr'><strong>eum</strong></span> <span class='ocrx_word' id='word_1_208' title='bbox 2311 1580 2567 1632; x_wconf 78' lang='lat' dir='ltr'><strong>montem,</strong></span> <span class='ocrx_word' id='word_1_209' title='bbox 2621 1587 2780 1639; x_wconf 91' lang='lat' dir='ltr'><strong>quem</strong></span> <span class='ocrx_word' id='word_1_210' title='bbox 2825 1571 3249 1641; x_wconf 82' lang='lat' dir='ltr'><strong>Geschidsdage,</strong></span> <span class='ocrx_word' id='word_1_211' title='bbox 3287 1571 3388 1626; x_wconf 85' lang='lat' dir='ltr'><strong>hoc</strong></span> <span class='ocrx_word' id='word_1_212' title='bbox 3421 1583 3526 1634; x_wconf 82' lang='lat' dir='ltr'><strong>est,</strong></span> <span class='ocrx_word' id='word_1_213' title='bbox 3557 1588 3712 1627; x_wconf 89' lang='lat' dir='ltr'><strong>mou-</strong></span> 
     </span>
    </p>
   </div>
   <div class='ocr_carea' id='block_1_31' title="bbox 2147 1661 3725 1719">
    <p class='ocr_par' dir='ltr' id='par_1_31' title="bbox 2147 1661 3725 1719">
     <span class='ocr_line' id='line_1_31' title="bbox 2147 1661 3725 1719; baseline -0.001 -4"><span class='ocrx_word' id='word_1_214' title='bbox 2147 1670 2253 1717; x_wconf 87' lang='lat' dir='ltr'><strong>tem</strong></span> <span class='ocrx_word' id='word_1_215' title='bbox 2285 1661 2675 1716; x_wconf 85' lang='lat' dir='ltr'><strong>monachorum</strong></span> <span class='ocrx_word' id='word_1_216' title='bbox 2711 1661 3098 1717; x_wconf 68' lang='lat' dir='ltr'><strong>vocantdllius</strong></span> <span class='ocrx_word' id='word_1_217' title='bbox 3123 1677 3307 1717; x_wconf 84' lang='lat' dir='ltr'><strong>curam</strong></span> <span class='ocrx_word' id='word_1_218' title='bbox 3342 1663 3725 1719; x_wconf 78' lang='lat' dir='ltr'><strong>Belebauzuco-</strong></span> 
     </span>
    </p>
   </div>
   <div class='ocr_carea' id='block_1_32' title="bbox 2147 1755 3717 1821">
    <p class='ocr_par' dir='ltr' id='par_1_32' title="bbox 2147 1755 3717 1821">
     <span class='ocr_line' id='line_1_32' title="bbox 2147 1755 3717 1821; baseline 0.001 -12"><span class='ocrx_word' id='word_1_219' title='bbox 2147 1755 2362 1810; x_wconf 86' lang='lat' dir='ltr'><strong>cuidam</strong></span> <span class='ocrx_word' id='word_1_220' title='bbox 2393 1771 2456 1808; x_wconf 89' lang='lat' dir='ltr'><strong>ex</strong></span> <span class='ocrx_word' id='word_1_221' title='bbox 2493 1756 2628 1818; x_wconf 82' lang='lat' dir='ltr'><strong>suis,</strong></span> <span class='ocrx_word' id='word_1_222' title='bbox 2661 1759 2779 1809; x_wconf 89' lang='lat' dir='ltr'><strong>viro</strong></span> <span class='ocrx_word' id='word_1_223' title='bbox 2809 1766 3055 1821; x_wconf 80' lang='lat' dir='ltr'><strong>strenuo,</strong></span> <span class='ocrx_word' id='word_1_224' title='bbox 3095 1758 3406 1811; x_wconf 88' lang='lat' dir='ltr'><strong>committit.</strong></span> <span class='ocrx_word' id='word_1_225' title='bbox 3446 1758 3560 1812; x_wconf 82' lang='lat' dir='ltr'><strong>Hoc</strong></span> <span class='ocrx_word' id='word_1_226' title='bbox 3603 1774 3717 1811; x_wconf 84' lang='lat' dir='ltr'><strong>mo-</strong></span> 
     </span>
    </p>
   </div>
   <div class='ocr_carea' id='block_1_33' title="bbox 485 1842 3726 1920">
    <p class='ocr_par' dir='ltr' id='par_1_33' title="bbox 485 1842 3726 1920">
     <span class='ocr_line' id='line_1_33' title="bbox 485 1842 3726 1920; baseline 0 -20"><span class='ocrx_word' id='word_1_227' title='bbox 485 1848 674 1916; x_wconf 86' lang='lat' dir='ltr'><strong>giones</strong></span> <span class='ocrx_word' id='word_1_228' title='bbox 706 1848 938 1918; x_wconf 89' lang='lat' dir='ltr'><strong>aliquot,</strong></span> <span class='ocrx_word' id='word_1_229' title='bbox 968 1862 1032 1901; x_wconf 91' lang='lat' dir='ltr'><strong>ac</strong></span> <span class='ocrx_word' id='word_1_230' title='bbox 1063 1848 1318 1917; x_wconf 68' lang='lat' dir='ltr'><strong>praealtos</strong></span> <span class='ocrx_word' id='word_1_231' title='bbox 1348 1857 1588 1911; x_wconf 88' lang='lat' dir='ltr'><strong>montes,</strong></span> <span class='ocrx_word' id='word_1_232' title='bbox 1619 1848 1872 1920; x_wconf 75' lang='lat' dir='ltr'><strong>latosque</strong></span> <span class='ocrx_word' id='word_1_233' title='bbox 1897 1862 2046 1902; x_wconf 87' lang='lat' dir='ltr'><strong>cam-</strong></span> <span class='ocrx_word' id='word_1_234' title='bbox 2077 1842 2119 1898; x_wconf 76' lang='grc' dir='ltr'><strong><em>Β</em></strong></span> <span class='ocrx_word' id='word_1_235' title='bbox 2147 1846 2219 1901; x_wconf 87' lang='lat' dir='ltr'><strong>do</strong></span> <span class='ocrx_word' id='word_1_236' title='bbox 2261 1845 2476 1900; x_wconf 87' lang='lat' dir='ltr'><strong>duobus</strong></span> <span class='ocrx_word' id='word_1_237' title='bbox 2509 1847 2658 1900; x_wconf 86' lang='lat' dir='ltr'><strong>hisce</strong></span> <span class='ocrx_word' id='word_1_238' title='bbox 2702 1847 3056 1902; x_wconf 89' lang='lat' dir='ltr'><strong>munimentis</strong></span> <span class='ocrx_word' id='word_1_239' title='bbox 3115 1851 3431 1912; x_wconf 86' lang='lat' dir='ltr'><strong>exstructis,</strong></span> <span class='ocrx_word' id='word_1_240' title='bbox 3477 1857 3533 1901; x_wconf 91' lang='lat' dir='ltr'><strong>et</strong></span> <span class='ocrx_word' id='word_1_241' title='bbox 3581 1849 3726 1901; x_wconf 77' lang='lat' dir='ltr'><strong>actis-</strong></span> 
     </span>
    </p>
   </div>
   <div class='ocr_carea' id='block_1_34' title="bbox 482 1937 2044 2008">
    <p class='ocr_par' dir='ltr' id='par_1_34' title="bbox 482 1937 2044 2008">
     <span class='ocr_line' id='line_1_34' title="bbox 482 1937 2044 2008; baseline 0.004 -19"><span class='ocrx_word' id='word_1_242' title='bbox 482 1952 584 2007; x_wconf 90' lang='lat' dir='ltr'><strong>pos</strong></span> <span class='ocrx_word' id='word_1_243' title='bbox 629 1937 815 1990; x_wconf 90' lang='lat' dir='ltr'><strong>umbra</strong></span> <span class='ocrx_word' id='word_1_244' title='bbox 867 1952 966 1992; x_wconf 87' lang='lat' dir='ltr'><strong>sua</strong></span> <span class='ocrx_word' id='word_1_245' title='bbox 1019 1949 1244 2007; x_wconf 82' lang='lat' dir='ltr'><strong>tegeret.</strong></span> <span class='ocrx_word' id='word_1_246' title='bbox 1287 1939 1367 1992; x_wconf 77' lang='lat' dir='ltr'><strong>Ad</strong></span> <span class='ocrx_word' id='word_1_247' title='bbox 1420 1940 1566 2008; x_wconf 90' lang='lat' dir='ltr'><strong>ipsas</strong></span> <span class='ocrx_word' id='word_1_248' title='bbox 1595 1952 1776 1994; x_wconf 90' lang='lat' dir='ltr'><strong>autem</strong></span> <span class='ocrx_word' id='word_1_249' title='bbox 1830 1939 2044 1995; x_wconf 82' lang='lat' dir='ltr'><strong>radices</strong></span> 
     </span>
    </p>
   </div>
   <div class='ocr_carea' id='block_1_35' title="bbox 481 2030 2046 2102">
    <p class='ocr_par' dir='ltr' id='par_1_35' title="bbox 481 2030 2046 2102">
     <span class='ocr_line' id='line_1_35' title="bbox 481 2030 2046 2102; baseline 0.004 -21"><span class='ocrx_word' id='word_1_250' title='bbox 481 2030 694 2083; x_wconf 91' lang='lat' dir='ltr'><strong>arboris</strong></span> <span class='ocrx_word' id='word_1_251' title='bbox 744 2045 1008 2097; x_wconf 81' lang='lat' dir='ltr'><strong>perennes</strong></span> <span class='ocrx_word' id='word_1_252' title='bbox 1053 2046 1224 2099; x_wconf 86' lang='lat' dir='ltr'><strong>aquas</strong></span> <span class='ocrx_word' id='word_1_253' title='bbox 1263 2046 1576 2098; x_wconf 82' lang='lat' dir='ltr'><strong>emanasse,</strong></span> <span class='ocrx_word' id='word_1_254' title='bbox 1625 2033 1826 2102; x_wconf 86' lang='lat' dir='ltr'><strong>quibus</strong></span> <span class='ocrx_word' id='word_1_255' title='bbox 1878 2033 2046 2087; x_wconf 62' lang='lat' dir='ltr'><strong>vinea</strong></span> 
     </span>
    </p>
   </div>
   <div class='ocr_carea' id='block_1_36' title="bbox 482 2121 2045 2190">
    <p class='ocr_par' dir='ltr' id='par_1_36' title="bbox 482 2121 2045 2190">
     <span class='ocr_line' id='line_1_36' title="bbox 482 2121 2045 2190; baseline 0.003 -18"><span class='ocrx_word' id='word_1_256' title='bbox 482 2121 683 2188; x_wconf 89' lang='lat' dir='ltr'><strong>passim</strong></span> <span class='ocrx_word' id='word_1_257' title='bbox 727 2131 780 2174; x_wconf 88' lang='lat' dir='ltr'><strong>et</strong></span> <span class='ocrx_word' id='word_1_258' title='bbox 829 2121 970 2173; x_wconf 91' lang='lat' dir='ltr'><strong>horti</strong></span> <span class='ocrx_word' id='word_1_259' title='bbox 1048 2121 1353 2190; x_wconf 77' lang='lat' dir='ltr'><strong>rigarentur</strong></span> <span class='ocrx_word' id='word_1_260' title='bbox 1389 2141 1404 2176; x_wconf 87' lang='lat'><strong>:</strong></span> <span class='ocrx_word' id='word_1_261' title='bbox 1447 2137 1511 2177; x_wconf 88' lang='lat' dir='ltr'><strong>ac</strong></span> <span class='ocrx_word' id='word_1_262' title='bbox 1553 2124 1850 2178; x_wconf 89' lang='lat' dir='ltr'><strong>secundum</strong></span> <span class='ocrx_word' id='word_1_263' title='bbox 1907 2124 2045 2190; x_wconf 65' lang='lat' dir='ltr'><strong>haec,</strong></span> 
     </span>
    </p>
   </div>
   <div class='ocr_carea' id='block_1_37' title="bbox 478 2209 2049 2282">
    <p class='ocr_par' dir='ltr' id='par_1_37' title="bbox 478 2209 2049 2282">
     <span class='ocr_line' id='line_1_37' title="bbox 478 2209 2049 2282; baseline 0.002 -19"><span class='ocrx_word' id='word_1_264' title='bbox 478 2221 832 2279; x_wconf 76' lang='lat' dir='ltr'><strong>experrectus</strong></span> <span class='ocrx_word' id='word_1_265' title='bbox 881 2211 978 2264; x_wconf 82' lang='lat' dir='ltr'><strong>fui.</strong></span> <span class='ocrx_word' id='word_1_266' title='bbox 1032 2209 1398 2280; x_wconf 84' lang='lat' dir='ltr'><strong>Posteaquam</strong></span> <span class='ocrx_word' id='word_1_267' title='bbox 1445 2212 1538 2266; x_wconf 91' lang='lat' dir='ltr'><strong>diu</strong></span> <span class='ocrx_word' id='word_1_268' title='bbox 1576 2212 1920 2282; x_wconf 91' lang='lat' dir='ltr'><strong>multumque</strong></span> <span class='ocrx_word' id='word_1_269' title='bbox 1964 2229 2049 2267; x_wconf 90' lang='lat' dir='ltr'><strong>se-</strong></span> 
     </span>
    </p>
   </div>
   <div class='ocr_carea' id='block_1_38' title="bbox 485 2301 2047 2371">
    <p class='ocr_par' dir='ltr' id='par_1_38' title="bbox 485 2301 2047 2371">
     <span class='ocr_line' id='line_1_38' title="bbox 485 2301 2047 2371; baseline 0.003 -18"><span class='ocrx_word' id='word_1_270' title='bbox 485 2312 591 2355; x_wconf 92' lang='lat' dir='ltr'><strong>met</strong></span> <span class='ocrx_word' id='word_1_271' title='bbox 641 2301 926 2364; x_wconf 88' lang='lat' dir='ltr'><strong>Edebales,</strong></span> <span class='ocrx_word' id='word_1_272' title='bbox 964 2303 1116 2371; x_wconf 89' lang='lat' dir='ltr'><strong>quia</strong></span> <span class='ocrx_word' id='word_1_273' title='bbox 1175 2307 1289 2357; x_wconf 90' lang='lat' dir='ltr'><strong>suis</strong></span> <span class='ocrx_word' id='word_1_274' title='bbox 1327 2303 1409 2356; x_wconf 90' lang='lat' dir='ltr'><strong>vir</strong></span> <span class='ocrx_word' id='word_1_275' title='bbox 1455 2316 1678 2360; x_wconf 88' lang='lat' dir='ltr'><strong>sanctus</strong></span> <span class='ocrx_word' id='word_1_276' title='bbox 1727 2304 2047 2371; x_wconf 86' lang='lat' dir='ltr'><strong>habebatur,</strong></span> 
     </span>
    </p>
   </div>
   <div class='ocr_carea' id='block_1_39' title="bbox 486 2399 2046 2466">
    <p class='ocr_par' dir='ltr' id='par_1_39' title="bbox 486 2399 2046 2466">
     <span class='ocr_line' id='line_1_39' title="bbox 486 2399 2046 2466; baseline 0.002 -21"><span class='ocrx_word' id='word_1_277' title='bbox 486 2399 552 2449; x_wconf 85' lang='lat' dir='ltr'><strong>ob</strong></span> <span class='ocrx_word' id='word_1_278' title='bbox 621 2399 1129 2466; x_wconf 85' lang='lat' dir='ltr'><strong>interpretationem</strong></span> <span class='ocrx_word' id='word_1_279' title='bbox 1187 2399 1389 2454; x_wconf 89' lang='lat' dir='ltr'><strong>somnii</strong></span> <span class='ocrx_word' id='word_1_280' title='bbox 1443 2400 1694 2453; x_wconf 89' lang='lat' dir='ltr'><strong>torslsset</strong></span> <span class='ocrx_word' id='word_1_281' title='bbox 1750 2415 1769 2454; x_wconf 81' lang='lat' dir='ltr'><strong>z</strong></span> <span class='ocrx_word' id='word_1_282' title='bbox 1805 2399 2046 2465; x_wconf 83' lang='lat' dir='ltr'><strong>tandem,</strong></span> 
     </span>
    </p>
   </div>
   <div class='ocr_carea' id='block_1_40' title="bbox 485 2489 2049 2556">
    <p class='ocr_par' dir='ltr' id='par_1_40' title="bbox 485 2489 2049 2556">
     <span class='ocr_line' id='line_1_40' title="bbox 485 2489 2049 2556; baseline 0.001 -15"><span class='ocrx_word' id='word_1_283' title='bbox 485 2491 732 2542; x_wconf 89' lang='lat' dir='ltr'><strong>oratione</strong></span> <span class='ocrx_word' id='word_1_284' title='bbox 783 2491 848 2543; x_wconf 91' lang='lat' dir='ltr'><strong>ad</strong></span> <span class='ocrx_word' id='word_1_285' title='bbox 905 2490 1214 2544; x_wconf 82' lang='lat' dir='ltr'><strong>Ertuculem</strong></span> <span class='ocrx_word' id='word_1_286' title='bbox 1270 2507 1557 2556; x_wconf 79' lang='lat' dir='ltr'><strong>conversa,</strong></span> <span class='ocrx_word' id='word_1_287' title='bbox 1631 2491 1899 2545; x_wconf 88' lang='lat' dir='ltr'><strong>Nascetur</strong></span> <span class='ocrx_word' id='word_1_288' title='bbox 1952 2489 2049 2542; x_wconf 86' lang='lat' dir='ltr'><strong>tibi</strong></span> 
     </span>
    </p>
   </div>
   <div class='ocr_carea' id='block_1_41' title="bbox 487 2576 2048 2648">
    <p class='ocr_par' dir='ltr' id='par_1_41' title="bbox 487 2576 2048 2648">
     <span class='ocr_line' id='line_1_41' title="bbox 487 2576 2048 2648; baseline 0.001 -20"><span class='ocrx_word' id='word_1_289' title='bbox 487 2579 650 2642; x_wconf 88' lang='lat' dir='ltr'><strong>titius,</strong></span> <span class='ocrx_word' id='word_1_290' title='bbox 692 2579 890 2646; x_wconf 79' lang='lat' dir='ltr'><strong>inquit,</strong></span> <span class='ocrx_word' id='word_1_291' title='bbox 926 2583 1008 2632; x_wconf 89' lang='lat' dir='ltr'><strong>vir</strong></span> <span class='ocrx_word' id='word_1_292' title='bbox 1038 2580 1261 2648; x_wconf 90' lang='lat' dir='ltr'><strong>optime,</strong></span> <span class='ocrx_word' id='word_1_293' title='bbox 1297 2581 1386 2634; x_wconf 89' lang='lat' dir='ltr'><strong>cui</strong></span> <span class='ocrx_word' id='word_1_294' title='bbox 1429 2597 1625 2635; x_wconf 88' lang='lat' dir='ltr'><strong>nomen</strong></span> <span class='ocrx_word' id='word_1_295' title='bbox 1673 2579 1778 2634; x_wconf 87' lang='lat' dir='ltr'><strong>erit</strong></span> <span class='ocrx_word' id='word_1_296' title='bbox 1825 2576 2048 2632; x_wconf 86' lang='lat' dir='ltr'><strong>Osman.</strong></span> 
     </span>
    </p>
   </div>
   <div class='ocr_carea' id='block_1_42' title="bbox 484 2667 2056 2742">
    <p class='ocr_par' dir='ltr' id='par_1_42' title="bbox 484 2667 2056 2742">
     <span class='ocr_line' id='line_1_42' title="bbox 484 2667 2056 2742; baseline 0.003 -22"><span class='ocrx_word' id='word_1_297' title='bbox 484 2667 532 2720; x_wconf 89' lang='lat' dir='ltr'><strong>ls</strong></span> <span class='ocrx_word' id='word_1_298' title='bbox 573 2671 708 2722; x_wconf 83' lang='lat' dir='ltr'><strong>bella</strong></span> <span class='ocrx_word' id='word_1_299' title='bbox 743 2671 977 2738; x_wconf 86' lang='lat' dir='ltr'><strong>plurima</strong></span> <span class='ocrx_word' id='word_1_300' title='bbox 1020 2681 1190 2739; x_wconf 78' lang='lat' dir='ltr'><strong>geret,</strong></span> <span class='ocrx_word' id='word_1_301' title='bbox 1224 2688 1287 2727; x_wconf 89' lang='lat' dir='ltr'><strong>ac</strong></span> <span class='ocrx_word' id='word_1_302' title='bbox 1316 2677 1520 2742; x_wconf 85' lang='lat' dir='ltr'><strong>posteri</strong></span> <span class='ocrx_word' id='word_1_303' title='bbox 1564 2673 1638 2726; x_wconf 93' lang='lat' dir='ltr'><strong>tui</strong></span> <span class='ocrx_word' id='word_1_304' title='bbox 1690 2671 1944 2741; x_wconf 85' lang='lat' dir='ltr'><strong>deinceps</strong></span> <span class='ocrx_word' id='word_1_305' title='bbox 1969 2686 2056 2724; x_wconf 79' lang='lat' dir='ltr'><strong>re-</strong></span> 
     </span>
    </p>
   </div>
   <div class='ocr_carea' id='block_1_43' title="bbox 483 2764 2056 2834">
    <p class='ocr_par' dir='ltr' id='par_1_43' title="bbox 483 2764 2056 2834">
     <span class='ocr_line' id='line_1_43' title="bbox 483 2764 2056 2834; baseline 0.001 -21"><span class='ocrx_word' id='word_1_306' title='bbox 483 2777 575 2829; x_wconf 77' lang='lat' dir='ltr'><strong>ges</strong></span> <span class='ocrx_word' id='word_1_307' title='bbox 649 2773 1026 2834; x_wconf 78' lang='lat' dir='ltr'><strong>terrarumque</strong></span> <span class='ocrx_word' id='word_1_308' title='bbox 1082 2764 1354 2834; x_wconf 82' lang='lat' dir='ltr'><strong>principes</strong></span> <span class='ocrx_word' id='word_1_309' title='bbox 1432 2774 1612 2819; x_wconf 90' lang='lat' dir='ltr'><strong>erunt.</strong></span> <span class='ocrx_word' id='word_1_310' title='bbox 1671 2764 1785 2818; x_wconf 77' lang='lat' dir='ltr'><strong>Mea</strong></span> <span class='ocrx_word' id='word_1_311' title='bbox 1837 2778 2056 2832; x_wconf 88' lang='lat' dir='ltr'><strong>quoque</strong></span> 
     </span>
    </p>
   </div>
   <div class='ocr_carea' id='block_1_44' title="bbox 487 2855 2056 2924">
    <p class='ocr_par' dir='ltr' id='par_1_44' title="bbox 487 2855 2056 2924">
     <span class='ocr_line' id='line_1_44' title="bbox 487 2855 2056 2924; baseline 0.001 -18"><span class='ocrx_word' id='word_1_312' title='bbox 487 2855 593 2908; x_wconf 88' lang='lat' dir='ltr'><strong>tilia</strong></span> <span class='ocrx_word' id='word_1_313' title='bbox 631 2865 867 2922; x_wconf 89' lang='lat' dir='ltr'><strong>nuptura</strong></span> <span class='ocrx_word' id='word_1_314' title='bbox 913 2865 998 2908; x_wconf 85' lang='lat' dir='ltr'><strong>est</strong></span> <span class='ocrx_word' id='word_1_315' title='bbox 1049 2856 1294 2919; x_wconf 86' lang='lat' dir='ltr'><strong>Osmani,</strong></span> <span class='ocrx_word' id='word_1_316' title='bbox 1336 2870 1403 2908; x_wconf 85' lang='lat' dir='ltr'><strong>ex</strong></span> <span class='ocrx_word' id='word_1_317' title='bbox 1449 2870 1554 2924; x_wconf 89' lang='lat' dir='ltr'><strong>qua</strong></span> <span class='ocrx_word' id='word_1_318' title='bbox 1606 2856 1916 2924; x_wconf 89' lang='lat' dir='ltr'><strong>procreabit</strong></span> <span class='ocrx_word' id='word_1_319' title='bbox 1966 2855 2056 2909; x_wconf 89' lang='lat' dir='ltr'><strong>ille</strong></span> 
     </span>
    </p>
   </div>
   <div class='ocr_carea' id='block_1_45' title="bbox 487 2944 2057 3016">
    <p class='ocr_par' dir='ltr' id='par_1_45' title="bbox 487 2944 2057 3016">
     <span class='ocr_line' id='line_1_45' title="bbox 487 2944 2057 3016; baseline -0.003 -14"><span class='ocrx_word' id='word_1_320' title='bbox 487 2949 712 3012; x_wconf 88' lang='lat' dir='ltr'><strong>liberos,</strong></span> <span class='ocrx_word' id='word_1_321' title='bbox 767 2948 860 3014; x_wconf 91' lang='lat' dir='ltr'><strong>qui</strong></span> <span class='ocrx_word' id='word_1_322' title='bbox 907 2949 1106 3016; x_wconf 77' lang='lat' dir='ltr'><strong>regiam</strong></span> <span class='ocrx_word' id='word_1_323' title='bbox 1138 2947 1204 2999; x_wconf 90' lang='lat' dir='ltr'><strong>ad</strong></span> <span class='ocrx_word' id='word_1_324' title='bbox 1239 2944 1555 3013; x_wconf 89' lang='lat' dir='ltr'><strong>dignitatem</strong></span> <span class='ocrx_word' id='word_1_325' title='bbox 1603 2947 1941 3014; x_wconf 79' lang='lat' dir='ltr'><strong>pervenient,</strong></span> <span class='ocrx_word' id='word_1_326' title='bbox 1994 2959 2057 2998; x_wconf 86' lang='lat' dir='ltr'><strong>ac</strong></span> 
     </span>
    </p>
   </div>
   <div class='ocr_carea' id='block_1_46' title="bbox 488 3036 2052 3109">
    <p class='ocr_par' dir='ltr' id='par_1_46' title="bbox 488 3036 2052 3109">
     <span class='ocr_line' id='line_1_46' title="bbox 488 3036 2052 3109; baseline -0.003 -16"><span class='ocrx_word' id='word_1_327' title='bbox 488 3041 700 3109; x_wconf 87' lang='lat' dir='ltr'><strong>populis</strong></span> <span class='ocrx_word' id='word_1_328' title='bbox 726 3056 846 3093; x_wconf 87' lang='lat' dir='ltr'><strong>cum</strong></span> <span class='ocrx_word' id='word_1_329' title='bbox 885 3039 1113 3106; x_wconf 84' lang='lat' dir='ltr'><strong>imperio</strong></span> <span class='ocrx_word' id='word_1_330' title='bbox 1165 3046 1456 3106; x_wconf 70' lang='lat' dir='ltr'><strong>praeerunt.</strong></span> <span class='ocrx_word' id='word_1_331' title='bbox 1495 3036 1803 3091; x_wconf 88' lang='lat' dir='ltr'><strong>Secundum</strong></span> <span class='ocrx_word' id='word_1_332' title='bbox 1842 3037 1930 3091; x_wconf 89' lang='lat' dir='ltr'><strong>illa</strong></span> <span class='ocrx_word' id='word_1_333' title='bbox 1962 3052 2052 3088; x_wconf 87' lang='lat' dir='ltr'><strong>na-</strong></span> 
     </span>
    </p>
   </div>
   <div class='ocr_carea' id='block_1_47' title="bbox 490 3128 2056 3199">
    <p class='ocr_par' dir='ltr' id='par_1_47' title="bbox 490 3128 2056 3199">
     <span class='ocr_line' id='line_1_47' title="bbox 490 3128 2056 3199; baseline -0.001 -14"><span class='ocrx_word' id='word_1_334' title='bbox 490 3145 576 3186; x_wconf 91' lang='lat' dir='ltr'><strong>tus</strong></span> <span class='ocrx_word' id='word_1_335' title='bbox 628 3133 730 3185; x_wconf 85' lang='lat' dir='ltr'><strong>fuit</strong></span> <span class='ocrx_word' id='word_1_336' title='bbox 779 3136 1003 3193; x_wconf 83' lang='lat' dir='ltr'><strong>Osman,</strong></span> <span class='ocrx_word' id='word_1_337' title='bbox 1059 3133 1150 3199; x_wconf 90' lang='lat' dir='ltr'><strong>qui</strong></span> <span class='ocrx_word' id='word_1_338' title='bbox 1213 3148 1334 3184; x_wconf 86' lang='lat' dir='ltr'><strong>cum</strong></span> <span class='ocrx_word' id='word_1_339' title='bbox 1377 3131 1726 3194; x_wconf 78' lang='lat' dir='ltr'><strong>adolevisset,</strong></span> <span class='ocrx_word' id='word_1_340' title='bbox 1782 3128 2056 3183; x_wconf 79' lang='lat' dir='ltr'><strong>Maltutue-</strong></span> 
     </span>
    </p>
   </div>
   <div class='ocr_carea' id='block_1_48' title="bbox 2149 1939 3718 2008">
    <p class='ocr_par' dir='ltr' id='par_1_48' title="bbox 2149 1939 3718 2008">
     <span class='ocr_line' id='line_1_48' title="bbox 2149 1939 3718 2008; baseline -0.001 -17"><span class='ocrx_word' id='word_1_341' title='bbox 2149 1939 2440 2008; x_wconf 76' lang='lat' dir='ltr'><strong>aggeribus</strong></span> <span class='ocrx_word' id='word_1_342' title='bbox 2486 1954 2550 1993; x_wconf 85' lang='lat' dir='ltr'><strong>ac</strong></span> <span class='ocrx_word' id='word_1_343' title='bbox 2582 1939 2770 2004; x_wconf 86' lang='lat' dir='ltr'><strong>fossis,</strong></span> <span class='ocrx_word' id='word_1_344' title='bbox 2804 1940 3083 1993; x_wconf 89' lang='lat' dir='ltr'><strong>civitatem</strong></span> <span class='ocrx_word' id='word_1_345' title='bbox 3121 1939 3404 1994; x_wconf 81' lang='lat' dir='ltr'><strong>obsessam</strong></span> <span class='ocrx_word' id='word_1_346' title='bbox 3441 1952 3550 1993; x_wconf 88' lang='lat' dir='ltr'><strong>tam</strong></span> <span class='ocrx_word' id='word_1_347' title='bbox 3601 1951 3718 1993; x_wconf 83' lang='lat' dir='ltr'><strong>arte</strong></span> 
     </span>
    </p>
   </div>
   <div class='ocr_carea' id='block_1_49' title="bbox 2152 2029 3723 2092">
    <p class='ocr_par' dir='ltr' id='par_1_49' title="bbox 2152 2029 3723 2092">
     <span class='ocr_line' id='line_1_49' title="bbox 2152 2029 3723 2092; baseline -0.001 -8"><span class='ocrx_word' id='word_1_348' title='bbox 2152 2029 2492 2092; x_wconf 85' lang='lat' dir='ltr'><strong>clauserunt.</strong></span> <span class='ocrx_word' id='word_1_349' title='bbox 2551 2041 2606 2085; x_wconf 88' lang='lat' dir='ltr'><strong>ut</strong></span> <span class='ocrx_word' id='word_1_350' title='bbox 2661 2033 2863 2085; x_wconf 89' lang='lat' dir='ltr'><strong>nemini</strong></span> <span class='ocrx_word' id='word_1_351' title='bbox 2914 2033 2995 2085; x_wconf 91' lang='lat' dir='ltr'><strong>vel</strong></span> <span class='ocrx_word' id='word_1_352' title='bbox 3045 2046 3301 2087; x_wconf 81' lang='lat' dir='ltr'><strong>accessus</strong></span> <span class='ocrx_word' id='word_1_353' title='bbox 3354 2033 3421 2085; x_wconf 89' lang='lat' dir='ltr'><strong>ad</strong></span> <span class='ocrx_word' id='word_1_354' title='bbox 3473 2047 3593 2084; x_wconf 89' lang='lat' dir='ltr'><strong>eam</strong></span> <span class='ocrx_word' id='word_1_355' title='bbox 3637 2031 3723 2083; x_wconf 87' lang='lat' dir='ltr'><strong>vel</strong></span> 
     </span>
    </p>
   </div>
   <div class='ocr_carea' id='block_1_50' title="bbox 2152 2124 3724 2194">
    <p class='ocr_par' dir='ltr' id='par_1_50' title="bbox 2152 2124 3724 2194">
     <span class='ocr_line' id='line_1_50' title="bbox 2152 2124 3724 2194; baseline -0.001 -16"><span class='ocrx_word' id='word_1_356' title='bbox 2152 2124 2331 2180; x_wconf 77' lang='lat' dir='ltr'><strong>exitus</strong></span> <span class='ocrx_word' id='word_1_357' title='bbox 2382 2135 2592 2193; x_wconf 88' lang='lat' dir='ltr'><strong>pateret</strong></span> <span class='ocrx_word' id='word_1_358' title='bbox 2622 2141 2638 2179; x_wconf 89' lang='lat'><strong>:</strong></span> <span class='ocrx_word' id='word_1_359' title='bbox 2669 2135 2834 2194; x_wconf 88' lang='lat' dir='ltr'><strong>atque</strong></span> <span class='ocrx_word' id='word_1_360' title='bbox 2881 2126 3100 2179; x_wconf 80' lang='lat' dir='ltr'><strong>interim</strong></span> <span class='ocrx_word' id='word_1_361' title='bbox 3164 2141 3353 2194; x_wconf 86' lang='lat' dir='ltr'><strong>agrum</strong></span> <span class='ocrx_word' id='word_1_362' title='bbox 3405 2139 3624 2178; x_wconf 90' lang='lat' dir='ltr'><strong>omnem</strong></span> <span class='ocrx_word' id='word_1_363' title='bbox 3661 2125 3724 2178; x_wconf 80' lang='lat' dir='ltr'><strong>in</strong></span> 
     </span>
    </p>
   </div>
   <div class='ocr_carea' id='block_1_51' title="bbox 2154 2214 3718 2284">
    <p class='ocr_par' dir='ltr' id='par_1_51' title="bbox 2154 2214 3718 2284">
     <span class='ocr_line' id='line_1_51' title="bbox 2154 2214 3718 2284; baseline 0.002 -19"><span class='ocrx_word' id='word_1_364' title='bbox 2154 2222 2478 2282; x_wconf 88' lang='lat' dir='ltr'><strong>potestatem</strong></span> <span class='ocrx_word' id='word_1_365' title='bbox 2539 2229 2695 2268; x_wconf 87' lang='lat' dir='ltr'><strong>suam</strong></span> <span class='ocrx_word' id='word_1_366' title='bbox 2757 2214 3107 2284; x_wconf 78' lang='lat' dir='ltr'><strong>redegerunt,</strong></span> <span class='ocrx_word' id='word_1_367' title='bbox 3161 2215 3296 2269; x_wconf 92' lang='lat' dir='ltr'><strong>nihil</strong></span> <span class='ocrx_word' id='word_1_368' title='bbox 3343 2225 3403 2269; x_wconf 93' lang='lat' dir='ltr'><strong>ut</strong></span> <span class='ocrx_word' id='word_1_369' title='bbox 3452 2215 3718 2278; x_wconf 81' lang='lat' dir='ltr'><strong>obsessis,</strong></span> 
     </span>
    </p>
   </div>
   <div class='ocr_carea' id='block_1_52' title="bbox 2156 2305 3721 2376">
    <p class='ocr_par' dir='ltr' id='par_1_52' title="bbox 2156 2305 3721 2376">
     <span class='ocr_line' id='line_1_52' title="bbox 2156 2305 3721 2376; baseline 0.001 -20"><span class='ocrx_word' id='word_1_370' title='bbox 2156 2315 2351 2374; x_wconf 71' lang='lat' dir='ltr'><strong>praeter</strong></span> <span class='ocrx_word' id='word_1_371' title='bbox 2424 2305 2598 2375; x_wconf 80' lang='lat' dir='ltr'><strong>ipsam</strong></span> <span class='ocrx_word' id='word_1_372' title='bbox 2669 2308 2878 2370; x_wconf 89' lang='lat' dir='ltr'><strong>urbem,</strong></span> <span class='ocrx_word' id='word_1_373' title='bbox 2965 2307 3160 2376; x_wconf 89' lang='lat' dir='ltr'><strong>reliqui</strong></span> <span class='ocrx_word' id='word_1_374' title='bbox 3237 2307 3504 2362; x_wconf 83' lang='lat' dir='ltr'><strong>facerent.</strong></span> <span class='ocrx_word' id='word_1_375' title='bbox 3583 2306 3721 2360; x_wconf 89' lang='lat' dir='ltr'><strong>Dum</strong></span> 
     </span>
    </p>
   </div>
   <div class='ocr_carea' id='block_1_53' title="bbox 2158 2396 3722 2468">
    <p class='ocr_par' dir='ltr' id='par_1_53' title="bbox 2158 2396 3722 2468">
     <span class='ocr_line' id='line_1_53' title="bbox 2158 2396 3722 2468; baseline 0.001 -19"><span class='ocrx_word' id='word_1_376' title='bbox 2158 2396 2346 2452; x_wconf 80' lang='lat' dir='ltr'><strong>istbaec</strong></span> <span class='ocrx_word' id='word_1_377' title='bbox 2391 2401 2551 2451; x_wconf 88' lang='lat' dir='ltr'><strong>durat</strong></span> <span class='ocrx_word' id='word_1_378' title='bbox 2594 2398 2830 2462; x_wconf 88' lang='lat' dir='ltr'><strong>obsidio,</strong></span> <span class='ocrx_word' id='word_1_379' title='bbox 2876 2415 2998 2453; x_wconf 90' lang='lat' dir='ltr'><strong>cum</strong></span> <span class='ocrx_word' id='word_1_380' title='bbox 3022 2409 3174 2468; x_wconf 88' lang='lat' dir='ltr'><strong>parte</strong></span> <span class='ocrx_word' id='word_1_381' title='bbox 3197 2401 3473 2454; x_wconf 87' lang='lat' dir='ltr'><strong>exercitus</strong></span> <span class='ocrx_word' id='word_1_382' title='bbox 3518 2398 3722 2454; x_wconf 85' lang='lat' dir='ltr'><strong>Osman</strong></span> 
     </span>
    </p>
   </div>
   <div class='ocr_carea' id='block_1_54' title="bbox 2158 2488 3722 2560">
    <p class='ocr_par' dir='ltr' id='par_1_54' title="bbox 2158 2488 3722 2560">
     <span class='ocr_line' id='line_1_54' title="bbox 2158 2488 3722 2560; baseline -0.002 -17"><span class='ocrx_word' id='word_1_383' title='bbox 2158 2489 2327 2544; x_wconf 86' lang='lat' dir='ltr'><strong>Gases</strong></span> <span class='ocrx_word' id='word_1_384' title='bbox 2357 2491 2470 2558; x_wconf 88' lang='lat' dir='ltr'><strong>ipse</strong></span> <span class='ocrx_word' id='word_1_385' title='bbox 2499 2488 2803 2560; x_wconf 79' lang='lat' dir='ltr'><strong>Neapolim,</strong></span> <span class='ocrx_word' id='word_1_386' title='bbox 2837 2507 2954 2559; x_wconf 71' lang='lat' dir='ltr'><strong>quae</strong></span> <span class='ocrx_word' id='word_1_387' title='bbox 2980 2491 3352 2547; x_wconf 86' lang='lat' dir='ltr'><strong>Geniscbeher</strong></span> <span class='ocrx_word' id='word_1_388' title='bbox 3379 2493 3559 2560; x_wconf 88' lang='lat' dir='ltr'><strong>lingua</strong></span> <span class='ocrx_word' id='word_1_389' title='bbox 3588 2492 3722 2542; x_wconf 87' lang='lat' dir='ltr'><strong>Tur-</strong></span> 
     </span>
    </p>
   </div>
   <div class='ocr_carea' id='block_1_55' title="bbox 2160 2578 3723 2648">
    <p class='ocr_par' dir='ltr' id='par_1_55' title="bbox 2160 2578 3723 2648">
     <span class='ocr_line' id='line_1_55' title="bbox 2160 2578 3723 2648; baseline -0.001 -18"><span class='ocrx_word' id='word_1_390' title='bbox 2160 2579 2276 2630; x_wconf 84' lang='lat' dir='ltr'><strong>cica</strong></span> <span class='ocrx_word' id='word_1_391' title='bbox 2331 2580 2551 2642; x_wconf 82' lang='lat' dir='ltr'><strong>dicitur,</strong></span> <span class='ocrx_word' id='word_1_392' title='bbox 2610 2578 2912 2634; x_wconf 68' lang='lat' dir='ltr'><strong>totitettdit.</strong></span> <span class='ocrx_word' id='word_1_393' title='bbox 2974 2578 3104 2648; x_wconf 78' lang='lat' dir='ltr'><strong>Ejus</strong></span> <span class='ocrx_word' id='word_1_394' title='bbox 3164 2578 3376 2633; x_wconf 75' lang='lat' dir='ltr'><strong>vicinia:</strong></span> <span class='ocrx_word' id='word_1_395' title='bbox 3424 2578 3723 2632; x_wconf 81' lang='lat' dir='ltr'><strong>Christiani</strong></span> 
     </span>
    </p>
   </div>
   <div class='ocr_carea' id='block_1_56' title="bbox 2161 2670 3720 2738">
    <p class='ocr_par' dir='ltr' id='par_1_56' title="bbox 2161 2670 3720 2738">
     <span class='ocr_line' id='line_1_56' title="bbox 2161 2670 3720 2738; baseline 0 -16"><span class='ocrx_word' id='word_1_396' title='bbox 2161 2684 2376 2731; x_wconf 86' lang='lat' dir='ltr'><strong>omnes,</strong></span> <span class='ocrx_word' id='word_1_397' title='bbox 2427 2670 2633 2723; x_wconf 74' lang='lat' dir='ltr'><strong>eoat-tis</strong></span> <span class='ocrx_word' id='word_1_398' title='bbox 2663 2671 2838 2738; x_wconf 74' lang='lat' dir='ltr'><strong>copiis</strong></span> <span class='ocrx_word' id='word_1_399' title='bbox 2891 2672 3029 2735; x_wconf 89' lang='lat' dir='ltr'><strong>suis,</strong></span> <span class='ocrx_word' id='word_1_400' title='bbox 3085 2685 3206 2724; x_wconf 87' lang='lat' dir='ltr'><strong>eum</strong></span> <span class='ocrx_word' id='word_1_401' title='bbox 3253 2671 3491 2726; x_wconf 87' lang='lat' dir='ltr'><strong>Osmane</strong></span> <span class='ocrx_word' id='word_1_402' title='bbox 3529 2671 3720 2725; x_wconf 89' lang='lat' dir='ltr'><strong>confli-</strong></span> 
     </span>
    </p>
   </div>
   <div class='ocr_carea' id='block_1_57' title="bbox 2162 2762 3726 2832">
    <p class='ocr_par' dir='ltr' id='par_1_57' title="bbox 2162 2762 3726 2832">
     <span class='ocr_line' id='line_1_57' title="bbox 2162 2762 3726 2832; baseline 0.002 -19"><span class='ocrx_word' id='word_1_403' title='bbox 2162 2772 2295 2831; x_wconf 87' lang='lat' dir='ltr'><strong>gttttt</strong></span> <span class='ocrx_word' id='word_1_404' title='bbox 2329 2779 2344 2815; x_wconf 86' lang='lat'><strong>:</strong></span> <span class='ocrx_word' id='word_1_405' title='bbox 2393 2765 2486 2815; x_wconf 76' lang='lat' dir='ltr'><strong>sed</strong></span> <span class='ocrx_word' id='word_1_406' title='bbox 2524 2762 2725 2816; x_wconf 70' lang='lat' dir='ltr'><strong>Oalllall</strong></span> <span class='ocrx_word' id='word_1_407' title='bbox 2765 2766 2952 2832; x_wconf 71' lang='lat' dir='ltr'><strong>prwlio</strong></span> <span class='ocrx_word' id='word_1_408' title='bbox 3009 2763 3283 2832; x_wconf 89' lang='lat' dir='ltr'><strong>superior,</strong></span> <span class='ocrx_word' id='word_1_409' title='bbox 3321 2766 3576 2817; x_wconf 84' lang='lat' dir='ltr'><strong>universa</strong></span> <span class='ocrx_word' id='word_1_410' title='bbox 3634 2763 3726 2817; x_wconf 88' lang='lat' dir='ltr'><strong>illa</strong></span> 
     </span>
    </p>
   </div>
   <div class='ocr_carea' id='block_1_58' title="bbox 2163 2851 3724 2922">
    <p class='ocr_par' dir='ltr' id='par_1_58' title="bbox 2163 2851 3724 2922">
     <span class='ocr_line' id='line_1_58' title="bbox 2163 2851 3724 2922; baseline 0.001 -18"><span class='ocrx_word' id='word_1_411' title='bbox 2163 2858 2386 2922; x_wconf 89' lang='lat' dir='ltr'><strong>regione</strong></span> <span class='ocrx_word' id='word_1_412' title='bbox 2416 2853 2642 2917; x_wconf 87' lang='lat' dir='ltr'><strong>potitur.</strong></span> <span class='ocrx_word' id='word_1_413' title='bbox 2677 2853 2747 2906; x_wconf 85' lang='lat' dir='ltr'><strong>Ea</strong></span> <span class='ocrx_word' id='word_1_414' title='bbox 2787 2869 2916 2904; x_wconf 77' lang='lat' dir='ltr'><strong>Vt&#39;l‘t)</strong></span> <span class='ocrx_word' id='word_1_415' title='bbox 2939 2851 3292 2906; x_wconf 85' lang='lat' dir='ltr'><strong>Turcicorutn</strong></span> <span class='ocrx_word' id='word_1_416' title='bbox 3345 2853 3599 2916; x_wconf 90' lang='lat' dir='ltr'><strong>militum,</strong></span> <span class='ocrx_word' id='word_1_417' title='bbox 3631 2857 3724 2921; x_wconf 89' lang='lat' dir='ltr'><strong>qui</strong></span> 
     </span>
    </p>
   </div>
   <div class='ocr_carea' id='block_1_59' title="bbox 2164 2945 3723 3013">
    <p class='ocr_par' dir='ltr' id='par_1_59' title="bbox 2164 2945 3723 3013">
     <span class='ocr_line' id='line_1_59' title="bbox 2164 2945 3723 3013; baseline 0 -17"><span class='ocrx_word' id='word_1_418' title='bbox 2164 2945 2230 2997; x_wconf 89' lang='lat' dir='ltr'><strong>de</strong></span> <span class='ocrx_word' id='word_1_419' title='bbox 2281 2945 2467 3013; x_wconf 88' lang='lat' dir='ltr'><strong>spoliis</strong></span> <span class='ocrx_word' id='word_1_420' title='bbox 2503 2945 2745 3011; x_wconf 89' lang='lat' dir='ltr'><strong>opulenti</strong></span> <span class='ocrx_word' id='word_1_421' title='bbox 2786 2953 3098 3010; x_wconf 74' lang='lat' dir='ltr'><strong>evaserant,</strong></span> <span class='ocrx_word' id='word_1_422' title='bbox 3132 2945 3442 3013; x_wconf 74' lang='lat' dir='ltr'><strong>praesidium</strong></span> <span class='ocrx_word' id='word_1_423' title='bbox 3492 2948 3723 3013; x_wconf 86' lang='lat' dir='ltr'><strong>accepit,</strong></span> 
     </span>
    </p>
   </div>
   <div class='ocr_carea' id='block_1_60' title="bbox 2165 3035 3728 3104">
    <p class='ocr_par' dir='ltr' id='par_1_60' title="bbox 2165 3035 3728 3104">
     <span class='ocr_line' id='line_1_60' title="bbox 2165 3035 3728 3104; baseline 0.003 -18"><span class='ocrx_word' id='word_1_424' title='bbox 2165 3035 2370 3102; x_wconf 87' lang='lat' dir='ltr'><strong>absque</strong></span> <span class='ocrx_word' id='word_1_425' title='bbox 2403 3035 2817 3104; x_wconf 83' lang='lat' dir='ltr'><strong>provincialium</strong></span> <span class='ocrx_word' id='word_1_426' title='bbox 2851 3040 3072 3090; x_wconf 90' lang='lat' dir='ltr'><strong>damno.</strong></span> <span class='ocrx_word' id='word_1_427' title='bbox 3121 3035 3216 3091; x_wconf 90' lang='lat' dir='ltr'><strong>llis</strong></span> <span class='ocrx_word' id='word_1_428' title='bbox 3250 3037 3414 3092; x_wconf 87' lang='lat' dir='ltr'><strong>rebus</strong></span> <span class='ocrx_word' id='word_1_429' title='bbox 3442 3052 3508 3092; x_wconf 85' lang='lat' dir='ltr'><strong>ex</strong></span> <span class='ocrx_word' id='word_1_430' title='bbox 3557 3040 3728 3092; x_wconf 87' lang='lat' dir='ltr'><strong>animi</strong></span> 
     </span>
    </p>
   </div>
   <div class='ocr_carea' id='block_1_61' title="bbox 2168 3127 3730 3199">
    <p class='ocr_par' dir='ltr' id='par_1_61' title="bbox 2168 3127 3730 3199">
     <span class='ocr_line' id='line_1_61' title="bbox 2168 3127 3730 3199; baseline 0.001 -17"><span class='ocrx_word' id='word_1_431' title='bbox 2168 3127 2433 3181; x_wconf 83' lang='lat' dir='ltr'><strong>sententia</strong></span> <span class='ocrx_word' id='word_1_432' title='bbox 2495 3127 2782 3190; x_wconf 82' lang='lat' dir='ltr'><strong>confeCtis,</strong></span> <span class='ocrx_word' id='word_1_433' title='bbox 2845 3127 3157 3182; x_wconf 87' lang='lat' dir='ltr'><strong>Ut‘cltanetn</strong></span> <span class='ocrx_word' id='word_1_434' title='bbox 3215 3129 3386 3183; x_wconf 87' lang='lat' dir='ltr'><strong>lilium</strong></span> <span class='ocrx_word' id='word_1_435' title='bbox 3441 3132 3508 3184; x_wconf 91' lang='lat' dir='ltr'><strong>ad</strong></span> <span class='ocrx_word' id='word_1_436' title='bbox 3561 3145 3730 3199; x_wconf 73' lang='lat' dir='ltr'><strong>expu-</strong></span> 
     </span>
    </p>
   </div>
   <div class='ocr_carea' id='block_1_62' title="bbox 489 3196 3728 3290">
    <p class='ocr_par' dir='ltr' id='par_1_62' title="bbox 489 3196 3728 3290">
     <span class='ocr_line' id='line_1_62' title="bbox 489 3196 3728 3290; baseline -0.001 -10"><span class='ocrx_word' id='word_1_437' title='bbox 489 3226 599 3280; x_wconf 90' lang='lat' dir='ltr'><strong>tani</strong></span> <span class='ocrx_word' id='word_1_438' title='bbox 629 3226 767 3277; x_wconf 89' lang='lat' dir='ltr'><strong>vatis</strong></span> <span class='ocrx_word' id='word_1_439' title='bbox 803 3225 949 3277; x_wconf 77' lang='lat' dir='ltr'><strong>illius</strong></span> <span class='ocrx_word' id='word_1_440' title='bbox 980 3223 1143 3276; x_wconf 89' lang='lat' dir='ltr'><strong>tiliam</strong></span> <span class='ocrx_word' id='word_1_441' title='bbox 1186 3224 1342 3275; x_wconf 86' lang='lat' dir='ltr'><strong>duxit</strong></span> <span class='ocrx_word' id='word_1_442' title='bbox 1387 3238 1632 3286; x_wconf 82' lang='lat' dir='ltr'><strong>uxorem,</strong></span> <span class='ocrx_word' id='word_1_443' title='bbox 1681 3224 1748 3276; x_wconf 90' lang='lat' dir='ltr'><strong>de</strong></span> <span class='ocrx_word' id='word_1_444' title='bbox 1794 3237 1899 3290; x_wconf 90' lang='lat' dir='ltr'><strong>qua</strong></span> <span class='ocrx_word' id='word_1_445' title='bbox 1954 3236 2051 3273; x_wconf 90' lang='lat' dir='ltr'><strong>na-</strong></span> <span class='ocrx_word' id='word_1_446' title='bbox 2087 3196 2129 3254; x_wconf 68' lang='grc' dir='ltr'>ο</span> <span class='ocrx_word' id='word_1_447' title='bbox 2164 3219 2434 3289; x_wconf 87' lang='lat' dir='ltr'><strong>gnandam</strong></span> <span class='ocrx_word' id='word_1_448' title='bbox 2474 3221 2706 3273; x_wconf 87' lang='lat' dir='ltr'><strong>Prusam</strong></span> <span class='ocrx_word' id='word_1_449' title='bbox 2751 3221 2984 3287; x_wconf 83' lang='lat' dir='ltr'><strong>ablegat.</strong></span> <span class='ocrx_word' id='word_1_450' title='bbox 3025 3220 3226 3274; x_wconf 92' lang='lat' dir='ltr'><strong>llorum</strong></span> <span class='ocrx_word' id='word_1_451' title='bbox 3258 3221 3490 3276; x_wconf 88' lang='lat' dir='ltr'><strong>militum</strong></span> <span class='ocrx_word' id='word_1_452' title='bbox 3545 3237 3728 3278; x_wconf 82' lang='lat' dir='ltr'><strong>acces-</strong></span> 
     </span>
    </p>
   </div>
   <div class='ocr_carea' id='block_1_63' title="bbox 491 3313 2056 3383">
    <p class='ocr_par' dir='ltr' id='par_1_63' title="bbox 491 3313 2056 3383">
     <span class='ocr_line' id='line_1_63' title="bbox 491 3313 2056 3383; baseline -0.004 -13"><span class='ocrx_word' id='word_1_453' title='bbox 491 3326 580 3370; x_wconf 89' lang='lat' dir='ltr'><strong>tus</strong></span> <span class='ocrx_word' id='word_1_454' title='bbox 639 3327 723 3371; x_wconf 88' lang='lat' dir='ltr'><strong>est</strong></span> <span class='ocrx_word' id='word_1_455' title='bbox 777 3318 823 3369; x_wconf 92' lang='lat' dir='ltr'><strong>ei</strong></span> <span class='ocrx_word' id='word_1_456' title='bbox 864 3317 1004 3370; x_wconf 92' lang='lat' dir='ltr'><strong>tilius</strong></span> <span class='ocrx_word' id='word_1_457' title='bbox 1049 3313 1288 3368; x_wconf 88' lang='lat' dir='ltr'><strong>Urchan.</strong></span> <span class='ocrx_word' id='word_1_458' title='bbox 1327 3314 1576 3383; x_wconf 82' lang='lat' dir='ltr'><strong>Cumth</strong></span> <span class='ocrx_word' id='word_1_459' title='bbox 1614 3313 1910 3382; x_wconf 82' lang='lat' dir='ltr'><strong>provinciis</strong></span> <span class='ocrx_word' id='word_1_460' title='bbox 1959 3315 2056 3364; x_wconf 82' lang='lat' dir='ltr'><strong>ali-</strong></span> 
     </span>
    </p>
   </div>
   <div class='ocr_carea' id='block_1_64' title="bbox 497 3404 2052 3474">
    <p class='ocr_par' dir='ltr' id='par_1_64' title="bbox 497 3404 2052 3474">
     <span class='ocr_line' id='line_1_64' title="bbox 497 3404 2052 3474; baseline -0.001 -17"><span class='ocrx_word' id='word_1_461' title='bbox 497 3417 630 3474; x_wconf 87' lang='lat' dir='ltr'><strong>quot</strong></span> <span class='ocrx_word' id='word_1_462' title='bbox 685 3410 984 3474; x_wconf 75' lang='lat' dir='ltr'><strong>occupatis,</strong></span> <span class='ocrx_word' id='word_1_463' title='bbox 1033 3407 1398 3474; x_wconf 87' lang='lat' dir='ltr'><strong>principatum</strong></span> <span class='ocrx_word' id='word_1_464' title='bbox 1453 3404 1556 3458; x_wconf 88' lang='lat' dir='ltr'><strong>sibi</strong></span> <span class='ocrx_word' id='word_1_465' title='bbox 1611 3406 1992 3458; x_wconf 80' lang='lat' dir='ltr'><strong>constituisset</strong></span> <span class='ocrx_word' id='word_1_466' title='bbox 2038 3420 2052 3456; x_wconf 91' lang='lat'><strong>:</strong></span> 
     </span>
    </p>
   </div>
   <div class='ocr_carea' id='block_1_65' title="bbox 503 3496 2058 3565">
    <p class='ocr_par' dir='ltr' id='par_1_65' title="bbox 503 3496 2058 3565">
     <span class='ocr_line' id='line_1_65' title="bbox 503 3496 2058 3565; baseline -0.001 -15"><span class='ocrx_word' id='word_1_467' title='bbox 503 3505 704 3563; x_wconf 77' lang='lat' dir='ltr'><strong>pultem</strong></span> <span class='ocrx_word' id='word_1_468' title='bbox 735 3497 991 3552; x_wconf 89' lang='lat' dir='ltr'><strong>ditionum</strong></span> <span class='ocrx_word' id='word_1_469' title='bbox 1023 3499 1165 3552; x_wconf 87' lang='lat' dir='ltr'><strong>inter</strong></span> <span class='ocrx_word' id='word_1_470' title='bbox 1193 3501 1360 3551; x_wconf 89' lang='lat' dir='ltr'><strong>duces</strong></span> <span class='ocrx_word' id='word_1_471' title='bbox 1411 3496 1692 3558; x_wconf 89' lang='lat' dir='ltr'><strong>militares,</strong></span> <span class='ocrx_word' id='word_1_472' title='bbox 1745 3498 1836 3565; x_wconf 90' lang='lat' dir='ltr'><strong>qui</strong></span> <span class='ocrx_word' id='word_1_473' title='bbox 1886 3512 1950 3548; x_wconf 89' lang='lat' dir='ltr'><strong>ea</strong></span> <span class='ocrx_word' id='word_1_474' title='bbox 2002 3498 2058 3548; x_wconf 90' lang='lat' dir='ltr'><strong>itt</strong></span> 
     </span>
    </p>
   </div>
   <div class='ocr_carea' id='block_1_66' title="bbox 505 3589 2061 3657">
    <p class='ocr_par' dir='ltr' id='par_1_66' title="bbox 505 3589 2061 3657">
     <span class='ocr_line' id='line_1_66' title="bbox 505 3589 2061 3657; baseline 0.001 -16"><span class='ocrx_word' id='word_1_475' title='bbox 505 3591 620 3642; x_wconf 86' lang='lat' dir='ltr'><strong>loca</strong></span> <span class='ocrx_word' id='word_1_476' title='bbox 664 3603 784 3642; x_wconf 89' lang='lat' dir='ltr'><strong>cum</strong></span> <span class='ocrx_word' id='word_1_477' title='bbox 816 3589 1075 3643; x_wconf 84' lang='lat' dir='ltr'><strong>Ertucule</strong></span> <span class='ocrx_word' id='word_1_478' title='bbox 1109 3599 1263 3657; x_wconf 87' lang='lat' dir='ltr'><strong>pane</strong></span> <span class='ocrx_word' id='word_1_479' title='bbox 1309 3597 1590 3652; x_wconf 83' lang='lat' dir='ltr'><strong>venerant,</strong></span> <span class='ocrx_word' id='word_1_480' title='bbox 1625 3589 1918 3641; x_wconf 81' lang='lat' dir='ltr'><strong>liberaliter</strong></span> <span class='ocrx_word' id='word_1_481' title='bbox 1949 3589 2061 3643; x_wconf 80' lang='lat' dir='ltr'><strong>dis-</strong></span> 
     </span>
    </p>
   </div>
   <div class='ocr_carea' id='block_1_67' title="bbox 502 3663 2058 3750">
    <p class='ocr_par' dir='ltr' id='par_1_67' title="bbox 502 3663 2058 3750">
     <span class='ocr_line' id='line_1_67' title="bbox 502 3663 2058 3750; baseline -0.001 -15"><span class='ocrx_word' id='word_1_482' title='bbox 502 3682 687 3735; x_wconf 88' lang='lat' dir='ltr'><strong>tribuit</strong></span> <span class='ocrx_word' id='word_1_483' title='bbox 724 3698 738 3734; x_wconf 92' lang='lat'><strong><em>:</em></strong></span> <span class='ocrx_word' id='word_1_484' title='bbox 775 3697 805 3735; x_wconf 90' lang='lat' dir='ltr'><strong>a</strong></span> <span class='ocrx_word' id='word_1_485' title='bbox 843 3682 1045 3750; x_wconf 89' lang='lat' dir='ltr'><strong>quibus</strong></span> <span class='ocrx_word' id='word_1_486' title='bbox 1092 3681 1195 3733; x_wconf 78' lang='lat' dir='ltr'><strong>illa:</strong></span> <span class='ocrx_word' id='word_1_487' title='bbox 1241 3680 1488 3750; x_wconf 86' lang='lat' dir='ltr'><strong>regiones</strong></span> <span class='ocrx_word' id='word_1_488' title='bbox 1517 3663 1787 3748; x_wconf 81' lang='lat' dir='ltr'><strong>hodieque</strong></span> <span class='ocrx_word' id='word_1_489' title='bbox 1838 3682 2058 3733; x_wconf 89' lang='lat' dir='ltr'><strong>nomina</strong></span> 
     </span>
    </p>
   </div>
   <div class='ocr_carea' id='block_1_68' title="bbox 497 3770 2057 3837">
    <p class='ocr_par' dir='ltr' id='par_1_68' title="bbox 497 3770 2057 3837">
     <span class='ocr_line' id='line_1_68' title="bbox 497 3770 2057 3837; baseline -0.003 -8"><span class='ocrx_word' id='word_1_490' title='bbox 497 3790 590 3829; x_wconf 83' lang='lat' dir='ltr'><strong>sua</strong></span> <span class='ocrx_word' id='word_1_491' title='bbox 629 3775 833 3828; x_wconf 78' lang='lat' dir='ltr'><strong>sortita:</strong></span> <span class='ocrx_word' id='word_1_492' title='bbox 872 3786 1020 3828; x_wconf 91' lang='lat' dir='ltr'><strong>sunt.</strong></span> <span class='ocrx_word' id='word_1_493' title='bbox 1048 3772 1234 3827; x_wconf 84' lang='lat' dir='ltr'><strong>itidem</strong></span> <span class='ocrx_word' id='word_1_494' title='bbox 1283 3770 1517 3826; x_wconf 88' lang='lat' dir='ltr'><strong>Urehani</strong></span> <span class='ocrx_word' id='word_1_495' title='bbox 1563 3771 1943 3837; x_wconf 82' lang='lat' dir='ltr'><strong>ditiunculam,</strong></span> <span class='ocrx_word' id='word_1_496' title='bbox 1971 3774 2057 3825; x_wconf 88' lang='lat' dir='ltr'><strong>cui</strong></span> 
     </span>
    </p>
   </div>
   <div class='ocr_carea' id='block_1_69' title="bbox 497 3863 2062 3935">
    <p class='ocr_par' dir='ltr' id='par_1_69' title="bbox 497 3863 2062 3935">
     <span class='ocr_line' id='line_1_69' title="bbox 497 3863 2062 3935; baseline -0.003 -15"><span class='ocrx_word' id='word_1_497' title='bbox 497 3883 690 3920; x_wconf 90' lang='lat' dir='ltr'><strong>nomen</strong></span> <span class='ocrx_word' id='word_1_498' title='bbox 720 3867 916 3921; x_wconf 84' lang='lat' dir='ltr'><strong>Cbisar</strong></span> <span class='ocrx_word' id='word_1_499' title='bbox 956 3865 1214 3935; x_wconf 86' lang='lat' dir='ltr'><strong>Sangagi,</strong></span> <span class='ocrx_word' id='word_1_500' title='bbox 1245 3875 1296 3918; x_wconf 82' lang='lat' dir='ltr'><strong>et</strong></span> <span class='ocrx_word' id='word_1_501' title='bbox 1342 3879 1642 3934; x_wconf 81' lang='lat' dir='ltr'><strong>cegttottten</strong></span> <span class='ocrx_word' id='word_1_502' title='bbox 1674 3863 1892 3932; x_wconf 81' lang='lat' dir='ltr'><strong>Inunge,</strong></span> <span class='ocrx_word' id='word_1_503' title='bbox 1931 3879 2062 3919; x_wconf 88' lang='lat' dir='ltr'><strong>eon-</strong></span> 
     </span>
    </p>
   </div>
   <div class='ocr_carea' id='block_1_70' title="bbox 496 3955 2061 4020">
    <p class='ocr_par' dir='ltr' id='par_1_70' title="bbox 496 3955 2061 4020">
     <span class='ocr_line' id='line_1_70' title="bbox 496 3955 2061 4020; baseline -0.003 -7"><span class='ocrx_word' id='word_1_504' title='bbox 496 3962 684 4014; x_wconf 86' lang='lat' dir='ltr'><strong>cessit.</strong></span> <span class='ocrx_word' id='word_1_505' title='bbox 725 3958 929 4015; x_wconf 86' lang='lat' dir='ltr'><strong>Deinde</strong></span> <span class='ocrx_word' id='word_1_506' title='bbox 972 3972 1132 4011; x_wconf 89' lang='lat' dir='ltr'><strong>natus</strong></span> <span class='ocrx_word' id='word_1_507' title='bbox 1159 3968 1245 4012; x_wconf 76' lang='lat' dir='ltr'><strong>est</strong></span> <span class='ocrx_word' id='word_1_508' title='bbox 1289 3957 1510 4011; x_wconf 86' lang='lat' dir='ltr'><strong>Osmani</strong></span> <span class='ocrx_word' id='word_1_509' title='bbox 1553 3956 1695 4010; x_wconf 89' lang='lat' dir='ltr'><strong>tilius</strong></span> <span class='ocrx_word' id='word_1_510' title='bbox 1741 3956 1897 4020; x_wconf 83' lang='lat' dir='ltr'><strong>alter,</strong></span> <span class='ocrx_word' id='word_1_511' title='bbox 1945 3955 2061 4009; x_wconf 87' lang='lat' dir='ltr'><strong>Alis</strong></span> 
     </span>
    </p>
   </div>
   <div class='ocr_carea' id='block_1_71' title="bbox 498 4047 2062 4123">
    <p class='ocr_par' dir='ltr' id='par_1_71' title="bbox 498 4047 2062 4123">
     <span class='ocr_line' id='line_1_71' title="bbox 498 4047 2062 4123; baseline -0.001 -17"><span class='ocrx_word' id='word_1_512' title='bbox 498 4056 656 4109; x_wconf 89' lang='lat' dir='ltr'><strong>bassa</strong></span> <span class='ocrx_word' id='word_1_513' title='bbox 699 4073 713 4108; x_wconf 90' lang='lat'><strong>:</strong></span> <span class='ocrx_word' id='word_1_514' title='bbox 749 4071 910 4123; x_wconf 89' lang='lat' dir='ltr'><strong>quem</strong></span> <span class='ocrx_word' id='word_1_515' title='bbox 943 4064 1209 4123; x_wconf 76' lang='lat' dir='ltr'><strong>perpetuo</strong></span> <span class='ocrx_word' id='word_1_516' title='bbox 1237 4069 1420 4106; x_wconf 82' lang='lat' dir='ltr'><strong>secum</strong></span> <span class='ocrx_word' id='word_1_517' title='bbox 1462 4067 1583 4105; x_wconf 76' lang='lat' dir='ltr'><strong>esse</strong></span> <span class='ocrx_word' id='word_1_518' title='bbox 1638 4050 1828 4106; x_wconf 91' lang='lat' dir='ltr'><strong>voluit.</strong></span> <span class='ocrx_word' id='word_1_519' title='bbox 1880 4047 2062 4104; x_wconf 83' lang='lat' dir='ltr'><strong>Rebus</strong></span> 
     </span>
    </p>
   </div>
   <div class='ocr_carea' id='block_1_72' title="bbox 499 4139 2064 4210">
    <p class='ocr_par' dir='ltr' id='par_1_72' title="bbox 499 4139 2064 4210">
     <span class='ocr_line' id='line_1_72' title="bbox 499 4139 2064 4210; baseline -0.004 -11"><span class='ocrx_word' id='word_1_520' title='bbox 499 4157 600 4200; x_wconf 78' lang='lat' dir='ltr'><strong>hoc</strong></span> <span class='ocrx_word' id='word_1_521' title='bbox 645 4149 808 4199; x_wconf 91' lang='lat' dir='ltr'><strong>modo</strong></span> <span class='ocrx_word' id='word_1_522' title='bbox 839 4146 1173 4210; x_wconf 78' lang='lat' dir='ltr'><strong>constitutis,</strong></span> <span class='ocrx_word' id='word_1_523' title='bbox 1213 4153 1360 4210; x_wconf 86' lang='lat' dir='ltr'><strong>pater</strong></span> <span class='ocrx_word' id='word_1_524' title='bbox 1385 4155 1438 4195; x_wconf 90' lang='lat' dir='ltr'><strong>et</strong></span> <span class='ocrx_word' id='word_1_525' title='bbox 1469 4143 1614 4196; x_wconf 82' lang='lat' dir='ltr'><strong>ﬁlius</strong></span> <span class='ocrx_word' id='word_1_526' title='bbox 1645 4139 1885 4204; x_wconf 87' lang='lat' dir='ltr'><strong>Urcban,</strong></span> <span class='ocrx_word' id='word_1_527' title='bbox 1933 4156 2064 4194; x_wconf 84' lang='lat' dir='ltr'><strong>con-</strong></span> 
     </span>
    </p>
   </div>
   <div class='ocr_carea' id='block_1_73' title="bbox 493 4234 2065 4309">
    <p class='ocr_par' dir='ltr' id='par_1_73' title="bbox 493 4234 2065 4309">
     <span class='ocr_line' id='line_1_73' title="bbox 493 4234 2065 4309; baseline -0.004 -17"><span class='ocrx_word' id='word_1_528' title='bbox 493 4241 698 4309; x_wconf 83' lang='lat' dir='ltr'><strong>junctis</strong></span> <span class='ocrx_word' id='word_1_529' title='bbox 732 4239 922 4306; x_wconf 86' lang='lat' dir='ltr'><strong>copiis,</strong></span> <span class='ocrx_word' id='word_1_530' title='bbox 961 4253 1113 4290; x_wconf 85' lang='lat' dir='ltr'><strong>arma</strong></span> <span class='ocrx_word' id='word_1_531' title='bbox 1151 4238 1202 4289; x_wconf 87' lang='lat' dir='ltr'><strong>itt</strong></span> <span class='ocrx_word' id='word_1_532' title='bbox 1238 4237 1582 4290; x_wconf 88' lang='lat' dir='ltr'><strong>Christianos</strong></span> <span class='ocrx_word' id='word_1_533' title='bbox 1607 4234 1923 4304; x_wconf 86' lang='lat' dir='ltr'><strong>expediunt,</strong></span> <span class='ocrx_word' id='word_1_534' title='bbox 1949 4247 2065 4286; x_wconf 88' lang='lat' dir='ltr'><strong>Otu-</strong></span> 
     </span>
    </p>
   </div>
   <div class='ocr_carea' id='block_1_74' title="bbox 499 4331 2066 4400">
    <p class='ocr_par' dir='ltr' id='par_1_74' title="bbox 499 4331 2066 4400">
     <span class='ocr_line' id='line_1_74' title="bbox 499 4331 2066 4400; baseline -0.003 -17"><span class='ocrx_word' id='word_1_535' title='bbox 499 4334 583 4384; x_wconf 86' lang='lat' dir='ltr'><strong>uia</strong></span> <span class='ocrx_word' id='word_1_536' title='bbox 625 4333 729 4384; x_wconf 90' lang='lat' dir='ltr'><strong>late</strong></span> <span class='ocrx_word' id='word_1_537' title='bbox 777 4331 1128 4400; x_wconf 84' lang='lat' dir='ltr'><strong>populantur,</strong></span> <span class='ocrx_word' id='word_1_538' title='bbox 1170 4344 1330 4398; x_wconf 80' lang='lat' dir='ltr'><strong>agros</strong></span> <span class='ocrx_word' id='word_1_539' title='bbox 1379 4343 1568 4381; x_wconf 90' lang='lat' dir='ltr'><strong>eorum</strong></span> <span class='ocrx_word' id='word_1_540' title='bbox 1606 4337 1899 4395; x_wconf 88' lang='lat' dir='ltr'><strong>occupant,</strong></span> <span class='ocrx_word' id='word_1_541' title='bbox 1949 4342 2066 4380; x_wconf 86' lang='lat' dir='ltr'><strong>ma-</strong></span> 
     </span>
    </p>
   </div>
   <div class='ocr_carea' id='block_1_75' title="bbox 499 4421 2062 4491">
    <p class='ocr_par' dir='ltr' id='par_1_75' title="bbox 499 4421 2062 4491">
     <span class='ocr_line' id='line_1_75' title="bbox 499 4421 2062 4491; baseline -0.003 -17"><span class='ocrx_word' id='word_1_542' title='bbox 499 4440 658 4491; x_wconf 60' lang='lat' dir='ltr'><strong>gnam</strong></span> <span class='ocrx_word' id='word_1_543' title='bbox 692 4425 974 4476; x_wconf 87' lang='lat' dir='ltr'><strong>hominum</strong></span> <span class='ocrx_word' id='word_1_544' title='bbox 1011 4421 1412 4475; x_wconf 86' lang='lat' dir='ltr'><strong>multitudinem</strong></span> <span class='ocrx_word' id='word_1_545' title='bbox 1448 4421 1730 4487; x_wconf 87' lang='lat' dir='ltr'><strong>utriusque</strong></span> <span class='ocrx_word' id='word_1_546' title='bbox 1761 4433 1928 4471; x_wconf 89' lang='lat' dir='ltr'><strong>sexus</strong></span> <span class='ocrx_word' id='word_1_547' title='bbox 1970 4432 2062 4470; x_wconf 77' lang='lat' dir='ltr'><strong>ca-</strong></span> 
     </span>
    </p>
   </div>
   <div class='ocr_carea' id='block_1_76' title="bbox 502 4511 2137 4588">
    <p class='ocr_par' dir='ltr' id='par_1_76' title="bbox 502 4511 2137 4588">
     <span class='ocr_line' id='line_1_76' title="bbox 502 4511 2137 4588; baseline -0.004 -22"><span class='ocrx_word' id='word_1_548' title='bbox 502 4517 701 4581; x_wconf 88' lang='lat' dir='ltr'><strong>pti‘vam</strong></span> <span class='ocrx_word' id='word_1_549' title='bbox 765 4515 1065 4568; x_wconf 87' lang='lat' dir='ltr'><strong>abducunt.</strong></span> <span class='ocrx_word' id='word_1_550' title='bbox 1125 4512 1188 4565; x_wconf 84' lang='lat' dir='ltr'><strong>Vi</strong></span> <span class='ocrx_word' id='word_1_551' title='bbox 1249 4513 1410 4565; x_wconf 90' lang='lat' dir='ltr'><strong>etiam</strong></span> <span class='ocrx_word' id='word_1_552' title='bbox 1471 4512 1732 4574; x_wconf 85' lang='lat' dir='ltr'><strong>adhibita,</strong></span> <span class='ocrx_word' id='word_1_553' title='bbox 1787 4511 2058 4564; x_wconf 87' lang='lat' dir='ltr'><strong>civitatem</strong></span> <span class='ocrx_word' id='word_1_554' title='bbox 2093 4534 2137 4588; x_wconf 69' lang='grc' dir='ltr'><strong>ι)</strong></span> 
     </span>
    </p>
   </div>
   <div class='ocr_carea' id='block_1_77' title="bbox 502 4603 2062 4679">
    <p class='ocr_par' dir='ltr' id='par_1_77' title="bbox 502 4603 2062 4679">
     <span class='ocr_line' id='line_1_77' title="bbox 502 4603 2062 4679; baseline -0.005 -21"><span class='ocrx_word' id='word_1_555' title='bbox 502 4606 756 4670; x_wconf 86' lang='lat' dir='ltr'><strong>lsnicam,</strong></span> <span class='ocrx_word' id='word_1_556' title='bbox 812 4622 936 4660; x_wconf 91' lang='lat' dir='ltr'><strong>cum</strong></span> <span class='ocrx_word' id='word_1_557' title='bbox 996 4605 1190 4658; x_wconf 86' lang='lat' dir='ltr'><strong>vicinis</strong></span> <span class='ocrx_word' id='word_1_558' title='bbox 1244 4603 1455 4679; x_wconf 71' lang='lat' dir='ltr'><strong>oppdis</strong></span> <span class='ocrx_word' id='word_1_559' title='bbox 1503 4611 1555 4654; x_wconf 88' lang='lat' dir='ltr'><strong>et</strong></span> <span class='ocrx_word' id='word_1_560' title='bbox 1610 4603 1844 4661; x_wconf 77' lang='lat' dir='ltr'><strong>arcibus,</strong></span> <span class='ocrx_word' id='word_1_561' title='bbox 1882 4605 1930 4651; x_wconf 89' lang='lat' dir='ltr'><strong>in</strong></span> <span class='ocrx_word' id='word_1_562' title='bbox 1962 4617 2062 4668; x_wconf 77' lang='lat' dir='ltr'><strong>po-</strong></span> 
     </span>
    </p>
   </div>
   <div class='ocr_carea' id='block_1_78' title="bbox 505 4691 2066 4766">
    <p class='ocr_par' dir='ltr' id='par_1_78' title="bbox 505 4691 2066 4766">
     <span class='ocr_line' id='line_1_78' title="bbox 505 4691 2066 4766; baseline -0.005 -17"><span class='ocrx_word' id='word_1_563' title='bbox 505 4708 751 4751; x_wconf 86' lang='lat' dir='ltr'><strong>tcstatem</strong></span> <span class='ocrx_word' id='word_1_564' title='bbox 808 4697 1082 4766; x_wconf 83' lang='lat' dir='ltr'><strong>redigunt,</strong></span> <span class='ocrx_word' id='word_1_565' title='bbox 1130 4697 1413 4763; x_wconf 86' lang='lat' dir='ltr'><strong>diripiunt.</strong></span> <span class='ocrx_word' id='word_1_566' title='bbox 1465 4694 1567 4758; x_wconf 82' lang='lat' dir='ltr'><strong>Qui</strong></span> <span class='ocrx_word' id='word_1_567' title='bbox 1634 4703 1744 4744; x_wconf 80' lang='lat' dir='ltr'><strong>tu.n</strong></span> <span class='ocrx_word' id='word_1_568' title='bbox 1813 4691 2066 4759; x_wconf 85' lang='lat' dir='ltr'><strong>temporis</strong></span> 
     </span>
    </p>
   </div>
   <div class='ocr_carea' id='block_1_79' title="bbox 505 4774 2068 4858">
    <p class='ocr_par' dir='ltr' id='par_1_79' title="bbox 505 4774 2068 4858">
     <span class='ocr_line' id='line_1_79' title="bbox 505 4774 2068 4858; baseline -0.004 -18"><span class='ocrx_word' id='word_1_569' title='bbox 505 4789 736 4858; x_wconf 80' lang='lat' dir='ltr'><strong>Teggiur</strong></span> <span class='ocrx_word' id='word_1_570' title='bbox 795 4789 910 4841; x_wconf 86' lang='lat' dir='ltr'><strong>sive</strong></span> <span class='ocrx_word' id='word_1_571' title='bbox 967 4788 1319 4855; x_wconf 82' lang='lat' dir='ltr'><strong>magistratus</strong></span> <span class='ocrx_word' id='word_1_572' title='bbox 1368 4774 1487 4838; x_wconf 80' lang='lat' dir='ltr'><strong>erat</strong></span> <span class='ocrx_word' id='word_1_573' title='bbox 1535 4783 1745 4846; x_wconf 72' lang='lat' dir='ltr'><strong>Prusae,</strong></span> <span class='ocrx_word' id='word_1_574' title='bbox 1799 4780 2068 4850; x_wconf 71' lang='lat' dir='ltr'><strong>adjunctis</strong></span> 
     </span>
    </p>
   </div>
   <div class='ocr_carea' id='block_1_80' title="bbox 505 4873 2068 4947">
    <p class='ocr_par' dir='ltr' id='par_1_80' title="bbox 505 4873 2068 4947">
     <span class='ocr_line' id='line_1_80' title="bbox 505 4873 2068 4947; baseline -0.005 -14"><span class='ocrx_word' id='word_1_575' title='bbox 505 4881 602 4933; x_wconf 84' lang='lat' dir='ltr'><strong>sibi</strong></span> <span class='ocrx_word' id='word_1_576' title='bbox 650 4879 1025 4947; x_wconf 86' lang='lat' dir='ltr'><strong>compluribus</strong></span> <span class='ocrx_word' id='word_1_577' title='bbox 1055 4881 1287 4931; x_wconf 87' lang='lat' dir='ltr'><strong>aliorum</strong></span> <span class='ocrx_word' id='word_1_578' title='bbox 1319 4875 1560 4938; x_wconf 79' lang='lat' dir='ltr'><strong>auxiliis,</strong></span> <span class='ocrx_word' id='word_1_579' title='bbox 1589 4887 1643 4930; x_wconf 88' lang='lat' dir='ltr'><strong>et</strong></span> <span class='ocrx_word' id='word_1_580' title='bbox 1675 4886 1862 4929; x_wconf 87' lang='lat' dir='ltr'><strong>coacto</strong></span> <span class='ocrx_word' id='word_1_581' title='bbox 1896 4873 2068 4926; x_wconf 83' lang='lat' dir='ltr'><strong>milite</strong></span> 
     </span>
    </p>
   </div>
   <div class='ocr_carea' id='block_1_81' title="bbox 502 4964 2069 5042">
    <p class='ocr_par' dir='ltr' id='par_1_81' title="bbox 502 4964 2069 5042">
     <span class='ocr_line' id='line_1_81' title="bbox 502 4964 2069 5042; baseline -0.009 -14"><span class='ocrx_word' id='word_1_582' title='bbox 502 4990 622 5038; x_wconf 87' lang='lat' dir='ltr'><strong>suo,</strong></span> <span class='ocrx_word' id='word_1_583' title='bbox 656 4977 722 5028; x_wconf 92' lang='lat' dir='ltr'><strong>de</strong></span> <span class='ocrx_word' id='word_1_584' title='bbox 771 4973 1122 5042; x_wconf 81' lang='lat' dir='ltr'><strong>proﬂigandis</strong></span> <span class='ocrx_word' id='word_1_585' title='bbox 1157 4969 1352 5023; x_wconf 82' lang='lat' dir='ltr'><strong>Turcis</strong></span> <span class='ocrx_word' id='word_1_586' title='bbox 1384 4971 1625 5038; x_wconf 80' lang='lat' dir='ltr'><strong>cOgitare</strong></span> <span class='ocrx_word' id='word_1_587' title='bbox 1663 4966 1848 5035; x_wconf 64' lang='lat' dir='ltr'><strong>coepit.</strong></span> <span class='ocrx_word' id='word_1_588' title='bbox 1900 4964 2069 5033; x_wconf 83' lang='lat' dir='ltr'><strong>Igitur</strong></span> 
     </span>
    </p>
   </div>
   <div class='ocr_carea' id='block_1_82' title="bbox 504 5060 2070 5138">
    <p class='ocr_par' dir='ltr' id='par_1_82' title="bbox 504 5060 2070 5138">
     <span class='ocr_line' id='line_1_82' title="bbox 504 5060 2070 5138; baseline -0.008 -16"><span class='ocrx_word' id='word_1_589' title='bbox 504 5072 608 5123; x_wconf 88' lang='lat' dir='ltr'><strong>hoc</strong></span> <span class='ocrx_word' id='word_1_590' title='bbox 641 5070 848 5138; x_wconf 86' lang='lat' dir='ltr'><strong>magnis</strong></span> <span class='ocrx_word' id='word_1_591' title='bbox 874 5085 996 5123; x_wconf 89' lang='lat' dir='ltr'><strong>cum</strong></span> <span class='ocrx_word' id='word_1_592' title='bbox 1043 5067 1216 5136; x_wconf 86' lang='lat' dir='ltr'><strong>copiis</strong></span> <span class='ocrx_word' id='word_1_593' title='bbox 1257 5069 1307 5119; x_wconf 90' lang='lat' dir='ltr'><strong>in</strong></span> <span class='ocrx_word' id='word_1_594' title='bbox 1364 5066 1574 5120; x_wconf 87' lang='lat' dir='ltr'><strong>&#39;l‘ureos</strong></span> <span class='ocrx_word' id='word_1_595' title='bbox 1624 5066 1878 5127; x_wconf 88' lang='lat' dir='ltr'><strong>ducente,</strong></span> <span class='ocrx_word' id='word_1_596' title='bbox 1911 5060 2070 5114; x_wconf 81' lang='lat' dir='ltr'><strong>titini-</strong></span> 
     </span>
    </p>
   </div>
   <div class='ocr_carea' id='block_1_83' title="bbox 512 5155 2070 5226">
    <p class='ocr_par' dir='ltr' id='par_1_83' title="bbox 512 5155 2070 5226">
     <span class='ocr_line' id='line_1_83' title="bbox 512 5155 2070 5226; baseline -0.005 -13"><span class='ocrx_word' id='word_1_597' title='bbox 512 5177 599 5214; x_wconf 85' lang='lat' dir='ltr'><strong>nte</strong></span> <span class='ocrx_word' id='word_1_598' title='bbox 629 5173 1006 5215; x_wconf 89' lang='lat' dir='ltr'><strong>consternatus</strong></span> <span class='ocrx_word' id='word_1_599' title='bbox 1027 5158 1252 5226; x_wconf 82' lang='lat' dir='ltr'><strong>Osman,</strong></span> <span class='ocrx_word' id='word_1_600' title='bbox 1288 5163 1472 5212; x_wconf 86' lang='lat' dir='ltr'><strong>animo</strong></span> <span class='ocrx_word' id='word_1_601' title='bbox 1509 5157 1708 5210; x_wconf 87' lang='lat' dir='ltr'><strong>invicto</strong></span> <span class='ocrx_word' id='word_1_602' title='bbox 1739 5155 2070 5210; x_wconf 84' lang='lat' dir='ltr'><strong>Christianis</strong></span> 
     </span>
    </p>
   </div>
   <div class='ocr_carea' id='block_1_84' title="bbox 507 5247 2067 5322">
    <p class='ocr_par' dir='ltr' id='par_1_84' title="bbox 507 5247 2067 5322">
     <span class='ocr_line' id='line_1_84' title="bbox 507 5247 2067 5322; baseline -0.005 -18"><span class='ocrx_word' id='word_1_603' title='bbox 507 5251 722 5304; x_wconf 89' lang='lat' dir='ltr'><strong>obviam</strong></span> <span class='ocrx_word' id='word_1_604' title='bbox 778 5253 986 5322; x_wconf 84' lang='lat' dir='ltr'><strong>prodit.</strong></span> <span class='ocrx_word' id='word_1_605' title='bbox 1035 5252 1117 5304; x_wconf 77' lang='lat' dir='ltr'><strong>Ad</strong></span> <span class='ocrx_word' id='word_1_606' title='bbox 1169 5265 1362 5302; x_wconf 87' lang='lat' dir='ltr'><strong>manus</strong></span> <span class='ocrx_word' id='word_1_607' title='bbox 1422 5249 1510 5301; x_wconf 91' lang='lat' dir='ltr'><strong>ubi</strong></span> <span class='ocrx_word' id='word_1_608' title='bbox 1574 5258 1793 5300; x_wconf 89' lang='lat' dir='ltr'><strong>ventum</strong></span> <span class='ocrx_word' id='word_1_609' title='bbox 1852 5247 2067 5307; x_wconf 86' lang='lat' dir='ltr'><strong>luisset,</strong></span> 
     </span>
    </p>
   </div>
   <div class='ocr_carea' id='block_1_85' title="bbox 505 5338 2072 5407">
    <p class='ocr_par' dir='ltr' id='par_1_85' title="bbox 505 5338 2072 5407">
     <span class='ocr_line' id='line_1_85' title="bbox 505 5338 2072 5407; baseline -0.005 -13"><span class='ocrx_word' id='word_1_610' title='bbox 505 5357 726 5396; x_wconf 85' lang='lat' dir='ltr'><strong>strenue</strong></span> <span class='ocrx_word' id='word_1_611' title='bbox 761 5345 1076 5396; x_wconf 83' lang='lat' dir='ltr'><strong>dimicatum</strong></span> <span class='ocrx_word' id='word_1_612' title='bbox 1127 5343 1424 5407; x_wconf 87' lang='lat' dir='ltr'><strong>utrimque.</strong></span> <span class='ocrx_word' id='word_1_613' title='bbox 1473 5341 1609 5393; x_wconf 73' lang='lat' dir='ltr'><strong>Caesi</strong></span> <span class='ocrx_word' id='word_1_614' title='bbox 1645 5339 1848 5390; x_wconf 79' lang='lat' dir='ltr'><strong>fratres</strong></span> <span class='ocrx_word' id='word_1_615' title='bbox 1877 5338 2072 5388; x_wconf 85' lang='lat' dir='ltr'><strong>Osma-</strong></span> 
     </span>
    </p>
   </div>
   <div class='ocr_carea' id='block_1_86' title="bbox 506 5432 2070 5502">
    <p class='ocr_par' dir='ltr' id='par_1_86' title="bbox 506 5432 2070 5502">
     <span class='ocr_line' id='line_1_86' title="bbox 506 5432 2070 5502; baseline -0.005 -16"><span class='ocrx_word' id='word_1_616' title='bbox 506 5434 591 5486; x_wconf 84' lang='lat' dir='ltr'><strong>nis</strong></span> <span class='ocrx_word' id='word_1_617' title='bbox 625 5449 688 5486; x_wconf 86' lang='lat' dir='ltr'><strong>eo</strong></span> <span class='ocrx_word' id='word_1_618' title='bbox 733 5436 938 5502; x_wconf 64' lang='lat' dir='ltr'><strong>praelio,</strong></span> <span class='ocrx_word' id='word_1_619' title='bbox 971 5432 1347 5501; x_wconf 79' lang='lat' dir='ltr'><strong>Gunduselpcs</strong></span> <span class='ocrx_word' id='word_1_620' title='bbox 1387 5447 1440 5484; x_wconf 88' lang='lat' dir='ltr'><strong>et</strong></span> <span class='ocrx_word' id='word_1_621' title='bbox 1473 5433 1752 5499; x_wconf 72' lang='lat' dir='ltr'><strong>Aidogdis,</strong></span> <span class='ocrx_word' id='word_1_622' title='bbox 1783 5445 1846 5480; x_wconf 81' lang='lat' dir='ltr'><strong>ac</strong></span> <span class='ocrx_word' id='word_1_623' title='bbox 1871 5444 2070 5482; x_wconf 87' lang='lat' dir='ltr'><strong>secun-</strong></span> 
     </span>
    </p>
   </div>
   <div class='ocr_carea' id='block_1_87' title="bbox 504 5519 2068 5593">
    <p class='ocr_par' dir='ltr' id='par_1_87' title="bbox 504 5519 2068 5593">
     <span class='ocr_line' id='line_1_87' title="bbox 504 5519 2068 5593; baseline -0.001 -19"><span class='ocrx_word' id='word_1_624' title='bbox 504 5525 632 5576; x_wconf 85' lang='lat' dir='ltr'><strong>dum</strong></span> <span class='ocrx_word' id='word_1_625' title='bbox 675 5526 815 5578; x_wconf 88' lang='lat' dir='ltr'><strong>viam</strong></span> <span class='ocrx_word' id='word_1_626' title='bbox 864 5528 1137 5593; x_wconf 78' lang='lat' dir='ltr'><strong>publicam</strong></span> <span class='ocrx_word' id='word_1_627' title='bbox 1177 5525 1243 5578; x_wconf 90' lang='lat' dir='ltr'><strong>ad</strong></span> <span class='ocrx_word' id='word_1_628' title='bbox 1303 5525 1436 5578; x_wconf 77' lang='lat' dir='ltr'><strong>lines</strong></span> <span class='ocrx_word' id='word_1_629' title='bbox 1496 5521 1787 5575; x_wconf 80' lang='lat' dir='ltr'><strong>Dobtnuris</strong></span> <span class='ocrx_word' id='word_1_630' title='bbox 1845 5519 2068 5589; x_wconf 84' lang='lat' dir='ltr'><strong>sepulti.</strong></span> 
     </span>
    </p>
   </div>
   <div class='ocr_carea' id='block_1_88' title="bbox 505 5614 2070 5682">
    <p class='ocr_par' dir='ltr' id='par_1_88' title="bbox 505 5614 2070 5682">
     <span class='ocr_line' id='line_1_88' title="bbox 505 5614 2070 5682; baseline -0.003 -14"><span class='ocrx_word' id='word_1_631' title='bbox 505 5616 729 5682; x_wconf 75' lang='lat' dir='ltr'><strong>Osman,</strong></span> <span class='ocrx_word' id='word_1_632' title='bbox 793 5617 1053 5671; x_wconf 77' lang='lat' dir='ltr'><strong>fratribus</strong></span> <span class='ocrx_word' id='word_1_633' title='bbox 1107 5617 1234 5670; x_wconf 85' lang='lat' dir='ltr'><strong>licet</strong></span> <span class='ocrx_word' id='word_1_634' title='bbox 1291 5615 1532 5677; x_wconf 89' lang='lat' dir='ltr'><strong>amissis,</strong></span> <span class='ocrx_word' id='word_1_635' title='bbox 1604 5614 1822 5666; x_wconf 88' lang='lat' dir='ltr'><strong>tandem</strong></span> <span class='ocrx_word' id='word_1_636' title='bbox 1891 5623 2070 5663; x_wconf 90' lang='lat' dir='ltr'><strong>tamen</strong></span> 
     </span>
    </p>
   </div>
   <div class='ocr_carea' id='block_1_89' title="bbox 509 5701 2072 5775">
    <p class='ocr_par' dir='ltr' id='par_1_89' title="bbox 509 5701 2072 5775">
     <span class='ocr_line' id='line_1_89' title="bbox 509 5701 2072 5775; baseline -0.004 -17"><span class='ocrx_word' id='word_1_637' title='bbox 509 5708 727 5761; x_wconf 82' lang='lat' dir='ltr'><strong>victoria</strong></span> <span class='ocrx_word' id='word_1_638' title='bbox 761 5708 967 5774; x_wconf 88' lang='lat' dir='ltr'><strong>potitus</strong></span> <span class='ocrx_word' id='word_1_639' title='bbox 1006 5720 1108 5762; x_wconf 81' lang='lat' dir='ltr'><strong>est.</strong></span> <span class='ocrx_word' id='word_1_640' title='bbox 1154 5709 1411 5775; x_wconf 79' lang='lat' dir='ltr'><strong>&#39;l‘eggiur,</strong></span> <span class='ocrx_word' id='word_1_641' title='bbox 1462 5701 1800 5759; x_wconf 82' lang='lat' dir='ltr'><strong>Edrenosius</strong></span> <span class='ocrx_word' id='word_1_642' title='bbox 1839 5711 1895 5754; x_wconf 91' lang='lat' dir='ltr'><strong>et</strong></span> <span class='ocrx_word' id='word_1_643' title='bbox 1938 5701 2072 5753; x_wconf 85' lang='lat' dir='ltr'><strong>Prn-</strong></span> 
     </span>
    </p>
   </div>
   <div class='ocr_carea' id='block_1_90' title="bbox 508 5794 2071 5869">
    <p class='ocr_par' dir='ltr' id='par_1_90' title="bbox 508 5794 2071 5869">
     <span class='ocr_line' id='line_1_90' title="bbox 508 5794 2071 5869; baseline -0.005 -16"><span class='ocrx_word' id='word_1_644' title='bbox 508 5813 668 5866; x_wconf 69' lang='lat' dir='ltr'><strong>swus,</strong></span> <span class='ocrx_word' id='word_1_645' title='bbox 710 5801 839 5854; x_wconf 79' lang='lat' dir='ltr'><strong>inita</strong></span> <span class='ocrx_word' id='word_1_646' title='bbox 873 5799 1021 5869; x_wconf 87' lang='lat' dir='ltr'><strong>fuga,</strong></span> <span class='ocrx_word' id='word_1_647' title='bbox 1069 5800 1297 5854; x_wconf 81' lang='lat' dir='ltr'><strong>Prusam</strong></span> <span class='ocrx_word' id='word_1_648' title='bbox 1350 5799 1532 5862; x_wconf 86' lang='lat' dir='ltr'><strong>delati,</strong></span> <span class='ocrx_word' id='word_1_649' title='bbox 1569 5805 1742 5852; x_wconf 83' lang='lat' dir='ltr'><strong>semet</strong></span> <span class='ocrx_word' id='word_1_650' title='bbox 1774 5795 1826 5848; x_wconf 90' lang='lat' dir='ltr'><strong>in</strong></span> <span class='ocrx_word' id='word_1_651' title='bbox 1883 5794 2071 5846; x_wconf 86' lang='lat' dir='ltr'><strong>urbem</strong></span> 
     </span>
    </p>
   </div>
   <div class='ocr_carea' id='block_1_91' title="bbox 2160 3311 3735 3385">
    <p class='ocr_par' dir='ltr' id='par_1_91' title="bbox 2160 3311 3735 3385">
     <span class='ocr_line' id='line_1_91' title="bbox 2160 3311 3735 3385; baseline 0.004 -18"><span class='ocrx_word' id='word_1_652' title='bbox 2160 3315 2314 3367; x_wconf 87' lang='lat' dir='ltr'><strong>sione</strong></span> <span class='ocrx_word' id='word_1_653' title='bbox 2345 3313 2593 3367; x_wconf 88' lang='lat' dir='ltr'><strong>adauctis</strong></span> <span class='ocrx_word' id='word_1_654' title='bbox 2641 3311 2946 3367; x_wconf 89' lang='lat' dir='ltr'><strong>Turcorum</strong></span> <span class='ocrx_word' id='word_1_655' title='bbox 2983 3314 3203 3376; x_wconf 88' lang='lat' dir='ltr'><strong>castris.</strong></span> <span class='ocrx_word' id='word_1_656' title='bbox 3255 3317 3472 3385; x_wconf 84' lang='lat' dir='ltr'><strong>gravior</strong></span> <span class='ocrx_word' id='word_1_657' title='bbox 3505 3317 3735 3373; x_wconf 86' lang='lat' dir='ltr'><strong>inclusis</strong></span> 
     </span>
    </p>
   </div>
   <div class='ocr_carea' id='block_1_92' title="bbox 2159 3403 3736 3472">
    <p class='ocr_par' dir='ltr' id='par_1_92' title="bbox 2159 3403 3736 3472">
     <span class='ocr_line' id='line_1_92' title="bbox 2159 3403 3736 3472; baseline 0.004 -16"><span class='ocrx_word' id='word_1_658' title='bbox 2159 3419 2278 3456; x_wconf 82' lang='lat' dir='ltr'><strong>esse</strong></span> <span class='ocrx_word' id='word_1_659' title='bbox 2323 3403 2487 3472; x_wconf 68' lang='lat' dir='ltr'><strong>coepit</strong></span> <span class='ocrx_word' id='word_1_660' title='bbox 2544 3403 2774 3457; x_wconf 90' lang='lat' dir='ltr'><strong>obsidio.</strong></span> <span class='ocrx_word' id='word_1_661' title='bbox 2812 3403 3180 3468; x_wconf 84' lang='lat' dir='ltr'><strong>Quamobrem</strong></span> <span class='ocrx_word' id='word_1_662' title='bbox 3234 3405 3445 3462; x_wconf 88' lang='lat' dir='ltr'><strong>viribus</strong></span> <span class='ocrx_word' id='word_1_663' title='bbox 3478 3407 3736 3464; x_wconf 55' lang='lat' dir='ltr'><strong>obsessov</strong></span> 
     </span>
    </p>
   </div>
   <div class='ocr_carea' id='block_1_93' title="bbox 2161 3497 3735 3566">
    <p class='ocr_par' dir='ltr' id='par_1_93' title="bbox 2161 3497 3735 3566">
     <span class='ocr_line' id='line_1_93' title="bbox 2161 3497 3735 3566; baseline 0.006 -20"><span class='ocrx_word' id='word_1_664' title='bbox 2161 3510 2281 3547; x_wconf 90' lang='lat' dir='ltr'><strong>rum</strong></span> <span class='ocrx_word' id='word_1_665' title='bbox 2334 3497 2637 3558; x_wconf 83' lang='lat' dir='ltr'><strong>exhaustis,</strong></span> <span class='ocrx_word' id='word_1_666' title='bbox 2671 3511 2794 3547; x_wconf 90' lang='lat' dir='ltr'><strong>cum</strong></span> <span class='ocrx_word' id='word_1_667' title='bbox 2843 3498 3025 3551; x_wconf 87' lang='lat' dir='ltr'><strong>onmis</strong></span> <span class='ocrx_word' id='word_1_668' title='bbox 3070 3497 3184 3566; x_wconf 89' lang='lat' dir='ltr'><strong>jam</strong></span> <span class='ocrx_word' id='word_1_669' title='bbox 3250 3510 3588 3556; x_wconf 80' lang='lat' dir='ltr'><strong>commeatus</strong></span> <span class='ocrx_word' id='word_1_670' title='bbox 3640 3502 3735 3556; x_wconf 82' lang='lat' dir='ltr'><strong>de—</strong></span> 
     </span>
    </p>
   </div>
   <div class='ocr_carea' id='block_1_94' title="bbox 2162 3587 3732 3663">
    <p class='ocr_par' dir='ltr' id='par_1_94' title="bbox 2162 3587 3732 3663">
     <span class='ocr_line' id='line_1_94' title="bbox 2162 3587 3732 3663; baseline 0.004 -24"><span class='ocrx_word' id='word_1_671' title='bbox 2162 3587 2405 3649; x_wconf 78' lang='lat' dir='ltr'><strong>fecisset,</strong></span> <span class='ocrx_word' id='word_1_672' title='bbox 2457 3603 2521 3640; x_wconf 91' lang='lat' dir='ltr'><strong>ac</strong></span> <span class='ocrx_word' id='word_1_673' title='bbox 2580 3587 2943 3641; x_wconf 86' lang='lat' dir='ltr'><strong>nihilominus</strong></span> <span class='ocrx_word' id='word_1_674' title='bbox 3001 3588 3107 3657; x_wconf 87' lang='lat' dir='ltr'><strong>ipsi</strong></span> <span class='ocrx_word' id='word_1_675' title='bbox 3163 3598 3270 3644; x_wconf 87' lang='lat' dir='ltr'><strong>tam</strong></span> <span class='ocrx_word' id='word_1_676' title='bbox 3332 3603 3520 3660; x_wconf 87' lang='lat' dir='ltr'><strong>noctu,</strong></span> <span class='ocrx_word' id='word_1_677' title='bbox 3570 3609 3732 3663; x_wconf 88' lang='lat' dir='ltr'><strong>quam</strong></span> 
     </span>
    </p>
   </div>
   <div class='ocr_carea' id='block_1_95' title="bbox 2165 3679 3734 3750">
    <p class='ocr_par' dir='ltr' id='par_1_95' title="bbox 2165 3679 3734 3750">
     <span class='ocr_line' id='line_1_95' title="bbox 2165 3679 3734 3750; baseline 0.005 -19"><span class='ocrx_word' id='word_1_678' title='bbox 2165 3679 2419 3744; x_wconf 75' lang='lat' dir='ltr'><strong>interdiu,</strong></span> <span class='ocrx_word' id='word_1_679' title='bbox 2478 3680 2532 3730; x_wconf 91' lang='lat' dir='ltr'><strong>in</strong></span> <span class='ocrx_word' id='word_1_680' title='bbox 2582 3679 2751 3732; x_wconf 90' lang='lat' dir='ltr'><strong>armis</strong></span> <span class='ocrx_word' id='word_1_681' title='bbox 2806 3693 2950 3746; x_wconf 88' lang='lat' dir='ltr'><strong>esse,</strong></span> <span class='ocrx_word' id='word_1_682' title='bbox 3014 3682 3424 3750; x_wconf 75' lang='lat' dir='ltr'><strong>propugnandte</strong></span> <span class='ocrx_word' id='word_1_683' title='bbox 3495 3685 3734 3739; x_wconf 84' lang='lat' dir='ltr'><strong>civitatis</strong></span> 
     </span>
    </p>
   </div>
   <div class='ocr_carea' id='block_1_96' title="bbox 2162 3769 3737 3840">
    <p class='ocr_par' dir='ltr' id='par_1_96' title="bbox 2162 3769 3737 3840">
     <span class='ocr_line' id='line_1_96' title="bbox 2162 3769 3737 3840; baseline 0.004 -18"><span class='ocrx_word' id='word_1_684' title='bbox 2162 3784 2346 3829; x_wconf 88' lang='lat' dir='ltr'><strong>causa,</strong></span> <span class='ocrx_word' id='word_1_685' title='bbox 2379 3776 2702 3836; x_wconf 85' lang='lat' dir='ltr'><strong>cogerentur</strong></span> <span class='ocrx_word' id='word_1_686' title='bbox 2734 3783 2747 3821; x_wconf 91' lang='lat'><strong>:</strong></span> <span class='ocrx_word' id='word_1_687' title='bbox 2795 3769 3009 3822; x_wconf 86' lang='lat' dir='ltr'><strong>tandem</strong></span> <span class='ocrx_word' id='word_1_688' title='bbox 3042 3769 3158 3837; x_wconf 88' lang='lat' dir='ltr'><strong>ipse</strong></span> <span class='ocrx_word' id='word_1_689' title='bbox 3209 3771 3465 3840; x_wconf 81' lang='lat' dir='ltr'><strong>Teggiur,</strong></span> <span class='ocrx_word' id='word_1_690' title='bbox 3497 3773 3587 3828; x_wconf 89' lang='lat' dir='ltr'><strong>cui</strong></span> <span class='ocrx_word' id='word_1_691' title='bbox 3636 3791 3737 3828; x_wconf 89' lang='lat' dir='ltr'><strong>no-</strong></span> 
     </span>
    </p>
   </div>
   <div class='ocr_carea' id='block_1_97' title="bbox 2166 3856 3732 3930">
    <p class='ocr_par' dir='ltr' id='par_1_97' title="bbox 2166 3856 3732 3930">
     <span class='ocr_line' id='line_1_97' title="bbox 2166 3856 3732 3930; baseline 0.003 -18"><span class='ocrx_word' id='word_1_692' title='bbox 2166 3875 2284 3912; x_wconf 80' lang='lat' dir='ltr'><strong>men</strong></span> <span class='ocrx_word' id='word_1_693' title='bbox 2332 3856 2661 3926; x_wconf 84' lang='lat' dir='ltr'><strong>Jussuphes,</strong></span> <span class='ocrx_word' id='word_1_694' title='bbox 2715 3859 2887 3930; x_wconf 88' lang='lat' dir='ltr'><strong>pactis</strong></span> <span class='ocrx_word' id='word_1_695' title='bbox 2918 3859 3440 3924; x_wconf 88' lang='lat' dir='ltr'><strong>intervenientibus,</strong></span> <span class='ocrx_word' id='word_1_696' title='bbox 3496 3859 3732 3916; x_wconf 87' lang='lat' dir='ltr'><strong>Urchani</strong></span> 
     </span>
    </p>
   </div>
   <div class='ocr_carea' id='block_1_98' title="bbox 2163 3945 3738 4022">
    <p class='ocr_par' dir='ltr' id='par_1_98' title="bbox 2163 3945 3738 4022">
     <span class='ocr_line' id='line_1_98' title="bbox 2163 3945 3738 4022; baseline 0.004 -22"><span class='ocrx_word' id='word_1_697' title='bbox 2163 3945 2350 4003; x_wconf 66' lang='lat' dir='ltr'><strong>Prusae</strong></span> <span class='ocrx_word' id='word_1_698' title='bbox 2395 3949 2728 4002; x_wconf 82' lang='lat' dir='ltr'><strong>deditionem</strong></span> <span class='ocrx_word' id='word_1_699' title='bbox 2789 3947 2938 4003; x_wconf 83' lang='lat' dir='ltr'><strong>fecit.</strong></span> <span class='ocrx_word' id='word_1_700' title='bbox 2976 3948 3027 4004; x_wconf 79' lang='lat' dir='ltr'><strong>ls</strong></span> <span class='ocrx_word' id='word_1_701' title='bbox 3083 3951 3219 4005; x_wconf 91' lang='lat' dir='ltr'><strong>adeo</strong></span> <span class='ocrx_word' id='word_1_702' title='bbox 3275 3951 3525 4022; x_wconf 81' lang='lat' dir='ltr'><strong>religiose</strong></span> <span class='ocrx_word' id='word_1_703' title='bbox 3567 3955 3738 4021; x_wconf 87' lang='lat' dir='ltr'><strong>pactis</strong></span> 
     </span>
    </p>
   </div>
   <div class='ocr_carea' id='block_1_99' title="bbox 2164 4041 3738 4114">
    <p class='ocr_par' dir='ltr' id='par_1_99' title="bbox 2164 4041 3738 4114">
     <span class='ocr_line' id='line_1_99' title="bbox 2164 4041 3738 4114; baseline 0.002 -17"><span class='ocrx_word' id='word_1_704' title='bbox 2164 4043 2446 4097; x_wconf 88' lang='lat' dir='ltr'><strong>conventis</strong></span> <span class='ocrx_word' id='word_1_705' title='bbox 2479 4041 2649 4103; x_wconf 86' lang='lat' dir='ltr'><strong>stetit,</strong></span> <span class='ocrx_word' id='word_1_706' title='bbox 2706 4052 2762 4096; x_wconf 84' lang='lat' dir='ltr'><strong>ut</strong></span> <span class='ocrx_word' id='word_1_707' title='bbox 2795 4043 2941 4097; x_wconf 91' lang='lat' dir='ltr'><strong>bosti</strong></span> <span class='ocrx_word' id='word_1_708' title='bbox 2975 4041 3182 4113; x_wconf 88' lang='lat' dir='ltr'><strong>absque</strong></span> <span class='ocrx_word' id='word_1_709' title='bbox 3209 4043 3318 4098; x_wconf 88' lang='lat' dir='ltr'><strong>ullo</strong></span> <span class='ocrx_word' id='word_1_710' title='bbox 3350 4044 3738 4114; x_wconf 79' lang='lat' dir='ltr'><strong>impedimento</strong></span> 
     </span>
    </p>
   </div>
   <div class='ocr_carea' id='block_1_100' title="bbox 2165 4135 3739 4205">
    <p class='ocr_par' dir='ltr' id='par_1_100' title="bbox 2165 4135 3739 4205">
     <span class='ocr_line' id='line_1_100' title="bbox 2165 4135 3739 4205; baseline 0 -13"><span class='ocrx_word' id='word_1_711' title='bbox 2165 4145 2218 4192; x_wconf 90' lang='lat' dir='ltr'><strong>et</strong></span> <span class='ocrx_word' id='word_1_712' title='bbox 2263 4135 2487 4205; x_wconf 81' lang='lat' dir='ltr'><strong>injuria,</strong></span> <span class='ocrx_word' id='word_1_713' title='bbox 2523 4151 2647 4188; x_wconf 90' lang='lat' dir='ltr'><strong>cum</strong></span> <span class='ocrx_word' id='word_1_714' title='bbox 2706 4150 2897 4198; x_wconf 89' lang='lat' dir='ltr'><strong>uxore,</strong></span> <span class='ocrx_word' id='word_1_715' title='bbox 2934 4136 3145 4202; x_wconf 89' lang='lat' dir='ltr'><strong>liberis,</strong></span> <span class='ocrx_word' id='word_1_716' title='bbox 3206 4135 3559 4192; x_wconf 83' lang='lat' dir='ltr'><strong>facultatibus</strong></span> <span class='ocrx_word' id='word_1_717' title='bbox 3618 4144 3739 4193; x_wconf 88' lang='lat' dir='ltr'><strong>uni-</strong></span> 
     </span>
    </p>
   </div>
   <div class='ocr_carea' id='block_1_101' title="bbox 2167 4226 3738 4302">
    <p class='ocr_par' dir='ltr' id='par_1_101' title="bbox 2167 4226 3738 4302">
     <span class='ocr_line' id='line_1_101' title="bbox 2167 4226 3738 4302; baseline 0.006 -26"><span class='ocrx_word' id='word_1_718' title='bbox 2167 4229 2363 4290; x_wconf 88' lang='lat' dir='ltr'><strong>versis,</strong></span> <span class='ocrx_word' id='word_1_719' title='bbox 2396 4226 2629 4281; x_wconf 84' lang='lat' dir='ltr'><strong>abeundi</strong></span> <span class='ocrx_word' id='word_1_720' title='bbox 2684 4237 3011 4295; x_wconf 79' lang='lat' dir='ltr'><strong>potestatem</strong></span> <span class='ocrx_word' id='word_1_721' title='bbox 3069 4227 3296 4292; x_wconf 82' lang='lat' dir='ltr'><strong>faceret,</strong></span> <span class='ocrx_word' id='word_1_722' title='bbox 3353 4245 3421 4284; x_wconf 91' lang='lat' dir='ltr'><strong>ne</strong></span> <span class='ocrx_word' id='word_1_723' title='bbox 3473 4245 3738 4302; x_wconf 87' lang='lat' dir='ltr'><strong>manguro</strong></span> 
     </span>
    </p>
   </div>
   <div class='ocr_carea' id='block_1_102' title="bbox 2165 4319 3739 4391">
    <p class='ocr_par' dir='ltr' id='par_1_102' title="bbox 2165 4319 3739 4391">
     <span class='ocr_line' id='line_1_102' title="bbox 2165 4319 3739 4391; baseline 0.004 -20"><span class='ocrx_word' id='word_1_724' title='bbox 2165 4323 2383 4391; x_wconf 86' lang='lat' dir='ltr'><strong>quidem</strong></span> <span class='ocrx_word' id='word_1_725' title='bbox 2422 4319 2598 4373; x_wconf 78' lang='lat' dir='ltr'><strong>ablato</strong></span> <span class='ocrx_word' id='word_1_726' title='bbox 2641 4337 2652 4372; x_wconf 95' lang='lat'>:</span> <span class='ocrx_word' id='word_1_727' title='bbox 2686 4321 2985 4389; x_wconf 87' lang='lat' dir='ltr'><strong>statimque</strong></span> <span class='ocrx_word' id='word_1_728' title='bbox 3019 4329 3249 4388; x_wconf 89' lang='lat' dir='ltr'><strong>patrem,</strong></span> <span class='ocrx_word' id='word_1_729' title='bbox 3286 4322 3580 4377; x_wconf 86' lang='lat' dir='ltr'><strong>Osmanem</strong></span> <span class='ocrx_word' id='word_1_730' title='bbox 3632 4323 3739 4378; x_wconf 87' lang='lat' dir='ltr'><strong>Ga-</strong></span> 
     </span>
    </p>
   </div>
   <div class='ocr_carea' id='block_1_103' title="bbox 2166 4411 3740 4481">
    <p class='ocr_par' dir='ltr' id='par_1_103' title="bbox 2166 4411 3740 4481">
     <span class='ocr_line' id='line_1_103' title="bbox 2166 4411 3740 4481; baseline -0.001 -14"><span class='ocrx_word' id='word_1_731' title='bbox 2166 4430 2306 4477; x_wconf 87' lang='lat' dir='ltr'><strong>sem,</strong></span> <span class='ocrx_word' id='word_1_732' title='bbox 2346 4412 2413 4465; x_wconf 89' lang='lat' dir='ltr'><strong>de</strong></span> <span class='ocrx_word' id='word_1_733' title='bbox 2469 4411 2643 4466; x_wconf 88' lang='lat' dir='ltr'><strong>Prttsa</strong></span> <span class='ocrx_word' id='word_1_734' title='bbox 2673 4413 2724 4465; x_wconf 93' lang='lat' dir='ltr'><strong>in</strong></span> <span class='ocrx_word' id='word_1_735' title='bbox 2776 4413 3110 4466; x_wconf 88' lang='lat' dir='ltr'><strong>deditionem</strong></span> <span class='ocrx_word' id='word_1_736' title='bbox 3167 4422 3406 4481; x_wconf 85' lang='lat' dir='ltr'><strong>accepta,</strong></span> <span class='ocrx_word' id='word_1_737' title='bbox 3456 4417 3740 4468; x_wconf 89' lang='lat' dir='ltr'><strong>certiorem</strong></span> 
     </span>
    </p>
   </div>
   <div class='ocr_carea' id='block_1_104' title="bbox 2167 4503 3742 4575">
    <p class='ocr_par' dir='ltr' id='par_1_104' title="bbox 2167 4503 3742 4575">
     <span class='ocr_line' id='line_1_104' title="bbox 2167 4503 3742 4575; baseline -0.001 -17"><span class='ocrx_word' id='word_1_738' title='bbox 2167 4505 2423 4559; x_wconf 88' lang='lat' dir='ltr'><strong>reddidit.</strong></span> <span class='ocrx_word' id='word_1_739' title='bbox 2481 4505 2755 4575; x_wconf 86' lang='lat' dir='ltr'><strong>Occupata</strong></span> <span class='ocrx_word' id='word_1_740' title='bbox 2813 4505 2916 4557; x_wconf 84' lang='lat' dir='ltr'><strong>fuit</strong></span> <span class='ocrx_word' id='word_1_741' title='bbox 2968 4509 3036 4558; x_wconf 90' lang='lat' dir='ltr'><strong>ab</strong></span> <span class='ocrx_word' id='word_1_742' title='bbox 3090 4503 3345 4558; x_wconf 85' lang='lat' dir='ltr'><strong>Ureltane</strong></span> <span class='ocrx_word' id='word_1_743' title='bbox 3397 4504 3524 4559; x_wconf 85' lang='lat' dir='ltr'><strong>Gasi</strong></span> <span class='ocrx_word' id='word_1_744' title='bbox 3571 4506 3742 4561; x_wconf 86' lang='lat' dir='ltr'><strong>Prusa</strong></span> 
     </span>
    </p>
   </div>
   <div class='ocr_carea' id='block_1_105' title="bbox 2167 4595 3738 4664">
    <p class='ocr_par' dir='ltr' id='par_1_105' title="bbox 2167 4595 3738 4664">
     <span class='ocr_line' id='line_1_105' title="bbox 2167 4595 3738 4664; baseline 0.001 -14"><span class='ocrx_word' id='word_1_745' title='bbox 2167 4596 2536 4651; x_wconf 81' lang='lat' dir='ltr'><strong>Mabumetani</strong></span> <span class='ocrx_word' id='word_1_746' title='bbox 2598 4597 2792 4650; x_wconf 87' lang='lat' dir='ltr'><strong>calculi</strong></span> <span class='ocrx_word' id='word_1_747' title='bbox 2848 4612 2991 4650; x_wconf 89' lang='lat' dir='ltr'><strong>anno</strong></span> <span class='ocrx_word' id='word_1_748' title='bbox 3048 4595 3152 4648; x_wconf 75' lang='lat'><strong>726</strong></span> <span class='ocrx_word' id='word_1_749' title='bbox 3211 4596 3588 4664; x_wconf 70' lang='lat' dir='ltr'><strong>(Chr.1527).</strong></span> <span class='ocrx_word' id='word_1_750' title='bbox 3642 4601 3738 4652; x_wconf 67' lang='grc' dir='ltr'><strong>υεν</strong></span> 
     </span>
    </p>
   </div>
   <div class='ocr_carea' id='block_1_106' title="bbox 2169 4687 3747 4757">
    <p class='ocr_par' dir='ltr' id='par_1_106' title="bbox 2169 4687 3747 4757">
     <span class='ocr_line' id='line_1_106' title="bbox 2169 4687 3747 4757; baseline 0.001 -16"><span class='ocrx_word' id='word_1_751' title='bbox 2169 4705 2293 4742; x_wconf 86' lang='lat' dir='ltr'><strong>man</strong></span> <span class='ocrx_word' id='word_1_752' title='bbox 2354 4689 2466 4756; x_wconf 85' lang='lat' dir='ltr'><strong>ipse</strong></span> <span class='ocrx_word' id='word_1_753' title='bbox 2530 4699 2642 4741; x_wconf 90' lang='lat' dir='ltr'><strong>tum</strong></span> <span class='ocrx_word' id='word_1_754' title='bbox 2706 4689 2963 4757; x_wconf 86' lang='lat' dir='ltr'><strong>temporis</strong></span> <span class='ocrx_word' id='word_1_755' title='bbox 3025 4687 3335 4756; x_wconf 87' lang='lat' dir='ltr'><strong>quiescens,</strong></span> <span class='ocrx_word' id='word_1_756' title='bbox 3396 4691 3747 4756; x_wconf 75' lang='lat' dir='ltr'><strong>occupationi</strong></span> 
     </span>
    </p>
   </div>
   <div class='ocr_carea' id='block_1_107' title="bbox 2169 4779 3746 4852">
    <p class='ocr_par' dir='ltr' id='par_1_107' title="bbox 2169 4779 3746 4852">
     <span class='ocr_line' id='line_1_107' title="bbox 2169 4779 3746 4852; baseline 0.003 -20"><span class='ocrx_word' id='word_1_757' title='bbox 2169 4779 2356 4835; x_wconf 65' lang='lat' dir='ltr'><strong>Prusae</strong></span> <span class='ocrx_word' id='word_1_758' title='bbox 2399 4798 2506 4834; x_wconf 87' lang='lat' dir='ltr'><strong>non</strong></span> <span class='ocrx_word' id='word_1_759' title='bbox 2547 4782 2788 4836; x_wconf 77' lang='lat' dir='ltr'><strong>interfuit</strong></span> <span class='ocrx_word' id='word_1_760' title='bbox 2830 4781 3068 4850; x_wconf 88' lang='lat' dir='ltr'><strong>:partim</strong></span> <span class='ocrx_word' id='word_1_761' title='bbox 3123 4791 3334 4834; x_wconf 89' lang='lat' dir='ltr'><strong>tumore</strong></span> <span class='ocrx_word' id='word_1_762' title='bbox 3381 4783 3746 4852; x_wconf 80' lang='lat' dir='ltr'><strong>cruciataque</strong></span> 
     </span>
    </p>
   </div>
   <div class='ocr_carea' id='block_1_108' title="bbox 2174 4873 3744 4943">
    <p class='ocr_par' dir='ltr' id='par_1_108' title="bbox 2174 4873 3744 4943">
     <span class='ocr_line' id='line_1_108' title="bbox 2174 4873 3744 4943; baseline 0.004 -21"><span class='ocrx_word' id='word_1_763' title='bbox 2174 4873 2368 4941; x_wconf 90' lang='lat' dir='ltr'><strong>pedum</strong></span> <span class='ocrx_word' id='word_1_764' title='bbox 2402 4873 2715 4943; x_wconf 87' lang='lat' dir='ltr'><strong>impeditus,</strong></span> <span class='ocrx_word' id='word_1_765' title='bbox 2746 4873 2942 4941; x_wconf 86' lang='lat' dir='ltr'><strong>partim</strong></span> <span class='ocrx_word' id='word_1_766' title='bbox 2979 4875 3122 4942; x_wconf 89' lang='lat' dir='ltr'><strong>qttod</strong></span> <span class='ocrx_word' id='word_1_767' title='bbox 3155 4890 3216 4927; x_wconf 91' lang='lat' dir='ltr'><strong>se</strong></span> <span class='ocrx_word' id='word_1_768' title='bbox 3242 4878 3535 4942; x_wconf 89' lang='lat' dir='ltr'><strong>superstite</strong></span> <span class='ocrx_word' id='word_1_769' title='bbox 3569 4877 3744 4928; x_wconf 78' lang='lat' dir='ltr'><strong>tilium</strong></span> 
     </span>
    </p>
   </div>
   <div class='ocr_carea' id='block_1_109' title="bbox 2172 4962 3738 5036">
    <p class='ocr_par' dir='ltr' id='par_1_109' title="bbox 2172 4962 3738 5036">
     <span class='ocr_line' id='line_1_109' title="bbox 2172 4962 3738 5036; baseline 0.002 -19"><span class='ocrx_word' id='word_1_770' title='bbox 2172 4962 2479 5018; x_wconf 77' lang='lat' dir='ltr'><strong>Urtzltanem</strong></span> <span class='ocrx_word' id='word_1_771' title='bbox 2511 4966 2718 5036; x_wconf 77' lang='lat' dir='ltr'><strong>aliquid</strong></span> <span class='ocrx_word' id='word_1_772' title='bbox 2755 4967 2968 5019; x_wconf 86' lang='lat' dir='ltr'><strong>fortiter</strong></span> <span class='ocrx_word' id='word_1_773' title='bbox 2998 4981 3162 5034; x_wconf 80' lang='lat' dir='ltr'><strong>agere</strong></span> <span class='ocrx_word' id='word_1_774' title='bbox 3193 4977 3436 5032; x_wconf 87' lang='lat' dir='ltr'><strong>cuperet,</strong></span> <span class='ocrx_word' id='word_1_775' title='bbox 3469 4967 3535 5020; x_wconf 89' lang='lat' dir='ltr'><strong>ad</strong></span> <span class='ocrx_word' id='word_1_776' title='bbox 3590 4969 3738 5021; x_wconf 70' lang='lat' dir='ltr'><strong>exei-</strong></span> 
     </span>
    </p>
   </div>
   <div class='ocr_carea' id='block_1_110' title="bbox 2174 5058 3738 5128">
    <p class='ocr_par' dir='ltr' id='par_1_110' title="bbox 2174 5058 3738 5128">
     <span class='ocr_line' id='line_1_110' title="bbox 2174 5058 3738 5128; baseline 0.001 -18"><span class='ocrx_word' id='word_1_777' title='bbox 2174 5058 2366 5111; x_wconf 84' lang='lat' dir='ltr'><strong>tandos</strong></span> <span class='ocrx_word' id='word_1_778' title='bbox 2422 5059 2475 5110; x_wconf 87' lang='lat' dir='ltr'><strong>itt</strong></span> <span class='ocrx_word' id='word_1_779' title='bbox 2525 5074 2590 5110; x_wconf 91' lang='lat' dir='ltr'><strong>eo</strong></span> <span class='ocrx_word' id='word_1_780' title='bbox 2657 5060 2906 5128; x_wconf 85' lang='lat' dir='ltr'><strong>generosi</strong></span> <span class='ocrx_word' id='word_1_781' title='bbox 2965 5059 3135 5110; x_wconf 87' lang='lat' dir='ltr'><strong>animi</strong></span> <span class='ocrx_word' id='word_1_782' title='bbox 3191 5059 3420 5128; x_wconf 84' lang='lat' dir='ltr'><strong>Spiritus</strong></span> <span class='ocrx_word' id='word_1_783' title='bbox 3500 5060 3738 5114; x_wconf 84' lang='lat' dir='ltr'><strong>Tandem</strong></span> 
     </span>
    </p>
   </div>
   <div class='ocr_carea' id='block_1_111' title="bbox 2172 5150 3748 5218">
    <p class='ocr_par' dir='ltr' id='par_1_111' title="bbox 2172 5150 3748 5218">
     <span class='ocr_line' id='line_1_111' title="bbox 2172 5150 3748 5218; baseline 0.001 -16"><span class='ocrx_word' id='word_1_784' title='bbox 2172 5152 2384 5203; x_wconf 78' lang='lat' dir='ltr'><strong>exactis</strong></span> <span class='ocrx_word' id='word_1_785' title='bbox 2425 5150 2478 5203; x_wconf 91' lang='lat' dir='ltr'><strong>in</strong></span> <span class='ocrx_word' id='word_1_786' title='bbox 2517 5152 2744 5218; x_wconf 86' lang='lat' dir='ltr'><strong>imperio</strong></span> <span class='ocrx_word' id='word_1_787' title='bbox 2777 5151 2966 5216; x_wconf 79' lang='lat' dir='ltr'><strong>viginti</strong></span> <span class='ocrx_word' id='word_1_788' title='bbox 3004 5161 3129 5204; x_wconf 88' lang='lat' dir='ltr'><strong>octo</strong></span> <span class='ocrx_word' id='word_1_789' title='bbox 3172 5153 3354 5214; x_wconf 89' lang='lat' dir='ltr'><strong>annis,</strong></span> <span class='ocrx_word' id='word_1_790' title='bbox 3382 5152 3586 5206; x_wconf 89' lang='lat' dir='ltr'><strong>Osman</strong></span> <span class='ocrx_word' id='word_1_791' title='bbox 3636 5150 3748 5205; x_wconf 67' lang='lat' dir='ltr'><strong>Gao</strong></span> 
     </span>
    </p>
   </div>
   <div class='ocr_carea' id='block_1_112' title="bbox 2172 5242 3742 5311">
    <p class='ocr_par' dir='ltr' id='par_1_112' title="bbox 2172 5242 3742 5311">
     <span class='ocr_line' id='line_1_112' title="bbox 2172 5242 3742 5311; baseline -0.001 -15"><span class='ocrx_word' id='word_1_792' title='bbox 2172 5258 2262 5296; x_wconf 88' lang='lat' dir='ltr'><strong>ses</strong></span> <span class='ocrx_word' id='word_1_793' title='bbox 2316 5247 2479 5295; x_wconf 86' lang='lat' dir='ltr'><strong>vitam</strong></span> <span class='ocrx_word' id='word_1_794' title='bbox 2530 5257 2653 5294; x_wconf 91' lang='lat' dir='ltr'><strong>cum</strong></span> <span class='ocrx_word' id='word_1_795' title='bbox 2693 5253 2866 5295; x_wconf 89' lang='lat' dir='ltr'><strong>morte</strong></span> <span class='ocrx_word' id='word_1_796' title='bbox 2900 5247 3281 5297; x_wconf 85' lang='lat' dir='ltr'><strong>commutavit.</strong></span> <span class='ocrx_word' id='word_1_797' title='bbox 3327 5242 3460 5311; x_wconf 82' lang='lat' dir='ltr'><strong>Ejus</strong></span> <span class='ocrx_word' id='word_1_798' title='bbox 3495 5245 3615 5296; x_wconf 92' lang='lat' dir='ltr'><strong>loco</strong></span> <span class='ocrx_word' id='word_1_799' title='bbox 3655 5259 3742 5295; x_wconf 79' lang='lat' dir='ltr'><strong>rc-</strong></span> 
     </span>
    </p>
   </div>
   <div class='ocr_carea' id='block_1_113' title="bbox 2177 5332 3750 5389">
    <p class='ocr_par' dir='ltr' id='par_1_113' title="bbox 2177 5332 3750 5389">
     <span class='ocr_line' id='line_1_113' title="bbox 2177 5332 3750 5389; baseline 0.001 -5"><span class='ocrx_word' id='word_1_800' title='bbox 2177 5347 2295 5384; x_wconf 91' lang='lat' dir='ltr'><strong>rum</strong></span> <span class='ocrx_word' id='word_1_801' title='bbox 2361 5332 2896 5387; x_wconf 82' lang='lat' dir='ltr'><strong>administratimtem</strong></span> <span class='ocrx_word' id='word_1_802' title='bbox 2979 5338 3307 5388; x_wconf 84' lang='lat' dir='ltr'><strong>consecutus</strong></span> <span class='ocrx_word' id='word_1_803' title='bbox 3377 5345 3460 5385; x_wconf 73' lang='lat' dir='ltr'><strong>est</strong></span> <span class='ocrx_word' id='word_1_804' title='bbox 3524 5333 3750 5389; x_wconf 74' lang='lat' dir='ltr'><strong>Urchan</strong></span> 
     </span>
    </p>
   </div>
   <div class='ocr_carea' id='block_1_114' title="bbox 2175 5423 3751 5496">
    <p class='ocr_par' dir='ltr' id='par_1_114' title="bbox 2175 5423 3751 5496">
     <span class='ocr_line' id='line_1_114' title="bbox 2175 5423 3751 5496; baseline 0.003 -21"><span class='ocrx_word' id='word_1_805' title='bbox 2175 5423 2341 5486; x_wconf 82' lang='lat' dir='ltr'><strong>titius,</strong></span> <span class='ocrx_word' id='word_1_806' title='bbox 2393 5439 2542 5478; x_wconf 90' lang='lat' dir='ltr'><strong>anno</strong></span> <span class='ocrx_word' id='word_1_807' title='bbox 2598 5423 2980 5479; x_wconf 77' lang='lat' dir='ltr'><strong>Mabumetano</strong></span> <span class='ocrx_word' id='word_1_808' title='bbox 3019 5427 3119 5479; x_wconf 77' lang='lat'><strong>727</strong></span> <span class='ocrx_word' id='word_1_809' title='bbox 3179 5426 3331 5496; x_wconf 87' lang='lat' dir='ltr'><strong>(Chr.</strong></span> <span class='ocrx_word' id='word_1_810' title='bbox 3389 5425 3571 5494; x_wconf 71' lang='lat'><strong>159.8).</strong></span> <span class='ocrx_word' id='word_1_811' title='bbox 3606 5429 3751 5480; x_wconf 84' lang='lat' dir='ltr'><strong>Ante</strong></span> 
     </span>
    </p>
   </div>
   <div class='ocr_carea' id='block_1_115' title="bbox 2175 5515 3749 5586">
    <p class='ocr_par' dir='ltr' id='par_1_115' title="bbox 2175 5515 3749 5586">
     <span class='ocr_line' id='line_1_115' title="bbox 2175 5515 3749 5586; baseline 0.004 -19"><span class='ocrx_word' id='word_1_812' title='bbox 2175 5525 2403 5568; x_wconf 87' lang='lat' dir='ltr'><strong>mortent</strong></span> <span class='ocrx_word' id='word_1_813' title='bbox 2460 5518 2738 5586; x_wconf 68' lang='lat' dir='ltr'><strong>praecepit,</strong></span> <span class='ocrx_word' id='word_1_814' title='bbox 2775 5525 2838 5570; x_wconf 93' lang='lat' dir='ltr'><strong>ut</strong></span> <span class='ocrx_word' id='word_1_815' title='bbox 2896 5515 3082 5570; x_wconf 73' lang='lat' dir='ltr'><strong>Prusa:</strong></span> <span class='ocrx_word' id='word_1_816' title='bbox 3130 5517 3184 5569; x_wconf 89' lang='lat' dir='ltr'><strong>in</strong></span> <span class='ocrx_word' id='word_1_817' title='bbox 3243 5529 3497 5585; x_wconf 83' lang='lat' dir='ltr'><strong>argentea</strong></span> <span class='ocrx_word' id='word_1_818' title='bbox 3562 5519 3749 5574; x_wconf 82' lang='lat' dir='ltr'><strong>tumba</strong></span> 
     </span>
    </p>
   </div>
   <div class='ocr_carea' id='block_1_116' title="bbox 2175 5609 3752 5682">
    <p class='ocr_par' dir='ltr' id='par_1_116' title="bbox 2175 5609 3752 5682">
     <span class='ocr_line' id='line_1_116' title="bbox 2175 5609 3752 5682; baseline 0.005 -23"><span class='ocrx_word' id='word_1_819' title='bbox 2175 5620 2551 5662; x_wconf 85' lang='lat' dir='ltr'><strong>eoneamerata</strong></span> <span class='ocrx_word' id='word_1_820' title='bbox 2595 5611 2967 5669; x_wconf 87' lang='lat' dir='ltr'><strong>conderetur;</strong></span> <span class='ocrx_word' id='word_1_821' title='bbox 3021 5609 3116 5664; x_wconf 88' lang='lat' dir='ltr'><strong>sed</strong></span> <span class='ocrx_word' id='word_1_822' title='bbox 3151 5609 3312 5681; x_wconf 78' lang='lat' dir='ltr'><strong>vulgo</strong></span> <span class='ocrx_word' id='word_1_823' title='bbox 3351 5611 3417 5663; x_wconf 90' lang='lat' dir='ltr'><strong>ad</strong></span> <span class='ocrx_word' id='word_1_824' title='bbox 3475 5611 3752 5682; x_wconf 74' lang='lat' dir='ltr'><strong>Sagutzu-</strong></span> 
     </span>
    </p>
   </div>
   <div class='ocr_carea' id='block_1_117' title="bbox 2177 5700 3748 5778">
    <p class='ocr_par' dir='ltr' id='par_1_117' title="bbox 2177 5700 3748 5778">
     <span class='ocr_line' id='line_1_117' title="bbox 2177 5700 3748 5778; baseline 0.005 -28"><span class='ocrx_word' id='word_1_825' title='bbox 2177 5713 2318 5760; x_wconf 89' lang='lat' dir='ltr'><strong>cam,</strong></span> <span class='ocrx_word' id='word_1_826' title='bbox 2347 5700 2440 5766; x_wconf 91' lang='lat' dir='ltr'><strong>qui</strong></span> <span class='ocrx_word' id='word_1_827' title='bbox 2498 5701 2650 5758; x_wconf 86' lang='lat' dir='ltr'><strong>locus</strong></span> <span class='ocrx_word' id='word_1_828' title='bbox 2684 5716 2713 5755; x_wconf 90' lang='lat' dir='ltr'><strong>a</strong></span> <span class='ocrx_word' id='word_1_829' title='bbox 2767 5703 2932 5758; x_wconf 89' lang='lat' dir='ltr'><strong>salice</strong></span> <span class='ocrx_word' id='word_1_830' title='bbox 2988 5715 3186 5756; x_wconf 84' lang='lat' dir='ltr'><strong>nomen</strong></span> <span class='ocrx_word' id='word_1_831' title='bbox 3250 5703 3432 5769; x_wconf 85' lang='lat' dir='ltr'><strong>habet,</strong></span> <span class='ocrx_word' id='word_1_832' title='bbox 3494 5706 3748 5778; x_wconf 76' lang='lat' dir='ltr'><strong>conditus</strong></span> 
     </span>
    </p>
   </div>
   <div class='ocr_carea' id='block_1_118' title="bbox 2179 5793 2546 5850">
    <p class='ocr_par' dir='ltr' id='par_1_118' title="bbox 2179 5793 2546 5850">
     <span class='ocr_line' id='line_1_118' title="bbox 2179 5793 2546 5850; baseline 0 -1"><span class='ocrx_word' id='word_1_833' title='bbox 2179 5793 2546 5850; x_wconf 66' lang='lat' dir='ltr'><strong>existimatur.</strong></span> 
     </span>
    </p>
   </div>
  </div>
