4126 6470
399 352 506 416 583

1642 355 1995 417 ANXALES
2033 353 2368 412 TURCiCl.

3543 349 3647 414 .584

474 475 612 527 Cum
647 472 887 542 primum
952 473 1236 529 Urchancs
1291 475 1583 545 imperium
1657 477 1974 543 auspicatus
2003 473 2384 542 Apﬂl'l'iCidliJ
2448 476 2642 527 fratres
2695 489 2724 525 c
2772 475 2953 527 melio
2988 471 3335 526 sustulerunt
3372 483 3496 526 ante
3547 471 3648 524 Ba-

406 565 620 628 fuisset,
698 564 870 618 duces
948 565 1224 626 veterani,
1287 573 1564 634 quotquot
1632 578 1699 617 ex
1755 563 1972 616 Parthia

406 671 533 712 eunt
582 657 758 725 ipsius
818 672 920 710 avo
973 657 1026 710 in
1063 673 1158 712 eas
1186 667 1362 712 terras
1390 666 1676 720 venerant,
1712 657 1972 710 nimirum

406 751 762 819 Cugurelpes,
811 749 1092 804 ltachman
1155 748 1326 804 Gascs
1381 759 1436 804 et
1493 752 1790 812 Accecoza,
1845 747 1978 802 Ger—

407 841 609 895 ieusem
669 856 862 910 agrum
899 856 1021 895 cum
1079 841 1298 896 Bolensi
1354 851 1678 910 occupatum
1715 841 1800 893 sui
1834 840 1978 908 juris

411 933 679 988 ἔρρει-ειμι.
727 931 832 988 Sed
866 933 934 987 iis
964 948 1070 987 non
1143 934 1312 988 multo
1356 948 1479 1002 post
1525 933 1830 992 exstinctis,
1885 933 1982 987 Ur-

407 1030 549 1080 chan
632 1027 870 1081 ditiones
924 1028 1046 1082 illas
1127 1028 1239 1080 filio
1295 1041 1397 1081 suo
1452 1024 1750 1080 Soleimaui
1805 1026 1980 1080 bassa:

407 1118 782 1188 possidendas,
820 1121 1045 1174 nomine
1105 1118 1490 1190 Sangiaealus,
1539 1118 1687 1172 dedit
1719 1137 1731 1172 :
1771 1119 1979 1172 itidem-

406 1228 513 1280 que
566 1214 843 1278 regionem
877 1213 1104 1265 alteram
1143 1229 1248 1264 non
1279 1227 1552 1275 magnam,
1603 1226 1767 1280 quam
1811 1211 1980 1263 inun-

408 1322 511 1376 gen
567 1315 781 1370 vocant,
853 1307 1008 1360 alteri
1085 1305 1196 1358 filio
1257 1305 1553 1371 concessit,
1613 1305 1702 1358 cui
1783 1320 1979 1356 noruen

411 1402 651 1455 Mnrates
697 1402 846 1454 Chau
897 1402 1089 1455 Gascs.
1143 1399 1301 1454 Hunc
1344 1398 1491 1452 enim
1547 1400 1815 1451 minorem
1847 1409 1977 1450 natu

413 1497 582 1548 lilium
638 1495 895 1549 habebat.
951 1494 1080 1548 Inde
1141 1501 1529 1582 recuperatam
1569 1493 1806 1545 lsnicam
1837 1506 1980 1560 prte-

409 1587 836 1656 sidioimpOsito
884 1587 1141 1648 munivit,
1192 1596 1246 1638 et
1299 1587 1568 1640 ecclesias
1638 1586 1981 1640 Chri..tiano-

410 1695 530 1734 rum
583 1681 637 1733 in
694 1695 756 1733 ea
793 1680 1111 1742 demolitus,
1165 1679 1378 1746 aliquot
1417 1695 1484 1732 ex
1541 1678 1649 1732 illis
1682 1679 1734 1730 in
1788 1680 1982 1731 messi-

411 1784 494 1825 tas
548 1773 664 1825 sive
718 1770 915 1840 templa
961 1771 1354 1824 Mahnmetaua
1417 1771 1708 1832 convertit,
1785 1769 1982 1838 adjun-

2076 564 2260 634 jazilis
2313 564 2520 618 Chattis
2579 566 2890 634 imperium,
2943 580 3104 632 quem
3168 561 3517 616 Gilderuncm
3554 577 3648 632 ap-

2081 660 2428 729 pellaveruut
2475 675 2489 711 :
2531 659 2690 712 sicuti
2755 657 3014 726 deinceps
3071 658 3367 709 iudicaturi
3449 672 3548 711 suo
3573 658 3649 709 Io-

2079 767 2146 806 co
2202 749 2367 820 314.
2395 765 2612 807 sumus.
2677 747 2822 802 Idem
2857 747 3076 801 Urchan
3119 745 3290 802 63305
3356 747 3407 800 id
3436 757 3650 816 tempu-

2087 844 2162 898 ris
2218 845 2270 896 in
2320 843 2642 911 regionibus
2689 841 2918 910 imperio
2993 857 3093 895 suo
3165 840 3396 893 subditis
3461 838 3655 892 domus

2085 938 2361 991 immunes
2412 949 2575 1004 atque
2624 934 2824 1003 prtedia
2866 934 3105 987 describi
3150 931 3339 1001 jussit,
3380 931 3457 984 uti
3510 931 3656 984 vide-

2083 1030 2208 1083 licet
2269 1045 2412 1082 unus
2472 1046 2539 1083 ex
2607 1029 2852 1097 quolibet
2913 1029 3116 1095 praedio
3175 1028 3503 1088 mitteretur,
3561 1027 3656 1094 qui

2082 1141 2179 1196 per
2233 1126 2396 1178 unius
2449 1123 2576 1177 anui
2617 1124 2852 1192 spatium
2909 1125 2962 1175 in
2997 1122 3143 1190 regia
3210 1124 3438 1191 quosvis
3473 1121 3660 1190 injuri.

2083 1227 2202 1272 ctos
2244 1217 2348 1272 sibi
2391 1216 2609 1271 labores
2636 1217 2964 1284 susciperet.
3017 1215 3120 1268 Eos
3167 1214 3428 1282 appellari
3455 1217 3661 1282 placuit

2082 1310 2256 1373 Jaias,
2314 1311 2416 1362 hoc
2450 1321 2555 1370 est,
2597 1308 2829 1377 pedites.
2887 1307 3156 1376 Quodque
3203 1306 3344 1360 tales
3368 1308 3552 1358 adhuc
3601 1307 3657 1358 in

2085 1404 2232 1471 regia
2275 1407 2642 1471 reperiantur,
2707 1402 2800 1468 qui
2853 1402 3071 1454 labores
3122 1400 3392 1466 ejusmodi
3425 1400 3655 1461 obeunt,

2085 1512 2150 1550 ex
2210 1496 2480 1550 Urehanis
2519 1494 2679 1549 Gasis
2730 1495 2982 1547 instituto
3037 1503 3303 1562 emptum,
3363 1495 3546 1545 adhuc
3605 1493 3659 1543 in

2087 1601 2190 1638 usu
2226 1596 2332 1637 est.
2386 1583 2655 1637 Caeterum
2713 1593 2910 1636 nactus
2947 1580 3166 1637 Urchan
3215 1584 3388 1636 Gases
3415 1585 3662 1650 quietam

2091 1677 2242 1730 urbis
2288 1676 2477 1730 lsnicze
2528 1676 2962 1744 possessionem,
3020 1676 3318 1728 imaretum
3356 1673 3410 1725 itt
3441 1689 3502 1726 ea
3533 1690 3665 1725 cuu-

2089 1771 2250 1833 didit,
2329 1770 2430 1823 hoc
2505 1777 2590 1821 est
2645 1768 2908 1835 templum
3002 1767 3471 1830 Mahumetauum,
3538 1784 3662 1820 cum

408 1868 514 1922 etis
559 1868 764 1922 scholis
794 1874 849 1920 et
917 1868 1249 1922 xenonibus.
1324 1875 1588 1936 buperest
1620 1867 1797 1920 adhuc
1826 1866 1984 1919 hodie
2018 1860 2056 1915 Β
2086 1863 2276 1916 schola
2344 1873 2398 1915 et
2450 1878 2662 1920 xenoni:
2698 1874 2846 1928 :quo
2901 1862 3121 1929 quidem
3180 1863 3234 1914 in
3293 1877 3508 1915 xenoue
3554 1863 3660 1915 cibi

411 1960 687 2013 medressa
735 1957 983 2027 quaedam
1043 1959 1236 2011 lsnicte
1269 1959 1372 2025 (sic
1403 1959 1647 2012 scholam
1703 1973 1825 2010 eum
1888 1973 1984 2008 xc—

411 2066 558 2118 tione
593 2052 940 2120 corijunctam
999 2052 1219 2118 vocant)
1248 2052 1315 2104 ab
1367 2051 1488 2118 ipso
1551 2051 1794 2104 condita.
1859 2049 1987 2101 Erat

413 2130 568 2198 inter
614 2145 751 2197 alios
814 2143 1037 2213 quidam
1096 2142 1236 2197 Cara
1287 2142 1528 2208 Mesites,
1615 2143 1838 2197 habitus
1887 2157 1985 2210 pro

413 2237 531 2290 viro
561 2245 789 2300 .saucto,
853 2235 1014 2305 cujus
1063 2252 1211 2290 cura:
1261 2236 1561 2290 commissa
1623 2235 1728 2289 fuit
1803 2235 1986 2288 omnis

409 2343 475 2382 ea
527 2330 830 2395 provincia,
877 2327 1150 2382 militibus
1183 2329 1234 2379 in
1280 2341 1448 2395 pagos
1502 2329 1712 2382 circum
1747 2327 1983 2380 lsnicam

411 2423 727 2477 distributis
763 2440 778 2476 :
816 2432 876 2475 ut
906 2422 1051 2475 illam
1111 2421 1372 2474 viciniam
1421 2423 1688 2474 adversus
1718 2421 1988 2473 Constan-

414 2517 802 2586 tinopolitauas
843 2520 1029 2584 copias
1069 2526 1126 2568 et
1181 2529 1372 2568 earum
1438 2512 1818 2582 grassationes
1873 2523 1992 2565 tue-

415 2622 624 2665 rentur.
687 2611 947 2680 Agbassae
992 2609 1265 2678 regionem
1299 2607 1594 2662 Caudi-iatn
1660 2606 1986 2676 assignavit,

414 2705 576 2772 cujus
628 2705 793 2758 etiam
857 2720 1003 2757 nunc
1059 2711 1343 2772 superstes
1393 2710 1482 2756 est
1550 2697 1784 2753 familia.
1837 2699 1985 2753 Cum

419 2801 520 2851 hoc
574 2799 736 2850 modo
779 2797 1112 2864 provincias,
1164 2809 1303 2863 quas
1359 2798 1427 2847 ab
1489 2808 1548 2848 se
1599 2793 1748 2847 bello
1799 2801 1992 2860 captas

415 2892 616 2944 Osman
674 2885 912 2942 Urehani
993 2887 1106 2940 lilio
1155 2887 1472 2956 reliquerat,
1529 2885 1672 2938 inter
1714 2897 1846 2938 suos
1892 2882 1994 2937 Ur-

416 2982 554 3033 «τιμε.
607 2983 842 3049 partitus
879 2991 1052 3041 esset,
1107 2978 1354 3032 ennium
1411 2990 1682 3030 consensu
1713 2989 1894 3027 reruut
1943 2974 1990 3025 ei

417 3088 653 3138 summa,
707 3087 808 3125 ceu
868 3072 1110 3137 legitimo
1148 3069 1391 3130 sultano,
1455 3066 1636 3120 delata
1685 3064 1811 3117 fuit.
1865 3061 1993 3128 Qui--

422 3165 522 3214 bus
571 3161 828 3229 peractis,

418 3271 481 3308 se
543 3255 618 3306 uti
677 3261 886 3306 veniret
912 3251 1164 3310 arcessit.
1217 3249 1312 3318 qui
1371 3249 1437 3302 ad
1499 3263 1626 3302 eum
1687 3248 1990 3315 profectus,

420 3343 581 3394 Nulla
643 3341 776 3394 mihi
837 3341 1050 3394 ditione
1116 3354 1257 3408 Opus
1315 3347 1422 3402 est,
1495 3336 1569 3390 mi
1629 3335 1823 3401 frater,
1888 3339 1988 3387 ait.

423 3436 730 3502 Statimque
782 3435 922 3487 facta
955 3432 1226 3495 cessioue,
1283 3444 1449 3499 quam
1485 3446 1513 3481 a
1546 3441 1698 3499 patre
1733 3429 1996 3482 ditionem

422 3539 732 3595 acceperat,
823 3526 1066 3581 Urchani
1127 3522 1255 3578 Gasi
1316 3521 1476 3576 fratri
1531 3533 1729 3591 sponte
1779 3521 2002 3574 tradidit

421 3632 477 3675 ct
539 3619 964 3676 commendavit.
1025 3617 1323 3674 Certabant
1389 3617 1440 3671 id
1492 3617 1758 3684 temporis
1805 3615 2001 3668 fratres

425 3721 566 3770 inter
625 3730 682 3768 se
733 3715 942 3768 mutuis
1002 3714 1216 3777 olliciis,
1259 3721 1316 3766 et
1368 3714 1631 3765 honorem
1667 3712 1805 3764 alter
1839 3710 1999 3762 alteri

424 3811 730 3864 deferebat.
785 3810 902 3862 Alis
957 3815 1073 3876 ipse
1101 3808 1266 3862 bassa
1311 3805 1545 3876 quodam
1575 3816 1818 3867 tempore
1853 3817 2004 3855 com-

425 3907 622 3974 pellato
676 3906 847 3958 fratre
909 3902 1164 3957 Urehaue
1198 3921 1212 3956 :
1250 3901 1321 3955 Mi
1361 3900 1554 3966 frater,
1612 3897 1818 3968 inquit,
1841 3912 2000 3950 exer-

425 4002 568 4053 citus
601 4003 678 4051 tui
731 4011 1064 4065 magnopere
1117 3997 1228 4064 jam
1287 3995 1434 4048 aucti
1501 4004 1652 4054 sun',
1701 4001 1756 4044 ct
1811 3987 2005 4041 Mahu.

428 4103 643 4143 metana
687 4090 879 4158 religio
955 4103 1064 4141 non
1103 4102 1298 4156 parum
1358 4085 1681 4139 incrementi
1744 4083 2002 4147 sumpsit.

428 4183 686 4248 Excogita
719 4185 982 4232 rationem
1006 4180 1242 4246 aliquam
1267 4179 1632 4245 obseero,qua
1661 4176 1774 4227 fieri
1803 4176 2002 4243 possit.

431 4282 492 4325 ut
539 4275 618 4324 tui
691 4272 893 4323 nulitcs
946 4273 1015 4324 ab
1061 4270 1342 4322 extraneis
1387 4278 1442 4321 et
1502 4269 1812 4336 peresrims
1890 4268 2004 4318 dis-

429 4375 746 4420 cernantur.
792 4366 870 4418 Ad
904 4379 964 4416 ea
989 4363 1334 4433 respondens
1371 4359 1585 4415 Urchan
1615 4360 1809 4422 Gases,
1860 4357 2002 4423 Fiat,

430 4463 575 4530 quod
613 4463 836 4524 suades,
894 4470 993 4512 ait.
1017 4457 1280 4527 Equidem
1323 4457 1421 4510 tibi
1478 4457 1822 4524 obtempero.
1857 4453 2000 4509 Tum

898 3159 1038 3211 Alim
1096 3159 1338 3221 bassam,
1395 3155 1621 3210 fratrem
1680 3171 1866 3215 suum,
1925 3157 1991 3207 ad
2033 3158 2069 3221 _'

2087 1968 2424 2024 coquuntur,
2488 1958 2622 2008 etin
2669 1970 2873 2021 egenos
2929 1955 3365 2019 distribuuntur,
3435 1972 3655 2023 praescr-

2088 2051 2183 2102 tim
2220 2051 2272 2102 in
2306 2065 2426 2113 eos,
2478 2050 2575 2118 qui
2633 2051 2830 2104 litteris
2881 2064 3104 2120 operam
3152 2053 3303 2114 dant,
3356 2065 3410 2104 et
3444 2051 3534 2120 qui
3559 2066 3646 2119 pe-

2089 2144 2456 2212 regi-institor.
2499 2145 2677 2212 Atque
2720 2143 2821 2199 hoc
2859 2145 2911 2196 in
2965 2145 3196 2198 imareto
3255 2146 3370 2198 sive
3453 2161 3650 2198 Xenone

2089 2237 2241 2290 cibos
2311 2235 2528 2290 Urchan
2592 2238 2708 2306 ipse
2756 2238 3104 2292 distribuisse
3139 2239 3395 2292 traditur.
3450 2235 3662 2292 Secun-

2083 2329 2218 2382 tlum
2280 2331 2394 2384 hmo
2427 2329 2794 2384 Soleimanem
2845 2331 3064 2385 bassam
3097 2331 3267 2385 lilium
3313 2331 3503 2386 laniem
3527 2347 3667 2402 pra-

2091 2423 2241 2483 fcrit,
2293 2423 2387 2492 qui
2438 2423 2634 2478 vicinis
2681 2423 2961 2493 oppidulis
3007 2421 3406 2478 Geuischeheri
3451 2421 3668 2478 Goiun-

2092 2531 2280 2585 c:eque
2333 2519 2516 2585 gravis
2576 2532 2696 2572 esse
2747 2533 2856 2572 non
2907 2518 3216 2572 desinebat.
3289 2517 3480 2572 Prusae
3539 2534 3671 2572 vero

2092 2607 2466 2674 saugiacatum
2511 2618 2845 2661 consecutus
2890 2616 2976 2662 est
3025 2608 3094 2662 ab
3127 2623 3193 2662 eo
3243 2606 3484 2663 Murates
3513 2608 3672 2662 Chan

2095 2699 2288 2764 Gases,
2342 2700 2488 2754 ﬁlius
2525 2713 2662 2756 natu
2713 2701 2918 2755 minor.
2973 2699 3155 2755 Nihilo
3217 2704 3402 2756 minus
3445 2703 3673 2758 Urchan

2097 2791 2212 2857 ipse
2273 2789 2421 2843 velut
2484 2791 2766 2859 inspector
2826 2791 3046 2860 imperii
3083 2782 3252 2846 totius
3317 2793 3539 2847 mansit.
3570 2797 3677 2847 So-

2097 2883 2364 2937 leimanes
2417 2881 2928 2951 bassa,przefectus
2991 2883 3204 2948 lsnicte,
3256 2883 3676 2941 Geniscbchcre

2095 2977 2453 3047 Goinucaque
2498 2979 2706 3046 potitus
2757 2987 2864 3033 est.
2932 2979 3136 3034 Eorum
3176 2982 3424 3035 locorum
3483 2983 3682 3036 incola:

2097 3070 2421 3131 Christiani,
2476 3079 2768 3138 perspecto
2798 3070 2970 3139 ipsius
3023 3073 3244 3140 ingenio
3287 3073 3403 3126 initi
3461 3084 3516 3126 et
3573 3075 3682 3125 hu-

2102 3178 2283 3224 mano,
2343 3162 2582 3216 universi
2633 3162 2762 3217 facti
2792 3175 2923 3217 sunt
2961 3164 3290 3218 Musulmani
3326 3182 3339 3218 :
3383 3169 3682 3236 omniaque

2103 3253 2302 3324 Oppida
2357 3255 2462 3308 sita
2495 3254 2548 3306 in
2588 3255 2656 3308 iis
2689 3255 2890 3310 finibus
2929 3256 3048 3324 ejus
3085 3270 3143 3310 se
3170 3259 3424 3325 potestati
3481 3269 3685 3326 sponte

2103 3350 2490 3419 permiserunt.
2548 3346 2645 3402 His
2697 3348 2861 3403 rebus
2892 3348 3102 3403 intento
3149 3348 3683 3415 Soleimauebassa,

2103 3441 2250 3510 patri
2305 3439 2426 3509 ejus
2481 3437 3062 3510 Urchanieomplures
3120 3441 3393 3506 civitates,
3453 3442 3682 3504 Carase.

2103 3535 2253 3601 Bale,
2313 3535 2508 3599 Cosre,
2569 3533 2859 3602 Bargama,
2907 3533 3269 3596 Edremitum,
3299 3551 3419 3590 sese
3458 3536 3685 3590 dedide-

2105 3640 2254 3682 runt.
2313 3627 2443 3683 lude
2491 3644 2619 3683 cum
2671 3629 2849 3698 copiis
2904 3627 3209 3683 Ulubadam
3245 3644 3438 3683 versus
3487 3630 3683 3683 movit.

2106 3721 2240 3775 Nam
2265 3722 2390 3791 ejus
2435 3721 2631 3792 oppidi
2657 3722 2937 3792 ‘Teggiur,
2986 3724 3082 3792 qui
3116 3723 3495 3790 superioribus
3523 3726 3690 3781 annis

2108 3829 2235 3869 cum
2285 3813 2484 3868 Turcis
2544 3823 2916 3884 transegerat,
2970 3815 3080 3880 jam
3156 3817 3357 3871 violata
3415 3815 3545 3882 ﬁde,
3619 3820 3686 3873 ab

2106 3920 2296 3960 eorum
2344 3905 2588 3961 amicitia
2648 3907 2999 3963 discesserat.
3063 3909 3199 3964 Cum
3234 3920 3416 3964 autem
3440 3926 3498 3965 se
3524 3913 3683 3982 petia

2092 3998 2308 4054 Turcis
2387 4001 2873 4068 animadverteret,
2927 4019 3123 4057 manus
3157 4004 3274 4073 ipse
3339 4005 3444 4059 sibi
3477 4007 3682 4061 attulit.

2110 4091 2245 4145 Dum
2283 4093 2399 4146 haec
2456 4092 2582 4146 istic
2621 4103 2969 4162 gererentur,
3024 4094 3367 4151 Soleimaues
3423 4099 3582 4153 bassa
3632 4102 3683 4153 in

2108 4182 2373 4238 Graeciam
2439 4186 2761 4254 trausjicere
2815 4188 3008 4241 statuit
3047 4207 3061 4243 :
3095 4203 3204 4258 qua
3255 4190 3476 4258 quidem
3530 4207 3686 4247 occa~

2111 4276 2268 4330 sione
2315 4275 2600 4345 Gallipolis
2648 4292 2678 4329 a
2736 4275 2932 4332 Turcis
2967 4289 3128 4348 capta
3179 4280 3300 4333 fuit.
3363 4279 3498 4335 Nam
3551 4291 3692 4338 torte

2113 4365 2457 4421 SolriInanes
2491 4369 2543 4422 in
2593 4371 2840 4439 regione,
2877 4386 3044 4440 quam
3096 4389 3202 4427 non
3236 4375 3309 4427 ita
3359 4377 3568 4442 pridem
3600 4383 3684 4431 sui

2109 4459 2250 4527 juris
2301 4461 2530 4525 fecerat,
2584 4463 2710 4518 hinc
2766 4465 2891 4521 inde
2941 4467 3321 4537 obequitabat.
3385 4469 3695 4540 Supersunt

430 4556 547 4608 Alis
597 4556 758 4608 bassa
795 4551 1078 4620 :Prarcipe
1143 4549 1219 4604 mi
1247 4549 1439 4614 frater,
1480 4549 1720 4619 subjicit,
1760 4558 1819 4600 ut
1878 4549 2001 4601 uni-
2033 4563 2085 4626 Β
2113 4566 2294 4610 autem
2357 4557 2410 4610 iu
2461 4557 2526 4610 iis
2565 4559 2698 4613 Iocis
2757 4561 2956 4615 rudera
3016 4564 3130 4617 sive
3158 4565 3385 4634 vestigia
3439 4567 3688 4634 qttzedam

433 4651 574 4702 versi
625 4647 825 4702 milites
879 4649 955 4700 ttti
1016 4647 1492 4700 zercolasrubeas
1550 4654 1783 4714 gestent,
1831 4660 2007 4713 eoque

425 4748 587 4814 signo
631 4745 730 4799 toti
775 4747 979 4798 mundo
1025 4752 1143 4795 IIOll
1166 4741 1276 4794 sint
1305 4755 1321 4793 :
1350 4749 1405 4792 tu
1440 4753 1569 4792 vero
1610 4738 1839 4792 zercolis
1869 4738 2009 4792 albis

432 4841 624 4891 utitor.
689 4837 803 4890 Non
859 4837 1029 4890 multo
1075 4841 1199 4903 post
1259 4833 1516 4887 convenit
1562 4829 1782 4885 Urchan
1839 4830 2010 4886 Gases

437 4935 750 5003 religiosum
813 4933 1102 5001 quemdam
1150 4928 1629 4990 Mahumetanum,
1663 4930 1752 4978 cui
1807 4940 2008 4979 nomen

435 5027 636 5082 Chazis
683 5027 1168 5095 Bectaseszatque
1203 5024 1250 5079 is
1304 5023 1430 5077 albo
1482 5021 1629 5093 pileo
1683 5019 1853 5088 capiti
1891 5018 2012 5086 ejus

437 5125 713 5198 imposito,
757 5122 1048 5177 illiusmodi
1094 5121 1379 5191 -tegminis
1445 5133 1605 5174 usum
1665 5116 2011 5188 approbarit,

437 5232 490 5275 et
523 5235 554 5274 a
616 5216 848 5288 posteris
901 5214 1124 5270 retineri
1167 5215 1357 5283 jussit.
1403 5211 1676 5280 Quodque
1715 5209 1852 5262 adeo
1905 5206 2016 5260 Ge-

441 5315 634 5376 nizari,
696 5312 790 5382 qui
843 5307 1814 5377 sultaniTurcicisclopetariisunt,
1847 5303 2010 5356 etiam

443 5425 586 5462 nunc
621 5406 888 5475 ejusmodi
945 5404 1099 5471 pileis
1147 5413 1397 5466 utuntur,
1433 5403 1484 5454 id
1514 5401 1584 5454 ab
1624 5397 1771 5452 illius
1805 5407 2015 5463 tempo-

444 5500 518 5549 ris
552 5497 946 5550 consuetudine
991 5493 1324 5562 profectum,
1364 5495 1416 5545 in
1458 5490 1783 5545 hodiernum
1839 5502 2015 5555 usque

438 5592 580 5642 diem
612 5589 794 5644 durat.
847 5589 1018 5644 Erant
1040 5587 1158 5657 ejus
1194 5587 1375 5640 aetatis
1409 5585 1660 5639 homines
1691 5583 1760 5635 ita
1785 5595 2010 5646 compa-

437 5677 564 5742 rati;
609 5690 667 5732 ut
715 5679 880 5734 frater
950 5678 1182 5734 consilia
1230 5693 1331 5732 sua
1376 5691 1499 5730 cum
1535 5673 1706 5727 fratre
1761 5688 2016 5726 comnm-

439 5771 647 5844 nicaret
684 5788 698 5825 :
731 5773 935 5840 quique
971 5772 1282 5827 rectissime
1343 5768 1739 5831 consuluisset,
1781 5767 1834 5820 in
1892 5767 2014 5834 ejus

434 5866 762 5925 sententiam
814 5868 1006 5921 lubens
1080 5866 1215 5921 alter
1264 5865 1398 5920 ibat.
1471 5861 1612 5915 Nulli
1666 5863 1874 5916 mutuis
1951 5877 2008 5915 se

2113 4648 2470 4703 aedificiorum
2498 4651 2838 4716 admiranda,
2867 4668 2989 4721 qua:
3015 4655 3138 4708 iStic
3174 4656 3242 4709 ab
3271 4657 3486 4710 excidio
3514 4657 3691 4726 Trent:

2115 4742 2168 4794 in
2220 4743 2365 4796 hunc
2430 4759 2599 4813 usque
2667 4747 2814 4800 diem
2875 4757 3218 4805 manserunt.
3287 4750 3400 4814 Illa,
3458 4767 3584 4804 cum
3630 4769 3696 4803 eo

2118 4834 2380 4896 venisset,
2427 4851 2553 4889 cum
2609 4846 2834 4907 stupore
2871 4840 3106 4907 quodam
3157 4842 3459 4910 aspiciens,
3496 4848 3693 4898 tacitus

2117 4936 2171 4981 et
2226 4928 2634 4994 cogitabundus
2714 4930 2782 4984 ad
2837 4931 3064 5001 aliquod
3130 4937 3394 5002 temporis
3450 4938 3692 5004 spatium

2121 5021 2193 5074 ita
2253 5022 2525 5090 substitit,
2588 5032 2646 5077 ut
2728 5025 2866 5078 nihil
2933 5029 3160 5081 omnino
3229 5030 3299 5082 ad
3365 5045 3698 5099 quemquam

2120 5114 2565 5184 proloqueretur.
2627 5115 2999 5182 Quamobrem
3057 5119 3194 5175 Ezes
3244 5121 3434 5191 begus,
3477 5124 3696 5176 tandem

2118 5220 2178 5261 se
2227 5219 2552 5264 convertens
2629 5212 2698 5264 ad
2779 5209 3176 5280 Soleimanem,
3230 5214 3298 5267 Mi
3353 5217 3527 5283 Ctiau,
3599 5221 3698 5278 ait,

2118 5299 2246 5370 quid
2312 5303 2452 5355 istuc
2488 5317 2643 5356 nova:
2697 5305 2773 5358 rei
2816 5305 3232 5376 estfquaenam
3297 5310 3391 5362 tibi
3455 5311 3517 5361 ης]
3581 5325 3700 5362 aui-

2122 5409 2270 5449 n.um
2323 5395 2524 5449 accidit
2577 5397 2894 5466 prodigiosa
2927 5403 3189 5469 cogitato
3213 5401 3391 5456 ?Tum
3421 5404 3696 5457 Soleima-

2122 5505 2218 5544 nes
2262 5491 2441 5556 bassa,
2500 5492 2734 5554 Mecum,
2763 5492 2962 5560 inquit,
2998 5497 3183 5546 animo
3218 5496 3397 5556 volvo,
3457 5512 3696 5562 quonam

2126 5583 2287 5636 modo
2371 5585 2504 5636 mihi
2561 5586 3044 5640 transmittendum
3105 5587 3209 5642 hoc
3265 5602 3418 5640 mare
3498 5590 3589 5652 sit,
3642 5600 3701 5640 ut

2121 5677 2340 5730 interim
2401 5675 2753 5731 Christianos
2813 5691 3048 5732 conatus
3122 5683 3221 5734 iste
3289 5697 3445 5734 meus
3508 5683 3696 5734 latrat.

2121 5770 2320 5834 quso
2379 5780 2448 5836 te,
2507 5787 2611 5839 qua
2662 5787 2745 5824 via
2804 5789 2916 5826 rem
2966 5773 3370 5842 aggrediemur.
3428 5776 3518 5828 liae
3550 5790 3699 5844 cog.-

2125 5865 2359 5918 tatioucs
2393 5880 2527 5918 mete
2563 5875 2712 5921 sunt.
2740 5866 2818 5919 Ad
2853 5881 2913 5919 ea
2937 5883 3058 5920 mox
3103 5867 3237 5920 Ezes
3291 5885 3352 5918 ac
3378 5867 3525 5921 Fasd
3549 5869 3692 5935 begi,
