4126 6454
236 5929 263 5937 ..ρ

370 2338 375 2343 ·
401 2328 458 2383 in
526 2341 645 2381 eam
716 2337 908 2394 ratem,

396 370 500 425 58⁸»
1667 360 2017 418 ΑΝΝΑιΕδ
2058 359 2153 416 Τυ
2171 358 2393 416 HCICI.
3543 356 3644 411 ξεδῆ

393 476 647 541 Domine,
717 474 763 530 si
828 488 926 545 per
987 484 1041 530 te
1104 474 1313 539 licebit,
1347 474 1632 544 inquiunt,
1693 454 1795 528 nos
1870 473 2366 537 dqumanitate,
2408 486 2513 539 qua
2563 470 2616 523 in
2668 469 2793 523 illos
2845 470 3081 541 priores,
3152 468 3313 525 facile
3341 469 3452 523 duo
3496 469 3648 525 istaec

392 575 589 627 fretum
626 570 732 624 hoc
774 566 1216 637 transjiciemus,
1252 568 1535 628 tentatur-i.
1570 582 1697 621 num
1766 565 1971 635 aliquid

392 680 420 720 a
483 662 645 725 nobis
692 661 832 716 ellici
866 660 1061 731 possit.
1108 659 1208 715 Ubi
1267 676 1422 724 vero,
1479 660 1715 731 subjecit
1784 656 1971 717 Solei-

396 769 606 821 manes,
640 752 1003 824 transjecturi
1053 751 1234 808 estis?
1267 753 1446 807 Locus
1474 754 1565 808 hic
1600 755 1826 821 quidam
1860 766 1967 823 est,

395 849 667 919 inquiunt.
697 847 787 900 ubi
832 845 1011 901 facilis
1060 852 1143 901 est
1183 846 1524 915 transiectio,
1566 863 1630 901 ex
1682 847 1973 904 intervallo

402 941 593 997 littoris
632 938 927 1004 utriusque
958 952 1065 993 non
1097 952 1317 1009 magno.
1370 937 1511 993 Cum
1547 940 1599 993 id
1632 938 1973 998 Soleintancs

399 1035 469 1089 eis
505 1044 562 1087 ut
592 1032 853 1091 facerent.
884 1030 1251 1098 permisisset,
1294 1032 1473 1107 locum
1523 1031 1700 1099 ipsum
1745 1032 1969 1099 adeunt,

397 1127 569 1182 trabes
627 1141 690 1181 ac
711 1126 857 1195 ligna
907 1124 1191 1191 colligant,
1222 1133 1394 1179 ratem
1452 1126 1779 1191 conficiunt,
1818 1137 1972 1183 trans

394 1220 591 1274 fretum
630 1228 793 1272 noctu
855 1218 908 1270 in
960 1216 1250 1271 adversum
1318 1217 1470 1272 littus
1525 1219 1828 1288 appellunt,
1880 1237 1974 1289 per

395 1316 576 1365 tineas
611 1317 787 1365 semet
820 1309 1047 1395 abibunt,
1085 1309 1342 1364 idoneum
1367 1312 1659 1378 quemdam
1718 1311 1974 1369 instituto

396 1417 488 1456 suo
563 1400 943 1455 Christianum
997 1400 1245 1469 capiunt.
1302 1399 1439 1454 Eum
1512 1415 1646 1455 vero
1721 1403 1975 1459 celeriter

393 1501 705 1565 abreptum,
761 1495 978 1563 ratique
1054 1494 1400 1564 impositum,
1452 1495 1589 1548 hero
1647 1511 1749 1550 suo
1810 1496 1977 1551 Solei-

392 1589 560 1652 mani,
607 1595 866 1657 superato
899 1600 1122 1640 rursum
1197 1586 1361 1653 freto,
1411 1588 1637 1644 sistunt.
1688 1587 1736 1643 Is
1794 1590 1976 1643 homi-

393 1695 513 1733 nem
564 1679 800 1748 benigne
829 1680 1101 1748 excipere,
1188 1680 1388 1733 vestitu
1416 1694 1559 1735 novo
1597 1680 1825 1745 donare,
1854 1697 1974 1735 mu-

394 1772 615 1825 aeribus
681 1770 805 1824 aliis
871 1770 1158 1824 delinitum
1218 1770 1555 1841 interrogare
1595 1792 1608 1826 :
1646 1772 1829 1843 Ecqua
1887 1775 1970 1827 via

2074 563 2299 618 Graecia:
2347 574 2529 617 castra
2584 578 2743 618 suam
2792 562 2846 618 in
2908 572 3235 635 potestatem
3302 564 3648 634 redegerunt.

2077 655 2279 710 llaruut
2346 670 2550 722 rerum,
2601 664 2706 709 tam
2776 654 3012 711 feliciter
3038 656 3093 709 in
3131 650 3397 709 Romania
3467 665 3651 724 gesta-

2074 763 2217 809 rum,
2279 747 2423 802 fama
2454 763 2577 803 cum
2608 747 2698 815 {ad
2747 746 2959 803 'l'urcos
3020 748 3072 801 itt
3107 748 3292 802 Asiam
3320 759 3473 801 trans
3503 762 3652 800 mare

2075 843 2280 912 perlata
2336 841 2527 897 fuisset
2553 881 2571 905 ,
2607 842 2998 912 quamplurimi
3035 853 3229 912 sponte
3263 854 3359 896 sua
3419 843 3651 911 transje-

2074 942 2291 998 cerunt,
2345 944 2511 1003 atque
2564 932 2668 987 huc
2709 934 2871 987 modo
2936 934 3142 1003 passim
3188 946 3283 1002 per
3337 933 3649 986 universam

2077 1028 2402 1083 Romaniam
2429 1025 2634 1080 diditus
2655 1039 2739 1080 est
2766 1028 2833 1081 de
2863 1026 3165 1081 Turcorum
3186 1026 3420 1080 adventu
3439 1037 3648 1081 rumor.

2076 1119 2265 1190 Neque
2296 1120 2467 1175 multo
2494 1126 2617 1189 post
2647 1118 2915 1188 praemissi
2971 1116 3145 1186 fuere,
3192 1119 3284 1189 qui
3335 1117 3649 1187 Callipolim

2076 1222 2370 1269 tentarent.
2404 1215 2538 1284 Ejus
2565 1216 2666 1269 loci
2694 1210 2952 1286 Teggittr,
2979 1215 3363 1270 animadverso
3401 1225 3647 1277 tamsno,

2074 1320 2239 1375 quam
2300 1322 2528 1362 suorum
2600 1306 2865 1377 periculo,
2933 1307 3287 1377 collectisque
3342 1308 3650 1377 perexiguis

2075 1400 2517 1454 Christianorum
2574 1399 2770 1468 copiis,
2813 1399 3062 1454 animose
3103 1413 3226 1453 cum
3282 1397 3476 1453 Turcis
3514 1414 3654 1452 con-

2074 1491 2248 1548 flixit:
2282 1494 2374 1548 sed
2404 1493 2595 1563 praelia
2629 1491 2828 1557 victus,
2856 1492 2995 1546 intra
3028 1492 3385 1545 munitionem
3416 1505 3473 1546 se
3498 1506 3651 1546 rece-

2076 1587 2172 1656 pit.
2227 1584 2390 1640 Turci
2449 1586 2659 1639 hostem
2682 1601 2738 1637 ta
2773 1596 2927 1655 tergo
2986 1586 3182 1649 secuti,
3215 1598 3402 1654 agrum
3430 1598 3646 1637 omnem

2075 1686 2369 1745 occupant,
2404 1686 2457 1729 et
2512 1678 2565 1729 in
2603 1675 2779 1730 reditu
2842 1677 3015 1744 ipsam
3072 1690 3291 1745 quoque
3339 1674 3650 1743 Callipolim

2075 1768 2180 1823 sibi
2238 1785 2363 1823 cum
2397 1783 2524 1822 arce
2577 1769 2896 1838 subjiciunt.
2956 1766 3182 1822 Factum
3227 1770 3332 1823 hoc
3365 1783 3511 1821 anno
3538 1768 3655 1820 Ma-

396 1861 464 1916 sit
513 1862 567 1914 in
593 1862 858 1931 oppidum
882 1861 1173 1915 adversum
1206 1862 1589 1931 perveniendi,
1630 1863 1965 1919 Christianis
1994 1850 2043 1912 Β
2072 1864 2369 1917 ltumctano
2400 1862 2501 1916 758
2532 1861 2680 1933 (Chr.
2709 1860 2895 1927 1557).

397 1954 583 2010 insciis
614 1964 672 2009 et
733 1954 1177 2025 imprudentibus
1210 1955 1239 2009 Ἰ
1266 1955 1391 2011 Mox
1442 1957 1575 2012 ille:
1605 1956 1810 2013 Ducam
1872 1972 1971 2013 vos

395 2047 667 2117 equidem,
706 2046 804 2111 ait,
861 2062 957 2116 per
1006 2048 1281 2116 ejusmodi
1337 2049 1502 2114 viam,
1552 2058 1613 2105 ttt
1669 2067 1699 2105 a
1754 2053 1970 2106 nemine

394 2140 834 2210 eonspiciamini.
899 2139 1352 2208 Quointellecto,
1413 2142 1664 2215 colligari
1725 2146 1970 2214 complu-

398 2248 486 2289 res
536 2232 758 2286 arbores
789 2231 1133 2289 Soleimanes
1170 2235 1425 2304 imperat,
1474 2234 1713 2294 Dictum.
1740 2236 1965 2291 factum.

1006 2345 1219 2384 summa
1291 2346 1420 2384 usus
1470 2331 1773 2391 celeritate.
1846 2345 1969 2385 cum

400 2425 747 2494 septuaginta
800 2424 882 2479 vel
933 2423 1217 2492 octoginta
1279 2424 1505 2477 selectis
1560 2422 1826 2478 militibus
1878 2421 1966 2475 iu-

397 2515 535 2576 silit,
598 2530 664 2569 ac
706 2524 867 2568 noctu
917 2514 1210 2582 transjicit.
1261 2512 1454 2582 Magna
1501 2512 1703 2567 deinde
1752 2513 1970 2567 solertia

394 2609 675 2663 ducuntur
725 2622 757 2662 a
810 2608 1029 2676 captivo
1063 2606 1382 2661 Christiano
1441 2606 1507 2659 ad
1556 2615 1799 2661 Castrum
1866 2604 1977 2661 Ze-

394 2700 699 2767 utenicum,
749 2701 805 2755 in
852 2700 1011 2768 cujus
1069 2699 1218 2755 aditu
1273 2700 1498 2767 quidam
1543 2713 1573 2753 e
1615 2698 1745 2753 ﬁmo
1813 2700 1972 2769 quasi

392 2795 639 2848 tumulus
695 2793 833 2849 situs
904 2798 1068 2857 erat,
1126 2792 1303 2862 ipsius
1371 2792 1539 2847 castri
1624 2793 1969 2849 altitudinem

392 2902 639 2954 aequatis.
675 2886 918 2940 Aberant
939 2893 1121 2940 castro
1162 2884 1376 2947 incola,
1407 2886 1663 2938 nimirum
1697 2884 1787 2939 illo
1838 2894 1975 2939 tem-

397 2996 528 3049 pore
548 2978 698 3044 anni,
731 2992 844 3048 quo
884 2977 1206 3047 colligendis
1233 2990 1297 3031 ac
1330 2976 1655 3033 triturandis
1689 2977 1971 3049 segetibus

394 3071 633 3141 quisque
691 3070 827 3125 foris
882 3072 1123 3127 intentus
1141 3079 1280 3127 erat.
1320 3069 1430 3125 ilac
1456 3070 1772 3128 solitudinis
1815 3087 1975 3128 orca-

393 3162 550 3223 siooe
600 3168 710 3230 usi,
739 3174 904 3220 noctu
934 3180 1029 3235 per
1060 3166 1212 3220 illum
1260 3167 1471 3232 limum,
1509 3180 1673 3236 quem
1702 3166 1971 3232 diximus,

2148 1955 2315 2025 Capta
2366 1954 2642 2026 Gallipoli,
2696 1970 2827 2011 suos
2887 1955 3229 2013 Soleimancs
3286 1956 3534 2028 ablegat,
3597 1964 3658 2012 ut

2078 2063 2242 2115 agros
2272 2047 2561 2118 Chercpoli
2606 2056 2661 2102 et
2702 2049 2862 2102 Zorlo
2891 2048 3104 2101 vicinos
3156 2048 3572 2117 popularentur,
3605 2059 3663 2102 et

2080 2141 2223 2195 ferro
2255 2149 2419 2209 atque
2461 2141 2887 2211 ignivastarent
2918 2156 2937 2193 ς
2972 2139 3067 2209 qui
3099 2140 3261 2210 longe
3315 2139 3531 2209 lateque
3579 2141 3664 2192 di-

2079 2235 2245 2302 reptis
2276 2233 2549 2299 omnibus,
2610 2233 2819 2303 absque
2866 2247 3019 2287 mora
3082 2230 3393 2299 Callipolim
3458 2230 3660 2286 reversi

2078 2337 2227 2381 sunt.
2256 2324 2493 2382 Habebat
2521 2340 2715 2381 secum
2745 2326 2883 2381 duos
2913 2342 2975 2381 ex
3018 2326 3167 2381 omni
3196 2338 3430 2381 numero
3465 2341 3660 2394 proce-

2081 2433 2203 2473 rum
2226 2418 2392 2474 duces
2424 2419 2679 2483 eximios,
2714 2417 3053 2474 Eorenosem
3093 2419 3315 2489 begnm,
3354 2428 3408 2473 et
3433 2417 3655 2472 Chasim

2080 2510 2219 2566 Elim
2251 2514 2471 2583 begum.
2508 2511 2573 2566 Hi
2601 2512 2809 2566 nullum
2843 2511 3180 2567 Christianis
3220 2518 3436 2579 tempus
3470 2524 3497 2564 a
3529 2525 3657 2579 per-

2081 2605 2260 2675 petuis
2282 2603 2666 2659 vexationibus
2700 2619 2933 2660 vacuum
2962 2605 3296 2674 relinquere,
3336 2604 3429 2660 sed
3456 2605 3662 2673 absque

2081 2696 2490 2753 intermissione
2521 2694 2791 2752 Dimotuci
2826 2710 2891 2752 ac
2921 2693 3255 2767 Burgosines
3281 2708 3443 2768 agros
3476 2713 3662 2767 agere,

2082 2790 2249 2855 ferre,
2281 2803 2522 2859 moxque
2588 2803 2715 2845 cum
2775 2788 2897 2845 suis
2947 2788 3253 2855 Gailipolim
3295 2804 3354 2845 se
3398 2789 3663 2859 recipere.

2083 2882 2219 2937 Dum
2274 2882 2344 2936 ab
2376 2882 2485 2938 illis
2526 2896 2589 2936 ea
2623 2888 2919 2952 geruntur,
2953 2876 3296 2936 Solcimanes
3327 2884 3488 2937 bassa
3522 2898 3662 2951 quo-

2082 2974 2208 3030 dam
2244 2974 2333 3030 die
2389 2984 2645 3030 venatum
2678 2974 2732 3028 in
2776 2988 2926 3045 equo
2953 2972 3132 3044 prodit
3163 3013 3180 3039 ,
3213 2974 3545 3043 inventoque
3592 2974 3661 3027 le-

2083 3080 2235 3134 pore,
2270 3079 2394 3121 mox
2431 3066 2582 3121 illum
2644 3073 2704 3121 ut
2765 3076 3003 3135 caperet,
3060 3080 3262 3137 equum
3304 3065 3369 3120 ad
3434 3081 3657 3120 cursum
3731 3108 3737 3115 .

2084 3160 2254 3231 adigit
2290 3178 2305 3215 :
2342 3161 2439 3232 qui
2494 3158 2637 3214 forte
2669 3160 2891 3215 fortuna
2945 3161 3083 3230 pede
3143 3160 3315 3213 altero
3350 3159 3569 3214 delatus
3603 3159 3659 3213 in

395 3263 452 3314 in
509 3274 750 3316 castrum
778 3258 1044 3322 evadunt,
1065 3274 1239 3329 eoque
1265 3258 1574 3330 potiuntur.
1629 3259 1787 3316 Nulla
1817 3259 1979 3330 vulgo
2005 3229 2050 3289 (δ
2081 3254 2334 3309 scrobem
2367 3255 2684 3325 quamdam,
2710 3270 2818 3309 una
2845 3270 2971 3311 cum
3010 3254 3235 3309 domino
3259 3255 3490 3315 corruit.
3512 3268 3662 3307 euin-

407 3352 841 3410 Zhristianornm
903 3352 1051 3409 illata
1096 3354 1180 3409 vis
1235 3352 1358 3419 fuit,
1440 3361 1535 3408 aut
1594 3352 1796 3423 injuria
1838 3354 1979 3409 :sed

405 3441 647 3510 exhibita
702 3444 884 3513 potius
905 3445 1313 3511 benevolentia,
1337 3446 1576 3517 dataque
1620 3447 1972 3502 munuscula.

412 3536 487 3590 De
536 3535 827 3608 pracipuis
879 3549 1063 3595 autem
1106 3539 1250 3610 capti
1282 3540 1532 3609 quidam,
1583 3547 1640 3594 et
1673 3539 1742 3594 ad
1762 3538 1975 3610 navigia

410 3627 657 3695 deducti,
718 3642 837 3699 quae
890 3630 1017 3687 istic
1067 3633 1118 3685 in
1145 3640 1305 3702 portu
1372 3640 1588 3702 reperta
1609 3639 1758 3699 sunt,
1823 3640 1976 3685 trans

409 3720 628 3782 fretum,
672 3732 770 3790 pro
837 3719 1088 3775 victoria
1142 3730 1492 3790 argumento,
1559 3721 1626 3775 ad
1703 3721 1976 3791 reliquum

406 3811 710 3868 exercitum
740 3812 895 3869 missi
923 3811 1166 3867 fuerunt.
1194 3811 1413 3870 Eisdem
1444 3813 1681 3884 navigiis
1712 3815 1769 3868 in
1798 3813 1976 3869 reditu

404 3900 527 3970 plus
566 3903 748 3957 minus
811 3900 1040 3957 ducenti
1110 3901 1313 3957 milites
1373 3902 1693 3969 transvecti,
1755 3919 1814 3959 se
1855 3916 1981 3959 cum

403 3994 739 4059 Soleitnane,
773 3996 1098 4065 ceterisque
1141 3995 1355 4059 Turcis,
1391 3997 1449 4050 in
1505 3996 1707 4066 oppido
1740 3997 1977 4065 conjun-

403 4097 627 4143 xerunt.
707 4086 839 4142 Inde
903 4103 1029 4143 cum
1094 4088 1323 4143 navibus
1399 4087 1647 4156 aliquot,
1703 4087 1981 4158 equitibus

400 4181 565 4237 etiam
619 4180 931 4245 instructis,
1000 4179 1096 4250 qui
1161 4189 1304 4234 terra
1337 4179 1443 4233 iter
1484 4179 1750 4245 facerent,
1804 4179 1983 4235 Bolai—

404 4289 520 4328 rem
565 4271 704 4328 Ezes
741 4274 911 4341 begins
949 4273 1130 4342 petiit.
1193 4272 1289 4327 Est
1332 4282 1517 4328 autem
1552 4284 1773 4342 propter
1802 4272 1985 4329 Bolai-

405 4381 519 4421 rem
546 4375 736 4436 portus
794 4366 984 4431 maris,
1021 4366 1114 4428 qui
1168 4364 1367 4420 Portus
1415 4366 1571 4420 albus
1618 4367 1842 4421 dicitur.
1904 4363 1983 4419 Eo

402 4462 462 4515 in
501 4472 663 4530 portu
717 4460 1007 4529 complura
1063 4459 1279 4530 navigia
1356 4468 1489 4514 tunc
1540 4469 1720 4526 erant,
1776 4460 1980 4528 quibus

2079 3356 2185 3416 que
2217 3346 2298 3401 sic
2358 3348 2515 3402 humi
2548 3345 2744 3402 afﬂixit
2774 3388 2788 3413 ,
2829 3357 2889 3403 ut
2925 3346 3124 3403 ibidem
3162 3345 3454 3402 confestim
3481 3346 3664 3417 exspi-

2078 3449 2242 3500 raret.
2275 3454 2420 3495 anno
2462 3439 2850 3495 Mahumetano
2884 3440 2989 3495 759
3017 3438 3172 3510 (Chr.
3208 3439 3391 3508 l557).

2151 3528 2351 3585 Eodem
2390 3537 2637 3601 tempore
2694 3542 2944 3586 mortuus
2980 3542 3066 3586 est
3114 3532 3281 3585 etiam
3317 3531 3659 3586 Soleintanes

2079 3624 2252 3680 bassze
2280 3633 2455 3694 pater,
2484 3623 2707 3681 Urc‘han
2744 3625 2937 3682 Gases.
2971 3626 3077 3681 Sed
3111 3626 3258 3683 ﬁlius
3295 3628 3510 3683 duobus
3538 3637 3666 3682 ante

2078 3728 2285 3789 patrem
2323 3718 2604 3774 mensibus
2624 3719 2931 3774 exstinctus
2965 3730 3070 3775 est.
3100 3718 3381 3775 Successit
3408 3720 3461 3774 in
3494 3720 3666 3788 impc-

2081 3815 2161 3867 rio
2190 3823 2420 3883 paterno
2445 3812 2615 3871 Gasos
2654 3812 2894 3869 Murates
2942 3814 3116 3876 Cltan,
3146 3814 3240 3884 qui
3270 3813 3498 3869 Prusam
3535 3830 3664 3884 pro-

2080 3903 2280 3972 fectus,
2347 3920 2605 3976 maguum
2663 3920 2730 3961 ex
2762 3905 3029 3962 Carasina
3073 3907 3312 3977 regione,
3342 3906 3667 3974 ca'terisqne

2080 3995 2403 4064 provinciis,
2436 3996 2736 4051 exercitum
2762 3997 3003 4068 collegit.
3057 3996 3184 4052 Erat
3218 3998 3272 4052 in
3325 3997 3543 4051 civitate
3567 3996 3668 4050 Be-

2081 4088 2269 4154 lezuga
2300 4085 2719 4144 Mahumetanus
2760 4088 3010 4159 quidam,
3044 4089 3332 4161 religiosus
3361 4100 3413 4144 et
3454 4105 3667 4158 magiae

2082 4181 2167 4236 vir
2190 4183 2638 4249 existimationis,
2671 4184 2765 4240 cui
2801 4199 3003 4240 nomen
3036 4183 3371 4240 Zenderlues
3397 4182 3663 4238 Chelilcs.

2084 4270 2224 4327 Eum
2246 4275 2315 4329 ad
2339 4290 2398 4330 se
2423 4286 2674 4331 vocatum
2703 4275 3075 4334 Cadilescheri
3095 4277 3277 4333 ofﬁcio
3304 4279 3449 4348 fungi
3476 4277 3666 4348 jussit.

2085 4364 2227 4423 Hinc
2256 4381 2382 4423 cum
2406 4381 2698 4426 (economo
2749 4374 2913 4443 regiae
2953 4389 3067 4428 sua:
3117 4372 3405 4437 Scachine,
3444 4390 3508 4428 ac
3542 4377 3668 4426 uni-

2087 4459 2261 4515 versis
2293 4461 2490 4531 copiis,
2525 4461 2835 4533 Callipolim
2898 4466 3200 4533 transjecit,
3234 4481 3299 4519 ac
3353 4476 3498 4520 recta
3527 4454 3665 4518 Zor-

404 4552 529 4619 igue
586 4552 797 4623 injecto
818 4552 1150 4621 absumptis,
1177 4550 1533 4607 Zetnenicum
1583 4552 1789 4607 reversi
1806 4564 1935 4606 sunt
1961 4591 1976 4619 ,
2006 4576 2063 4637 Β
2088 4549 2201 4603 lum
2228 4552 2535 4608 contendit.
2569 4551 2703 4620 Ejus
2744 4554 2846 4611 loci
2880 4556 3203 4625 praesidiarii
3243 4565 3295 4610 et
3327 4557 3520 4611 incolae
3557 4557 3671 4609 for—

402 4653 459 4698 et
501 4643 779 4714 reliquum
833 4645 1162 4709 exercitum,
1210 4645 1447 4699 navibus
1507 4645 1847 4713 impositum,
1924 4647 1977 4698 in

408 4736 676 4807 Europam
707 4737 1289 4807 transportarunt.Hoc
1317 4738 1484 4793 modo
1534 4737 1698 4793 Turci
1741 4737 1976 4808 primum

412 4827 752 4883 inCrazciam
785 4830 979 4899 pedem
1008 4830 1339 4885 intulerunt.
1378 4829 1658 4898 Occupato
1682 4829 1976 4885 Zetnenico

412 4936 532 4974 cum
576 4937 810 4992 magnus
845 4920 957 4989 jam
984 4911 1293 4977 Tur'corum
1320 4938 1583 4978 numerus
1627 4923 1683 4976 in
1708 4923 1978 4979 Graeciam

408 5025 556 5070 trans
605 5031 759 5070 mare
813 5017 1179 5086 pervenisset,
1235 5017 1401 5073 nullis
1456 5017 1717 5073 oneribus
1778 5018 1980 5073 moles-

405 5110 567 5164 tiisve
599 5107 931 5173 Christiani,
981 5109 1047 5163 ad
1096 5109 1357 5179 oppidum
1425 5109 1557 5163 illud
1615 5098 1977 5179 pertinentes,

405 5204 473 5259 ab
523 5202 605 5257 eis
639 5201 849 5271 gravati
879 5212 1033 5265 sunt,
1079 5202 1174 5256 sed
1206 5210 1546 5256 transactum
1581 5202 1723 5257 inter
1772 5213 1980 5256 utram-

404 5310 511 5364 que
543 5305 749 5363 partem
804 5296 1217 5365 constitutaque
1243 5311 1371 5364 pax.
1395 5293 1514 5349 Non
1539 5304 1738 5348 uxores
1766 5308 1979 5359 eorum,

407 5400 520 5439 non
552 5386 708 5440 liberi
760 5387 975 5451 violati,
1006 5387 1103 5442 sed
1162 5402 1224 5439 ea
1266 5401 1391 5439 cum
1415 5384 1577 5456 315
1611 5385 1982 5441 moderatione

408 5480 598 5544 habiti,
655 5491 713 5534 ιιι
750 5479 1050 5535 Zemenico
1099 5480 1317 5534 ﬁnitimi
1354 5480 1659 5537 Christiani
1688 5481 1981 5550 perluben-

410 5580 490 5625 ιρι·
510 5591 571 5626 »ις
595 5570 789 5626 Turcis
816 5573 1223 5627 submitterent.
1248 5572 1293 5623 Α
1322 5570 1611 5624 Zoinenico
1658 5584 1773 5626 non
1824 5570 1990 5641 longe

410 5665 574 5719 distat
635 5666 786 5720 aliud
863 5665 1148 5734 oppidum,
1209 5663 1559 5734 Agaslevina,
1585 5678 1694 5733 quo
1750 5672 1811 5717 et
1862 5665 1983 5733 ipso

410 5760 561 5813 nullo
615 5763 832 5829 negotio
891 5758 1066 5828 potiti,
1120 5742 1251 5813 cum
1314 5756 1643 5811 Christianis
1692 5757 1821 5826 ejus
1869 5758 1983 5826 agri

414 5867 597 5918 pacem
653 5858 1011 5920 componunt,
1077 5852 1378 5917 eademque
1437 5851 1493 5904 in
1559 5852 1659 5905 hos
1720 5850 1803 5903 usi
1883 5852 1986 5906 hu-

733 5944 980 6003 I'A'I'ttul.
1034 5946 1149 6005 Gn.
1193 5941 1399 6003 CLlX.

2086 4644 2295 4699 tissime
2342 4644 2560 4716 quidem
2600 4646 2689 4702 illi
2725 4663 2785 4704 se
2839 4648 3227 4713 defendebant,
3278 4646 3373 4702 sed
3400 4648 3663 4718 oppidum

2083 4745 2262 4793 tamen
2294 4750 2667 4810 expugnatum
2698 4743 2745 4796 vi
2782 4741 2906 4796 fuit.
2948 4742 3121 4812 Capta
3151 4742 3348 4796 deinde
3389 4738 3500 4805 Sis,
3525 4738 3667 4813 Teg-

2083 4833 2237 4901 giure
2264 4833 2595 4888 deditionem
2627 4834 2881 4891 faciente.
2914 4835 3033 4891 Mox
3059 4836 3195 4890 itum
3220 4850 3415 4891 versus
3447 4836 3662 4907 Burgo-

2084 4927 2262 4995 sinen,
2323 4945 2447 4999 qua:
2518 4932 2736 4986 iuventa
2819 4932 2920 4987 fuit
2996 4932 3395 4989 habitatoribus
3469 4949 3692 5011 vacuat

2082 5021 2410 5079 Christianis
2441 5023 2568 5095 fuga
2613 5025 2840 5094 dilapsis
2874 5043 2889 5079 :
2923 5025 3158 5098 ideoque
3208 5026 3404 5083 Turcis
3445 5030 3661 5099 ingrcs-

2084 5131 2182 5170 sus
2213 5132 2229 5181 ;
2264 5114 2390 5186 igne
2419 5118 2616 5172 deleta.
2648 5116 2724 5173 Ex
2758 5122 2927 5174 altera
2954 5132 3107 5190 parte
3142 5122 3382 5193 regionis
3416 5125 3661 5176 Eurcno-

2084 5222 2174 5263 ses
2200 5209 2369 5279 begus
2425 5226 2574 5265 arma
2607 5227 2731 5265 cum
2772 5212 2938 5266 Chazi
2999 5214 3079 5267 Eli
3117 5215 3251 5282 bego
3274 5214 3612 5269 circumtulit
3647 5230 3661 5264 :

2084 5316 2115 5354 a
2147 5301 2349 5370 quibus
2378 5302 2445 5357 ad
2466 5318 2683 5357 amnem
2712 5302 2971 5359 Merizatn
3003 5317 3325 5378 occupatum
3352 5305 3664 5361 fuitcastel-

2088 5392 2223 5458 lunt,
2255 5394 2342 5448 cui
2372 5404 2427 5450 et
2461 5396 2564 5464 ipsi
2613 5410 2812 5452 nomen
2853 5398 3062 5469 Burgus
3100 5419 3114 5454 :
3162 5402 3407 5471 adeoque
3451 5404 3520 5455 ab
3563 5401 3668 5454 hoc

2086 5498 2287 5541 eventu
2346 5488 2402 5543 in
2461 5490 2789 5545 hodiernum
2836 5508 3012 5562 usque
3046 5493 3187 5548 dietn
3229 5490 3341 5555 Elis
3376 5495 3492 5564 begi
3529 5493 3667 5547 Bur-

2088 5595 2185 5649 gus
2216 5581 2438 5636 dicitur.
2474 5581 2530 5636 tu
2557 5598 2623 5639 eo
2654 5585 2881 5640 castello
2922 5586 3122 5641 Chazis
3161 5585 3396 5661 Elbcgus
3426 5587 3668 5641 interdiu

2088 5674 2263 5742 quieti
2290 5689 2349 5729 se
2372 5676 2532 5729 dabat
2573 5691 2589 5729 :
2622 5676 2716 5730 sed
2751 5689 2939 5746 pustea
2983 5694 3146 5743 quam
3188 5693 3293 5731 nox
3332 5680 3670 5749 appetiisset.

2090 5768 2369 5833 perpetuis
2400 5767 2825 5823 excursionibus
2856 5770 3098 5822 vicissim
3124 5771 3367 5839 quietem
3401 5770 3675 5824 Christia-

2092 5868 2289 5908 norum
2330 5858 2605 5913 turbabat.
2648 5858 2795 5914 Idem
2831 5860 3017 5916 missis
3050 5863 3514 5931 exploratoribus,
3572 5862 3673 5915 im-

3139 5956 3215 6016 19
