4126 6478
489 331 604 396 {:87

1756 321 1958 383 ANNA
1971 321 2106 381 LES
2144 323 2188 383 Τ
2203 317 2482 384 URCICI.

3632 325 3751 391 '588

482 444 813 519 prudentem
842 441 1107 498 Dimotuci
1141 438 1464 512 Teggiurem
1490 438 1768 510 Oppressit
1793 447 1849 494 et
1886 439 2057 494 inter-
2091 444 2135 500 Α
2166 437 2293 492 libet
2320 435 2554 493 aliarum
2595 452 2801 502 rerum.
2838 437 3030 508 quinta
3063 452 3294 508 quaeque
3319 435 3753 508 portiojuriPa-

487 539 653 609 cepit,
676 546 839 606 atque
871 538 975 592 hoc
1001 533 1165 590 modo
1193 540 1417 604 captum
1442 532 1510 587 ad
1545 531 1729 602 oppidi
1750 532 1950 587 muenia
1969 532 2063 586 de-

487 627 660 683 duxit.
696 624 830 680 Cum
864 626 915 679 in
942 623 1120 680 hostis
1146 632 1414 694 potestate
1438 622 1799 678 constitutum
1828 620 2062 692 Teggiu-

486 735 602 774 rem
651 735 807 775 suum
843 726 952 773 tam
991 716 1274 788 oppidani,
1329 731 1493 788 quam
1546 719 1691 773 arcis
1737 715 2060 787 praesidiarii

486 813 752 875 viderent,
787 812 950 867 certis
977 809 1384 867 conditionibus
1436 824 1559 864 cum
1595 808 1765 864 Chazi
1800 808 1883 864 Eli
1924 809 2061 876 bego

485 905 815 974 transigunt,
849 903 1010 974 eique
1039 903 1316 958 civitatem
1338 917 1467 958 cum
1500 917 1627 958 arce
1658 903 1885 958 dedunt.
1908 899 2063 956 Nihi-

480 997 723 1052 lominus
754 995 939 1063 Turci,
974 995 1253 1051 deditione
1283 995 1451 1061 facta,
1478 994 1799 1066 Teggiurem
1822 994 2058 1050 liberum

478 1100 534 1142 ιιι
563 1090 890 1145 incolumem
925 1089 1076 1144 abire
1121 1087 1468 1158 permittunt.
1501 1086 1787 1160 Dimotuco
1829 1087 2058 1159 potitus,

478 1181 738 1253 Ypsalam
790 1199 915 1239 cum
951 1182 1192 1239 exercitu
1230 1182 1429 1251 pergit,
1467 1189 1528 1236 ut
1565 1190 1618 1236 et
1650 1180 1782 1236 illud
1799 1181 2056 1252 Oppidum

476 1283 835 1345 expugnaret,
881 1289 946 1330 ac
975 1276 1076 1330 sub
1106 1272 1300 1343 iugum
1339 1272 1604 1329 mitteret.
1636 1271 1847 1329 interea
1883 1272 2057 1329 Gases

477 1368 638 1422 etiam
680 1366 922 1422 Murates
962 1367 1016 1422 in
1047 1367 1218 1421 armis
1240 1363 1857 1439 erat,‘Hadrianopolim
1894 1367 2058 1420 inva-

480 1472 667 1512 surus.
703 1455 973 1511 Praemisit
996 1470 1124 1510 vero
1155 1455 1502 1517 Scaehinem,
1523 1470 1870 1512 meonomum
1897 1457 2059 1525 regite

476 1564 612 1615 suae,
647 1564 770 1603 cum
807 1558 960 1616 parte
982 1548 1289 1618 copiarum,
1340 1548 1433 1617 qui
1492 1548 1559 1603 de
1584 1547 1916 1603 Christianis
1963 1563 2059 1617 pe-

474 1642 712 1698 riculum
747 1642 977 1708 faceret,
1037 1642 1257 1698 bostine
1314 1641 1535 1696 obviam
1567 1641 1717 1707 ituri,
1768 1656 1935 1710 seque
1964 1641 2059 1695 de—

476 1734 681 1791 fensuri
731 1723 938 1791 essent.
972 1733 1148 1805 llujus
1182 1736 1417 1789 adventu
1464 1735 1712 1805 cognito,
1752 1734 2053 1789 Christiani

476 1844 603 1883 mox
639 1830 695 1883 in
724 1828 898 1883 aciem
939 1824 1203 1885 adverSus
1253 1843 1378 1884 eum
1427 1829 1723 1899 prodeunt.
1784 1826 2052 1899 Utrinque

472 1923 792 1978 dimicatum
817 1906 1110 1987 acerrime,
1154 1921 1342 1977 multis
1367 1921 1436 1975 ab
1477 1930 1712 1991 utraque
1747 1931 1904 1991 parte
1938 1936 2052 1977 cte-

473 2016 549 2071 sis
575 2023 628 2071 et
659 2015 1018 2085 interemptis.
1058 2013 1303 2070 Tandem
1327 2014 1396 2070 de
1424 2015 1619 2070 ardore
1644 2023 1811 2084 atque
1841 2016 2051 2087 impetu

472 2124 573 2164 suo
610 2109 912 2164 Christiani
947 2107 1202 2165 nonnihil
1230 2105 1515 2176 remisere,
1538 2122 1708 2178 seque
1732 2108 1874 2162 intra
1923 2125 2049 2163 mu-

473 2217 562 2256 ros
598 2196 752 2257 urbis
785 2211 842 2256 et
880 2202 1293 2272 prepugnacula
1342 2210 1690 2272 receperunt.
1724 2200 2045 2270 Scachiues,

469 2294 638 2351 misso
666 2294 885 2358 nuntio,
920 2293 1191 2351 Muratem
1221 2292 1423 2351 Gasem
1456 2294 1532 2349 rei
1566 2294 1703 2350 bene
1730 2307 1894 2366 gestae
1927 2313 2048 2352 cer-

468 2387 846 2451 tioremd'acil,
883 2388 1044 2458 eique
1082 2387 1263 2457 capita
1312 2401 1581 2442 caesorum
1616 2386 1824 2456 aliquot
1870 2398 2048 2445 trans-

466 2479 654 2533 mittit.
681 2476 904 2534 luterlm
946 2479 1114 2549 begus
1150 2488 1407 2549 uterque,
1462 2478 1662 2534 Charis
1698 2479 1759 2533 El
1786 2489 1839 2535 et
1870 2479 2046 2537 Eure-

466 2586 631 2625 noses
662 2585 785 2625 cum
836 2567 1063 2624 Muratis
1112 2570 1359 2624 exercitu
1389 2585 1520 2625 suas
1551 2570 1899 2642 coniungunt
1946 2588 2045 2628 co-

464 2662 584 2731 pias
615 2676 630 2715 :
658 2671 714 2715 et
762 2662 935 2717 aciem
974 2662 1207 2733 primam
1250 2661 1605 2727 sortiti,ante
1636 2661 1904 2719 Muratem
1937 2663 2046 2720 Ha-

464 2753 831 2823 drianopolim
894 2763 1046 2810 recta
1081 2754 1309 2809 ducunt.
1338 2753 1649 2811 Admodum
1682 2756 1734 2810 id
1781 2757 2044 2826 temporis

465 2845 662 2900 Meriza
692 2845 907 2912 fluvius,
925 2847 1455 2919 aliarumaquarum
1480 2848 2036 2917 aceessioneauctus.

430 2999 435 3005 ,
465 2942 818 2994 intumuerat.
851 2938 1219 3005 Quamobrem
1262 2940 1419 2996 urbis
1450 2939 1711 3011 Teggiur,
1759 2941 2041 3000 intellecto

465 3032 698 3086 adventu
734 3034 1000 3100 hostium,
1056 3032 1238 3087 navim
1269 3033 1554 3102 ingressus
1584 3030 1796 3103 anum
1854 3034 2044 3105 profu-

2168 529 2395 586 tiscacbi
2421 529 2597 586 cedat.
2657 529 2720 585 Et
2746 547 2845 587 cur
2878 532 3024 586 illam
3062 545 3160 587 vos
3178 547 3294 587 non
3330 531 3593 601 exigitis?
3627 531 3753 586 Mo-

2167 622 2317 677 nitus
2354 638 2484 694 ergo
2536 623 2980 690 Cadilescbcrus,
3009 624 3138 680 Casi
3194 623 3389 679 Murati
3417 623 3588 678 Chani
3627 639 3752 679 rem

2167 714 2423 783 exposuit
2451 733 2465 768 :
2501 730 2663 784 aquo
2696 731 3020 787 responsum
3046 716 3188 784 tulit,
3223 726 3304 784 ut,
3339 716 3608 788 siquidem
3638 717 3754 773 hoc

2167 805 2259 861 Dei
2288 806 2611 862 mandatum
2651 808 2744 875 sit,
2780 808 3008 863 omnino
3039 809 3129 878 ius
3159 824 3319 864 suum
3351 816 3605 879 urgeant.
3635 809 3753 877 lgi-

2167 909 2254 954 tur
2303 901 2573 956 arcessito
2604 899 2672 955 ad
2708 916 2767 956 se
2803 900 2946 956 Cara
2979 899 3245 956 Rusteme
3276 916 3292 955 :
3322 898 3616 964 Volumus,
3663 901 3758 952 iu-

2172 992 2391 1061 quiunt,
2413 1006 2446 1045 o
2466 1002 2657 1047 sancte
2680 992 2782 1056 vir,
2803 1000 2862 1047 ut
2889 992 3008 1062 ipse
3032 991 3122 1046 Dei
3145 991 3458 1047 mandatum
3478 1006 3755 1061 exsequa-

2164 1087 2262 1140 ris.
2295 1085 2389 1139 llle
2414 1084 2726 1153 Callipolim
2785 1083 3087 1155 prolectus,
3130 1085 3329 1141 ibidem
3378 1084 3483 1141 sibi
3513 1084 3756 1139 domici—

2168 1177 2299 1231 lium
2366 1178 2652 1233 constituit
2689 1197 2703 1232 :
2741 1193 2806 1233 ac
2839 1192 2938 1248 pro
2986 1177 3229 1247 quolibet
3280 1179 3558 1249 mancipio
3586 1179 3752 1233 Chri-

2161 1269 2361 1334 stiano,
2397 1280 2546 1324 trans
2584 1284 2737 1324 mare
2775 1269 3044 1336 vehendo,
3070 1285 3261 1342 aspros
3282 1270 3471 1342 viginti
3494 1269 3747 1340 quinque

2161 1378 2191 1417 a
2216 1360 2410 1416 Turcis
2442 1361 2639 1432 exegit.
2674 1361 2739 1417 Et
2772 1372 3026 1434 auctores
3092 1340 3257 1434 huius
3305 1365 3613 1419 cxactionis
3665 1363 3744 1417 illi

2159 1456 2269 1512 duo
2305 1456 2478 1522 fuere,
2510 1473 2653 1526 quos
2680 1457 2920 1512 diximus
2947 1475 2961 1511 :
2991 1470 3050 1511 ut
3084 1457 3347 1512 nimirum
3377 1458 3584 1528 quinta
3613 1456 3748 1513 Cal-

2161 1547 2307 1617 lipoli
2344 1563 2440 1617 pro
2480 1549 2698 1604 sultano
2727 1550 3035 1605 Turcorum
3066 1550 3359 1620 hodieque,
3384 1558 3497 1603 tam
3530 1551 3747 1605 manci-

2160 1640 2373 1709 piorum
2419 1640 2662 1708 nomine,
2713 1656 2878 1711 quam
2916 1642 3257 1712 reliquorum
3290 1641 3594 1711 spoliorum
3620 1645 3743 1697 exi-

2160 1739 2382 1802 gantur.
2422 1730 2548 1786 Fuit
2597 1742 2653 1788 et
2695 1732 2762 1787 ab
2802 1731 3091 1790 Eurenose
3121 1734 3257 1804 bego
3292 1734 3651 1804 postulatum,
3680 1746 3742 1790 ut

2162 1823 2218 1878 in
2265 1839 2426 1878 usum
2476 1823 2836 1894 magistratus
2879 1824 3123 1895 supremi
3182 1825 3435 1896 quintum
3477 1830 3735 1896 quodque

2156 1915 2485 1984 mancipium
2522 1912 2897 1970 Christianum
2939 1931 2967 1969 a
3000 1915 3117 1971 suis
3140 1924 3430 1985 repeteret,
3466 1930 3532 1971 ac
3563 1916 3730 1987 impe-

2154 2007 2324 2061 ratori
2355 2007 2613 2062 traderet.
2650 2006 2706 2062 Si
2727 2008 2854 2081 quis
2876 2023 3009 2065 vero
3037 2023 3144 2063 non
3183 2008 3448 2080 quinque,
3476 2009 3565 2066 sed
3586 2025 3715 2079 qua-

2155 2109 2280 2154 tuor
2308 2098 2577 2171 duntaxa't
2625 2099 2893 2171 mancipia
2934 2101 3259 2170 possideret,
3298 2111 3357 2158 ut
3403 2100 3474 2157 ab
3508 2116 3564 2157 eo
3606 2101 3715 2157 sin-

2151 2193 2403 2263 gulorum
2432 2191 2660 2248 nomine
2686 2193 2834 2264 aSpri
2866 2194 3060 2262 viginti
3088 2193 3335 2265 quinque
3353 2197 3718 2265 exigerentur,

2149 2300 2324 2355 caque
2350 2286 2578 2356 pecunia
2610 2288 2742 2340 ﬁsco
2769 2286 3118 2356 imperatoris
3163 2287 3400 2342 cederet.
3429 2287 3542 2344 Hac
3562 2287 3726 2342 nimi~

2151 2393 2268 2433 rum
2309 2380 2603 2434 occasione
2667 2380 2927 2451 deinceps
2972 2381 3063 2435 ille
3121 2397 3241 2437 mos
3285 2382 3529 2450 inolevit,
3571 2395 3634 2437 ut
3660 2398 3731 2437 ex

2149 2473 2297 2526 omni
2362 2474 2764 2544 mancipiorum
2821 2488 3099 2541 numero,
3134 2474 3466 2531 liberalioris
3535 2475 3732 2532 formas

2148 2565 2323 2634 pueri,
2343 2581 2441 2635 pro
2461 2568 2674 2622 suitano
2696 2567 2911 2629 delecti.
2934 2568 3301 2624 retinerentur
3317 2587 3332 2624 :
3348 2585 3472 2640 qua
3498 2571 3726 2642 quidem

2146 2658 2200 2711 in
2232 2659 2379 2712 hunc
2410 2661 2629 2714 modum
2667 2668 2858 2714 exacta
2892 2662 3177 2717 tenerioris
3214 2664 3388 2718 aetatis
3431 2665 3732 2736 mancipia,

2147 2748 2345 2805 deinde
2367 2751 2433 2805 ad
2468 2751 2821 2822 imperatoris
2856 2752 3076 2809 Portam
3114 2754 3372 2822 ded-tcta,
3415 2756 3614 2812 Murati
3648 2761 3738 2814 of-

2146 2840 2483 2899 ferebantur.
2520 2842 2573 2900 ls
2606 2859 2740 2901 vero
2766 2860 2972 2916 pueros
3014 2847 3067 2901 in
3104 2847 3413 2904 Anatolium
3447 2858 3738 2920 tranSpor—

2148 2945 2312 3004 tatos,
2344 2936 2488 2993 inter
2515 2937 2725 2993 Turcos
2758 2938 3020 2995 distribui
3047 2940 3281 3011 iubebat
3310 2961 3323 2995 :
3363 2953 3420 2998 ut
3459 2944 3602 3014 apud
3632 2962 3737 3001 eos

2145 3025 2450 3099 disciplinae
2488 3030 2703 3101 pariter
2754 3045 2820 3086 ac
2884 3031 3174 3088 laboribus
3231 3045 3638 3101 assuescerent,
3675 3048 3738 3092 et

466 3126 564 3195 git.
597 3125 896 3193 Oppidanis
944 3140 973 3179 a
1027 3123 1297 3195 Teggiure
1349 3141 1452 3181 suo
1510 3126 1762 3193 desertis,
1793 3136 1848 3182 et
1900 3128 2050 3184 omni
2077 3139 2120 3197 ο
2159 3121 2390 3177 Turcice
2417 3124 2714 3180 discerent.
2746 3124 2968 3182 Exactis
3021 3137 3203 3182 autem
3245 3127 3462 3185 duobus
3489 3130 3632 3199 apud
3668 3130 3739 3183 il-

465 3215 795 3269 auxiliornm
815 3230 911 3283 spe
932 3214 1207 3271 destitutis
1232 3233 1247 3277 ;
1280 3213 1543 3283 Μαι-διεδ,
1575 3216 1667 3284 qui
1701 3232 1815 3272 rem
1835 3233 1931 3288 per
1955 3235 2052 3274 ex-

464 3298 771 3376 ploratores
827 3317 1179 3375 cognoverat,
1227 3323 1349 3362 cum
1408 3309 1651 3364 exercitu
1706 3311 1882 3381 prima
1930 3312 2052 3368 luce

466 3401 666 3453 castris
727 3414 1005 3470 egressus,
1047 3402 1115 3454 ad
1144 3400 1333 3454 urbem
1396 3401 1624 3471 pr0pius
1682 3404 1935 3459 accessit.
1987 3404 2050 3459 Ei

463 3490 634 3556 cives,
673 3490 876 3560 apertis
910 3490 1118 3559 absque
1162 3507 1314 3546 mora
1351 3494 1545 3562 portis,
1577 3493 1910 3550 deditionem
1961 3495 2044 3552 fe~

463 3596 586 3635 cere
623 3598 638 3636 :
671 3580 1045 3637 Malmmetani
1095 3584 1289 3640 calculi
1345 3600 1486 3641 anno
1529 3586 1623 3640 76l
1674 3586 2045 3660 (Chr.l560).

536 3670 925 3745 lladrianopoli
961 3686 1136 3745 capta,
1170 3675 1406 3733 Murates
1449 3678 1731 3744 Scachini,
1759 3682 2044 3751 copiarum

462 3777 617 3837 parte
649 3769 872 3836 tradita,
905 3770 1157 3840 permisit
1206 3784 1259 3824 ut
1289 3786 1508 3827 omnem
1540 3770 1764 3842 Zagorat
1795 3773 2047 3830 Philibae~

462 3875 570 3929 que
599 3859 859 3931 viciniam
883 3860 1326 3931 depopularetur,
1353 3872 1408 3917 et
1432 3864 1555 3934 igne
1587 3865 1818 3920 deleret.
1858 3864 2049 3937 Itaque

463 3949 752 4006 Scachinis
778 3950 981 4007 milites
1011 3965 1078 4007 eo
1112 3951 1366 4022 profecti,
1412 3945 1691 4023 region'em
1726 3955 2044 4017 universam

460 4043 659 4111 prmdis
705 4042 930 4111 agendis
961 4052 1201 4111 vastant,
1246 4054 1301 4099 et
1327 4045 1541 4100 incolas
1571 4046 1820 4115 captivos
1860 4062 2046 4104 secum

460 4135 711 4204 abigunt.
740 4133 931 4188 Itidem
964 4133 1203 4190 Murates
1244 4137 1509 4192 Eurenosi
1551 4137 1688 4208 bego
1721 4146 2046 4207 potestatem

460 4210 611 4292 fecit,
636 4243 797 4297 agros
824 4226 1039 4296 Ypsalac
1084 4229 1341 4282 vexandi.
1385 4227 1499 4284 Hoc
1561 4231 1724 4285 modo
1756 4230 1873 4288 suis
1909 4234 2047 4289 utri-

461 4335 567 4391 que
589 4319 841 4390 partibus
872 4320 1188 4389 assignatis,
1222 4320 1387 4392 316
1434 4322 1646 4392 imperii
1682 4324 1819 4379 lines
1860 4326 2049 4382 ambo-

463 4430 586 4468 rum
611 4427 774 4483 opera
804 4411 958 4467 luere
975 4413 1256 4484 prolatati.
1282 4415 1445 4469 Gesta
1476 4425 1607 4471 sunt
1633 4416 1749 4472 haec
1767 4433 1914 4474 anno
1938 4420 2045 4475 762

2155 3214 2259 3282 los,
2298 3216 2379 3269 vel
2412 3215 2591 3270 tribus
2619 3216 2823 3272 annis:
2852 3218 2966 3288 jam
3000 3217 3069 3273 ad
3097 3219 3312 3275 labores
3334 3220 3739 3287 condocefacti,

2152 3310 2459 3380 linguaeque
2484 3309 2729 3366 Turcicae
2749 3311 2935 3381 periti,
2966 3316 3032 3367 ad
3059 3312 3280 3369 Portam
3308 3315 3739 3384 reducebantur,

2152 3399 2549 3456 Geuizarorum
2605 3402 2896 3459 ordinibus
2936 3405 3268 3461 ascribendi.
3308 3406 3563 3463 Cenizari
3604 3426 3742 3465 vero

2152 3491 2354 3547 sultani
2390 3492 2696 3549 Turcorum
2732 3495 3045 3566 sclopetarii
3087 3508 3236 3565 sunt,
3270 3510 3326 3555 et
3358 3500 3483 3556 inde
3526 3501 3740 3558 abillis

2153 3600 2326 3655 usque
2352 3587 2691 3656 temporibus
2723 3603 2926 3644 nomen
2964 3589 3071 3645 hoc
3096 3589 3496 3648 Geuizarorum
3549 3594 3739 3666 adepti

2153 3677 2412 3732 retinent.
2456 3676 2770 3733 Secundum
2810 3680 2926 3735 haec
2973 3678 3205 3737 Prusam
3257 3683 3432 3740 Gases
3495 3684 3739 3742 Murates

2148 3768 2298 3823 Chan
2341 3784 2594 3825 reversus
2648 3778 2756 3835 est,
2800 3770 3098 3827 substituto
3126 3773 3227 3827 sibi
3283 3788 3574 3831 oeconomo
3606 3794 3727 3843 suo,

2150 3859 2280 3916 Lala
2312 3859 2605 3929 Scachine,
2642 3863 2737 3932 qui
2793 3862 2944 3919 vices
2975 3867 3222 3923 absentis
3260 3867 3314 3921 in
3346 3868 3617 3924 Romania
3646 3856 3729 3924 'vel

2148 3952 2353 4008 Graecia
2385 3967 2597 4024 gereret
2641 3972 2655 4009 :
2689 3964 2916 4010 caeteras
2966 3973 3095 4012 vero
3125 3958 3459 4028 provincias,
3485 3961 3736 4032 imperii-

2149 4060 2255 4115 que
2282 4047 2509 4110 limites,
2546 4045 2812 4104 Eurenosi
2870 4050 3008 4120 bego
3062 4053 3488 4109 commendavit.
3538 4054 3733 4127 Neque

2150 4139 2320 4192 multo
2360 4146 2500 4207 post,
2525 4138 2836 4208 Callipolim
2880 4142 3061 4199 denuo
3113 4159 3235 4200 sese
3274 4147 3528 4213 contulit,
3562 4155 3730 4219 atque

2150 4230 2221 4285 ibi
2256 4228 2615 4285 Zenderlttem
2651 4232 2941 4301 Chelilem,
2973 4235 3246 4292 hactenus
3295 4238 3476 4295 ollicio
3511 4239 3733 4297 Cadile—

2147 4322 2327 4375 scheri
2359 4319 2627 4388 functum,
2650 4325 2717 4379 ad
2742 4325 2921 4380 bassae
2943 4341 3007 4381 ac
3038 4329 3236 4383 veziris
3254 4329 3575 4400 dignitatem
3607 4347 3733 4388 eve-

2149 4415 2244 4468 xit.
2277 4414 2326 4470 is
2353 4424 2546 4471 auctus
2580 4418 2685 4474 hoc
2722 4418 2954 4485 honore,
2985 4420 3327 4480 Cheradines
3353 4425 3517 4482 bassa
3564 4427 3731 4483 dein-

461 4523 570 4577 quo
612 4505 831 4577 quidem
865 4523 1011 4560 anno
1046 4506 1229 4561 lumen
1262 4507 1396 4562 solis
1434 4523 1611 4578 usque
1641 4510 1783 4565 adeo
1812 4511 2036 4579 defecit,
2074 4522 2117 4577 υ
2145 4521 2272 4573 ccps
2303 4509 2608 4577 appellatus
2639 4509 2763 4567 fuit.
2803 4511 3042 4568 Murates
3065 4523 3283 4581 autem,
3316 4517 3507 4577 relicta
3559 4518 3735 4574 Galli-

458 4599 709 4654 utetiam
754 4598 995 4654 interdiu
1037 4598 1211 4653 stellae
1241 4598 1857 4669 cmlieouspicerentur.

530 4692 659 4745 Erat
688 4691 740 4745 id
774 4692 1035 4763 temporis
1095 4691 1315 4761 quidam
1366 4691 1720 4750 Talismanus
1747 4695 2041 4759 'l'urcicus.

458 4781 597 4836 Cara
636 4783 951 4848 Rustemes,
976 4783 1069 4852 qui
1094 4783 1163 4839 ad
1187 4784 1492 4838 exercitum
1531 4785 1916 4842 e'Caramania
1952 4804 2043 4843 ve-

459 4881 638 4927 nerat.
670 4873 720 4928 ls
747 4888 870 4928 cum
910 4882 1116 4929 tantam
1164 4884 1220 4929 et
1244 4876 1444 4947 praedae
1473 4877 1806 4933 Christianis
1843 4888 2043 4947 ereptae

459 4967 694 5036 copiam,
718 4973 772 5019 et
796 4968 1140 5036 captivorum
1189 4968 1600 5023 multitudinem
1643 4970 1697 5023 in
1744 4983 1927 5025 castra
1963 4973 2041 5026 ri-

454 5060 612 5113 deret
641 5056 838 5111 adduci
871 5072 885 5112 :
920 5070 1194 5114 convento
1246 5060 1661 5123 Cadileschero,
1711 5076 1811 5115 cur
1872 5063 2037 5117 talem

457 5145 779 5218 tantumque
838 5151 1180 5218 thesaurum,
1217 5153 1561 5222 magistratui
1598 5169 1857 5224 supremo
1890 5157 2037 5211 debi-

457 5255 599 5311 tum,
624 5240 831 5296 auferri
866 5249 1070 5297 temere
1096 5243 1321 5309 sineret,
1346 5245 1565 5314 quaerit.
1590 5246 1680 5303 .Ad
1702 5262 1762 5301 ea
1797 5244 2036 5304 chder-

458 5341 579 5393 lues
600 5337 836 5394 Cheliles
857 5335 1279 5393 Cadslescherus
1317 5356 1331 5392 :
1365 5338 1502 5405 Quis
1530 5340 1745 5393 tandem
1783 5341 1871 5397 ille
1913 5343 2038 5399 the-

459 5445 656 5487 saurus
676 5439 786 5494 est,
821 5426 919 5497 alt,
957 5443 1118 5499 quem
1171 5439 1230 5484 tu
1266 5430 1483 5500 quidem
1522 5432 1588 5485 ad
1652 5433 2035 5503 magistratum

460 5524 752 5592 pertinere,
784 5524 879 5578 sed
921 5523 1073 5578 nullo
1103 5539 1229 5579 cum
1255 5526 1438 5579 fructu
1470 5526 1674 5595 perire,
1708 5541 1776 5581 ac
1817 5531 2035 5600 prodigi

464 5614 678 5670 refers?
720 5613 811 5668 Dei
845 5611 1167 5669 mandatum
1191 5623 1296 5676 est,
1334 5613 1508 5684 inquit
1542 5612 1680 5669 Cara
1719 5613 2030 5687 RuSIemes,

461 5714 522 5761 ut
541 5707 809 5771 omnium,
836 5721 958 5776 qua:
979 5707 1046 5761 de
1074 5705 1403 5760 Christianis
1423 5716 1602 5777 capta,
1623 5717 1777 5779 rapta
1806 5709 2034 5781 fuerint,

461 5799 578 5855 sive
628 5797 1046 5868 mancipiorum,
1084 5801 1198 5855 sive
1251 5799 1595 5868 animalium,
1628 5803 1742 5859 sive
1762 5820 2029 5875 quarum.

2148 4599 2283 4666 poli,
2325 4617 2436 4670 quo
2461 4613 2688 4658 venerat
2746 4605 2962 4672 itinere,
2996 4608 3203 4678 Bagam
3256 4611 3572 4681 profectus;
3601 4612 3733 4669 inde

2148 4691 2371 4747 Prusam
2407 4695 2583 4761 rediit,
2645 4707 2808 4769 atque
2859 4699 2935 4754 ibi
2988 4715 3047 4756 se
3093 4703 3147 4755 in
3194 4703 3422 4759 hiberna
3470 4706 3729 4760 contulit.

2146 4782 2224 4837 Ex
2248 4785 2418 4839 altera
2448 4796 2605 4856 parte
2628 4788 2776 4857 freti,
2813 4793 2977 4861 regiae
3003 4792 3232 4850 Muratis
3248 4808 3571 4853 meonemus
3589 4799 3729 4853 Sca-

2145 4878 2335 4933 chines
2376 4878 2641 4951 Zagoram
2692 4893 2745 4938 et
2816 4884 3138 4942 Iscbebdlen
3193 4890 3526 4962 subiugavit,
3579 4908 3731 4948 anno

2147 4970 2248 5024 766
2274 4972 2425 5041 (Chr.
2466 4972 2650 5045 l565).
2678 4977 2888 5043 Quibus
2914 4982 3223 5049 occupatis,
3271 4999 3461 5039 rumor
3508 4986 3576 5040 ad
3607 4985 3731 5040 Mn-

2144 5076 2311 5117 ratem
2345 5065 2584 5135 perlatus
2613 5082 2718 5135 est,
2764 5072 2927 5141 eique
2974 5060 3370 5144 signiﬁcatum,
3426 5079 3482 5133 in
3534 5080 3727 5136 Serria

2143 5154 2577 5213 Christianorum
2608 5162 2674 5215 ad
2707 5164 3111 5235 quinquaginta
3167 5169 3339 5224 millia
3375 5172 3627 5239 collecta,
3652 5177 3726 5229 de

2144 5247 2530 5324 Hadrianopoli
2585 5254 2834 5310 adeunda
2881 5261 3150 5329 cogitare.
3198 5262 3373 5332 Cujus
3402 5267 3479 5320 rei
3521 5270 3721 5322 nuntio

2142 5354 2391 5413 accepto,
2424 5362 2622 5417 magna
2669 5351 2958 5407 celeritate
3006 5354 3073 5408 ad
3122 5354 3223 5410 iter
3251 5372 3313 5411 se
3338 5371 3641 5429 comparat,
3672 5374 3730 5418 ct

2140 5436 2448 5509 Callipolim
2482 5444 2783 5498 contendit.
2820 5443 2924 5500 Vix
2958 5450 3025 5502 ad
3058 5450 3232 5517 littus,
3270 5452 3320 5505 in
3354 5451 3628 5525 Europam
3654 5470 3724 5509 ex

2139 5532 2267 5588 Asia
2312 5534 3096 5608 transiecturus,accesserat,
3122 5559 3246 5599 cum
3274 5544 3449 5602 Servii
3475 5548 3587 5618 jam
3623 5547 3728 5604 Ha-

2138 5625 2443 5695 drianopoli
2471 5641 2534 5680 ex
2573 5630 2885 5699 propinquo
2916 5632 3291 5704 imminerent,
3316 5653 3384 5693 eo
3400 5651 3579 5695 castra
3607 5642 3727 5697 loco

2138 5718 2349 5782 metati,
2385 5719 2478 5787 qui
2527 5719 2582 5771 in
2623 5722 2765 5777 hunc
2797 5738 2969 5794 usque
3026 5727 3167 5783 diem
3204 5745 3233 5784 a
3268 5728 3582 5788 Serviorutn
3610 5732 3726 5790 sive
3770 5772 3775 5775 -

2141 5809 2460 5865 llasciorum
2497 5811 2651 5867 clade
2714 5829 2915 5873 nomen
2958 5820 3190 5886 accepit.
3242 5821 3451 5880 Interea
3497 5825 3724 5881 Scathi-
