2063 3211
184 179 239 210 539

186 243 246 266 nes,
266 233 340 260 nulla
355 231 436 258 rebus
458 229 570 265 agendis
596 228 754 262 interposita
779 234 866 259 mora,
886 232 965 252 noctu
982 226 1003 254 Α

186 288 235 316 per
255 278 371 306 insidias
386 277 412 303 io
438 277 543 302 hostem
567 274 698 308 erumpit.
724 273 764 299 llli
784 272 869 299 multo
892 278 967 297 mero

186 325 303 355 madidi,
326 323 428 358 passim
449 329 497 356 per
523 324 623 352 castra,
640 327 736 354 magna
751 326 813 345 cum
837 318 968 345 vocifera-

189 373 270 403 tione,
281 370 385 396 Turcos
398 369 493 394 adesse
508 367 664 397 clamitant;
677 372 794 399 euntque
807 372 860 398 pne
883 369 969 390 temu-

192 417 282 447 lentia.
298 421 351 441 tam
370 413 497 448 prmsenti
524 420 612 438 rerum
633 410 805 442 discrimine,
821 410 884 443 quid
904 416 965 443 age-

195 467 261 493 rent,
274 463 430 494 ignorarent
447 469 452 485 :
466 466 511 492 per
524 457 610 484 noctis
625 456 766 490 caliginem
778 456 843 482 alter
854 455 968 481 alterunt

191 507 222 532 al
235 506 321 531 lucem
340 511 425 537 usque
439 506 570 528 mactant.
584 499 650 534 Equi
669 499 748 525 etiam
761 498 826 525 tanti
837 498 970 524 ttllntllltls

191 559 270 578 r-nnsa
284 558 382 585 pavore
393 548 570 578 consternati,
582 546 702 580 abruptis
722 545 788 571 loris
799 549 826 571 et
833 544 969 578 capistris.

192 598 224 623 ad
239 605 330 623 necem
351 603 437 628 usque
453 594 503 620 sibi
518 598 612 619 mutth
624 592 712 618 calces
725 592 904 626 impegerunl.
922 590 970 617 Ubi

192 643 306 676 denique
323 643 377 675 jam
390 641 532 670 illuxisset.
553 639 587 664 foe
599 640 650 664 luzn
667 639 693 664 in
710 638 799 672 fugam
816 636 913 668 Servii,
925 644 973 662 ne-

193 689 264 713 nline
290 691 477 721 persequi-nte,
494 693 522 711 se
535 688 718 716 eonjrcertlllt.
743 682 779 709 lbi
798 686 854 708 tum
881 681 972 708 hostili

193 733 262 759 vallo
279 736 416 765 snperato,
434 730 515 756 Turci
532 733 632 759 castra,
644 727 751 754 nemine
766 727 918 757 resistenteI
929 734 974 752 ca-

195 781 271 812 piunt
285 783 366 810 atque
392 776 531 809 diripiunt,
549 780 575 799 ct
602 774 697 807 amplis
714 773 791 800 dilati
808 770 975 812 spoliis,lla-

195 822 374 855 til‘l:lllODOlllll
408 808 591 846 revertuntur.
628 816 773 843 Scacllines
800 808 896 842 llltirati
918 822 975 842 ma-

198 875 279 901 gnum
297 865 464 899 captivorum
481 870 635 891 numerum.
649 869 711 888 cum
727 868 779 887 non
797 860 890 895 paucis
902 860 975 894 capi—

199 913 271 939 tibus
294 912 528 944 interemptorum.
557 909 654 934 illisit:
686 907 785 941 quibus
810 907 974 941 conspectis,

200 958 295 984 itinere
318 962 448 982 converso
475 954 587 979 Prnsam
606 952 722 986 repetiit.
736 949 799 979 Haec
825 956 901 987 gesta
919 951 978 978 fue-

199 1007 261 1029 runt
274 1009 345 1028 anno
358 1000 472 1027 Turcico
488 999 537 1025 767
562 999 635 1032 (Chr.
654 996 744 1031 1566).
761 998 819 1029 Quo
833 1004 904 1023 anno
919 996 978 1022 Mll-

197 1053 267 1075 rates
289 1047 363 1074 Chan
382 1046 450 1072 filios
468 1052 540 1073 suos.
561 1043 717 1076 Bajazitem,
727 1043 773 1077 qui
791 1042 919 1069 Gilderun
935 1050 980 1069 co-

198 1093 369 1127 gnominatus
392 1091 490 1121 fuit.et
520 1089 650 1122 Jacupeln
674 1087 805 1122 Zelebim.
821 1089 979 1116 circumcidi

199 1139 293 1169 voluit,
305 1144 399 1171 magna
416 1136 587 1163 solemnitate
607 1134 739 1162 adhibita.
760 1133 897 1170 Belezuga:
913 1143 981 1169 prae-

198 1191 283 1215 terea,
310 1182 382 1216 quod
410 1182 537 1216 oppidum
567 1186 607 1208 est
635 1180 775 1213 Anatolim,
791 1187 979 1215 sumptuosum

199 1231 340 1264 templum,
353 1229 489 1255 messitam
503 1227 582 1254 Turci
597 1227 803 1260 Vocant.eodem
817 1234 901 1259 anno,
917 1235 979 1254 cum

200 1277 293 1304 schola
314 1281 340 1303 et
356 1283 469 1306 lenone.
485 1275 647 1301 construxit.
671 1272 806 1308 Principis
818 1274 901 1301 etiam
916 1273 982 1301 Ger-

199 1322 283 1348 miani
301 1321 361 1347 illim
387 1322 494 1354 nuptias
518 1320 628 1353 Bajaziti
646 1318 784 1346 Gilderuni
816 1319 871 1346 filio
891 1319 982 1346 conci-

201 1369 287 1399 liavit,
305 1367 455 1394 celebratas
470 1373 567 1400 pompa
580 1365 859 1399 magniﬁcentissima.
880 1365 982 1400 Secun-

202 1415 265 1441 dtlm
284 1414 342 1440 haec
356 1413 382 1439 ili
401 1412 535 1445 regionem
551 1410 688 1437 llelnidam
703 1419 764 1438 cum
781 1411 900 1438 exercitu
917 1397 982 1444 pro-

201 1459 361 1491 fectus,eam
378 1456 529 1491 occupavit.
545 1457 608 1482 Inde
624 1464 793 1491 progressus,
810 1456 981 1491 Aspropolim

201 1505 258 1531 sive
285 1504 379 1530 Albam
409 1503 547 1533 Anatoliar,
578 1509 659 1535 quam
693 1509 766 1529 nunc
788 1502 982 1529 Acscheherim

205 1554 313 1580 vocant.
324 1547 507 1581 etCutahigen
530 1546 699 1587 metropolim
721 1547 876 1581 provinciae,
886 1547 983 1575 etllie-
997 1563 1019 1592 ο

204 1597 327 1631 rapolim,
340 1604 399 1630 qua:
412 1595 624 1622 Seidischelieris
657 1595 766 1628 dicitur,
785 1600 812 1623 et
840 1594 979 1624 Geluazen

205 1643 282 1677 317
293 1643 406 1677 imperio
416 1649 465 1669 suo
481 1642 607 1675 subjecit,
636 1648 706 1668 anno
729 1641 865 1676 784(Chr.
893 1642 982 1677 1583).

208 1690 294 1721 Atque
325 1689 366 1715 his
379 1689 458 1715 rebus
482 1688 574 1722 gestis,
592 1687 749 1722 relictisque
762 1687 831 1715 locis
847 1688 891 1721 iis,
908 1694 984 1715 trans

208 1736 306 1760 lrelum
317 1733 466 1768 Callipolim
480 1742 508 1760 se
524 1734 655 1760 contulit:
674 1734 870 1768 ingressusque
881 1733 984 1760 Roma-

210 1781 294 1812 niam,
306 1780 442 1806 obsidione
453 1780 633 1814 Magalgaram
645 1779 741 1811 cinxit,
751 1785 777 1806 ct
785 1780 812 1806 in
822 1784 984 1814 potestatem

210 1826 283 1852 brevi
308 1825 420 1859 redegit.
447 1825 486 1852 Eo
512 1826 571 1851 loco
597 1826 677 1858 regiae
702 1824 814 1853 Muratis
827 1832 985 1852 (economlls

209 1872 272 1897 Lala
291 1871 449 1902 Scaehines.
464 1876 491 1897 et
503 1871 657 1898 Eurenoses
670 1871 764 1905 begus,
779 1871 915 1898 universis
923 1878 985 1897 cum

207 1918 304 1951 copiisl
323 1918 423 1952 quibus
441 1919 468 1944 in
495 1917 627 1944 [lolnania
647 1922 790 1951 prateram,
809 1918 842 1944 ad
855 1917 985 1944 Muratem

209 1968 403 1991 accesserunt:
433 1968 461 1990 ct
490 1964 642 1997 conjunctis
670 1963 846 1993 exercitibus.
863 1963 895 1989 ad
914 1963 988 1989 obsi-

208 2011 323 2035 dendam
353 2008 486 2041 Bolinam,
503 2009 591 2034 locum
621 2009 768 2041 munitum,
785 2008 898 2042 profecti
913 2013 987 2034 sunt.

209 2055 347 2088 Quotquot
365 2058 444 2080 erant
455 2061 486 2080 ea
501 2054 610 2088 regione
625 2054 793 2086 Christiani,
809 2061 904 2080 omnes
919 2053 946 2079 in
957 2053 989 2080 il-

210 2103 263 2127 lam
281 2101 354 2126 velut
368 2107 455 2125 arcent
471 2107 531 2126 sese
563 2103 731 2133 receperant.
744 2099 837 2133 Itaque
854 2106 914 2125 cum
932 2098 991 2125 Mu-
1015 2090 1020 2097 ’

213 2152 284 2173 rates
313 2146 394 2172 tantis
412 2153 473 2172 cum
489 2146 574 2179 copiis
592 2152 617 2171 et
641 2149 772 2179 apparatu
788 2144 931 2172 obsidione
947 2146 989 2171 in-

215 2193 322 2223 choata.
338 2192 643 2226 nlagliisquelabol'ibus
657 2197 684 2218 et
707 2191 839 2218 molestiis
869 2191 991 2217 exantla-

216 2239 260 2270 tis,
276 2246 329 2264 non
345 2238 425 2272 potiri
440 2246 468 2264 sc
485 2238 583 2271 oppido
601 2245 681 2271 posse
695 2238 798 2264 videret
811 2245 818 2263 :
833 2237 929 2264 intimo
942 2238 992 2264 do-

215 2288 274 2312 lore
285 2286 368 2311 animi
381 2290 542 2312 commotus.
557 2283 696 2318 ingemuit,
715 2283 990 2310 et'obsidionesoltlta

215 2333 358 2359 discedens
375 2339 381 2357 :
398 2331 504 2357 Evcl-tat
517 2336 541 2356 te
554 2330 631 2361 Deus.
646 2329 742 2364 inquit.
759 2330 825 2357 Erat
839 2331 909 2365 haud
922 2338 983 2364 pro-

215 2378 259 2404 cul
278 2376 340 2403 inde
356 2376 412 2402 tilia
427 2375 759 2409 quaedampulcherrima,
777 2382 857 2408 quam
874 2374 989 2401 Felicem

217 2422 293 2455 vulgo
323 2420 466 2451 vocabant,
495 2419 628 2453 hodieque
654 2419 825 2446 sermonibus
851 2419 989 2445 hominum

216 2467 339 2493 celebris.
349 2466 388 2491 Ad
404 2474 461 2492 eam
472 2473 532 2491 cum
547 2465 722 2498 pervenisset,
731 2465 829 2491 castris
842 2465 930 2491 locum
946 2464 993 2490 de-

216 2514 289 2546 legit.
311 2512 418 2538 Interim
432 2512 488 2545 ipse
498 2512 639 2544 quemdam
660 2513 694 2536 ad
710 2510 811 2538 fontem
833 2518 893 2537 sese
912 2510 992 2536 recli-

215 2565 418 2591 nans,ln(nstus
428 2558 559 2584 consedit.
586 2558 642 2583 Non
662 2564 759 2592 magno
769 2557 994 2591 temporiselapso

217 2610 315 2638 Spatlo,
331 2603 455 2630 lluntium
470 2603 586 2636 accepit,
603 2603 674 2630 latus
690 2606 804 2629 alterum
820 2602 992 2634 munitionis,

218 2652 288 2678 mole
315 2658 364 2677 sua
392 2653 542 2684 gratatum.
568 2649 712 2675 corruisse.
729 2648 787 2681 Qua
803 2655 831 2674 re
846 2648 993 2678 intellecta,

218 2705 280 2724 mox
295 2696 387 2723 Laium
402 2696 559 2722 Scachineni
576 2695 700 2728 ablegat:
715 2695 759 2728 qui
773 2694 901 2728 opinione
915 2693 996 2720 citius

218 2743 251 2769 ad
282 2743 408 2776 oppidum
437 2741 596 2771 convolans,
628 2748 660 2766 eo
686 2740 807 2774 potitur,
832 2739 996 2765 Christianis

219 2788 346 2814 omnibus
375 2787 471 2820 captis,
489 2791 515 2811 cl
542 2786 647 2819 magnis
670 2785 786 2811 inventis
801 2785 908 2819 opibus.
926 2784 999 2811 lnter

221 2836 272 2861 ala
288 2835 385 2868 reperti
405 2843 418 2859 a
431 2833 528 2859 Turcis
541 2833 616 2858 aurei
634 2831 717 2858 catini
733 2838 814 2865 atque
830 2831 996 2863 calices,qni

222 2883 359 2910 cassidum
378 2882 491 2908 fornlaln
509 2880 672 2907 referebant.
688 2879 722 2906 lis
735 2880 761 2905 ill
779 2879 866 2913 capita
888 2878 999 2913 imposi-

810 170 984 202 ANNALES
1006 168 1174 211 TURClCt.

1747 160 1798 189 59’)

1017 226 1070 257 tis,
1092 233 1153 252 cum
1184 220 1325 256 mancipiis
1350 219 1524 248 Christianis.
1549 222 1575 244 et
1601 216 1675 244 omni
1698 219 1800 251 praeda.

1019 278 1109 298 coram
1124 269 1227 296 Murate
1239 266 1459 301 comparnerunl.
1474 265 1507 291 Et
1523 262 1633 297 quidem
1653 262 1678 289 id
1695 267 1800 296 tempo-

1020 317 1058 343 ris
1082 315 1153 349 apnd
1182 314 1286 340 Turcos
1321 312 1392 345 cepit
1416 311 1461 337 ille
1485 316 1545 336 mos
1560 308 1683 343 gestandi
1702 314 1802 334 aureos

1020 361 1150 395 ejusmodi
1177 360 1274 394 pileos.
1292 358 1338 392 qui
1353 358 1423 391 apud
1446 356 1507 383 illos
1520 354 1638 382 Usculite
1662 354 1800 380 dicuntur.

1021 407 1118 434 Murali
1154 414 1217 432 vero
1242 404 1328 432 Chatti
1358 403 1480 430 collibuit
1500 409 1559 428 eam
1585 400 1671 427 tiliam
1699 399 1803 425 honore

1022 449 1140 487 quodam
1157 452 1274 483 allicere,
1289 455 1370 484 atque
1382 450 1454 476 illam
1470 449 1504 475 ob
1527 455 1639 475 causam
1660 451 1737 473 vetus
1753 445 1804 473 Fes-

1023 498 1082 525 licis
1099 498 1163 525 tiliae
1177 505 1275 524 nomen
1301 495 1471 530 approbavit.
1486 499 1512 521 et
1523 494 1555 520 ad
1574 497 1699 527 posteros
1713 497 1803 518 ratum

1024 551 1083 570 esse
1095 543 1190 570 voluit.
1206 541 1269 568 inde
1283 540 1452 568 Christianos
1468 538 1572 566 incolas
1584 538 1738 567 univorsos.
1754 537 1800 570 qui

1025 590 1094 624 capti
1111 589 1232 619 fuerant.
1247 587 1436 621 cujuscunque
1454 585 1580 615 fortunat,
1603 587 1805 611 sacramentum

1025 634 1079 662 sibi
1096 635 1186 661 dicere
1202 633 1301 666 jussit:
1314 638 1340 658 et
1356 639 1416 659 curn
1432 630 1526 658 liberis
1545 636 1627 663 atque
1643 628 1822 663 conjugillus'

1025 682 1134 708 domum
1152 680 1268 707 remisit.
1285 678 1382 705 Castro
1406 676 1514 711 quidem
1533 675 1583 709 ipsi
1600 682 1697 701 nomen
1712 675 1738 700 ill
1756 674 1804 699 ho-

1026 726 1150 753 diernum
1181 732 1264 758 usque
1282 723 1352 750 diem
1380 722 1470 753 durat.
1492 721 1525 747 ab
1551 719 1693 747 eversione
1705 719 1803 745 divina.

1027 772 1143 798 Muratcs
1155 770 1217 797 hinc
1226 770 1389 803 repetiturus
1403 766 1637 800 Hadrianopolim,
1649 764 1807 792 Chairedini

1026 818 1123 847 bassae.
1140 824 1172 843 ae
1189 814 1322 842 Eurenosi
1351 814 1418 847 bego
1434 813 1459 839 id
1475 811 1575 846 negotii
1588 811 1672 842 dedit,
1689 816 1729 842 ut,
1743 817 1809 844 [που

1029 863 1116 898 gressi
1134 862 1260 892 ulterius.
1277 867 1383 887 omnem
1402 858 1475 885 illam
1489 856 1656 892 provinciam
1671 856 1723 882 sibi
1741 855 1809 882 sub-

1168 907 1201 934 Et
1220 889 1374 934 Eurenoscs
1395 889 1505 939 quidem
1529 903 1614 937 begus
1637 902 1757 928 animum
1776 900 1810 927 ad

1030 953 1210 981 invadendum
1232 951 1401 979 Gumulzinze
1430 957 1524 985 agrum
1556 949 1664 984 adjecit.
1699 947 1811 974 Marolia

1030 1001 1170 1029 confestim
1186 1001 1209 1027 ei
1225 1007 1254 1026 se
1271 999 1385 1026 dedidit.
1401 997 1468 1024 Erat
1484 998 1553 1024 inter
1564 996 1631 1024 alios
1646 995 1761 1022 Muralis
1773 995 1813 1022 fa-

1031 1047 1112 1074 milia:
1124 1046 1265 1073 ministros
1278 1044 1453 1080 quidam.cui
1466 1051 1564 1070 nomen
1580 1042 1661 1069 Delus
1675 1041 1809 1068 Belulmn.

1030 1094 1061 1120 Ei
1073 1092 1259 1128 sangiacalum
1274 1092 1300 1118 in
1310 1090 1443 1118 limitibus
1458 1088 1606 1121 commisit,
1620 1093 1648 1115 ut
1658 1087 1754 1115 Serras
1763 1094 1813 1121 op-

1031 1140 1123 1174 pidum
1150 1138 1221 1166 bello
1246 1142 1365 1165 vexaret.
1391 1135 1459 1163 Grilli
1479 1139 1569 1161 autem
1582 1134 1705 1161 suasille
1719 1133 1813 1167 copias

1032 1187 1102 1213 istnc
1133 1184 1301 1213 adduxisset.
1322 1181 1480 1212 Christiani.
1496 1181 1580 1214 portis
1592 1177 1721 1211 occlusis,
1737 1178 1814 1205 dedi-

1033 1231 1136 1258 tionem
1166 1230 1255 1257 facere
1280 1231 1454 1255 recusarunt.
1472 1226 1576 1253 Interea
1592 1232 1669 1255 vero.
1686 1224 1750 1251 duln
1769 1223 1811 1249 his

1032 1275 1221 1312 oppugnandis
1234 1278 1306 1301 totus
1316 1277 1480 1308 occupatur:
1491 1269 1555 1298 Lala
1569 1270 1719 1297 Scachines
1735 1269 1814 1303 oppi-

1032 1322 1066 1349 da
1076 1320 1226 1356 complura.
1234 1318 1371 1351 Cavalam,
1381 1318 1471 1350 Diren,
1481 1317 1569 1344 Sirnm
1579 1316 1693 1350 imperio
1701 1314 1815 1341 Muralis

1032 1368 1169 1404 adjungit:
1190 1367 1306 1401 indeque
1332 1364 1463 1400 promotis
1477 1363 1586 1393 castris.
1600 1362 1775 1394 Monastirum
1787 1365 1815 1386 et

1033 1415 1200 1446 Selerucam,
1210 1410 1383 1440 circumfusis
1396 1410 1537 1441 militibus.
1547 1412 1632 1436 tentat
1641 1427 1648 1440 .
1666 1412 1692 1434 et
1706 1414 1814 1433 omnem

1035 1467 1130 1496 agrum
1157 1459 1199 1487 his
1230 1458 1374 1485 ﬁnitimum
1406 1456 1510 1490 rapinis
1523 1459 1551 1482 et
1566 1453 1699 1481 incendiis
1714 1457 1813 1479 vastat.

1034 1505 1198 1533 Acciderunt
1216 1503 1272 1530 haec
1286 1509 1358 1529 anno
1378 1501 1428 1527 757
1459 1500 1533 1533 (Chr.
1547 1498 1640 1533 1586).

1074 1553 1102 1579 1ι1
1120 1551 1252 1586 temporis
1266 1548 1424 1583 Bagadatim
1440 1546 1628 1574 Temirlancus
1642 1544 1755 1575 iltvasil.
1769 1542 1815 1570 cui

1034 1602 1091 1625 tum
1107 1596 1238 1624 Sullanus
1267 1594 1413 1622 Achinetes
1437 1600 1499 1619 cum
1517 1591 1633 1625 imperio
1647 1594 1773 1624 pracrat.
1791 1588 1817 1615 Is

1034 1651 1090 1680 prae
1119 1642 1266 1670 formidine
1292 1641 1441 1673 Alcairum,
1454 1639 1488 1665 ad
1504 1639 1640 1665 sultanum
1657 1636 1817 1669 Borcucem,

1035 1689 1164 1725 profugit,
1185 1695 1256 1715 anno
1269 1687 1320 1714 788
1336 1686 1411 1722 (Chr.
1425 1685 1516 1719 1587).

1071 1723 1206 1770 Babylone
1219 1731 1312 1760 Temir
1326 1733 1401 1770 Clian
1418 1731 1502 1758 movit
1514 1731 1539 1757 ili
1555 1730 1689 1764 regionem
1704 1728 1819 1755 Desten-

1036 1789 1107 1815 sem,
1124 1781 1171 1808 ubi
1195 1787 1255 1807 cum
1280 1777 1424 1805 Techmico
1449 1776 1541 1803 Chane
1558 1776 1650 1810 praelia
1675 1774 1818 1801 conﬂixit:

1036 1834 1068 1854 ac
1081 1826 1194 1852 victoria
1209 1825 1320 1859 potitus.
1335 1823 1406 1850 ferro
1419 1826 1447 1849 et
1465 1821 1518 1854 igni
1529 1822 1664 1852 regionem
1676 1819 1748 1845 illam
1761 1825 1821 1844 om~

1039 1881 1099 1900 nem
1114 1871 1293 1907 depopulatus
1322 1874 1372 1901 cst,
1390 1875 1462 1895 anno
1492 1867 1538 1894 791
1558 1866 1633 1900 (Chr.
1659 1864 1747 1899 1590).

1072 1920 1175 1947 Eodem
1183 1923 1304 1952 tempore
1315 1916 1386 1950 cepit
1398 1915 1481 1943 Gascs
1497 1913 1614 1939 Murates
1629 1912 1704 1939 Chan
1718 1911 1819 1937 bellum

1038 1975 1098 1994 cum
1124 1966 1226 1992 Lazaro
1251 1969 1353 1997 gerere.
1383 1960 1487 1994 Quippe
1507 1959 1639 1990 Lazarus.
1661 1957 1818 1991 praepotenti

1038 2016 1132 2040 coacto
1142 2009 1273 2038 exercitu.
1288 2011 1314 2033 et
1326 2007 1382 2041 jam
1398 2006 1424 2031 in
1443 2004 1555 2031 Casurae,
1569 2009 1679 2036 campos
1688 2008 1748 2027 cum
1762 2000 1819 2026 suis

1039 2061 1198 2090 progressus
1211 2072 1219 2085 ,
1244 2051 1341 2078 Murati
1361 2048 1613 2084 periliternuntium
1634 2045 1820 2080 (liCljUSSll,l||

1040 2102 1126 2128 aciem
1145 2099 1223 2125 modo
1236 2098 1356 2132 prodiret
1370 2105 1376 2122 :
1398 2095 1585 2131 appariturum
1603 2092 1691 2124 facile.
1706 2092 1748 2119 cui
1764 2100 1822 2119 ces-

1042 2153 1106 2173 sura
1119 2146 1154 2171 sit
1169 2144 1292 2170 victoria.
1317 2143 1438 2169 lllurates
1460 2149 1492 2168 ex
1511 2141 1594 2167 altera
1612 2144 1701 2174 parte.
1716 2145 1823 2164 summa

1043 2191 1181 2224 diligentia
1194 2189 1347 2222 conscripto
1364 2187 1459 2218 milite,
1475 2186 1571 2212 ambos
1585 2186 1665 2211 etiam
1684 2185 1761 2215 lilios,
1771 2182 1824 2209 Ba-

1009 2237 1150 2281 |)jazitem
1172 2234 1331 2269 cognomine
1354 2232 1536 2263 Gildcrnnem,
1552 2235 1578 2257 et
1602 2229 1729 2264 Jacupem
1746 2228 1824 2256 Zele-

1045 2284 1110 2314 bim,
1127 2290 1158 2308 ea
1187 2281 1238 2307 sibi
1252 2279 1421 2313 expeditione
1445 2277 1580 2311 adjunxit.
1597 2276 1780 2309 Posteaquam
1788 2273 1822 2300 'in

1044 2328 1156 2355 Cosovze
1190 2333 1301 2359 campos
1335 2329 1448 2358 uterque
1477 2322 1651 2349 convenisset
1674 2321 1821 2352 exercitus,

1044 2375 1100 2401 acri
1120 2372 1277 2399 dimicatum
1294 2371 1429 2402 utrimque
1448 2368 1551 2403 pratlio.
1568 2367 1605 2393 lbi
1616 2371 1671 2393 tum
1690 2367 1823 2394 Christia—

1045 2427 1096 2446 nus
1123 2418 1231 2453 quidam
1248 2416 1281 2443 ad
1293 2412 1422 2443 Mdratem
1436 2413 1592 2448 transfugit,
1607 2421 1667 2439 cum
1683 2413 1822 2447 significa-

1045 2467 1118 2492 tione
1129 2464 1274 2491 voluntatis
1284 2470 1350 2493 succ,
1361 2460 1438 2495 quasi
1450 2460 1472 2486 si
1485 2458 1601 2485 militare
1608 2459 1736 2494 deinceps
1744 2460 1767 2486 ei
1778 2468 1824 2486 cui

1046 2515 1132 2546 peret.
1158 2509 1242 2543 Igitur
1252 2508 1285 2534 ad
1298 2507 1427 2533 Muratem
1458 2505 1601 2536 deductus.
1628 2505 1666 2531 uti
1685 2513 1733 2539 pro
1749 2513 1825 2532 more

1047 2557 1129 2593 pedes
1147 2556 1204 2591 ejus
1227 2554 1412 2585 oscularetur,
1436 2559 1518 2586 qualn
1540 2551 1590 2578 sub
1612 2556 1688 2577 veste
1707 2551 1825 2578 abditam
1855 2550 1857 2554 ⁴

1048 2602 1172 2637 gestabat
1197 2600 1292 2631 sicam,
1307 2605 1337 2624 ea
1357 2598 1382 2624 vi
1399 2596 1511 2623 Muralis
1533 2596 1559 2623 in
1577 2600 1699 2622 ventrem
1725 2595 1824 2629 adegit,

1049 2651 1078 2674 ut
1091 2647 1114 2673 is
1124 2650 1178 2672 tam
1191 2644 1248 2671 diro
1260 2644 1370 2669 vulnere
1381 2641 1531 2674 confectus,
1547 2641 1707 2675 exspiraret.
1716 2639 1825 2667 Turcici

1049 2698 1113 2719 vero
1141 2697 1278 2724 proceres.
1307 2689 1357 2715 hac
1389 2688 1489 2715 sultani
1522 2688 1566 2714 sui
1583 2688 1655 2715 crede
1669 2693 1825 2721 conspecta,

1051 2745 1111 2764 mox
1142 2734 1370 2762 consultationem
1399 2734 1555 2766 instituunt,
1574 2738 1601 2759 et
1616 2732 1678 2766 quid
1696 2732 1746 2759 hoc
1762 2741 1828 2761 casu

1051 2788 1105 2809 tam
1118 2781 1259 2816 repentino
1276 2779 1434 2818 faciundum
1452 2779 1639 2808 deliberantes,
1655 2777 1681 2804 in
1690 2785 1749 2804 eam
1762 2786 1828 2813 con:

1052 2837 1149 2857 venere
1164 2827 1336 2858 sententiam.
1357 2831 1384 2852 ιιι
1398 2827 1430 2853 ad
1453 2834 1481 2853 se
1495 2825 1624 2859 Jacupem
1643 2823 1762 2851 Zelebim
1779 2834 1829 2853 ar—

1052 2879 1199 2904 ersscrcnt.
1230 2875 1254 2901 ls
1287 2873 1331 2900 ubi
1345 2878 1457 2900 vocatus
1473 2872 1687 2906 cornparuissct:
1705 2871 1772 2906 Age,
1787 2872 1830 2899 in-
