4126 6494
513 361 609 425 591

1761 367 2110 430 ANNALES
2140 367 2469 438 TURCICL

3638 359 3784 422 592

512 485 726 552 quiunt,
784 481 1076 536 ten-torium
1126 488 1410 552 paternum
1470 482 1773 554 ingredere.
1829 486 1961 541 Nam
1993 497 2079 542 est
2107 491 2155 546 Α
2186 487 2411 556 quievit.
2445 482 2672 540 A‘Zstatis
2701 482 2854 537 initio
2885 496 3080 538 rursus
3112 478 3457 550 expeditione
3479 478 3782 546 instituta,

511 576 658 645 quod
688 585 738 629 te
763 575 875 628 vult
908 583 1077 642 pater.
1098 572 1192 628 Ille
1219 574 1351 628 nihil
1381 574 1871 646 mali'suSpicatus,
1903 578 2083 648 ingrc-

509 669 691 722 ditur:
727 679 777 722 et.
807 673 1094 733 correptus
1131 665 1199 720 ab
1228 665 1310 720 eis
1328 675 1575 723 necatur.
1606 666 1732 721 lude
1764 669 1915 737 regio
1945 669 2082 722 solio

515 759 769 813 Cilderun
819 757 1089 826 Bajazites
1144 755 1462 826 impositus,
1494 759 1738 812 omnium
1808 759 2082 829 suffragiis

514 856 810 919 imperator
828 851 1112 905 salutatur.
1129 851 1337 918 Quibus
1355 851 1610 922 peractis,
1633 852 1810 906 denuo
1839 863 2078 922 coeptum

514 943 742 1012 pugnari
776 941 992 997 fortiter
1017 963 1030 999 :
1060 944 1197 998 adeo
1221 945 1465 1015 quidem,
1501 946 1753 998 utvicttts
1781 961 1845 998 eo
1872 947 2079 1014 praelia,

507 1047 806 1105 captusque
834 1035 1074 1090 Lazarus
1103 1077 1117 1101 ,
1153 1037 1208 1091 in
1244 1046 1541 1106 conspectu
1589 1037 1842 1106 Bajazitis
1876 1037 2083 1093 frustu-

509 1130 657 1182 latim
675 1130 932 1182 concisus
951 1126 1135 1182 fuerit.
1163 1127 1257 1183 His
1275 1129 1436 1182 rebus
1451 1129 1637 1196 gestis,
1655 1145 1719 1183 ex
1739 1144 1803 1183 eo
1825 1131 1948 1184 loco
1967 1132 2081 1186 dis-

509 1235 742 1284 cessum,
767 1231 820 1273 et
837 1219 1282 1289 lladrianOpolim
1305 1235 1498 1274 versus
1520 1221 1765 1276 instituta
1800 1222 2081 1291 profectio,

511 1311 637 1363 Erat
663 1311 705 1364 is
726 1325 902 1365 annus
923 1310 1019 1364 79l
1054 1311 1205 1381 (Chr.
1232 1311 1421 1381 i590).
1479 1312 1740 1368 Sulta’nus
1762 1312 1938 1370 Gazes
1961 1315 2082 1370 Mu-

509 1414 655 1456 ratcs
671 1401 824 1456 Chan
853 1403 1084 1472 imperio
1110 1403 1327 1474 praefuit
1370 1406 1526 1460 anuis
1544 1406 1633 1460 '59..
1694 1406 1942 1462 Cadaver
1961 1410 2081 1477 ejus

509 1493 737 1549 l’rusam
763 1494 1132 1564 deportatum,
1153 1507 1375 1568 propter
1395 1497 1650 1567 Caplizen
1703 1500 1805 1570 (sic
1840 1502 2082 1557 thermas

510 1588 670 1643 Turci
702 1591 944 1659 vocant),
975 1602 1331 1644 monumento
1402 1607 1500 1661 pro
1546 1608 1696 1648 more
1716 1594 1815 1647 fuit
1847 1594 2079 1648 illatum.

580 1679 863 1735 Exstincto
896 1681 1122 1746 .llurate,
1153 1682 1419 1737 Gilderun
1461 1684 1615 1738 Chan
1655 1686 1812 1755 plene
1836 1688 1948 1756 jam
1984 1704 2083 1754 po-

504 1773 640 1826 titus
701 1773 955 1840 imperio,
1020 1773 1312 1828 confestim
1385 1777 1731 1846 expeditione
1797 1793 2076 1850 suscepta,

507 1863 827 1918 Kiratovum
847 1865 1127 1934 oppidum,
1155 1876 1209 1921 et
1235 1869 1519 1924 universas
1549 1871 1670 1926 illas
1700 1874 1909 1943 argenti
1937 1874 2080 1927 fodi-
2113 1880 2155 1935 Β

505 1972 604 2010 nas
641 1957 952 2025 occupavit.
991 1958 1126 2011 Erat
1188 1959 1328 2013 inter
1363 1960 1664 2018 familiares
1717 1963 1889 2034 ipsius
1921 1966 2080 2019 mini-

504 2058 650 2101 stros
668 2048 892 2116 quidam
917 2045 1071 2104 Feris
1100 2048 1292 2118 begus,
1321 2051 1402 2104 vir
1430 2053 1722 2107 admodum
1760 2055 2076 2110 bellicosus.

506 2139 643 2192 Eum
679 2139 844 2208 318
881 2155 1005 2193 cum
1049 2142 1223 2207 cepiis
1275 2145 1340 2196 ad
1373 2143 1548 2212 ipsum
1579 2160 1750 2214 usque
1774 2145 2079 2202 Danubium

503 2232 673 2297 misit,
701 2234 788 2285 tibi
822 2233 1044 2287 redacto
1081 2233 1134 2285 in
1167 2242 1486 2302 potestatem
1516 2237 1713 2306 oppido
1749 2235 1937 2292 Vidina
1970 2237 2080 2292 Ha-

503 2309 868 2394 drianopolim
915 2340 1170 2380 reversus
1201 2312 1324 2380 est.'
1355 2327 1626 2398 Bajazites
1650 2340 1828 2383 autem
1891 2347 2079 2387 rursus

505 2418 640 2486 bego
664 2401 1064 2486 expeditionem
1097 2417 1358 2485 injnnxit,
1421 2435 1528 2487 qua
1553 2417 1788 2473 Tanabit
1811 2430 1862 2472 et
1897 2420 2079 2475 Citros

506 2512 658 2564 fuere
678 2509 916 2562 domitae.
941 2508 1160 2562 Interim
1183 2507 1337 2562 Feris
1358 2509 1522 2563 etiam
1546 2509 1712 2579 begus
1731 2512 1783 2564 in
1810 2509 2080 2566 Valachos

504 2603 813 2669 irejussus,
849 2601 1131 2667 inopinato
1160 2603 1442 2670 regionem
1464 2603 1687 2666 invasit,
1720 2619 2080 2676 magnamque

505 2696 742 2771 praedam
762 2693 993 2762 adeptus
1013 2702 1117 2748 est.
1143 2691 1349 2748 Eodem
1377 2703 1616 2763 tempore
1630 2695 1802 2750 Bassa
1833 2697 2076 2765 quidam,

505 2787 714 2857 lagides
745 2787 940 2856 begus,
968 2787 1021 2839 iu
1049 2785 1306 2840 Bozinam
1340 2786 1641 2856 profectus,
1675 2803 1890 2842 onmem
1922 2790 2070 2841 illam

504 2882 781 2950 regionem
835 2880 1042 2949 rapinis
1101 2879 1378 2934 exhausit.
1428 2881 1549 2949 Ipse
1599 2880 1862 2936 Gilderun
1924 2881 2078 2936 Chan

502 2973 728 3027 Prusam
764 2988 824 3028 se
849 2972 1098 3036 contulit,
1139 2971 1327 3042 ibique
1360 2973 1593 3028 messitae
1624 2975 1902 3030 struenda:
1930 2975 2081 3044 prin-

503 3066 706 3135 cipium
739 3065 883 3120 fecit.
911 3063 1038 3118 Inde
1069 3065 1259 3119 relicta
1296 3066 1494 3131 Prusa,
1530 3067 1914 3122 Caramaniam
1953 3082 2076 3121 cum

505 3163 750 3215 exercitu
794 3157 968 3212 adiit:
1006 3157 1098 3210 ubi
1135 3159 1337 3228 oppido
1368 3159 1724 3214 Alascheheri
1759 3160 2078 3230 subjugato,

2183 577 2471 644 ductisque
2501 575 2552 626 in
2574 573 2885 628 Armeniam
2916 571 3112 641 copiis,
3137 569 3422 639 Erzingam
3442 570 3783 640 occupavit.

2184 667 2317 721 Novi
2345 676 2458 721 tum
2483 678 2663 721 motus
2680 675 2838 720 erant
2857 664 3091 720 Temiris
3110 663 3314 718 Chanis
3334 664 3474 732 apud
3495 664 3750 716 ParthOs
3764 706 3786 729 ,

2184 775 2321 829 quos
2343 758 2600 814 Gilderun
2620 759 2775 813 Chan
2799 773 2906 811 non
2923 757 3108 825 magni
3129 756 3357 823 faciens,
3380 755 3609 825 Erzinga
3633 758 3788 810 reli-

2184 863 2292 918 cta,
2313 863 2366 905 et
2395 851 2530 905 freto
2547 851 2614 905 ad
2631 850 2939 921 Callipolim
2969 849 3312 913 transmisso,
3336 849 3388 904 in
3426 846 3787 903 Romaniaui

2184 946 2352 1009 venit,
2382 945 2565 1014 ibique
2613 944 2902 1000 Silistriam
2927 952 2979 996 et
2999 941 3260 1012 Empolim
3277 957 3376 996 suo
3396 941 3628 1010 subjecit
3649 943 3790 994 im-

2187 1049 2334 1103 perio
2363 1037 2541 1103 :qnod
2571 1035 2792 1103 quidem
2820 1032 3019 1088 accidit
3043 1049 3188 1087 anno
3219 1033 3325 1087 795
3375 1032 3525 1104 (Chr.
3570 1033 3786 1094 139-5).

2258 1123 2396 1178 llinc
2415 1125 2467 1177 in
2488 1125 2720 1179 Moream
2745 1125 2907 1190 abiit,
2932 1133 2984 1179 et
3015 1123 3213 1179 castris
3242 1125 3309 1177 ad
3329 1124 3588 1192 oppidum
3615 1122 3791 1177 Feri-

2184 1231 2286 1286 gen
2306 1218 2602 1284 collocatis,
2619 1218 2670 1271 in
2692 1220 2934 1272 diversas
2951 1227 3188 1287 quatuor
3208 1226 3388 1287 partes
3407 1231 3543 1270 suos
3559 1218 3672 1270 mili
3686 1229 3786 1272 tes

2185 1310 2250 1360 ad
2300 1308 2640 1377 diripiendos
2705 1308 2942 1378 regionis
3016 1323 3175 1379 agros
3217 1308 3444 1370 ettiisit;
3495 1324 3524 1362 a
3555 1310 3782 1378 quibus

2184 1400 2376 1469 ingens
2423 1402 2604 1470 praeda
2655 1401 2880 1456 collecta
2923 1401 3047 1456 fuit.
3094 1402 3217 1471 ipso
3248 1397 3301 1455 iu
3341 1403 3540 1472 oppido
3571 1401 3780 1474 Ferige

2184 1493 2443 1562 templum
2503 1510 2626 1549 cum
2681 1508 2892 1548 xenone
2955 1494 3198 1549 construi
3232 1495 3300 1548 de
3352 1510 3493 1548 novo
3520 1499 3774 1554 curavit.

2185 1593 2350 1652 atque
2381 1585 2452 1638 ita
2492 1600 2749 1640 reversus
2785 1584 3260 1656 Hadrianopolim,
3291 1587 3356 1640 ad
3383 1587 3604 1656 aliquod
3634 1598 3773 1641 tem-

2187 1690 2286 1743 pus
2343 1676 2470 1730 istic
2527 1677 2579 1731 in
2609 1677 2720 1730 otio
2753 1677 2906 1730 vixit.
2931 1675 3012 1730 ibi
3047 1687 3160 1730 tum
3196 1676 3403 1732 Bulcus
3435 1679 3664 1747 despota
3701 1679 3769 1732 ii-

2186 1767 2312 1818 liam
2340 1781 2493 1820 suam
2523 1767 2804 1821 Gilderuni
2855 1769 3006 1823 dedit
3047 1784 3297 1836 uxorem,
3338 1784 3448 1838 quo
3484 1771 3764 1826 aﬂinitatis

2185 1858 2401 1913 vinculo
2427 1860 2634 1914 sancita
2672 1859 2776 1914 fuit
2807 1860 2948 1915 inter
2975 1862 3126 1931 ipsos
3149 1864 3383 1918 societas
3409 1871 3466 1916 et
3497 1863 3758 1918 amicitia.

2184 1951 2396 2020 Quippe
2463 1951 2728 2007 thderun
2785 1953 2936 2007 Chan
2984 1954 3329 2025 profeSsione
3359 1954 3751 2019 Musulmauus,

2185 2045 2346 2099 Bulci
2371 2044 2638 2116 despotic,
2674 2047 2768 2116 qui
2799 2047 3063 2118 religione
3101 2047 3456 2105 Christianus
3485 2060 3610 2112 erat,
3643 2064 3737 2116 ge-

2184 2155 2280 2193 ner
2329 2140 2507 2194 factus
2547 2139 2667 2194 fuit.
2728 2140 2868 2194 Ante
2915 2151 3140 2206 tamen,
3202 2157 3367 2212 quam
3399 2141 3548 2198 Bulci
3578 2142 3737 2196 filiam

2183 2232 2454 2301 Bajazites
2512 2233 2620 2290 sibi
2674 2233 3032 2289 matrimonio
3085 2232 3365 2304 jungeret,
3429 2237 3541 2290 vini
3598 2252 3749 2291 usum

2182 2338 2407 2392 prorsus
2441 2324 2752 2392 ignorabat.
2787 2323 3021 2395 Majores
3042 2326 3186 2380 enim
3217 2327 3387 2396 ipsius
3418 2344 3448 2381 a
3476 2330 3604 2384 vino
3635 2333 3758 2388 abs-

2183 2419 2480 2481 tinuerant,
2508 2417 2576 2472 de
2627 2416 2865 2472 Osntane
2922 2419 3138 2488 loquor,
3177 2431 3232 2474 et
3274 2418 3546 2489 Urchane,
3583 2424 3762 2478 Mura-

2183 2517 2363 2577 leque.
2400 2505 2535 2558 Nam
2567 2507 2782 2576 quoties
2833 2510 3092 2561 convivas
3155 2509 3434 2564 invitaturi
3459 2522 3640 2576 erant,
3672 2528 3764 2564 va-

2183 2600 2296 2653 rios
2359 2597 2510 2651 cibos
2569 2599 2821 2670 apparari
2860 2601 3167 2668 jusserunt,
3225 2612 3391 2670 atque
3455 2603 3540 2658 his
3566 2604 3764 2658 deinde

2183 2691 2326 2746 vesci
2392 2691 2537 2746 soliti
2593 2701 2745 2755 sunt,
2792 2692 3057 2746 adhibitis
3116 2692 3480 2750 Talismanis:
3520 2711 3760 2765 quorum

2183 2786 2468 2855 praeceptis
2493 2795 2543 2838 et
2565 2783 3039 2841 admonitionibus
3059 2788 3202 2840 inter
3228 2791 3631 2844 convivandum
3658 2805 3764 2845 au-

2184 2894 2270 2933 res
2288 2879 2619 2947 prmbebant,
2643 2888 2696 2930 et
2713 2876 3045 2933 Alcoranum
3063 2880 3163 2948 legi
3186 2881 3763 2953 curabant.Quidquid

2182 2973 2419 3040 denique
2445 2969 2744 3024 Talismaui
2796 2972 3173 3039 consulerent,
3197 2973 3273 3028 illi
3311 2990 3418 3029 non
3457 2975 3632 3031 invite
3655 2979 3761 3030 ob-

2183 3065 2580 3134 temperabant.
2627 3063 2746 3130 Quo
2804 3063 3036 3132 factum,
3096 3076 3152 3122 ut
3187 3081 3377 3124 eorum
3411 3069 3638 3126 monitis
3663 3085 3766 3140 pa-

2184 3160 2380 3222 rendo,
2409 3172 2753 3226 nequaquam
2785 3173 3014 3227 peccare
3039 3169 3284 3229 possent.
3311 3161 3368 3215 lu
3397 3163 3589 3232 primis
3610 3163 3764 3218 Cara

505 3272 629 3309 mox
658 3267 786 3324 ager
847 3249 1163 3304 Aidinensis
1192 3226 1290 3304 sua
1324 3260 1520 3322 sponte
1553 3226 1887 3307 deditionem
1921 3226 2072 3306 fecit.
2106 3226 2147 3280 θ
2181 3249 2494 3314 Rustetnes,
2536 3259 2590 3304 et
2617 3226 2954 3305 Zenderlues
2982 3226 3237 3319 Cheliles,
3273 3226 3466 3326 magno
3487 3255 3628 3325 apud
3661 3270 3765 3311 eos

504 3350 641 3403 llinc
672 3346 1002 3403 Sarchanire
1042 3346 1177 3400 lines
1205 3348 1505 3416 ingressus,
1558 3345 1648 3399 illa
1682 3361 1901 3416 quoque
1929 3346 2077 3402 nullo

503 3443 720 3512 negotio
745 3443 951 3511 potitus
975 3449 1077 3498 est.
1112 3441 1175 3496 Et
1193 3455 1256 3495 eo
1287 3439 1509 3510 quidem
1530 3439 1748 3494 facilius
1776 3449 2074 3511 utrumque

505 3535 785 3590 Gilderuni
838 3535 1148 3596 successit,
1213 3532 1360 3602 quod
1425 3533 1591 3602 paulo
1655 3541 1782 3587 ante
1851 3534 2077 3590 ditionis

506 3627 793 3695 utriusque
820 3626 1025 3680 domini
1050 3625 1217 3680 rebus
1242 3624 1498 3678 humanis
1528 3625 1909 3678 excessissent.
1942 3626 2075 3679 Acta

503 3720 888 3778 Mahumetano
948 3733 1092 3772 anno
1137 3715 1243 3773 792
1274 3717 1430 3787 (Chr.
1466 3716 1651 3783 1591).

573 3813 882 3867 Secundum
908 3811 1024 3866 haec
1055 3809 1474 3865 Constantinum
1503 3808 1644 3864 bello
1660 3824 1948 3880 aggressus
1972 3821 2073 3879 cst,

502 3905 589 3961 cui
615 3906 740 3958 dum
774 3903 892 3973 ipse
923 3911 1069 3957 totus
1096 3903 1386 3968 incumbit,
1421 3915 1514 3954 rex
1568 3898 1912 3969 Ungarorum
1947 3917 2075 3955 cum

502 3996 743 4052 exercitu
803 3995 868 4049 ad
915 3991 1220 4063 Nigebolim
1282 3990 1538 4048 accessit.
1573 3989 1652 4045 Eo
1685 3991 1952 4061 Bajazites
1980 4007 2079 4046 co-

505 4089 678 4158 gnito,
710 4086 888 4142 soluta
926 4083 1432 4153 Constantinopolis
1465 4081 1776 4147 obsidione,
1803 4092 1947 4138 recta
1979 4083 2075 4137 Ni-

504 4183 736 4250 gehoiim
769 4193 901 4232 suos
927 4177 1102 4231 duxit.
1127 4177 1206 4230 Ad
1229 4176 1440 4230 hostem
1473 4176 1562 4230 ubi
1599 4186 1916 4246 perventum
1945 4175 2077 4231 fuis-

503 4282 605 4336 set,
657 4269 932 4324 multoties
985 4269 1192 4324 levibus
1247 4267 1473 4337 pt'arliis,
1532 4279 1695 4338 atque
1746 4269 1908 4321 etiam
1963 4270 2078 4324 acie

504 4375 897 4432 nonnunquam
934 4360 1081 4430 justa
1105 4359 1426 4414 dimicatum
1454 4359 1596 4413 inter
1620 4371 1899 4430 utrosque.
1927 4360 2076 4415 Tan-

393 4476 410 4490 ~
505 4456 626 4509 dem
681 4464 952 4509 nocturna
1013 4452 1373 4522 impressione
1428 4451 1774 4506 Christianos
1829 4453 2074 4518 adortus,

2180 3343 2396 3398 honore
2453 3342 2648 3405 habiti,
2702 3352 2757 3395 et
2809 3350 2991 3401 sancti
3021 3348 3279 3410 homines
3300 3351 3554 3422 appellati
3579 3352 3762 3408 fuere.

2183 3434 2379 3493 Verum
2413 3447 2521 3493 tam
2551 3441 2676 3511 ipsi,
2707 3457 2873 3512 quam
2905 3439 3204 3498 Talismaui
3232 3444 3416 3500 caeteri
3466 3445 3570 3504 hac
3595 3445 3763 3500 exhi-

2179 3531 2379 3586 bitione
2430 3533 2655 3589 honoris
2699 3536 3110 3608 arrogantiores
3155 3537 3308 3605 facti,
3358 3538 3530 3596 multa
3577 3537 3766 3596 fecere

2177 3625 2427 3695 nequiter
2459 3636 2513 3682 et
2540 3622 2834 3698 llatigiose.
2863 3627 3104 3685 Tandem
3129 3646 3254 3686 eum
3297 3643 3479 3688 essent
3499 3634 3762 3689 exstincti

2178 3714 2510 3772 Zenderlues
2545 3718 2803 3787 Cbeliles,
2836 3731 2892 3776 et
2921 3720 3058 3776 Cara
3084 3721 3375 3778 Rustemes
3399 3741 3414 3780 :
3439 3725 3553 3780 Alis
3571 3725 3758 3788 bassa.

2179 3808 2500 3864 Zenderluis
2520 3809 2742 3865 Chelilis
2763 3811 2930 3876 ﬁlius,
2949 3826 2978 3864 a
3001 3811 3299 3867 Gilderuue
3333 3812 3519 3869 Chane
3547 3812 3754 3868 γαίης

2179 3899 2498 3968 dignitatem
2527 3903 2754 3972 adeptus
2775 3912 2877 3959 est.
2905 3903 3043 3962 Tum
3073 3922 3200 3962 vero
3227 3921 3476 3966 crescere
3495 3907 3758 3964 Talisma-

2179 4006 2374 4045 norum
2419 3993 2766 4064 improbitas,
2812 3995 2978 4050 multa
3021 4010 3080 4053 se
3138 3997 3356 4068 indigna
3405 4000 3761 4056 committen-

2181 4082 2340 4150 tium,
2369 4094 2423 4138 et
2452 4084 2670 4157 rejectis
2697 4087 2942 4143 moribus
2983 4099 3146 4159 atque
3175 4090 3439 4146 institutis
3486 4093 3758 4161 pristinis,

2179 4188 2318 4229 nova
2363 4176 2610 4243 quaedam
2659 4176 3142 4234 introduceutium.
3176 4180 3309 4236 Erat
3345 4183 3492 4238 enim
3522 4183 3759 4252 populus

2178 4265 2508 4323 Osmanicus
2567 4285 2701 4325 sane
2735 4287 2898 4341 quam
2929 4273 3160 4342 simplex
3176 4283 3230 4330 et
3260 4275 3410 4331 rudis
3430 4317 3444 4342 ,
3474 4277 3564 4346 qui
3592 4277 3757 4332 facile

2183 4359 2287 4414 sibi
2343 4361 2559 4430 quidvis
2608 4363 2925 4434 persuaderi
2966 4364 3193 4420 sineret.
3225 4367 3344 4434 Quo
3374 4366 3540 4426 [iebat
3568 4378 3628 4424 ut
3673 4368 3755 4425 eis

2182 4452 2464 4518 insidiose,
2527 4470 2590 4508 ac
2620 4455 2906 4526 multiplici
2947 4456 3160 4513 vafritie
3208 4459 3568 4529 imponerent.
3606 4461 3757 4518 llllrl'

505 4551 641 4611 adeo
687 4548 965 4621 repentino
995 4555 1047 4602 et
1106 4540 1388 4619 inopinato
1429 4546 1629 4614 impetu
1663 4552 1970 4612 exterruit,
2017 4558 2076 4601 ut
2107 4567 2151 4622 ι)
2187 4542 2292 4595 alia
2363 4545 2728 4614 prohibebant
2769 4548 2821 4600 in
2876 4551 3220 4607 commerciis
3262 4559 3318 4606 et
3380 4555 3755 4610 contractibus

505 4658 691 4695 eorum
740 4640 981 4710 plerique
1022 4640 1074 4693 in
1109 4639 1415 4692 Danubium
1476 4639 1814 4708 praecipitare
1837 4653 2076 4710 secoge-

507 4743 716 4797 rentur,
752 4742 805 4785 et
836 4735 888 4784 in
916 4733 1032 4801 ipso
1069 4729 1294 4783 flumine
1325 4745 1518 4798 magno
1543 4745 1772 4784 numero
1804 4729 2076 4785 submersi

508 4826 780 4892 perirent:
804 4823 1000 4893 reliqui
1028 4822 1222 4875 foedam
1250 4822 1489 4875 semetin
1514 4820 1695 4890 fugam
1719 4821 2075 4894 conjicerent.

505 4914 729 4970 Factum
768 4917 868 4969 hoc
896 4929 1040 4968 anno
1068 4913 1167 4968 794
1220 4911 1371 4985 (Chr.
1402 4914 1582 4984 1595).

578 5007 696 5061 iloc
728 5007 865 5061 bello
901 5010 1171 5064 confecto.
1235 5021 1427 5061 rnrsus
1460 5007 1512 5061 in
1544 5005 1963 5062 Constantinum
1990 5022 2079 5061 ar-

506 5117 591 5155 ma
646 5098 931 5153 convertit.
1002 5099 1108 5155 Sed
1143 5100 1442 5169 composita
1499 5115 1603 5170 pax
1629 5100 1759 5166 fuit,
1790 5115 1853 5156 ea
1886 5101 2076 5155 condi-

506 5195 655 5247 tione
676 5233 690 5258 ,
725 5201 781 5245 ut
812 5192 950 5244 intra
1001 5191 1505 5263 Constantinopolis
1534 5192 1735 5247 mantia
1759 5191 2076 5249 Gilderunis

512 5285 717 5339 Chanis
781 5283 980 5337 subditi
1011 5283 1102 5352 jus
1137 5283 1401 5338 haberent
1426 5283 1605 5338 vicum
1643 5300 1812 5338 unum
1844 5285 2068 5340 inhabi—

509 5379 686 5432 tandi.
724 5375 848 5430 Fuit
880 5377 927 5432 is
966 5390 1145 5430 annus
1176 5375 1302 5430 794.

576 5468 652 5523 Eo
686 5469 802 5540 ipso
859 5477 1106 5537 tempore
1162 5477 1412 5522 mortuus
1470 5468 1832 5526 estsultanus
1863 5470 2072 5526 Alcairi

507 5560 798 5623 Borcuces,
848 5568 970 5631 post
1021 5559 1175 5628 cujus
1231 5559 1440 5614 obitum
1467 5560 1726 5616 Gilderun
1758 5561 1908 5616 Chan
1946 5578 2074 5636 pro-

509 5654 712 5706 vincias
743 5652 914 5724 ipsius
947 5652 1169 5715 invasit,
1205 5661 1258 5706 et
1287 5648 1570 5724 Melatigsn
1604 5669 1718 5709 suae
1748 5655 1940 5712 ditioui
1978 5657 2074 5709 ad-

501 5745 703 5814 junxit.
737 5742 840 5797 Sed
883 5745 1292 5800 imminentibus
1333 5744 1444 5815 jam
1476 5746 1774 5816 frigoribus
1805 5748 2067 5814 hibernis,

505 5840 732 5894 l’rusam
790 5853 1042 5893 reversus
1084 5837 1420 5908 est,ibique
1475 5851 1574 5908 per
1629 5841 1773 5893 illum
1838 5843 2063 5897 hiemem

2183 4649 2338 4687 usum
2400 4636 2640 4707 antiqua:
2697 4649 2948 4705 monetae,
3003 4656 3404 4714 asprorumque
3464 4656 3758 4705 veterum:

2183 4738 2236 4781 et
2254 4728 2827 4802 emolumentiproprii
2859 4747 3045 4802 causa,
3069 4739 3559 4794 nummulariorum
3579 4755 3758 4809 more,

2181 4834 2455 4877 monetam
2492 4825 2558 4877 ad
2587 4839 2648 4879 se
2672 4835 2902 4881 veterem
2937 4836 3118 4883 astute
3161 4829 3581 4897 transferebant,
3613 4835 3730 4903 ejus

2180 4927 2288 4984 que
2310 4914 2430 4969 loco
2460 4929 2652 4969 novam
2671 4916 2976 4986 signabant.
3007 4919 3124 4974 Alis
3153 4921 3271 4991 ipse
3288 4922 3468 4989 bassa,
3513 4929 3595 4979 vir
3621 4928 3758 4982 sim-

2182 5007 2328 5076 plex,
2349 5021 2415 5066 ac
2445 5009 2609 5063 rebus
2643 5009 2844 5067 divinis
2861 5009 3092 5069 devotus
3124 5024 3245 5069 erat
3283 5033 3296 5080 ;
3326 5020 3483 5087 cujus
3502 5025 3756 5092 exemplo

2181 5119 2304 5160 cum
2344 5106 2577 5175 pepulus
2611 5106 2661 5161 id
2705 5111 2967 5176 temporis
2997 5113 3161 5165 etiam
3212 5114 3474 5184 singulari
3545 5133 3754 5175 morum

2183 5197 2518 5266 integritate,
2551 5201 2926 5271 religioneque
2953 5204 3214 5274 praeditus
3262 5222 3429 5278 esset,
3459 5212 3757 5270 Tulismani

2184 5295 2334 5344 tanto
2372 5291 2542 5360 magis
2573 5291 2768 5346 horum
2807 5293 3048 5350 bonitate
3093 5299 3350 5367 simplici,
3408 5318 3506 5371 pro
3557 5305 3756 5369 lubitu,

2182 5381 2566 5438 abutebantur.
2601 5383 2733 5438 Cum
2763 5393 2943 5439 autem
3007 5387 3264 5444 Gilderuu
3327 5393 3479 5448 Chan
3534 5396 3757 5453 fraudes

2179 5476 2422 5546 ipsorum
2465 5486 2520 5532 et
2560 5479 2890 5548 imposturas
2924 5481 3376 5555 deprehenderet,
3411 5503 3571 5562 atque
3587 5495 3752 5550 etiam

2179 5569 2382 5624 videret
2439 5584 2534 5623 eos
2577 5569 2870 5624 belluinam
2891 5582 2945 5626 et
2995 5575 3265 5644 impuram
3326 5583 3490 5637 vitam
3546 5600 3754 5657 agere:

2180 5659 2360 5726 edicto
2413 5659 2684 5729 publicato
2749 5668 3028 5735 praecepit,
3051 5680 3109 5722 ut
3170 5686 3363 5729 omnes
3434 5677 3751 5748 Talismaui,

2181 5766 2478 5818 OIIIDCStllie
2507 5752 2683 5814 Cadii,
2739 5768 2846 5821 quo
2916 5761 3138 5813 nomine
3180 5762 3397 5830 judices
3450 5769 3753 5828 Tui-corum

2180 5842 2422 5907 τεηίυηι,
2463 5839 2762 5910 Νθδβοπιηι
2792 5861 2949 5915 ιίιιίιηι
2981 5847 3139 5906 Turci
3181 5854 3622 5917 Genischeberim
3647 5864 3753 5920 lin-
