4126 6478
514 405 622 470 595

1767 421 2121 484 ANNALES
2152 426 2491 486 TURClCi.

3629 434 3739 497 596

507 536 627 580 erat
687 526 960 585 dominus,
1038 545 1142 582 ron
1199 529 1267 584 ita
1297 533 1502 602 pridem
1527 543 1784 606 ereptam,
1815 540 2084 592 restituit:
2115 543 2428 610 AChalepo
2483 547 2750 609 evocatis,
2809 545 2947 598 haud
3019 547 3203 614 procul
3263 548 3498 617 Chalcpo
3531 548 3732 602 Temiri

509 621 702 675 liberis
754 627 957 683 tamen,
998 629 1102 673 tam
1129 624 1368 680 maribus
1389 641 1549 696 quam
1577 627 1812 690 fuminis,
1833 631 2077 684 obsidum

511 713 630 766 loco
656 711 900 769 retentis.
926 723 979 764 et
1007 709 1229 767 Prusam
1264 717 1465 772 missis.
1499 717 1625 772 Post
1657 719 1770 772 haec
1797 719 2075 791 Melaligen

508 805 691 872 copias
705 801 949 856 duxitJis
968 803 1020 856 in
1037 803 1165 857 locis
1181 808 1396 874 oppida,
1414 807 1720 880 Diorrygem
1741 821 1791 864 et
1808 811 2074 876 Guxinen,

505 897 588 952 sui
625 911 743 948 cum
780 893 920 962 juris
969 895 1184 951 fecisset
1223 899 1444 954 Prusam
1468 918 1739 967 reversus,
1766 904 2074 973 aliquandiu

506 989 675 1059 quieti
703 1003 766 1045 se
799 990 966 1042 dedit.
999 989 1124 1043 Erat
1165 991 1248 1043 hic
1270 1009 1444 1048 annus
1466 995 1567 1048 758
1603 995 1730 1062 (Ch.
1753 995 1932 1062 1597).
1959 995 2077 1061 Quo

505 1092 748 1151 tempore
773 1082 956 1137 Temir
983 1084 1133 1138 Chan
1162 1084 1503 1151 expeditione
1544 1102 1734 1141 rnrsus
1809 1087 2073 1151 instituta,

499 1190 595 1242 per
627 1174 897 1244 regionem
947 1173 1268 1228 Parthorum
1331 1191 1480 1230 arma
1531 1178 1888 1232 circumtulit.
1924 1181 2072 1234 Tan-

497 1269 618 1320 t'em
661 1282 974 1336 progressus
1021 1269 1264 1327 ulterius,
1296 1276 1346 1320 et
1398 1269 1694 1338 Chalepum
1726 1269 2075 1326 Damascum-

503 1375 611 1412 cme
663 1361 828 1414 ducto
857 1362 1119 1426 exercitu,
1179 1362 1469 1430 Chalepum
1529 1364 1778 1416 universa
1813 1380 1932 1415 cum
1993 1380 2073 1416 re-

498 1453 656 1519 gione
706 1452 934 1506 finitima
971 1457 1300 1523 occupavit:
1375 1456 1692 1509 Damascum
1747 1454 1887 1510 fcede
1935 1456 2073 1510 dire-

501 1555 644 1615 ptam
679 1547 961 1615 populatus
992 1558 1094 1609 est,
1115 1563 1257 1600 anno
1286 1548 1388 1601 800
1410 1547 1561 1616 (Chr.
1587 1547 1764 1616 1599).

572 1636 873 1692 lndicatum
905 1639 1006 1694 fuit
1026 1656 1054 1693 a
1077 1642 1233 1694 nobis
1262 1643 1516 1697 antehac.
1569 1642 1913 1696 Gilderurem
1932 1643 2070 1696 Cha-

501 1746 620 1783 t-em
656 1747 847 1786 versus
872 1747 1062 1787 omnes
1087 1735 1303 1801 imperii
1332 1736 1412 1787 sui
1443 1735 1574 1788 lines
1631 1746 1962 1801 grassatum,
1988 1737 2068 1788 di-

501 1826 676 1880 tiones
702 1825 908 1880 alienas
930 1827 1226 1882 invasisse:
1256 1844 1489 1897 cumque
1513 1845 1577 1883 ne
1597 1845 1710 1884 suae
1731 1830 1944 1897 quidem
1980 1845 2062 1883 re-

501 1917 687 1986 ligioni
717 1916 918 1972 deditis
948 1930 1209 1986 parceret,
1241 1919 1545 1990 Melatigen,
1565 1922 1872 1992 Diorrygem
1893 1921 2060 1976 Guxi-

501 2022 718 2076 nenque
752 2008 1107 2064 Turcomanis
1164 2012 1429 2080 eripuisse
1480 2029 1494 2064 :
1552 2028 1779 2081 prorsus
1839 2013 2069 2083 denique

501 2100 617 2154 suis
655 2115 747 2154 eos
781 2101 1081 2158 ditionibus
1113 2118 1205 2172 per
1232 2119 1498 2159 summam
1531 2105 1782 2175 injuriam
1813 2106 2067 2174 expulsos

501 2189 836 2262 proﬂigasse.

572 2283 897 2354 Quanquam
949 2285 1368 2356 nehucquidetn
1420 2287 1897 2351 dissimulandum,
1929 2287 2069 2340 Tur-

500 2382 770 2433 comanos'
785 2394 879 2432 eas
897 2379 1164 2448 regiones,
1196 2395 1318 2435 cum
1343 2382 1553 2450 oppidis
1573 2396 1676 2434 non
1707 2396 1898 2450 magno
1919 2381 2066 2435 labo-

500 2482 562 2523 re
590 2483 688 2523 suo
721 2484 943 2537 parasse
968 2485 982 2521 :
1004 2485 1127 2529 nec.
1168 2471 1246 2522 uti
1273 2470 1426 2524 bonae
1445 2471 1564 2524 ﬁdei
1592 2486 1952 2539 possessores.
1977 2473 2067 2539 jus

502 2571 664 2612 suum
690 2557 988 2627 longissimi
1021 2559 1276 2628 temporis
1330 2561 1736 2629 prtescriptioue
1765 2564 1928 2616 tutari
1969 2578 2066 2631 po-

503 2649 692 2702 tuisse.
724 2647 1102 2704 Nihilominus
1153 2651 1275 2714 hoc.
1337 2667 1446 2721 quo
1497 2652 1723 2715 dictum,
1762 2654 1920 2707 modo
1951 2655 2066 2707 suis

502 2737 664 2804 ejecti
711 2739 928 2802 finibus,
961 2742 1025 2794 ad
1057 2740 1390 2798 Alcairensis
1451 2744 1650 2798 sultani
1706 2744 2064 2814 patrocinium

502 2840 562 2880 se
598 2827 895 2890 contulere,
926 2830 1028 2883 sub
1055 2830 1172 2897 ejus
1195 2831 1422 2900 imperio
1463 2833 1589 2887 sede
1612 2833 1712 2887 sibi
1743 2835 2090 2888 constituta.‘

501 2915 688 2972 Potuit
719 2920 991 2974 istaut-tm
1019 2921 1250 2989 edicere,
1281 2924 1409 2978 dum
1465 2922 1725 2979 Gilderun
1759 2923 1909 2979 Chan
1935 2939 2066 2979 con-

495 3005 658 3078 jectis
689 3010 742 3062 in
775 3009 1046 3066 Temirem
1076 3011 1315 3068 Chanem
1335 3014 1530 3075 oculis,
1563 3015 1793 3070 sollicite
1815 3029 2065 3085 pragreso

503 3113 599 3152 sus
633 3098 806 3169 ipsius
836 3103 1171 3168 observaret;
1236 3113 1479 3173 utopera
1537 3121 1632 3161 sua
1691 3105 2063 3163 Turcomanos

2181 617 2350 688 Chatti
2385 638 2609 690 occurit.
2659 637 2954 705 Pugnatum
3011 639 3152 692 inter
3213 650 3469 705 utrosque
3492 650 3737 701 strenue.

2181 727 2274 778 sed
2304 728 2478 782 victus
2503 727 2705 781 Alcairi
2741 727 2989 781 sultanus
3041 729 3092 780 in
3157 729 3446 798 Aigyptum
3479 730 3736 796 profugit.

2186 818 2280 872 Illo
2300 820 2401 873 sibi
2425 821 2603 888 fugam
2635 823 2976 885 consulente,
3004 821 3298 890 Chalepum
3323 830 3376 873 et
3412 821 3739 874 Chetnesam

2180 910 2229 961 vi
2263 911 2446 963 Temir
2467 924 2758 980 expugnat.
2789 913 2922 966 Cum
2951 912 3227 966 Clienteste
3281 912 3556 978 complura
3581 925 3744 977 pere—

2181 1003 2418 1067 leganter
2445 1013 2717 1057 exstructa
2779 1013 3117 1058 mortuorum
3170 1013 3516 1056 monumenta
3551 1017 3746 1056 cerne-

2183 1102 2286 1152 ret,
2320 1092 2541 1160 quinam
2582 1095 2634 1146 in
2665 1094 2742 1146 eis
2799 1094 2994 1159 sepulti
3044 1093 3411 1146 conderentur
3437 1094 3743 1160 interroga-

2179 1181 2275 1232 vit.
2313 1181 2650 1249 Rcsponsum
2702 1183 2770 1236 ab
2818 1182 3032 1245 incolis,
3074 1197 3196 1235 esse
3243 1182 3331 1235 illa
3382 1182 3629 1249 sepulcra
3661 1181 3744 1234 fa-

2180 1273 2448 1325 mulorum
2513 1274 2894 1341 sociorumque
2929 1273 3067 1344 vatis
3103 1273 3456 1334 Malmmetis,
3491 1273 3744 1327 videlicet

2177 1363 2438 1425 Chalidis,
2473 1367 2562 1433 qui
2599 1366 2798 1419 Velidis
2827 1365 2990 1419 fuerit
3022 1366 3186 1428 filius,
3247 1375 3300 1419 et
3333 1365 3734 1418 Kiabelechha-

2177 1457 2273 1518 ris,
2302 1468 2352 1508 et
2377 1457 2608 1517 Omeris,
2633 1470 2684 1512 et
2740 1458 2984 1524 Mueigte,
3035 1461 3127 1527 qui
3191 1459 3513 1512 Mahnmetis
3579 1456 3743 1510 fuerit

2176 1563 2386 1601 cursor.
2425 1550 2534 1601 Hoc
2563 1551 2860 1612 intellecto,
2893 1564 3119 1620 corpora
3177 1550 3395 1620 quidem
3435 1549 3734 1602 incolarum

2174 1653 2292 1692 esse
2314 1639 2478 1691 libera
2501 1639 2682 1706 jussit,
2717 1640 2808 1691 sed
2842 1640 3127 1692 facultates
3165 1653 3354 1692 omnes
3403 1638 3482 1689 eis
3514 1636 3738 1691 ademit.

2177 1730 2435 1782 Cbemesa
2463 1731 2762 1791 discedens,
2801 1743 2851 1784 et
2872 1732 3192 1784 BealLet-um
3218 1729 3525 1797 'profectus,
3564 1729 3614 1782 id
3645 1745 3739 1796 op-

2174 1824 2355 1892 pidum
2390 1824 2539 1889 prins
2564 1823 2828 1889 direptum
2865 1824 3061 1876 vastari
3095 1838 3284 1892 passus
3315 1830 3416 1875 est.
3473 1820 3737 1875 Bealbeco

2178 1917 2495 1968 Damascum
2525 1915 2708 1976 rediit,
2739 1928 2922 1968 arcem
2966 1915 3116 1968 urbis
3169 1913 3285 1982 ejus
3315 1923 3679 1982 occupaturus
3713 1925 3733 1964 :

2173 2022 2360 2060 verum
2382 1995 2798 2076 'oppugnatione
2823 2008 2995 2074 prima
3033 2007 3165 2060 nihil
3200 2005 3396 2060 eﬁ‘ecit.
3424 2005 3584 2072 Igitur
3603 2019 3719 2056 eain

2171 2101 2350 2153 dentto
2374 2099 2766 2151 vehementiori
2796 2091 3044 2173 militum
3083 2113 3371 2167 aggressus
3397 2099 3604 2165 impetu,
3665 2096 3715 2147 vi

2175 2193 2337 2260 cepit.
2376 2192 2638 2246 Damasco
2681 2195 2732 2246 in
2760 2199 3079 2261 potestatem
3109 2191 3346 2251 redacta,
3375 2204 3618 2244 reversus
3643 2196 3727 2242 est

2171 2287 2222 2339 in
2254 2285 2548 2347 Parthiam,
2580 2296 2634 2340 et
2664 2285 2729 2338 ad
2758 2287 2948 2340 urbem
2973 2283 3309 2352 Carabagum
3329 2281 3528 2336 castris
3558 2284 3728 2335 locum

2171 2381 2386 2450 delegit,
2415 2395 2589 2448 eoque
2648 2395 2769 2433 cum
2823 2380 2936 2434 suis
2967 2379 3020 2432 iu
3090 2377 3315 2432 hiberna
3375 2391 3435 2430 se
3487 2375 3735 2428 contulit.

2174 2473 2531 2541 Posteaquam
2560 2472 2703 2526 veris
2743 2481 2956 2540 tempus
2986 2470 3320 2540 appetiisset,
3351 2469 3628 2521 Amasiam
3660 2467 3739 2520 sic

2171 2561 2324 2616 duxit
2352 2563 2672 2626 exercitum,
2716 2570 2776 2614 ut
2804 2561 3088 2630 Erzingam
3136 2560 3285 2627 prius
3302 2557 3583 2612 accederet
3615 2596 3628 2618 ,
3654 2557 3738 2609 in-

2170 2640 2455 2706 de'versus
2479 2652 2738 2721 Eugurim
2773 2660 3044 2722 pergeret.
3120 2652 3203 2705 Ab
3231 2651 3399 2704 altera
3459 2657 3614 2717 parte
3670 2661 3740 2701 uo

2169 2745 2426 2798 Gilderun
2468 2744 2684 2811 quidem
2713 2744 2864 2798 Chan
2895 2743 3104 2798 otiosus
3159 2751 3296 2806 erat,
3355 2741 3450 2795 sed
3473 2741 3613 2794 bello
3641 2753 3740 2805 ge-

2167 2834 2338 2887 rendo
2371 2833 2632 2896 intentus,
2661 2832 2924 2887 maximas
2973 2832 3196 2900 cogebat
3219 2831 3426 2901 copias.
3465 2830 3517 2882 lu
3545 2827 3736 2897 primis

2167 2939 2295 2977 vero
2334 2923 2653 2977 Tatarorum
2687 2940 2751 2978 ex
2777 2924 2998 2991 regione
3045 2924 3287 2977 Destensi
3329 2921 3733 2975 multitudinem

2169 3030 2335 3085 prope
2367 3015 2633 3068 inlinitam
2671 3015 2774 3069 sibi
2805 3013 3052 3080 adjunxit
3080 3031 3095 3072 ς
3130 3029 3268 3075 quos
3297 3029 3387 3080 per
3411 3011 3735 3065 Moldaviam

2167 3107 2460 3176 profectos,
2492 3115 2541 3159 et
2577 3107 2628 3158 in
2654 3105 3001 3167 :Romaniam
3035 3105 3260 3166 effusos,
3284 3103 3409 3157 inde
3466 3117 3650 3156 secum
3675 3101 3736 3154 in

503 3191 717 3244 exsules
741 3191 794 3245 in
838 3192 1107 3262 integrum
1144 3195 1474 3251 restitueret.
1523 3196 1605 3250 llli
1646 3207 1824 3253 tamen
1880 3197 2061 3263 facile,
2089 3211 2135 3274 ο
2169 3200 2438 3256 Natoliam
2476 3197 2718 3251 abduxit.
2754 3198 2830 3250 Ad
2858 3213 3147 3259 summam,
3190 3197 3350 3250 talem
3380 3209 3445 3248 ac
3465 3203 3673 3248 tantum
3701 3209 3735 3247 e

500 3282 668 3335 certis
741 3285 958 3340 adducti
1028 3301 1205 3340 rerum
1261 3290 1615 3359 argumentis,
1672 3292 2068 3360 perspiciebant

502 3371 793 3438 Bajazitem
819 3392 926 3430 non
964 3379 1133 3432 multo
1153 3390 1272 3448 post
1301 3383 1478 3443 (haud
1537 3384 1701 3438 dubie
1758 3401 1844 3439 res
1897 3401 2066 3441 novas

504 3465 842 3521 moliturum.
869 3469 1054 3538 Itaque
1107 3488 1230 3527 cum
1298 3474 1637 3547 principibus
1685 3479 1920 3543 exteris,
1974 3479 2066 3548 qui

499 3559 693 3627 partim
731 3575 762 3614 a
798 3559 1089 3618 Gilderuue
1109 3565 1249 3620 bello
1303 3567 1474 3636 petiti,
1499 3569 1691 3638 partim
1716 3571 1830 3626 suis
1852 3571 2066 3640 Spoliati

500 3648 737 3707 fortunis
766 3666 946 3719 erant,
983 3672 1105 3711 cum
1131 3656 1400 3714 Techrine
1445 3661 1714 3725 videlicet,
1766 3679 1890 3717 cum
1930 3663 2068 3719 Ger-

499 3745 704 3811 rniano,
739 3762 862 3800 cum
893 3750 1167 3807 Duzinone
1211 3753 1485 3809 Aialinensi
1539 3755 1694 3824 bego,
1722 3771 1842 3810 cum
1864 3755 2068 3810 Mente-

498 3840 583 3894 sio
609 3839 864 3911 denique,
892 3842 1065 3902 fcedus
1091 3855 1255 3914 atque
1298 3850 1608 3903 societatem
1638 3849 1897 3902 inierunt.
1938 3849 2066 3902 Om-

495 3948 596 3987 nes
632 3932 777 3988 enim
819 3935 894 4002 lii,
927 3952 1157 4005 quorum
1202 3953 1518 3995 enumerata
1573 3942 1812 4005 nomina,
1836 3956 1943 3994 non
1968 3942 2065 3994 mi-

497 4039 694 4078 norum
730 4029 884 4094 quasi
918 4028 1158 4094 gentium
1223 4031 1428 4084 domini
1480 4032 1743 4086 duntaxat
1796 4033 1849 4086 in
1881 4033 2066 4087 iister-

495 4114 598 4177 ris,
633 4130 823 4169 verum
857 4117 1018 4172 etiam
1067 4119 1341 4188 principes
1401 4130 1577 4175 erant.
1653 4123 1734 4177 Ab
1791 4124 1876 4178 his
1937 4138 2066 4191 ergo

495 4209 770 4260 communi
795 4208 1012 4261 nomine
1069 4220 1234 4264 missa
1285 4213 1384 4266 fuit
1406 4214 1473 4268 ad
1539 4214 1805 4269 Temiretn
1849 4217 2064 4285 legatio,

495 4315 616 4369 quae
642 4315 766 4354 cum
798 4301 866 4355 ad
901 4304 1077 4372 ipsum
1128 4307 1481 4372 pervenisset,
1525 4308 1816 4375 deploratis
1845 4310 2062 4363 illorum

496 4392 802 4460 principum
829 4395 1089 4448 aerumnis
1118 4406 1279 4464 atque
1330 4399 1587 4464 miseriis,
1651 4409 1855 4455 tantum
1923 4404 2064 4471 apud

493 4497 622 4538 eum
651 4484 896 4538 oratione
924 4500 1021 4540 sua
1082 4486 1344 4555 perfecit,
1394 4501 1452 4542 ut
1475 4491 1671 4545 bellum
1702 4507 1760 4546 se
1789 4494 2060 4546 facturum

2172 3291 2434 3346 Romauia
2491 3292 2854 3360 Auatoliaque
2877 3289 3428 3359 collegitexercitum,
3457 3282 3518 3342 ut
3541 3287 3738 3340 adver-

2171 3385 2330 3440 sariis
2365 3385 2452 3438 ille
2488 3385 2660 3453 copiis
2713 3383 2866 3438 facile
2897 3385 3195 3453 comparari
3221 3392 3423 3452 posset.
3461 3381 3597 3435 Cum
3648 3379 3740 3432 his

2170 3491 2298 3547 ergo
2319 3476 2701 3546 profectionem
2731 3470 2918 3530 versus
2943 3475 3196 3543 Engurim
3224 3473 3480 3530 instituit.
3505 3471 3740 3545 sumptis

2170 3584 2352 3624 secum
2378 3569 2430 3622 in
2455 3570 2534 3623 eis
2561 3567 2918 3636 expeditionis
2946 3567 3255 3621 societatem
3283 3565 3402 3619 filiis
3460 3566 3595 3621 suis.
3638 3562 3740 3618 Ubi

2167 3661 2277 3732 jam
2310 3676 2431 3715 cum
2455 3659 2786 3715 exercitibus
2809 3661 3102 3727 imperator
3137 3660 3271 3712 alter
3292 3657 3359 3712 ab
3407 3658 3580 3711 altero
3628 3673 3738 3710 non

2171 3753 2356 3820 procul
2397 3751 2603 3810 aberat.
2653 3749 3156 3804 forte'l‘emirChan
3176 3749 3262 3804 die
3281 3750 3513 3817 quodam
3563 3749 3734 3809 Jovis,

2171 3844 2344 3914 prima
2368 3841 2524 3910 321
2554 3842 2693 3905 lucc,
2721 3841 2982 3908 processit
3003 3841 3068 3893 ad
3092 3841 3320 3908 spatium
3344 3839 3579 3894 medium
3600 3840 3732 3893 inter

2170 3938 2450 3990 amborum
2475 3935 2768 3997 exercitus,
2803 3943 2962 4001 atque
2991 3933 3058 3985 ibi
3086 3933 3275 3986 castris
3313 3934 3488 3986 locum
3521 3932 3734 3998 delegit,

2171 4041 2344 4091 caque
2379 4024 2521 4079 fossa
2555 4024 2920 4078 circumducta
2979 4025 3228 4078 munivit.
3287 4024 3488 4088 Eodem
3525 4035 3576 4077 et
3625 4024 3734 4079 Gil-

2169 4119 2339 4170 derun
2373 4116 2522 4169 Chan
2571 4131 2690 4168 cum
2738 4131 2855 4170 sese
2909 4117 3011 4171 sub
3050 4133 3324 4186 vesperam
3393 4118 3732 4180 contulisset,

2170 4217 2346 4260 castra
2382 4219 2476 4274 pro
2510 4205 2622 4259 Suis
2677 4205 2860 4259 itidem
2892 4206 3064 4274 copiis
3101 4217 3330 4258 metatus
3360 4214 3463 4260 est.
3497 4203 3735 4258 Tandem

2171 4301 2255 4351 die
2298 4300 2530 4365 quodam
2565 4295 2816 4361 Veneris,
2873 4314 3087 4352 summo
3136 4313 3313 4362 mane,
3365 4298 3644 4351 instructis
3668 4295 3742 4349 ab

2171 4401 2400 4458 utraque
2456 4401 2608 4460 parte
2664 4391 2906 4454 aciebus,
2972 4407 3003 4446 e
3075 4391 3278 4452 fossato
3344 4393 3575 4460 quisque
3638 4405 3740 4444 suo

2169 4493 2357 4536 contra
2386 4498 2444 4536 se
2494 4484 2718 4537 invicem
2774 4483 3217 4552 progrediuntur.
3252 4484 3314 4536 Et
3371 4484 3624 4537 Gilderun
3659 4483 3736 4535 ita

493 4573 800 4639 Gilderuni,
828 4593 936 4646 quo
972 4577 1149 4631 illatas
1181 4578 1315 4647 ipsis
1339 4579 1634 4635 vindicaret
1659 4582 1914 4650 injurias,
1939 4586 2058 4651 pol-
2098 4566 2140 4618 Ῑ)
2171 4591 2303 4629 suos
2335 4577 2635 4641 ordinarat,
2695 4585 2752 4629 ut
2798 4577 3112 4630 adversario
3163 4593 3220 4631 se
3274 4593 3379 4630 non
3426 4578 3734 4631 inferiorem

494 4667 773 4723 liceretur.
807 4671 946 4723 Ante
970 4680 1172 4732 tamen.
1202 4687 1365 4740 quam
1397 4672 1597 4727 bellum
1653 4675 1754 4728 hoc
1789 4674 2066 4729 Gilderuni

498 4759 682 4813 Temir
713 4761 962 4824 inferret,
987 4763 1236 4816 exsulum
1262 4780 1422 4818 causa
1453 4781 1581 4821 suos
1613 4767 1678 4820 ad
1747 4781 1868 4819 eum
1925 4767 2071 4819 misit

499 4850 884 4917 internuntios,
906 4869 1120 4907 onmem
1148 4857 1309 4924 (quod
1355 4856 1526 4926 aiunt)
1548 4856 1776 4924 lapidem
1805 4868 2069 4918 moturos,

501 4952 560 4994 ut
592 4940 734 4995 inter
765 4953 1052 5015 utramque
1081 4957 1290 5015 partem
1320 4949 1706 5017 transigerent,
1735 4948 1896 5016 idque
1931 4953 2069 5003 dun-

504 5039 655 5085 taxat
684 5046 855 5087 unum
897 5035 1264 5104 impetrarent.
1298 5053 1406 5106 quo
1445 5037 1527 5091 fas
1572 5038 1839 5091 restitutis
1868 5040 2071 5093 exsuli-

501 5123 606 5178 bus
659 5133 825 5186 esset,
875 5128 1164 5196 tranquille
1193 5130 1494 5185 tlitionibus
1538 5132 1652 5184 suis
1701 5133 2072 5201 absqneinju-

499 5213 582 5268 ria
609 5211 945 5280 Gilderunis,
978 5218 1187 5281 utendi,
1221 5217 1683 5273 fruendi..\'crum
1720 5222 1819 5274 hac
1848 5223 2071 5292 legatio-

499 5319 567 5360 ne
595 5303 876 5358 incassum
906 5305 1094 5368 missa,
1133 5322 1255 5359 cum
1283 5307 1467 5360 Temir
1490 5322 1518 5359 a
1553 5305 1844 5360 Gilderune
1863 5308 2067 5376 despici

499 5411 557 5449 se
591 5395 977 5464 contemnique
1010 5396 1252 5458 videret,
1292 5407 1674 5466 praepotentem
1707 5399 1886 5466 coegit
1918 5413 2073 5451 exer-

495 5489 694 5550 citum,
727 5503 838 5558 quo
878 5489 944 5545 ad
995 5489 1177 5544 urbem
1209 5505 1341 5559 qua:
1365 5488 1580 5544 Sivaste
1618 5490 1823 5543 dicitur
1849 5530 1863 5554 ,
1894 5491 2071 5544 addu-

500 5588 614 5643 cto,
645 5597 842 5650 magna
873 5581 1019 5634 illam
1040 5581 1312 5635 celeritate
1336 5594 1431 5648 per
1490 5580 1595 5632 vim
1637 5584 1959 5649 expugnavit
2019 5593 2073 5638 et

503 5673 718 5735 evertit,
752 5675 866 5744 ipsa
900 5675 1065 5728 etiam
1129 5689 1256 5727 arce
1313 5673 1518 5726 diruta.
1573 5672 1879 5728 Secundum
1953 5678 2069 5733 haec

503 5763 750 5830 ingentes
784 5766 904 5818 illas
933 5765 1118 5832 copias
1140 5763 1460 5817 Damascum
1489 5763 1662 5814 duxit.
1690 5761 1912 5818 Interim
1937 5783 2067 5821 vero

505 5854 756 5914 sultauus
788 5857 1009 5922 Alt-airi,
1045 5857 1308 5915 militibus
1332 5855 1445 5910 suis
1505 5856 1742 5919 Alcaico,
1779 5857 2064 5926 Datnasco,

2175 4665 2418 4721 futurum
2453 4669 2811 4742 existimaret.
2846 4668 3024 4721 Rebus
3071 4669 3341 4723 universis
3373 4679 3514 4722 recte
3559 4672 3742 4730 dispo-

2175 4759 2314 4823 sitis,
2351 4775 2472 4812 cum
2507 4760 2657 4828 signa
2697 4759 2823 4812 hinc
2853 4759 2976 4813 inde
3018 4760 3226 4813 sublata
3253 4760 3557 4824 volitarent,
3599 4762 3741 4812 Inlue

2175 4853 2511 4920 clangerent,
2543 4862 2794 4921 tympana
2842 4851 3140 4904 castrensia
3175 4851 3515 4918 puisarentur
3545 4861 3595 4903 et
3631 4852 3740 4917 jam

2171 4942 2396 5010 jamque
2415 4957 2764 4995 concursum:
2789 4941 3262 4996 viderenturacies
3285 4959 3299 4995 :
3325 4952 3435 4995 tttm
3457 4957 3584 4995 vero
3608 4943 3709 4994 Des
3726 4971 3742 4980 -

2176 5043 2356 5087 tenses
2381 5032 2588 5094 'fatari,
2617 5033 2814 5086 violata
2835 5031 2939 5084 fide
2967 5034 3208 5095 militari,
3239 5049 3358 5087 mox
3385 5034 3449 5085 ad
3471 5033 3742 5086 Temirem

2171 5125 2536 5186 transierunt,
2559 5123 2856 5188 itidemque
2875 5124 3069 5176 milites
3085 5138 3114 5177 e
3141 5124 3450 5191 regionibus
3467 5124 3749 5178 Germiani

2176 5223 2230 5267 et
2255 5213 2522 5275 Mentesii,
2542 5213 2684 5280 quod
2723 5213 2962 5280 ipsorum
2989 5215 3259 5283 principes
3282 5232 3308 5268 a
3338 5215 3568 5268 Tcmitis
3598 5215 3747 5267 Cha-

2179 5307 2263 5360 nis
2289 5307 2532 5374 partibus
2561 5317 2788 5368 starent,
2813 5307 2878 5358 ad
2911 5309 3127 5361 eosdem
3165 5324 3224 5361 se
3256 5320 3596 5376 receperunt.
3624 5308 3747 5372 Quo

2179 5398 2407 5461 factum,
2433 5409 2490 5452 ut
2514 5400 2794 5466 putissima
2817 5416 2962 5468 pars,
2981 5411 3035 5453 et
3057 5400 3232 5470 ipsum
3253 5403 3386 5455 adeo
3412 5403 3573 5454 robur
3592 5417 3747 5453 excr-

2177 5493 2340 5554 citus,
2375 5491 2460 5544 cui
2495 5493 2728 5544 tnaxime
2762 5493 2983 5559 fidebat,
3013 5495 3081 5546 ab
3103 5508 3168 5548 eo
3207 5495 3478 5557 deficeret,
3499 5509 3562 5547 ac
3587 5495 3753 5563 perli-

2179 5585 2277 5638 dize
2304 5585 2515 5637 macula
2542 5599 2600 5636 se
2623 5586 3038 5641 contaminaret.
3069 5586 3208 5649 Quin
3241 5590 3401 5641 etiam
3429 5590 3543 5642 suis
3575 5604 3602 5639 a
3643 5586 3744 5638 mi.

2180 5677 2366 5730 litibus
2385 5673 2652 5739 Turcicis,
2675 5676 2764 5743 qui
2795 5677 3063 5732 auimisin
3097 5695 3222 5733 eum
3260 5679 3745 5733 nounihilofl‘eusis

2176 5767 2610 5830 eratu,desertus
2629 5766 2748 5820 fuit.
2770 5765 3617 5826 UnustantummodoBulcifilius
3633 5775 3754 5826 suis

2179 5877 2299 5913 cum
2333 5858 2504 5933 copiis
2533 5870 2838 5934 constanter
2877 5864 3136 5917 adversus
3163 5866 3366 5923 hostem
3412 5867 3667 5927 substitit.
3693 5876 3753 5925 et
