4126 6466
492 355 597 420 5’39

568 479 698 550 Ejus
723 485 800 538 rei
834 491 1025 546 nuntio
1056 507 1300 566 accepto,
1337 501 1570 571 legatum
1628 512 1882 572 sultanus

490 568 752 627 chemctis
781 575 997 636 Amasis
1023 586 1168 640 misit
1189 588 1256 643 ad
1280 593 1503 651 cmirem
1529 598 1916 671 Soleimancm,
1951 610 2057 666 fra-

494 673 630 718 trem
662 679 790 722 natu
845 677 1167 745 maximum,
1219 685 1311 754 qui
1348 687 1396 742 ei
1440 698 1557 744 tum
1612 698 1840 756 munera
1868 701 2056 769 ferret,

1236 748 1250 754 _
1612 748 1838 756 μη--ν-
1868 748 2056 769 -ν---ην

402 748 424 770 ⁹
489 765 602 808 tum
634 759 748 812 suis
777 764 956 820 verbis
987 768 1100 823 haec
1136 778 1472 837 renuntiaret
1503 802 1517 838 :
1546 784 1771 851 Quando
1816 794 1896 849 sic
1948 795 2058 852 Deo

490 848 664 903 visum
698 852 817 915 fuit.
871 858 1090 916 domine
1117 879 1182 919 ac
1227 867 1391 927 frater
1423 885 1551 931 natu
1585 886 1838 948 maxime,
1872 898 1929 942 ut
1959 904 2057 959 pa-

484 951 690 997 rculem
719 949 1004 1018 utriusque
1032 967 1275 1013 nostrum
1306 964 1465 1021 rebus
1494 968 1750 1030 humanis
1766 949 2053 1039 eximeret:

486 1044 813 1102 magnopere
867 1043 1000 1095 mihi
1073 1052 1340 1117 gratulor,
1423 1066 1474 1112 te
1521 1062 1675 1117 nobis
1734 1070 1943 1124 salvum
1998 1082 2059 1129 et

482 1119 811 1185 incolumem
853 1133 1124 1192 relictum.
1191 1142 1290 1198 Cui
1346 1163 1467 1203 eum
1520 1155 1661 1208 emir
1718 1157 2055 1218 Soleimanes

479 1213 720 1320 \icissitn
752 1237 995 1282 venustae
1030 1233 1218 1288 forma:
1256 1254 1474 1308 pueros,
1510 1248 1739 1318 puellas,
1772 1262 2055 1326 vestesque

477 1308 707 1373 sericas.
745 1327 799 1367 et
847 1320 983 1375 alias
1021 1340 1109 1382 res
1157 1331 1339 1386 varias
1386 1350 1450 1395 ac
1476 1339 1750 1410 elegantes
1779 1334 2052 1405 misisset:

477 1404 689 1498 sancito
736 1407 945 1469 ftedere
989 1427 1197 1489 mutuo,
1250 1440 1436 1492 pacem
1474 1432 1616 1487 inter
1651 1450 1712 1493 se
1740 1439 2050 1498 coluerunt.

478 1488 606 1595 Pbst
629 1494 743 1552 haec
782 1503 1043 1573 ablegatis
1074 1511 1129 1564 in
1161 1488 1541 1577 Caramauiam
1566 1488 2052 1604 emebant—inibit;

473 1584 596 1688 ejus
629 1593 925 1658 provincia:
975 1599 1200 1660 domino
1252 1610 1545 1681 significari
1597 1618 1765 1688 jussit
1791 1584 2056 1682 emirSo:

472 1674 738 1737 leimanes
774 1686 929 1744 daret
978 1706 1221 1763 operam,
1276 1702 1357 1756 sic
1386 1706 1467 1761 uti
1504 1710 1871 1769 custodiretur
1895 1715 2049 1772 Musa

477 1770 665 1872 initer,
721 1793 787 1872 ne
818 1798 924 1851 qua
975 1800 1159 1855 posset
1217 1795 1383 1853 elabi.
1443 1798 1703 1872 Adeoque
1753 1770 2044 1866 Camnum

475 1865 733 1970 siluestari
782 1889 843 1930 se
886 1878 1176 1951 diligenter
1215 1886 1267 1943 id
1321 1902 1563 1959 curaret,
1598 1865 1761 1954 modo
1788 1901 1837 1955 ei
1891 1914 2042 1970 grata

479 1955 807 2021 Soleimanis
853 1979 1000 2025 esset
1047 1976 1309 2039 amicitia.
1371 1955 1650 2054 Siquidem
1687 1990 1790 2046 hoc
1823 1955 2048 2065 abuipso

471 2052 834 2127 impetrasset,
864 2062 1098 2120 vicissim
1128 2070 1178 2127 ei
1207 2087 1267 2129 se
1294 2052 1481 2133 omnia
1524 2080 1806 2141 cbaritatis
1857 2096 1914 2141 et
1948 2052 2045 2144 be-

468 2147 793 2205 nevolentiae
823 2154 995 2212 oﬂicia
1023 2162 1416 2225 exhibiturum.

541 2237 844 2303 Musaeum
899 2252 1307 2325 subollecisset,
1356 2265 1697 2326 Caramanic
1733 2273 2041 2344 principem

470 2345 593 2430 cum
627 2338 798 2395 emire
821 2340 1134 2409 Soleimane
1167 2363 1411 2415 mutuam
1436 2358 1490 2413 in
1524 2338 1752 2430 gratiam
1785 2368 2035 2427 rediisse:

472 2424 729 2524 fuga-“sibi
763 2436 1073 2503 consulens.
1120 2445 1189 2499 ad
1246 2424 1607 2508 lsvendiarem
1647 2471 1874 2524 propere
1905 2424 2040 2519 con;

462 2519 655 2579 cessit.
678 2520 805 2601 Ejus
833 2528 907 2581 rei
938 2528 1079 2586 fama
1103 2535 1171 2588 ad
1201 2539 1426 2600 emirem
1450 2519 1812 2605 Soleim-auem
1837 2552 2039 2622 delata,

467 2624 597 2665 mox
619 2628 767 2669 arma
793 2616 845 2672 in
872 2617 1236 2683 lsvendiarem
1260 2632 1533 2702 expedivit
1558 2653 1571 2689 :
1600 2638 1758 2708 cujus
1777 2616 2039 2703 ditionem

410 2760 415 2765 _
466 2701 770 2774 ingressus,
801 2716 1245 2797 propter'Gerleu
1276 2701 1345 2778 ad
1371 2725 1538 2796 ripam
1570 2701 1814 2789 ﬂuminis
1857 2746 2036 2793 castra

466 2796 689 2889 locavit,
713 2812 768 2856 et
798 2805 1020 2863 militem
1052 2811 1178 2868 istic
1211 2815 1264 2870 in
1294 2818 1535 2879 hibernis
1568 2824 1779 2883 habuit.
1819 2827 1950 2885 Erat
1979 2832 2035 2889 in

467 2887 703 2989 iis-locis
732 2895 886 2989 nigra
926 2902 1159 2971 populus
1189 2907 1400 2978 ingens,
1440 2912 1544 2968 sub
1573 2929 1685 2983 qua
1708 2919 1868 2988 genio
1893 2934 2036 2989 quo-

460 2982 593 3039 tidie
624 2985 960 3059 indulgebat,
981 3003 1044 3049 et
1068 2997 1433 3060 belluabatur.
1461 2982 2037 3083 Tandem‘composito

459 3088 584 3129 enm
616 3077 926 3138 lsveudiare
959 3088 1203 3161 negatio,
1249 3094 1545 3168 relictaque
1584 3101 1762 3171 ipsius
1791 3077 2031 3175 regione,

457 3168 735 3235 profectus
767 3183 853 3230 est
885 3175 1119 3238 lsnieam
1147 3223 1163 3244 .
1195 3186 1285 3239 ubi
1341 3198 1487 3247 totos
1529 3168 1646 3249 dies
1679 3195 1733 3251 in
1764 3168 2028 3258 convviviis'
2052 3228 2098 3288 ο

457 3267 514 3312 et
542 3269 1041 3333 compotationibus
1068 3275 1337 3346 exigebat.
1382 3279 1564 3339 Nihilo
1604 3287 1782 3345 minus
1814 3303 2028 3350 secreto

456 3352 665 3413 Musam
715 3374 899 3417 secum
951 3365 1144 3422 habuit
1189 3370 1491 3444 lsvendiar,
1539 3360 1774 3452 eumque
1813 3387 2033 3458 navigio

461 3447 801 3517 impositum,
858 3469 956 3523 per
1010 3471 1237 3528 pontum
1291 3454 1563 3525 Euxinum
1616 3447 2028 3536 inVValaehiam

457 3540 732 3609 deportari
765 3549 998 3605 curavit.
1042 3551 1175 3609 Erat
1219 3556 1269 3612 id
1307 3564 1567 3632 temporis
1602 3564 1841 3625 Vaivoda
1876 3569 2031 3629 Vala-

457 3635 595 3688 cbite
617 3638 856 3707 quidam,
883 3643 970 3696 cui
1012 3659 1210 3705 nomen
1270 3649 1501 3717 Mnrzes,
1538 3655 1639 3715 Hic
1693 3669 1748 3714 et
1790 3661 2035 3731 hospitio

456 3732 673 3801 excepit
697 3749 844 3801 cum,
878 3750 932 3795 et
962 3739 1104 3800 viam
1132 3747 1349 3814 aperuit
1387 3759 1443 3807 et
1468 3753 1674 3813 auxilio
1705 3755 1807 3815 fuit
1832 3768 1891 3813 ut
1918 3757 2030 3816 Ro-

460 3828 696 3882 maniam
731 3832 1135 3903 ingrederetur.
1163 3838 1299 3895 Cum
1346 3842 1791 3918 liadrianOpolim
1839 3867 2028 3921 perveo

456 3923 655 3992 uisset,
678 3940 805 3983 mox
838 3927 906 3989 ab
942 3931 1292 4002 exercitibus,
1324 3951 1388 3992 eo
1413 3939 1830 4009 confluentibus,
1856 3947 2028 4015 impe-

453 4024 606 4073 ratur
642 4020 912 4083 salutatus
961 4020 1077 4078 fuit.
1123 4025 1273 4085 Emir
1321 4044 1451 4084 vero
1501 4031 1863 4102 Soleimanes,
1902 4038 2026 4095 licet

452 4121 770 4179 occupatam
805 4128 835 4168 a
870 4113 1041 4173 fratre
1069 4118 1389 4177 Romaniam
1429 4123 1783 4190 intellexisset
1810 4131 2025 4186 univer-

448 4217 597 4263 sam,
632 4200 800 4258 nihilo
830 4214 1008 4260 tamen
1042 4210 1224 4265 minus
1267 4225 1526 4283 perpetuo
1566 4216 1693 4271 luxu
1716 4229 1769 4275 et
1818 4221 2026 4282 hellua-

447 4295 697 4353 tionibus
728 4298 844 4355 suis
879 4302 1273 4375 occupabatur.
1311 4305 1375 4365 Et
1397 4308 1613 4378 quoties
1655 4328 1685 4367 e
1719 4328 1868 4368 mero
1908 4317 2019 4385 jam

446 4387 634 4442 ebrius
662 4388 984 4458 incaluerat,
1016 4409 1390 4464 saepenumero
1413 4414 1577 4456 voces
1601 4402 1700 4459 has
1722 4406 2024 4478 ingemina-

444 4480 538 4533 bat
570 4497 584 4535 :
611 4479 790 4548 Musa,
811 4482 982 4549 Musa,
1013 4487 1147 4556 quid
1193 4489 1285 4549 tibi
1329 4492 1465 4547 meis
1495 4494 1548 4547 in
1596 4498 1907 4566 regionibus
1936 4512 2020 4557 est

1747 395 2100 463 ANNALES
2138 405 2468 475 TURCICL

3626 436 3740 499 600

1947 519 2063 574 Mu-
2091 526 2135 584 Α
2169 542 2347 586 menta
2374 538 2484 603 jam
2540 540 2606 592 ad
2635 556 2754 594 eam
2811 543 3147 598 altitudinem
3180 546 3433 615 perducta
3476 549 3691 606 fuerant
3714 591 3732 618 ,

2162 631 2221 675 ut
2249 626 2368 693 ejus
2397 627 2522 694 loci,
2549 646 2660 701 quo
2698 636 2953 703 templum
2999 638 3337 692 condcbatur
3386 642 3732 713 superficiem

2160 730 2458 786 aequarent.

2229 810 2366 865 Cum
2404 822 2586 869 autem
2620 818 2872 873 suitanus
2901 818 3287 885 Muchemetcs,
3318 824 3474 892 cujus
3495 825 3735 882 Amasis

2159 902 2315 957 sedes
2333 914 2469 966 erat,
2497 906 2565 961 de
2595 908 2745 964 hisce
2769 911 2929 965 rebus
2968 914 3245 979 omnibus,
3278 926 3335 968 ut
3357 926 3511 970 erant
3540 928 3735 987 geste,

2160 997 2362 1048 certior
2391 996 2563 1053 factus
2593 1000 2823 1067 fuisset;
2861 1005 3118 1060 nimirum
3154 1006 3386 1072 Musam,
3417 1009 3736 1066 Soieimane

2159 1085 2226 1139 de
2264 1090 2440 1141 medio
2500 1092 2740 1154 sublato,
2776 1098 3056 1150 Romanim
3095 1099 3209 1152 sive
3234 1099 3452 1156 Graeciae
3496 1102 3737 1172 imperio

2159 1178 2389 1245 potitum
2420 1195 2436 1234 :
2466 1183 2605 1237 bello
2666 1185 2877 1242 Musam
2930 1194 3365 1262 persequendum
3421 1196 3635 1259 statuit,
3682 1208 3739 1253 et

2156 1271 2505 1338 expeditione
2565 1293 2839 1347 suscepta,
2884 1280 3110 1337 Prusam
3182 1284 3390 1340 duxit:
3430 1302 3738 1357 omnesque

2154 1361 2420 1420 Anatolia
2480 1371 2819 1437 provincias,
2849 1375 3007 1429 emiri
3062 1375 3357 1432 Solcimani
3406 1378 3560 1433 fratri
3622 1397 3734 1435 non

2156 1457 2331 1512 multo
2385 1467 2511 1515 ante
2539 1462 2788 1520 subditas
2838 1467 2888 1520 in
2923 1476 3244 1537 potestatem
3276 1468 3505 1540 redegit.
3538 1470 3732 1526 Itidem

2153 1547 2211 1605 in
2242 1551 2511 1609 Romani:
2552 1569 2649 1610 nec
2678 1556 2793 1627 ipse
2823 1556 2971 1614 Musa
3007 1577 3187 1616 rerum
3220 1577 3443 1617 suarum
3474 1577 3606 1617 cura
3639 1564 3738 1617 de-

2154 1643 2347 1709 posita,
2388 1642 2521 1712 quid
2549 1647 2814 1717 agendum
2845 1650 2947 1704 sibi
2998 1650 3159 1714 foret.
3229 1654 3731 1721 cireumspiciebat.

2152 1735 2314 1806 323
2345 1738 2486 1793 Ante
2511 1738 2695 1796 omnia
2738 1739 3008 1799 Scachum
3041 1746 3313 1810 Melicum.
3345 1749 3432 1804 cui
3466 1750 3733 1805 duntaxat

2154 1841 2297 1879 unus
2360 1839 2477 1883 erat
2554 1832 2771 1900 oculus,
2799 1831 3047 1891 Vezirem
3099 1839 3351 1893 creavit:
3398 1839 3730 1898 Samobunte

2152 1917 2340 1983 lilium,
2380 1921 2824 1981 Cadiicseherum
2880 1944 3001 1984 esse
3036 1932 3204 1985 voluit
3234 1951 3247 1987 :
3281 1934 3474 1988 ducem
3520 1936 3721 2004 stipen-

2147 2010 2445 2068 diariorum
2495 2016 2768 2087 signiferis
2815 2020 3057 2093 prafeclt
3090 2039 3104 2076 :
3137 2025 3449 2094 provincias
3491 2026 3712 2096 denique

2144 2119 2273 2159 suos
2311 2104 2450 2161 inter
2476 2106 2781 2168 familiares
2809 2129 2873 2169 ac
2923 2116 3185 2172 militares
3229 2118 3374 2173 viros
3423 2119 3703 2175 distribuit.

2142 2194 2460 2268 Reliquerat
2489 2204 2633 2259 emir
2662 2203 3007 2263 Soleimaues
3061 2209 3263 2265 liberos
3299 2214 3718 2282 superstites,ti-

2144 2287 2278 2344 lium
2292 2304 2456 2365 atque
2474 2296 2639 2355 ﬁliam
2656 2316 2672 2357 :
2689 2300 2781 2368 qui
2801 2300 3322 2375 Constantinopolim
3344 2307 3723 2376 profugerunt.

2143 2386 2478 2448 Durantibus
2503 2392 2653 2449 hisce
2672 2393 2914 2449 dissidiis
2942 2396 3235 2463 intestinis,
3255 2398 3421 2453 etiam
3454 2401 3591 2456 urbs
3628 2400 3725 2455 Vi-

2141 2481 2289 2550 diua,
2314 2484 2381 2540 ad
2399 2485 2706 2542 Danubium
2727 2489 2849 2553 sita,
2873 2487 3069 2544 defecit
3093 2506 3106 2555 ;
3129 2490 3221 2545 sed
3249 2491 3607 2558 Musa,ducto
3629 2496 3727 2549 ad-

2139 2588 2332 2630 vcrsns
2358 2591 2476 2630 eam
2507 2578 2700 2642 milite,
2723 2594 2917 2635 rursus
2936 2581 3221 2650 imperium
3263 2584 3724 2655 acciperecoegit.

2210 2670 2354 2726 Idem
2389 2672 2563 2740 Musa,
2600 2673 2787 2730 relicta
2811 2673 3032 2742 Vidine,
3071 2677 3416 2734 Buruvadam
3470 2691 3526 2736 et
3554 2681 3724 2737 Mate-

2143 2778 2257 2818 ram
2283 2764 2470 2833 copias
2509 2765 2686 2831 duxit,
2719 2781 2892 2837 eaque
2925 2770 3121 2835 Oppida
3163 2771 3265 2827 slbi
3302 2773 3554 2843 subjecit.
3610 2774 3722 2830 Ma-

2139 2870 2302 2922 gnam
2330 2857 2385 2910 in
2431 2859 2687 2914 omnlbus
2716 2862 3013 2931 provinciis
3063 2866 3403 2935 tyrannidem
3449 2870 3718 2924 exercuit.

2139 2944 2437 3015 Occupavit
2503 2949 2762 3017 oppidum
2852 2951 3192 3021 Chiupnrlim
3231 2997 3244 3012 .
3312 2959 3457 3025 quod
3521 2957 3717 3013 Lazari

2136 3038 2364 3094 ditionis
2389 3052 2523 3097 erat.
2558 3040 2699 3099 Suos
2752 3045 2915 3099 etiam
2969 3062 3262 3103 excurrere
3315 3065 3714 3121 nonnunquam

2132 3130 2393 3201 jussit,ad
2428 3131 2541 3201 ipsa
2589 3149 2764 3203 usque
2788 3136 2983 3192 moenia
3031 3137 3573 3210 Constantinopolis:
3635 3145 3712 3198 ita

2134 3222 2379 3291 quidem,
2435 3234 2493 3280 ut
2551 3226 2668 3295 ipso
2722 3228 3050 3298 imperante,
3112 3229 3715 3302 Cunstantinopolitani

2139 3326 2324 3384 portas
2355 3317 2506 3375 urbis
2552 3318 2767 3388 aperire
2800 3321 2888 3375 vix
2940 3320 3226 3377 auderent.
3274 3322 3490 3379 Accidit
3530 3336 3713 3381 autem

2136 3408 2459 3479 aliquando,
2493 3420 2552 3464 ut
2584 3411 2649 3466 ad
2680 3410 2968 3485 Silyuriam
2999 3415 3310 3474 accederet:
3358 3432 3522 3484 quam
3577 3418 3711 3473 dum

2135 3511 2495 3571 oppugnaret,
2523 3504 2737 3575 egregie
2795 3520 2856 3559 se
2902 3505 3200 3560 tuebantur
3239 3506 3518 3575 oppidani,
3541 3514 3597 3561 et
3651 3509 3711 3563 in

2136 3596 2345 3652 hostem
2391 3597 2637 3652 animose
2666 3604 2995 3669 pugnabant.
3029 3598 3163 3653 Dum
3221 3601 3476 3669 utrinque
3517 3615 3711 3655 manus

2135 3689 2807 3755 conseruntur,Scacbus,
2827 3690 3074 3760 Mclicus,
3104 3692 3271 3749 Musae
3311 3692 3707 3759 Vezirazi'mes,

2134 3780 2512 3845 herodeserto,
2528 3781 3064 3850 Constantinopolim
3104 3800 3163 3841 se
3206 3785 3552 3855 recepit.flis
3584 3800 3707 3856 μετα

2132 3875 2333 3942 spectis
2373 3875 2587 3930 insidiis
2638 3887 2691 3930 et
2725 3885 2846 3930 astu
2900 3877 3097 3943 Melici,
3125 3880 3477 3935 vehementer
3521 3882 3703 3936 animo

2131 3965 2279 4020 Musa
2313 3967 2619 4035 perturbari
2645 4008 2658 4031 ,
2688 3980 3062 4040 conversoque
3089 3970 3303 4036 itinere,
3334 3971 3709 4045 Hadrianopo-

2130 4059 2222 4113 lim
2267 4061 2516 4119 reverti;
2572 4062 2795 4131 etquis
2850 4064 3081 4133 hujusce
3139 4065 3423 4135 transfugii
3494 4069 3706 4124 futurus

2126 4162 2269 4208 esset
2294 4154 2496 4219 exitus,
2532 4168 2718 4208 secum
2748 4156 2864 4226 ipse
2894 4158 3188 4227 dispicere.
3222 4160 3479 4216 Vicissim
3511 4176 3574 4215 ex
3607 4162 3705 4216 ad-

2126 4260 2283 4297 versa
2342 4252 2493 4312 parte
2557 4244 2806 4302 sultauus
2860 4245 3230 4305 Muchcmetes
3288 4253 3519 4305 omnino
3578 4269 3699 4308 cum

2126 4335 2275 4390 Musa
2304 4336 2489 4406 praelia
2506 4338 2763 4407 congredi
2800 4340 3098 4395 statuebat.
3125 4342 3257 4396 Erat
3288 4343 3419 4398 huic
3481 4343 3703 4399 Vezira-

2124 4432 2326 4489 zem‘es,
2362 4425 2632 4495 Bajasites
2648 4429 2830 4495 bassa,
2863 4442 3117 4498 quocum
3162 4431 3394 4487 sollicite
3423 4434 3700 4487 consulta-

2123 4521 2234 4585 bat,
2255 4534 2492 4589 quonam
2527 4522 2686 4577 modo
2706 4522 2938 4593 navigiis
2967 4524 3022 4577 in
3051 4523 3375 4579 Romaniam
3401 4528 3695 4582 iranSmitti

444 4575 693 4642 negotii?
721 4573 912 4646 Neque
945 4595 1142 4651 magno
1192 4586 1455 4655 temporis
1488 4587 1771 4660 interjecto
1821 4596 2018 4664 spatio,

2135 4573 2324 4665 l‘reiuiu
2356 4621 2560 4682 posset.
2588 4611 2751 4668 ἤνις
2784 4573 3005 4669 fui-tuna
3028 4625 3141 4669 tum
3188 4617 3437 4671 Scachus
3484 4631 3699 4687 quoque

441 4682 673 4723 securus
696 4671 832 4739 ipse.
865 4687 931 4735 ac
950 4683 1131 4731 metus
1153 4678 1335 4737 omnis
1363 4695 1583 4750 expers,
1615 4701 1648 4739 a
1676 4683 1825 4742 Musa
1853 4688 2021 4744 fratre

440 4759 546 4815 fuit
578 4764 830 4820 obrutus.
888 4765 965 4821 lbi
996 4783 1124 4824 cum
1155 4784 1187 4826 a
1212 4770 1448 4831 ducibus
1479 4783 1535 4829 et
1563 4777 1902 4835 administris
1925 4774 2019 4835 'rc-

437 4863 561 4904 rum
583 4866 830 4920 suarum,
861 4858 929 4911 ad
965 4858 1175 4917 Musam
1210 4868 1640 4935 transeuntibus,
1667 4872 1892 4941 ejusque
1918 4873 2022 4927 mi.

438 4944 567 4998 litia:
595 4961 654 5000 se
683 4947 1098 5017 devoventibus,
1151 4957 1514 5029 desereretur,
1552 4964 1734 5033 fugam
1765 4967 2014 5033 arripuit.

439 5037 494 5091 in
543 5053 652 5107 qua
710 5042 888 5103 vicum
939 5047 1006 5101 ad
1050 5053 1337 5118 quemdam
1370 5059 1710 5125 perveniens,
1774 5059 1842 5115 ab
1898 5061 2016 5131 ejus

438 5129 635 5184 incolis
666 5129 773 5186 fuit
820 5132 1198 5206 interemptus.
1251 5143 1387 5201 Eum
1425 5156 1603 5204 vicum
1661 5150 1834 5216 Musa,
1890 5129 2012 5207 cum

436 5223 633 5283 incolis
664 5223 957 5292 universis,
990 5232 1147 5301 cujus
1173 5237 1392 5292 tandem
1422 5241 1505 5295 vel
1526 5257 1710 5306 sexus,
1734 5245 1816 5297 vel
1837 5246 2017 5301 aetatis

433 5324 643 5380 essent,
675 5316 800 5387 igne
827 5321 1074 5390 subjecto
1096 5331 1437 5389 concremari
1458 5332 1645 5400 jussit,
1677 5334 1776 5389 hae
1802 5336 2010 5402 adjecta

435 5423 573 5463 voce.
600 5427 614 5463 :
648 5408 758 5464 Cur
787 5410 1011 5469 fratrem
1042 5432 1222 5472 meum
1254 5421 1410 5476 vobis
1441 5438 1637 5478 necare
1670 5425 1875 5481 libuit?
1915 5429 2010 5484 Se-

432 5501 669 5561 cundum
698 5504 816 5561 haec
858 5521 1116 5565 reversus
1143 5508 1606 5581 Hadrianopolim.
1642 5517 1798 5585 plene
1823 5538 2004 5578 rerum

433 5591 637 5656 potitus
672 5596 773 5651 fuit
822 5614 967 5655 anno
1021 5603 1125 5659 818
1169 5604 1331 5673 (Chr.
1374 5606 1582 5677 Mli);
1634 5612 1771 5665 emi?
1825 5626 2003 5672 amem

432 5683 773 5743 Soleimanes
801 5693 1103 5764 imperavit
1124 5698 1285 5755 annis
1311 5699 1363 5752 7.

500 5777 703 5834 Abbot:
726 5781 978 5841 inchoata
1012 5789 1113 5842 fuit
1143 5789 1526 5863 ilatlriauolioli
1566 5809 1837 5855 structura
1870 5815 2001 5858 tem-

429 5870 505 5943 pli
533 5871 687 5943 longe
720 5875 1067 5944 amplissimi,
1097 5882 1257 5951 cujus
1307 5887 1423 5954 ipso
1481 5897 1766 5961 superstite
1802 5896 1998 5953 funda-

2125 4703 2350 4758 Melicus
2377 4705 2443 4757 ad
2471 4705 2747 4759 suitanum
2775 4705 3169 4762 Muchemetem
3223 4707 3696 4777 Constantinopoli

2123 4791 2580 4857 venerat.ltaque
2640 4792 2908 4863 Bajazites
2933 4796 3091 4853 bassa
3137 4795 3466 4852 M-uchemeti
3507 4806 3698 4852 auctor

2120 4889 2260 4946 erat,
2295 4893 2352 4937 ut
2386 4884 2432 4939 is
2483 4886 2648 4941 etiam
2703 4892 3006 4959 arcessitus
3038 4890 3420 4945 deliberationi
3475 4892 3697 4946 adhibe-

2120 4984 2298 5040 retur,
2331 4977 2461 5046 quid
2496 4978 2595 5047 ipsi
2621 4976 2936 5035 faciundum
2996 4994 3227 5051 pareret,
3296 4984 3691 5055 expiicaturus.

2116 5065 2211 5119 Ille
2243 5068 2541 5122 vocatusin
2597 5070 2912 5135 consilium,
2950 5075 3227 5131 accessit:
3275 5084 3330 5128 et
3397 5076 3690 5140 intellecto,

2118 5173 2315 5226 cupere
2347 5159 2739 5216 Muchemetem
2762 5165 2814 5216 iu
2845 5162 3161 5219 Romaniam
3187 5166 3484 5222 exercitum
3513 5177 3686 5223 trans-

2118 5260 2355 5318 portare,
2385 5252 2565 5318 tnodo,
2594 5253 2661 5307 de
2693 5254 2866 5324 ipsius
2913 5259 3149 5313 consilio
3191 5259 3331 5313 viain
3391 5260 3691 5314 rationem-

2115 5359 2220 5411 que
2245 5346 2533 5400 commode
2587 5348 2960 5418 transjiciettdi
3013 5363 3401 5424 cegnosceret:
3464 5370 3688 5424 respon-

2115 5436 2213 5499 dit,
2252 5437 2485 5492 omuino
2514 5439 3047 5512 Constantiuomlim
3105 5449 3400 5504 mittendos
3458 5448 3686 5519 legatos,

2112 5535 2167 5578 et
2202 5544 2326 5582 cum
2375 5526 2645 5600 Teggiure
2682 5535 2833 5604 pacis
2867 5536 3101 5592 iucunda
3160 5540 3523 5610 fades-mque
3575 5545 3708 5600 ﬁeri'

2114 5622 2390 5689 permissu
2428 5626 2602 5694 ipsius
2634 5637 2689 5681 et
2741 5629 3063 5699 adiumento
3117 5635 3435 5705 trausjectio
3489 5649 3689 5707 posset.

2111 5711 2228 5766 Non
2259 5713 2401 5768 enim
2441 5715 2640 5771 fretum
2686 5720 2796 5775 ullo
2828 5722 2936 5777 alio
2994 5728 3293 5783 transmitti
3335 5729 3457 5784 loco
3511 5747 3693 5800 posse,

2111 5822 2233 5859 cum
2264 5807 2553 5878 Callipolis
2583 5814 2639 5866 in
2668 5824 2935 5892 potestate
2971 5814 3134 5873 Musa:
3165 5821 3252 5876 sit.
3287 5823 3414 5879 Erat
3443 5824 3497 5878 id
3557 5834 3691 5880 tem-

2108 5902 2258 5968 poris
2319 5903 2515 5974 insigni
2575 5910 2655 5960 vir
2709 5911 2930 5979 quidam
2984 5918 3307 5972 auctoritate
3364 5920 3625 5989 praeditus
3668 5959 3690 5988 μ
