4126 6484
468 409 562 474 δθι

1743 410 2100 473 ANNALES
2138 412 2469 479 TURCICL

3619 416 3732 482 60“!

474 526 697 580 nomine
754 522 1049 589 Faselulla,
1107 525 1201 595 qui
1256 528 1408 583 Cadii
1459 528 1576 584 sive
1626 530 1829 599 iudicis
1874 531 2050 587 cilicio
2079 532 2396 601 Arecipite.
2455 534 2578 590 Mox
2618 537 2723 606 'qui
2777 535 3159 604 locupletiores
3207 540 3385 599 erant,
3437 530 3490 585 in
3539 547 3722 589 arcem

475 619 707 674 Geivisae
745 618 1087 687 fungebatur.
1120 621 1172 675 is
1202 631 1257 675 et
1301 633 1463 680 notus
1492 634 1613 679 erat
1664 634 1719 680 et
1768 626 2050 682 familiaris

479 708 770 763 admodum
806 709 1057 782 Teggiuri
1085 712 1721 785 ConstantinOpolitano.
1763 716 1920 772 Hunc
1950 717 2050 785 igi-

483 812 571 856 tur
595 802 907 871 ablegarunt
929 805 1005 858 uti
1057 820 1181 861 cum
1229 805 1497 876 Teggiure
1543 811 1609 864 de
1661 823 1796 879 pace
1833 820 2047 879 ageret:

481 910 585 965 qua
610 896 750 950 inter
778 906 1073 968 utramque
1102 910 1308 970 partem
1339 903 1571 966 sancita,
1607 905 1888 972 profectus
1916 903 2053 959 Pru-

478 978 809 1043 sasultauus
840 990 1235 1058 Muchemetes,
1286 994 1353 1047 ad
1378 995 1530 1050 littus
1561 999 1729 1051 maris
1777 1013 1808 1050 e
1832 996 2051 1066 regione

473 1079 985 1152 Constantinopolis
1013 1087 1265 1141 accessit.
1292 1088 1371 1142 illi
1407 1089 2050 1160 Constantinopolitanus

475 1172 712 1244 Teggiur
737 1192 904 1233 naves
928 1194 1059 1234 suas
1085 1180 1301 1235 obviam
1342 1185 1514 1246 misit,
1561 1186 1736 1253 ipsum
1766 1185 1818 1237 in
1849 1182 2052 1239 Roma-

473 1263 618 1318 niam
649 1280 774 1322 cum
827 1270 1070 1324 exercitu
1127 1272 1367 1327 trasvebi
1413 1277 1643 1330 curavit.
1706 1277 1838 1347 Ejus
1897 1274 2049 1329 Musa

473 1354 548 1409 rei
578 1354 759 1413 factus
777 1359 1013 1415 certior:
1063 1358 1451 1431 Hadrianopoli
1505 1367 1718 1431 relicta,
1771 1370 2046 1437 regionem

473 1447 665 1503 Lazari
690 1450 870 1518 petiit.
898 1454 1110 1509 Interea
1138 1460 1288 1510 venit
1314 1454 1800 1515 lnznamsultanus
1829 1462 2050 1517 Muche—

472 1551 665 1606 metes,
712 1553 876 1615 atque
922 1545 993 1600 ibi
1027 1548 1225 1604 castris
1284 1550 1462 1606 locum
1516 1553 1733 1621 delegit.
1759 1553 1881 1608 Mox
1933 1554 2047 1609 Alis

471 1633 666 1705 begus,
697 1635 991 1700 Eurenosis
1017 1640 1141 1712 bcgi
1199 1642 1368 1706 Illius,
1401 1645 1517 1700 suis
1571 1645 1744 1713 copiis
1769 1646 1831 1699 ad
1879 1646 2047 1703 sulta-

472 1744 603 1783 num
631 1729 1027 1787 Mucbemetetn
1055 1731 1285 1790 defecit:
1316 1744 1437 1803 post
1491 1752 1650 1805 quem
1685 1744 1739 1792 et
1789 1735 2044 1806 Michael,

471 1817 662 1875 Jochzi
699 1822 820 1892 bcgi
850 1822 1013 1887 ﬁlius,
1049 1839 1178 1880 cum
1206 1826 1384 1882 milite
1409 1842 1509 1881 suo
1530 1828 1597 1882 ad
1632 1828 1886 1883 eumdem
1949 1843 2044 1885 ac-

2153 627 2269 680 suis
2284 644 2406 681 cum
2432 631 2594 685 rebus
2611 630 2863 699 migrant.
2888 628 3242 697 Posteaquam
3268 627 3333 682 ad
3359 625 3544 680 urbem
3562 624 3720 696 325

2156 718 2494 774 Caramauiaa
2540 720 2710 790 hegus
2762 720 3108 785 accessisset,
3154 718 3337 774 lhascs
3387 717 3500 773 arci
3555 724 3720 772 semet

2156 808 2406 865 includit.
2442 810 2562 877 Quo
2597 810 2941 866 Caramauus
2999 810 3402 872 animadverso,
3449 808 3722 863 civitatem

2157 903 2281 972 igne
2306 903 2553 971 subjecto
2580 905 2968 959 concremavit.
3018 903 3151 959 inde
3171 918 3366 957 versus
3409 917 3590 956 arcem
3631 917 3717 954 cu-

2157 994 2371 1048 niculos
2427 1010 2586 1064 agere
2621 995 2782 1065 cepit.
2832 995 3012 1052 [bases
3068 1012 3132 1051 ex
3191 996 3419 1049 adverso
3455 993 3724 1047 cuniculis

2155 1086 2272 1139 suis
2297 1086 2364 1139 ad
2399 1086 2636 1141 hostium
2699 1086 2982 1140 cuniculos
3038 1086 3339 1155 perductis,
3390 1094 3446 1137 et
3497 1098 3636 1152 aqua
3668 1082 3767 1135 iu'

2155 1191 2251 1231 eos
2279 1176 2541 1237 derivata.
2570 1176 2858 1232 Caramani
2890 1176 3131 1233 fossores
3176 1177 3333 1246 aquis
3366 1173 3596 1230 obrutos
3626 1190 3724 1227 ex-

2157 1269 2364 1324 stinxit.
2393 1269 2612 1323 Interim
2637 1284 2765 1323 vero
2796 1269 2922 1323 dum
2954 1268 3020 1323 ad
3079 1269 3307 1324 Prusam
3356 1282 3441 1322 res
3472 1267 3724 1332 utrinque

2155 1358 2364 1427 geritur
2389 1358 2610 1422 acriter.
2641 1369 2696 1414 et
2751 1363 2886 1416 citra
2930 1360 3393 1415 intermissionem
3422 1401 3437 1424 ,
3480 1356 3721 1426 inopina-

2154 1459 2211 1507 to
2266 1452 2430 1508 Musa:
2480 1453 2711 1509 cadaver
2738 1468 2805 1508 eo
2861 1453 3228 1523 deportatum,
3288 1466 3457 1519 prope
3484 1451 3724 1506 thermas

2155 1555 2510 1601 monumento
2545 1560 2770 1616 paterno
2817 1547 3065 1602 infertur.
3129 1546 3182 1600 Id
3235 1545 3325 1600 uhi
3382 1545 3724 1601 Caramauus

2150 1635 2269 1691 ﬁeri
2300 1638 2452 1702 vidit,
2506 1638 2794 1694 confestim
2840 1639 3006 1695 motis
3032 1638 3252 1705 castris,
3288 1653 3446 1693 suam
3514 1639 3565 1691 in
3601 1653 3725 1708 pro-

2150 1730 2388 1785 vinciam
2411 1733 2713 1805 excrcitum
2749 1731 2998 1789 abduxit.

2221 1823 2530 1880 Secundem
2586 1824 2701 1881 haec
2748 1825 3027 1894 profectus
3072 1840 3104 1880 e
3150 1823 3417 1880 Romania
3475 1828 3725 1882 sultanus

474 1913 663 1969 cessit.
689 1914 755 1970 Et
776 1924 897 1971 erat
940 1916 987 1972 is
1020 1915 1188 1973 Musa
1223 1916 1599 1989 beglerbegus.
1634 1918 1859 1976 Horum
1914 1936 2046 1977 con-
2075 1952 2119 2008 Β
2150 1914 2537 1980 Muchemetes.
2581 1916 2906 1973 transmisso
2962 1917 3118 1985 freto,
3149 1916 3375 1973 Prusam
3420 1919 3572 1982 adiit,
3623 1917 3727 1972 ἰῑιί-

473 2004 723 2060 lirmatus
753 2007 1014 2064 subsidiis
1061 2008 1309 2065 sultanus
1362 2010 1750 2078 ﬂuchemetcs,
1809 2012 2043 2071 ulterius

472 2100 766 2167 processit,
795 2110 851 2155 et
898 2098 1346 2173 Hadrianopolim
1368 2107 1542 2162 venit.
1560 2104 1841 2175 Quotquot
1858 2114 2040 2162 autem

471 2187 687 2245 Turcicl
740 2205 997 2259 proceres
1036 2208 1135 2264 per
1186 2193 1507 2251 Romaniam
1543 2196 1672 2251 hinc
1706 2196 1831 2252 inde
1882 2198 2043 2268 dege-

473 2278 622 2339 bant.
645 2280 884 2337 universi
919 2281 1069 2339 llusa
1092 2283 1329 2351 deserto,
1372 2288 1440 2341 ad
1493 2287 1772 2341 sultanum
1824 2287 2046 2344 ilucbe-

473 2381 670 2428 metem
699 2388 759 2430 se
812 2376 1185 2434 contulerunt.
1214 2375 1327 2433 Nec
1353 2392 1384 2432 a
1436 2376 1604 2433 Musae
1636 2378 1883 2450 partibus
1943 2379 2041 2436 ulli

473 2481 722 2529 mansere
759 2469 981 2535 milites,
1018 2480 1217 2542 praeter
1244 2472 1539 2529 Acanzios.
1575 2472 1889 2529 Secundum
1922 2473 2041 2529 huc

469 2560 753 2627 digressus
779 2561 1166 2636 HadrianOpoli
1205 2567 1456 2623 sultanus
1484 2564 1873 2629 Muchemetes.
1930 2566 2045 2622 Mu-

468 2669 586 2710 sam
618 2670 647 2710 a
682 2662 834 2725 tergo
890 2659 1141 2729 persequi
1194 2674 1305 2715 non
1362 2660 1546 2725 desiit,
1571 2669 1624 2715 et
1672 2673 1795 2716 cum
1826 2675 1891 2716 eo
1918 2674 2043 2731 pro-

470 2757 591 2817 pter
625 2749 889 2819 oppidum
923 2749 1282 2806 Samocovam
1314 2753 1556 2823 praelium
1606 2753 1747 2809 iniit.
1773 2751 1910 2810 Cum
1947 2768 2044 2809 au-

471 2851 579 2897 tem
612 2844 1069 2900 animadverteret
1119 2845 1294 2908 Musa.
1343 2862 1451 2901 non
1502 2847 1636 2902 satis
1686 2846 1789 2901 sibi
1846 2846 2041 2902 virium

471 2951 593 2990 esse
628 2935 696 2991 ad
744 2938 1127 3004 resistendum,
1165 2938 1305 3007 fuga:
1362 2954 1421 2994 se
1474 2939 1643 3003 dedit,
1701 2949 1756 2996 et
1814 2938 2043 3010 fugienti

471 3039 643 3092 equus
681 3025 734 3079 in
785 3025 1116 3095 profundum
1171 3042 1387 3083 ccenum
1421 3031 1710 3100 prolapsus
1759 3031 1881 3086 fuit.
1914 3031 2045 3087 Erat

467 3117 517 3171 ei
552 3118 788 3173 famulus
810 3118 1053 3189 quidam,
1076 3121 1306 3175 vestium
1345 3130 1546 3187 sartor,
1578 3130 1634 3177 et
1682 3122 1901 3179 servilis
1944 3122 2045 3177 ho-

467 3226 558 3265 mo
601 3212 954 3277 conditionis,
1006 3212 1090 3267 cui
1152 3229 1351 3269 nomen
1407 3212 1693 3269 Sarudzes.
1749 3213 1849 3271 ilic
1901 3230 2043 3285 equo

2143 2022 2251 2078 que
2301 2007 2600 2076 maioribus
2650 2011 2857 2065 coactis
2909 2011 3103 2079 copiis,
3164 2021 3219 2066 et
3283 2010 3556 2081 adiunctis
3619 2008 3722 2066 sibi

2143 2098 2433 2154 duobusin
2459 2099 2581 2155 belli
2619 2100 2934 2158 societatem
2994 2103 3349 2173 principibus,
3411 2102 3725 2159 lsvendiare

2143 2190 2417 2258 videlicet,
2445 2207 2510 2248 ac
2546 2190 2822 2249 Germiani
2851 2194 3112 2262 domino;
3160 2210 3285 2251 cum
3325 2195 3405 2251 eis
3458 2193 3723 2249 adversus

2143 2284 2510 2340 Caramanutn
2595 2285 2998 2357 expeditionem
3081 2286 3350 2354 suscepit.
3440 2287 3722 2356 Ingressus

2143 2386 2323 2435 autem
2348 2377 2643 2434 Caramani
2661 2379 2951 2443 ditionem,
2976 2393 3101 2433 mox
3131 2378 3394 2449 oppidum
3418 2375 3719 2432 Varsaeum

2144 2470 2378 2540 subegit,
2409 2468 2606 2526 incolis
2656 2469 2864 2541 absque
2906 2485 3060 2526 mora
3112 2471 3438 2526 deditionem
3471 2469 3723 2524 facienti-

2144 2562 2268 2618 bus.
2298 2560 2431 2617 lude
2449 2560 2676 2618 Coniam
2693 2577 2819 2617 cum
2849 2563 3092 2617 exercitu
3119 2561 3423 2627 contendit,
3479 2561 3570 2615 ubi
3596 2577 3721 2617 cum

2143 2658 2400 2730 princeps
2465 2656 2622 2715 urbis
2670 2658 2722 2714 ei
2775 2660 2890 2715 suis
2952 2674 3077 2714 cum
3133 2658 3310 2728 copiis
3358 2665 3717 2721 occurreret,
3792 2706 3797 2711 .

2146 2750 2405 2821 praelium
2436 2755 2578 2807 inter
2605 2766 2665 2807 se
2716 2752 3134 2819 commiserunt,
3173 2767 3283 2822 quo
3322 2751 3571 2806 sultanus
3599 2748 3718 2803 Mu-

2147 2845 2424 2902 chemetes
2454 2845 2705 2917 superior
2732 2844 2854 2912 fuit,
2900 2853 2953 2900 et
2996 2844 3341 2901 Caramauus
3371 2860 3496 2900 cum
3528 2860 3723 2913 supre—

2147 2952 2235 2992 mo
2263 2938 2544 3007 copiarum
2575 2952 2802 2994 suarum
2841 2937 3000 3002 duce,
3056 2938 3273 2993 Zehuco
3315 2937 3623 3006 Mustapha,
3668 2938 3720 2991 in

2148 3028 2383 3085 hostium
2434 3037 2757 3099 potestatem
2814 3032 2977 3086 venit.
3051 3030 3233 3084 Multis
3285 3029 3434 3086 ultro
3478 3029 3722 3099 citroque

2146 3119 2435 3191 colloquiis
2472 3120 2696 3188 habitis,
2743 3121 2961 3178 tandem
3011 3123 3374 3192 compositum
3413 3121 3513 3176 fuit
3560 3121 3723 3175 dissi-

2147 3213 2323 3282 dlum,
2356 3224 2410 3271 ct
2440 3224 2625 3271 mutua
2656 3217 3008 3272 reconciliata
3036 3227 3242 3289 gratia:
3297 3217 3389 3271 sed
3412 3217 3482 3268 ita
3518 3224 3720 3276 tamen,

467 3302 697 3365 domini,
724 3304 803 3361 sic
830 3304 982 3360 humi
1015 3315 1306 3374 prostrato,
1361 3308 1612 3363 tendines
1661 3308 1874 3372 incidit,
1909 3322 2036 3379 cap-
2063 3297 2109 3361 α
2142 3316 2201 3362 ut
2223 3307 2561 3365 Caramauus
2590 3308 2806 3365 sultauo
2845 3307 3167 3364 Mttchemcti
3198 3309 3369 3364 tribus
3414 3308 3650 3379 oppidis,
3671 3318 3725 3362 ct

470 3406 697 3466 tumque
721 3398 1001 3452 dominum
1046 3414 1205 3454 suum
1239 3399 1453 3456 Musam
1500 3401 1567 3456 ad
1611 3401 1887 3458 sultanum
1919 3403 2037 3457 Mu-

473 3488 770 3546 chemet'em
792 3491 1036 3546 adduxit.
1085 3491 1196 3548 S'ub
1227 3492 1442 3548 initium
1469 3495 1645 3549 noctis
1692 3494 1747 3547 in
1799 3492 2038 3548 tentorio

474 3587 708 3655 quodam
758 3588 901 3643 Musa
961 3590 1356 3661 strangulatus,
1423 3589 1607 3646 statim
1678 3588 1867 3644 eadem
1931 3600 2037 3640 no-

472 3687 559 3733 cte
637 3678 860 3735 Prusam
926 3683 1082 3737 avehi
1158 3681 1349 3750 jussus
1399 3689 1505 3749 “est,
1561 3692 1621 3737 ut
1661 3682 1794 3742 istic
1858 3681 1912 3735 in
1947 3685 2035 3740 avi

470 3783 824 3828 monumento
844 3776 1189 3830 conderetur.
1238 3773 1529 3846 Imperavit
1575 3777 1733 3833 annis
1761 3777 1934 3834 tribus
1981 3791 2036 3837 et

466 3863 712 3918 dimidio.
765 3865 1150 3920 blechemetem
1205 3867 1425 3935 bcgum,
1477 3865 1756 3925 Michaelis
1839 3869 2030 3935 tilium,

464 3958 556 4027 qui
581 3959 943 4013 Acansiorum
978 3958 1086 4013 dux
1110 3966 1224 4014 erat
1258 3958 1314 4014 in
1353 3961 1600 4017 exercitu
1645 3959 1832 4025 Musaa,
1866 3964 2037 4035 capti-

465 4063 587 4102 vum
653 4051 903 4105 sultanus
962 4049 1327 4107 Muchemetes
1391 4054 1456 4106 ad
1518 4053 1706 4109 urbem
1770 4052 2032 4112 Tocatam

464 4143 760 4210 deportari,
789 4152 843 4197 et
875 4142 1073 4197 ibidem
1107 4143 1371 4199 custodiri
1421 4146 1698 4216 praecepit,
1766 4146 2037 4205 Samohu-

463 4250 698 4302 nagvero
731 4234 923 4300 lilium,
954 4236 1045 4303 qui
1081 4237 1261 4292 ollicio
1302 4238 1658 4295 cadilescheri
1685 4240 2034 4313 fungebatur,

462 4344 584 4381 cum
611 4329 874 4384 uxpribus
898 4342 952 4385 et
977 4331 1163 4386 liberis
1194 4331 1433 4386 lsnicam
1467 4332 1633 4403 jussit
1656 4333 1878 4401 abduci,
1941 4338 2034 4393 ubi

462 4417 611 4471 mille
664 4434 951 4487 asprorum
1005 4434 1275 4475 annonam
1326 4422 1376 4476 ei
1426 4423 1671 4492 singulos
1714 4425 1769 4480 in
1819 4442 2037 4483 menses

461 4511 782 4580 assignavit.
815 4510 1067 4568 Peditum
1103 4513 1269 4569 Musa:
1298 4515 1405 4569 dux
1438 4514 1495 4569 in
1526 4514 1843 4573 Valacbiam
1872 4519 2035 4575 aufu-

459 4606 558 4676 git.
594 4604 708 4660 Hoc
738 4607 901 4661 modo
930 4606 1239 4663 Turcorum
1293 4609 1591 4677 imperator
1640 4610 1815 4667 factus
1861 4615 2035 4669 sulta-

459 4713 561 4752 nus
594 4696 979 4762 Iluchemetes,
1010 4700 1264 4756 universa
1320 4702 1546 4757 subacta
1572 4702 1840 4760 Romania
1888 4721 2034 4762 anno

368 4813 375 4819 -
457 4787 562 4844 sto
590 4787 741 4859 (ειη.
780 4790 960 4858 ms).

529 4878 673 4935 inito
712 4896 905 4950 regno,
936 4884 1144 4952 legatos
1170 4882 1238 4939 ad
1270 4899 1462 4940 omnes
1496 4884 1602 4941 sibi
1635 4884 1844 4943 vicinos
1879 4886 2034 4958 prin-

458 4975 610 5042 cipes
638 4976 808 5042 misit,
840 4990 906 5030 ac
951 4977 1102 5046 pacis
1145 4987 1199 5032 et
1248 4978 1509 5034 amicitia:
1548 4978 1752 5035 foedera
1794 4995 1918 5035 cum
1953 4983 2036 5036 eis

459 5065 681 5135 pepigit.
733 5066 943 5122 interea
977 5083 1128 5132 vero,
1155 5066 1284 5122 dum
1317 5067 1497 5123 adhuc
1530 5068 1680 5123 Musa
1719 5067 2033 5125 Mucheme—

457 5168 649 5226 tesque
678 5158 819 5213 bello
849 5168 1023 5214 semet
1046 5159 1277 5213 invicem
1306 5160 1363 5214 in
1390 5158 1716 5215 liomaniam
1741 5176 2036 5231 perseque-

461 5253 694 5304 bantur:
727 5249 1069 5306 Caramaaia:
1124 5250 1379 5321 princeps
1439 5251 1666 5307 Prusam
1727 5254 2031 5306 exercitum

456 5343 700 5397 adduxit.
739 5343 870 5415 Ejus
917 5344 1279 5415 expeditionis
1334 5360 1555 5403 rumore
1588 5342 1657 5398 ad
1704 5362 1762 5399 se
1802 5345 2033 5415 perlato,

456 5434 643 5491 Ιικιεθε
674 5436 856 5498 bassa,
887 5438 1120 5507 quitum
1158 5436 1341 5492 Prusa:
1394 5453 1518 5491 cum
1569 5437 1742 5492 bassa-
1802 5437 2033 5507 imperio

455 5535 708 5592 praeerat,
735 5528 1017 5581 arcessitis
1041 5527 1108 5581 ad
1129 5542 1189 5582 se
1216 5526 1454 5582 Prusazis
1491 5527 1726 5591 civibus,
1771 5528 1850 5582 uti
1903 5540 2030 5583 cum

455 5615 537 5668 eis
586 5614 652 5671 de
707 5615 1016 5674 imminenti
1073 5619 1214 5674 bello
1276 5619 1637 5676 deiiberaret:
1693 5621 2032 5676 Caramauia-

454 5707 737 5778 princeps,
758 5696 864 5772 'ait,
918 5726 1069 5765 arma
1123 5713 1287 5781 cepit,
1324 5722 1382 5766 ut
1429 5728 1529 5768 uos
1579 5713 1868 5783 opprimat.
1926 5711 2031 5767 Vos

454 5813 674 5867 operam
703 5804 855 5863 date,
885 5811 946 5856 ut
979 5801 1046 5857 ad
1067 5803 1444 5872 escipiendam
1483 5805 1630 5859 illius
1650 5803 1782 5867 vim,
1815 5805 2027 5858 instru-
2054 5814 2059 5819 ‘

454 5892 689 5958 ctisitis.
714 5904 908 5951 etcum
948 5895 1300 5952 facultatibus
1371 5898 1566 5954 vestris
1613 5899 1667 5954 in
1700 5912 1881 5954 arcem
1931 5912 2029 5954 vos

2140 3399 2233 3454 uni
2289 3410 2473 3456 castro
2527 3402 2768 3457 cederet.
2833 3401 3076 3469 Quorum
3140 3401 3384 3456 locorum
3449 3401 3724 3456 deditione

2138 3490 2303 3557 facta,
2332 3491 2573 3549 vicissim
2604 3492 2976 3549 Mucbemetes
3006 3493 3373 3548 Caramanum
3401 3493 3724 3549 muneribus

2137 3582 2539 3647 cohonestavit,
2576 3591 2631 3639 et
2654 3582 2895 3639 libertati
2921 3583 3232 3640 restitutum
3275 3598 3431 3638 suam
3486 3583 3540 3637 in
3592 3599 3723 3649 pru-

2139 3675 2371 3730 vinciam
2397 3675 2628 3732 remisit.
2658 3673 3024 3732 Mucbemetes
3045 3677 3161 3745 ipse
3188 3674 3415 3730 Prusam
3440 3690 3723 3738 reversus,

2137 3782 2247 3823 non
2276 3768 2367 3824 diu
2403 3768 2524 3824 istic
2559 3768 2755 3824 haesit:
2807 3770 2902 3824 sed
2936 3770 3036 3822 iter
3083 3778 3301 3837 ceptum
3356 3783 3726 3839 prosequens,

2136 3870 2289 3918 trans
2332 3862 2531 3918 fretum
2581 3861 3021 3931 Hadrianopolim
3079 3863 3407 3932 properavit,
3465 3870 3522 3916 ut
3577 3860 3731 3916 bello

2136 3954 2409 4013 Vaiachos
2434 3957 2734 4012 invaderet.
2781 3956 2835 4010 ln
2870 3956 2919 4010 id
2979 3952 3182 4011 bellum
3212 3964 3266 4008 et
3309 3971 3339 4009 a
3392 3950 3727 4010 Caramano.

2137 4057 2194 4103 et
2225 4048 2295 4104 ab
2325 4047 2639 4106 Isvendiare
2677 4050 2815 4122 bego
2869 4048 3057 4120 copias
3105 4048 3401 4103 auxiliares
3463 4048 3722 4112 impetra-

2139 4141 2257 4196 vit:
2290 4142 2490 4210 quibus
2523 4142 2589 4196 ad
2641 4157 2770 4196 suas
2816 4141 3109 4208 adiunctis,
3145 4140 3196 4193 in
3230 4138 3437 4193 hostem
3469 4151 3735 4207 progres-

2138 4250 2255 4300 sus,
2288 4235 2355 4289 ad
2402 4234 2708 4289 Danubium
2770 4242 2948 4289 castra
3011 4231 3246 4290 locavit:
3298 4229 3389 4286 ubi
3434 4230 3562 4284 dum
3602 4244 3724 4282 cas-

2139 4328 2329 4381 tellum
2389 4336 2720 4388 exstrueret,
2776 4341 3031 4396 magnam
3100 4340 3327 4380 suorum
3385 4337 3603 4393 manum
3661 4336 3730 4372 θυι

2137 4416 2455 4475 Valachiam
2504 4429 2659 4474 trans
2708 4418 2904 4473 ﬂumen
2943 4417 3189 4479 immisit,
3237 4423 3293 4469 ut
3345 4416 3544 4484 pranlis
3585 4412 3733 4467 actis

2138 4525 2257 4566 eam
2281 4510 2763 4582 depopularentur.
2796 4510 2996 4565 Milites
3030 4525 3061 4562 e
3087 4506 3349 4561 Valachia
3376 4507 3532 4566 salvi.
3571 4505 3723 4559 nullo

2063 4640 2110 4697 Β
2141 4614 2367 4673 accepto
2389 4603 2743 4665 detrimento,
2768 4612 2923 4656 trans
2947 4600 3284 4659 Danubium,
3321 4598 3573 4651 tnaxin‘tis
3625 4611 3737 4679 au-p

2138 4696 2215 4752 cti
2263 4694 2476 4766 spoliis,
2521 4695 2749 4751 rediere.
2788 4693 2944 4760 Quod
3000 4707 3124 4745 cum
3189 4689 3428 4761 regionis
3488 4688 3724 4743 voivoda

2137 4796 2408 4859 cerneret,
2453 4786 2601 4842 aliud
2660 4785 2809 4857 quod
2867 4796 3051 4854 ageret
3103 4782 3235 4837 nihil
3289 4781 3500 4842 habuit,
3552 4795 3725 4850 quam

2139 4888 2195 4934 ut
2220 4895 2353 4951 pace
2385 4895 2508 4935 cum
2535 4879 2757 4934 sultano
2789 4878 3115 4948 composita,
3168 4873 3467 4946 quotannis
3524 4887 3582 4928 se
3623 4871 3721 4926 tri-

2137 4972 2328 5027 butum
2401 4972 2701 5029 missurum
2762 4970 3131 5039 polliceretur,
3169 4982 3343 5040 eoque
3395 4968 3614 5023 nomine
3653 4967 3721 5020 li-

2138 5066 2269 5120 lium
2302 5066 2455 5121 daret
2488 5065 2757 5121 obsidem.
2801 5063 3012 5131 Quibus
3044 5063 3207 5119 rebus
3236 5062 3428 5133 gestis,
3486 5061 3722 5116 Prusam

2137 5160 2505 5215 Mucbemctcs
2554 5157 2789 5226 repetiit,
2826 5165 2880 5211 et
2933 5155 3062 5211 inde
3112 5155 3300 5225 copias
3338 5155 3404 5209 ad
3453 5152 3720 5225 oppidum

2135 5251 2281 5323 quod
2306 5250 2582 5306 Samsonis
2621 5248 2841 5315 dicitur,
2892 5248 3170 5303 traduxit:
3212 5262 3322 5318 quo
3348 5246 3569 5315 Quidem
3621 5260 3716 5299 oc-

2136 5351 2354 5413 cupato,
2386 5342 2694 5413 complures
2734 5340 2787 5393 in
2818 5340 2889 5396 iis
2926 5339 3061 5396 locis
3097 5337 3352 5401 Tataros,
3407 5351 3436 5390 a
3494 5335 3722 5390 Temire

2134 5436 2322 5491 Chane
2354 5434 2596 5496 relictos.
2657 5433 2884 5487 invenit.
2922 5430 3031 5486 Hos
3065 5429 3246 5485 edicto
3302 5428 3600 5498 publicato,
3658 5427 3711 5480 in

2136 5526 2457 5582 Romaniam
2488 5526 2717 5596 migrare
2747 5523 2948 5593 jussit:
3000 5533 3057 5580 et
3098 5521 3398 5597 ditiuneula
3444 5522 3710 5591 quadam.
3770 5592 3777 5599 υ

2135 5622 2283 5677 haud
2306 5619 2494 5690 procul
2523 5634 2550 5673 a
2587 5628 2771 5674 castro
2806 5616 3047 5679 Cnnuza,
3070 5615 3313 5678 donavit,
3341 5623 3400 5668 ut
3440 5614 3509 5667 ibi
3542 5612 3722 5667 domi-

2133 5712 2261 5767 cilia
2310 5710 2412 5767 sibi
2436 5709 2850 5765 constituerent.
2891 5707 3016 5763 Erat
3065 5706 3225 5773 enim
3264 5705 3310 5760 is
3342 5705 3494 5760 locus
3539 5705 3723 5760 incul-

2135 5815 2224 5860 tus
2252 5815 2305 5859 et
2325 5805 2592 5861 desertus.
2630 5805 2804 5874 Atque
2826 5802 2913 5858 illa
2945 5801 3165 5872 quidem
3188 5799 3390 5857 vicinia
3444 5808 3495 5854 et
3559 5795 3709 5867 regio

2136 5898 2190 5953 in
2223 5899 2364 5953 hunc
2388 5898 2608 5953 modum
2632 5894 2859 5952 Tataros
2884 5895 3090 5965 accepit
3119 5892 3347 5958 incolas,
3378 5890 3467 5962 qui
3497 5900 3616 5945 cum
3649 5885 3715 5941 in
