4126 6470
372 358 475 419 503

1630 359 1831 422 ANNA
1842 360 1980 421 LES
2018 358 2353 423 TURCICI.

3532 350 3644 414 θοι

378 478 703 533 hodiernum
752 491 926 548 usque
977 476 1119 535 diem
1189 479 1491 548 possident.
1559 479 1773 536 Interea
1838 480 1968 536 dum
1998 488 2045 547 Α
2074 478 2268 534 Serras
2309 477 2376 532 ad
2409 476 2686 533 sultauum
2710 474 3107 530 Muchemctem
3134 471 3492 528 adduxerunt.
3521 472 3656 528 Erat

375 570 464 625 his
501 570 661 624 rebus
698 568 937 625 intentus
967 582 1085 628 erat
1143 572 1536 637 Mucliemetes,
1595 577 1649 629 in
1704 574 1954 629 Anatolia

377 663 573 721 Seditio
594 664 837 733 quoniam
861 652 1050 718 coorta
1077 665 1197 730 filii,
1240 676 1464 719 auclore
1514 668 1781 735 Burgluze
1834 665 1955 721 Mu-

379 757 596 825 stapha,
623 757 715 825 qui
744 755 1032 810 ΞεΙιιοίυιιὶε
1071 755 1383 811 Bedrcdinis
1409 757 1687 826 quondam
1738 772 1957 813 (econo-

380 864 505 902 inus
547 847 743 902 fuerat.
782 848 846 902 Et
894 848 1176 903 Scheiches
1209 850 1296 902 ille
1329 849 1681 914 Bcdredines,
1746 849 1829 904 uti
1865 865 1959 905 su-

378 959 479 1014 pra
531 942 808 1007 diximus,
872 943 1013 1011 apud
1081 942 1285 997 Musam
1345 943 1703 998 cadilescheri
1760 958 1959 997 munus

380 1043 646 1101 gesserat,
676 1034 868 1089 lsnica:
898 1034 1157 1106 deinceps
1178 1036 1433 1091 exsulare
1470 1037 1681 1106 jussus.
1715 1034 1814 1091 Hic
1871 1052 1960 1090 er-

382 1142 450 1196 go
498 1126 814 1196 Mustaphas
874 1126 928 1181 in
978 1142 1170 1197 agrum
1242 1128 1599 1183 Aidinensem
1662 1129 1958 1198 profectus,

384 1227 634 1287 magnam
663 1217 738 1272 ibi
766 1219 1089 1275 seditionem
1122 1221 1410 1276 excitavit:
1444 1221 1721 1290 persuas's
1769 1221 1961 1276 incolis

382 1318 441 1362 ut
469 1309 640 1378 ipsius
694 1313 946 1379 potestati
997 1328 1056 1366 se
1105 1314 1505 1382 permitterent,
1566 1323 1619 1369 et
1670 1313 1960 1383 imperium

385 1399 634 1456 lubentes
669 1402 1017 1471 acciperent:
1055 1420 1248 1460 nomen
1273 1404 1790 1475 interimpropliette
1811 1420 1963 1459 meu-

384 1493 538 1558 titus,
569 1502 627 1548 ut
653 1510 718 1548 eo
743 1495 958 1551 faciiius
984 1512 1071 1552 res
1105 1512 1271 1553 novas
1293 1496 1603 1553 moliretur.
1639 1496 1739 1553 Ubi
1768 1497 1836 1552 de
1862 1497 1966 1552 Iioc

384 1596 536 1641 mutu
616 1586 809 1643 Isnica:
884 1589 1168 1645 sclieiclies
1249 1589 1578 1645 Bedredines
1641 1589 1961 1657 accepisset,

385 1679 659 1734 teconomi
686 1678 934 1733 videlicet
960 1679 1042 1733 sui
1076 1695 1160 1736 res
1179 1690 1393 1735 tantum
1428 1681 1754 1735 incrementi
1781 1694 1965 1733 sume-

386 1784 480 1823 re:
510 1784 628 1823 mox
658 1769 834 1825 Isnica
866 1770 1054 1826 relicta
1087 1771 1268 1842 fugam
1291 1770 1540 1842 arripuit,
1577 1786 1631 1828 et
1692 1769 1963 1826 lsveodia—

2067 575 2211 644 apud
2233 574 2509 629 sultannm
2541 587 2750 640 magnae
2778 570 3002 640 quidam
3043 568 3305 624 doctrinae
3331 568 3435 631 vir,
3470 569 3658 622 nomi-

2062 682 2131 720 ne
2156 665 2398 719 Meulana
2426 663 2682 726 Clieider,
2720 662 2990 718 oriundus
3034 677 3066 717 ε
3092 660 3332 721 Parthia.
3382 660 3523 713 unde
3587 675 3660 713 se

2065 758 2131 807 ad
2171 756 2566 811 Muchemetem
2603 754 2930 818 contulerat,
2982 753 3073 821 qui
3105 768 3230 808 eum
3260 766 3362 821 pro
3378 751 3496 806 viro
3525 765 3660 806 san-

2063 858 2152 903 cto
2177 848 2407 914 colebat,
2431 857 2487 902 et
2527 863 2556 900 a
2594 846 2760 901 latere
2783 861 2883 901 suo
2911 860 3186 914 nunquam
3221 845 3501 900 discedere
3551 859 3663 914 pa-

2065 940 2324 995 tiebatur.
2361 938 2411 995 Is
2439 939 2582 993 hanc
2605 938 2933 994 sententiam
2957 938 3105 1003 tulit,
3134 936 3403 1006 uteapitis
3429 936 3661 1007 quidem

2066 1033 2390 1103 supplicium
2439 1032 2722 1088 scheiches
2753 1031 3083 1087 Bedredines
3112 1031 3312 1093 lueret,
3344 1030 3438 1084 sed
3489 1029 3668 1083 mini-

2069 1143 2155 1181 me
2208 1136 2390 1180 tamen
2469 1124 2602 1179 ﬁsco
2666 1123 2949 1179 facultates
2997 1123 3172 1193 ipsius
3225 1123 3660 1192 applicarentur.

2071 1218 2331 1275 Sultanus
2351 1233 2485 1287 ergo
2513 1217 2908 1279 Mucbemetes,
2931 1217 3034 1271 bac
3058 1217 3113 1270 in
3144 1230 3268 1270 eum
3300 1215 3406 1269 lata
3434 1223 3663 1269 senten-

2060 1314 2166 1382 .tia,
2193 1328 2352 1381 poena
2378 1312 2657 1382 suspendii
2700 1311 2844 1381 apud
2871 1309 3063 1365 Set-ras
3112 1308 3388 1363 hominem
3445 1307 3679 1364 affecit.“

2069 1406 2264 1462 Postea
2294 1419 2443 1470 vero,
2503 1418 2667 1473 quam
2719 1404 3078 1473 exspirasset.
3135 1400 3370 1456 cadaver
3427 1398 3554 1468 ejus
3586 1399 3663 1453 de

2070 1496 2315 1567 patibulo
2347 1496 2652 1551 detractum
2708 1504 2764 1551 et
2794 1503 2953 1549 terra:
2979 1493 3293 1549 mandatum
3349 1490 3473 1547 fuit.
3520 1492 3661 1547 Inde

2072 1588 2323 1642 sultanus
2353 1587 2718 1643 Muchemetes
2744 1585 2976 1643 Prusam
3023 1600 3299 1652 reversus,
3330 1584 3397 1638 ad
3427 1583 3658 1656 aliquod

2075 1680 2149 1735 ibi
2176 1690 2391 1749 tempus
2422 1680 2686 1736 substitit.
2721 1678 3108 1749 HadrianOpoli
3164 1678 3449 1748 templum,
3503 1678 3655 1747 quod

2075 1773 2242 1827 frater
2265 1772 2386 1841 ejus
2416 1772 2553 1829 emir
2576 1772 2913 1827 Soleimanes
2934 1780 3220 1827 exstruere
3264 1779 3529 1841 eruperat,
3562 1771 3662 1824 ab-

387 1879 503 1919 rem
536 1865 693 1922 adiit.
727 1867 880 1937 Apud
904 1867 1051 1922 hunc
1080 1883 1204 1921 eum
1247 1868 1563 1938 aliquandiu
1602 1868 1960 1930 substitisset,
1998 1846 2040 1901 Β
2072 1860 2209 1915 solvi
2235 1862 2470 1915 curavit.
2498 1862 2656 1916 Aliud
2681 1862 2845 1916 etiam
2870 1860 3060 1917 Prusa
3093 1860 3304 1923 fanum,
3337 1877 3464 1916 cum
3495 1861 3657 1916 scito-

390 1956 573 2010 navim
628 1958 967 2020 conscendit,
996 1967 1048 2012 et
1093 1958 1288 2013 itinere
1339 1959 1616 2013 maritimo
1648 1956 1963 2013 Valacliiam

389 2044 565 2115 petiit.
587 2044 849 2103 Sullanus
882 2060 1063 2104 autem
1126 2049 1492 2107 Mucliemetes
1549 2051 1823 2107 intellecto
1868 2051 1968 2105 ha-

388 2135 521 2191 bere
559 2138 670 2207 jam
707 2138 1031 2212 Burgluzam
1067 2140 1409 2214 Mustapbam
1444 2143 1768 2199 selectorum
1819 2143 1967 2198 mili-

388 2240 503 2285 tum
534 2231 597 2284 ad
623 2231 726 2287 tria
754 2233 947 2298 millia,
977 2235 1164 2305 copias
1189 2251 1317 2289 suas
1362 2236 1417 2289 in
1462 2251 1611 2302 eum,
1639 2237 1777 2291 duce
1798 2237 1970 2291 sulta-

390 2340 463 2379 no
495 2324 700 2381 Murate
747 2326 877 2395 filio,
908 2328 1077 2383 misit.
1113 2327 1162 2383 Is
1199 2328 1289 2383 tibi
1325 2327 1564 2398 Bajazite
1621 2328 1781 2384 bassa
1808 2342 1971 2398 expe-

390 2420 614 2475 ditionis
653 2424 827 2487 socio,
858 2439 985 2478 cum
1020 2423 1266 2478 exercitu
1314 2423 1381 2478 ad
1412 2421 1739 2478 defectionis
1785 2430 1972 2479 aucto-

394 2526 506 2563 rem
538 2515 895 2581 pervenisset,
954 2513 1155 2568 accidit
1209 2522 1268 2568 ut
1308 2515 1516 2583 impetu
1586 2515 1874 2584 repentino
1913 2528 1973 2570 se

393 2601 623 2658 invicem
659 2605 1075 2667 invaderent,et
1108 2620 1302 2661 manus
1328 2612 1440 2661 tam
1492 2605 1738 2677 animose
1783 2621 1976 2662 conse—

397 2704 602 2759 rerent,
634 2705 694 2750 ut
724 2696 816 2750 illo
868 2695 1055 2765 proelio
1119 2696 1313 2766 ingens
1352 2698 1635 2753 hominum
1688 2697 1977 2754 multitudo

395 2790 632 2843 caderet.
661 2787 899 2844 Tandem
960 2788 1259 2860 Burglnzes
1299 2788 1638 2863 Mttstaphas,
1696 2791 1751 2847 in
1804 2790 1977 2847 frusta

396 2882 654 2938 concisus
714 2883 895 2955 periit.
931 2884 1043 2939 Hac
1078 2885 1147 2940 de
1193 2884 1306 2944 illo.
1356 2895 1410 2941 et
1442 2885 1822 2955 complicibus,
1885 2887 1978 2942 ob-

397 2984 546 3031 tenta
594 2978 823 3032 victoria
847 3018 862 3040 ,
895 2979 1055 3034 rediit
1109 2978 1178 3031 ad
1216 2979 1508 3048 pristinum
1550 2980 1839 3050 imperium
1865 2996 1980 3035 om-

401 3067 487 3122 nis
510 3084 570 3122 ea
622 3067 780 3136 ditio,
816 3069 1107 3126 distributa
1141 3071 1402 3142 deinceps
1432 3071 1576 3128 inter
1598 3072 1802 3127 sultani
1859 3072 1979 3128 Mu-

2068 1952 2119 2007 la
2141 1961 2193 2006 et
2251 1967 2487 2020 xenone,
2525 1952 2793 2008 condidit.
2845 1953 3020 2022 Atque
3044 1951 3197 2008 hisce
3242 1953 3407 2024 gestis
3469 1951 3644 2015 rebus,

2069 2046 2283 2100 vivendi
2320 2047 2482 2101 finem
2536 2045 2699 2102 fecit.
2736 2044 2870 2118 Ejus
2928 2047 3050 2102 loco
3107 2046 3363 2102 sultanus
3418 2046 3645 2100 Montes

2070 2136 2516 2207 filiusimperator
2536 2136 2714 2194 factus
2741 2148 2847 2205 est,
2873 2153 3018 2194 anno
3037 2138 3142 2193 824
3165 2137 3316 2209 (Chr.
3340 2137 3520 2203 142:2).
3548 2138 3650 2203 Qui

2069 2230 2256 2289 Prusae
2270 2232 2501 2288 cadaver
2521 2233 2690 2303 patris
2710 2244 3085 2302 monumento,
3130 2248 3229 2304 pro
3244 2248 3420 2298 more,
3447 2234 3657 2290 intulit.

2143 2324 2459 2381 Secundum
2493 2328 2605 2382 haec
2631 2335 2817 2382 secuta
2850 2327 2954 2382 fuit
2981 2334 3362 2383 universorum
3403 2328 3455 2382 iu
3509 2331 3661 2382 Aua-

2073 2418 2204 2472 tolia
2235 2418 2493 2484 defectio,
2526 2420 2791 2474 nimirum
2818 2418 3039 2490 Ismyrae
3072 2420 3358 2491 principis,
3400 2431 3453 2475 et
3509 2421 3660 2476 Men-

2076 2510 2239 2567 thesii
2268 2528 2284 2564 :
2317 2521 2372 2565 et
2408 2510 2475 2565 ad
2508 2526 2779 2567 summam
2806 2554 2820 2576 ,
2876 2513 3120 2567 omnium
3174 2516 3244 2568 ab
3298 2513 3447 2570 omni
3510 2525 3666 2583 parte

2078 2618 2388 2673 procerum.
2452 2600 2510 2656 In
2566 2603 2834 2659 Romania
2899 2619 3135 2673 namque
3177 2619 3277 2674 pro
3334 2605 3552 2660 sultano
3603 2618 3668 2659 se

2079 2694 2308 2763 quidam
2346 2696 2589 2764 gerebat,
2623 2696 2708 2751 cui
2778 2711 2977 2750 nomen
3039 2695 3272 2751 Dusmes
3322 2696 3662 2766 Mustaplias.

2082 2787 2134 2842 Is
2198 2787 2366 2840 tilium
2433 2802 2493 2842 se
2525 2785 2839 2843 Gilderunis
2894 2786 3099 2843 Clianis
3169 2788 3549 2857 profitebatur,
3611 2796 3667 2843 et

2083 2880 2404 2951 plerumque
2467 2880 2681 2936 solebat
2737 2881 2789 2935 in
2873 2881 3074 2949 Oppido
3120 2880 3387 2936 Vardario
3436 2881 3661 2950 degere.

2084 2971 2443 3027 Transierunt
2479 2970 2532 3026 in
2561 2978 2741 3040 partes
2771 2971 2947 3043 ipsius
2978 2972 3143 3028 etiam
3206 2988 3460 3042 proceres
3529 2976 3660 3044 qui-

2085 3064 2208 3117 dam
2241 3063 2361 3129 ejus
2389 3060 2632 3128 familiae,
2656 3079 2795 3134 quos
2852 3062 3164 3120 Eurenoses
3224 3065 3391 3137 begos
3445 3079 3666 3122 vocant.

398 3158 664 3216 cltemetis
689 3160 911 3216 milites.
962 3158 1248 3251 Hisrebus
1295 3163 1481 3235 gestis,
1520 3163 1789 3236 Bajazites
1810 3164 1981 3233 ,bassa
2010 3188 2057 3251 ρ
2090 3153 2291 3251 florum
2314 3155 2576 3251 subsidiis
2603 3156 2848 3226 adimus.
2877 3156 3072 3214 Serras
3093 3158 3311 3251 obsedit
3333 3177 3349 3214 :
3375 3173 3495 3229 qus
3524 3160 3669 3251 Aqui-

399 3265 525 3303 cum
555 3250 774 3305 sultano
820 3250 1028 3308 Murate
1066 3250 1361 3309 Manissam
1414 3254 1570 3311 duxit
1631 3255 1975 3313 exercitum:

399 3358 511 3412 quo
537 3340 658 3411 ipso
677 3342 843 3399 etiam
894 3344 949 3398 in
979 3344 1098 3400 loco
1128 3345 1350 3416 quidam
1376 3355 1491 3403 erat
1542 3346 1706 3403 homo
1759 3346 1983 3404 seditio-

401 3450 521 3503 sus,
548 3433 806 3493 Torlaces
861 3434 1202 3509 Huggiental,
1231 3439 1468 3509 stipatus
1521 3440 1603 3496 his
1636 3438 1782 3496 mille
1827 3440 1983 3505 viris,

401 3527 496 3593 qui
525 3544 649 3583 eum
675 3529 1047 3586 sectabantur.
1082 3528 1193 3587 IIos
1218 3547 1341 3587 cum
1397 3530 1667 3601 Bajazites
1696 3543 1983 3591 assecutus

404 3619 620 3687 fuisset,
646 3630 793 3692 terga
822 3621 951 3678 dare
973 3622 1169 3693 coegit,
1216 3632 1271 3679 et
1301 3622 1478 3694 ipsum
1532 3622 1814 3681 Torlacem
1858 3641 1985 3682 cum

402 3709 527 3765 aliis
556 3710 762 3782 aliquot
790 3712 1093 3780 conjuratis
1141 3722 1384 3783 captum,
1429 3713 1631 3770 ibidem
1686 3718 1987 3787 suspendio

402 3800 590 3858 necari
615 3802 800 3872 jussit.
857 3802 1081 3859 Interim
1142 3804 1423 3874 profectus
1488 3805 1681 3863 Serras
1734 3807 1985 3864 sultanus

403 3893 796 3959 Mucliemetes,
851 3909 970 3949 eam
1029 3895 1302 3952 civitatem
1363 3898 1692 3967 occupavit:
1744 3908 1798 3954 et
1858 3914 1985 3955 cum

403 3987 591 4041 animo
615 4001 716 4042 suo
771 3986 1080 4054 constituit,
1127 3988 1439 4046 Salonicam
1498 4006 1716 4062 quoque
1752 3992 1987 4048 militum

403 4093 608 4133 corona
633 4079 995 4135 circumdare.
1032 4078 1269 4136 Durante
1330 4067 1458 4137 vero
1510 4082 1788 4140 Serrensis
1837 4084 1990 4140 urbis

406 4170 718 4237 obsidione,
748 4169 1043 4226 Scheiches
1074 4172 1162 4227 ille
1184 4171 1535 4238 Bedredines.
1566 4191 1726 4246 quem
1778 4177 1833 4231 in
1886 4175 1993 4231 Va-

405 4262 643 4318 lacliiam
676 4261 989 4334 profugisse
1014 4262 1279 4332 diximus,
1335 4265 1660 4324 Romaniam
1688 4270 1991 4340 ingressus,

2087 3246 2209 3303 dem
2245 3248 2395 3315 urbs,
2435 3263 2541 3303 una
2573 3263 2699 3303 cum
2742 3263 2891 3316 arce,
2946 3265 3073 3305 mox
3132 3248 3465 3305 deditionem
3518 3249 3665 3307 fecit.

2088 3339 2229 3396 Hinc
2252 3355 2576 3412 progressus
2631 3342 2885 3409 ulterius,
2927 3339 3376 3412 Hadrianopolim
3414 3344 3494 3399 ire
3552 3358 3670 3415 per-

2087 3433 2233 3489 rexit
2259 3450 2273 3487 :
2301 3449 2410 3505 quo
2434 3449 2557 3490 cum
2589 3434 3154 3500 accessissentincola:
3194 3435 3367 3507 portis
3418 3436 3667 3502 reclusis,

2088 3528 2208 3599 ejus
2246 3544 2306 3584 se
2329 3527 2452 3583 tldei
2483 3529 2850 3599 potestatique
2872 3529 3274 3599 permiserunt.
3291 3528 3371 3583 Ad
3398 3543 3666 3584 summam

2091 3629 2200 3675 tota
2236 3617 2506 3675 Romania
2531 3619 2585 3675 in
2621 3629 2801 3691 partes
2829 3620 2953 3692 ejus
2976 3621 3274 3675 concessit.
3309 3620 3432 3673 Alio
3488 3629 3668 3673 tamen

2089 3710 2254 3768 Porta
2288 3711 2411 3767 loco
2429 3693 2537 3787 non
2570 3719 2709 3777 erat,
2772 3725 2938 3781 quam
2977 3710 3259 3768 Vardarii.
3308 3710 3672 3781 Posteaquam

2092 3805 2345 3861 sultanus
2370 3802 2635 3870 Hurates,
2685 3802 2780 3871 qui
2818 3803 2923 3859 hoc
2972 3813 3215 3874 tempore
3272 3803 3457 3859 Prusae
3514 3803 3673 3873 dege-

2092 3895 2187 3950 bat
2218 3896 2271 3950 in
2303 3895 2435 3962 otio,
2465 3895 2531 3950 de
2547 3894 2698 3949 hisce
2721 3895 2962 3950 motibus
2990 3895 3195 3951 certior
3227 3893 3405 3951 factus
3439 3895 3635 3951 fuisset
3658 3945 3675 3972 ,

2093 3987 2386 4058 Bajazitem
2452 3986 2666 4042 bassam
2710 3985 2888 4057 copiis
2961 3987 3295 4042 instructum
3352 3987 3525 4054 misit,
3581 3991 3672 4057 qui

2099 4082 2244 4145 hunc
2272 4094 2439 4149 regno
2473 4078 2788 4148 depelleret.
2820 4078 2975 4141 Cum,
3000 4079 3239 4148 primum
3299 4080 3347 4136 is
3378 4077 3675 4134 Hadriano-

2094 4174 2263 4244 polim
2300 4173 2356 4227 in
2389 4170 2717 4228 Romaniam
2745 4173 3016 4238 venisset,
3053 4172 3123 4227 ab
3159 4174 3291 4229 hero
3325 4188 3426 4231 suo
3457 4172 3674 4239 defecit,

2098 4283 2164 4322 ac
2192 4265 2381 4322 Dusmi
2430 4266 2735 4336 Mustaphie
2798 4281 2857 4321 se
2890 4265 3143 4322 dedidit:
3199 4282 3231 4321 a
3286 4282 3397 4337 quo
3435 4268 3678 4324 vicissim

406 4356 615 4426 aliquot
646 4353 972 4425 sopbilarios
1004 4364 1129 4410 ante
1154 4370 1214 4413 se
1233 4356 1380 4414 misit
1410 4357 1466 4413 in
1496 4372 1686 4428 agrum
1721 4358 1997 4432 Zagoren-
2097 4359 2297 4433 veziris
2346 4358 2609 4430 dignitate
2698 4357 2805 4413 fuit
2872 4365 3124 4414 ornatus.
3197 4359 3387 4415 Eidem
3467 4370 3524 4415 et
3595 4361 3678 4415 Is.

407 4463 546 4511 sem,
568 4448 732 4519 vulgo
763 4462 1145 4519 persuasuros,
1170 4447 1455 4520 imperium
1476 4449 1728 4509 Scheichi
1749 4453 1999 4509 Bedredi-
2099 4466 2269 4523 myrte
2297 4451 2557 4522 princeps
2581 4491 2595 4513 .
2635 4450 2942 4507 Chuseines
2977 4451 3148 4521 begus
3198 4462 3373 4507 semet
3398 4452 3673 4523 adiunxit.

408 4540 464 4595 ni
496 4540 757 4598 divinitus
793 4556 918 4599 esse
957 4543 1327 4612 destinatum;
1372 4545 1564 4602 saltem
1594 4563 1801 4619 paucos
1848 4550 1989 4603 intra
2024 4558 2070 4616 ι)
2101 4542 2354 4614 Magnum
2384 4548 2565 4595 tamen
2599 4542 2840 4611 peditum
2902 4557 3192 4596 numerum
3223 4584 3240 4608 ,
3277 4558 3420 4610 quos
3466 4544 3678 4614 Azapos

408 4634 525 4689 dies
575 4634 867 4691 adventum
934 4636 1052 4708 ejus
1129 4638 1593 4708 prazstolarentur.
1661 4630 1811 4698 Cum
1858 4656 1988 4712 ergo

411 4724 700 4783 scheiclies
734 4725 1065 4784 Bedredines
1092 4727 1204 4798 jam
1259 4731 1480 4801 propius
1514 4732 1706 4789 adeos
1750 4733 1995 4809 accede-

410 4826 517 4883 ret,
581 4834 813 4889 magnus
887 4819 1274 4877 seditiosorum
1336 4840 1599 4895 numerus
1674 4828 1743 4883 ad
1810 4818 1991 4897 ipsum

411 4910 700 4978 confluxit,
735 4922 789 4967 et
824 4913 1041 4969 illorum
1074 4915 1238 4987 325
1262 4932 1482 4987 quoque
1501 4934 1609 4974 non
1640 4920 1821 4991 pauci,
1855 4935 1996 4989 quos

412 5008 717 5075 imperante
737 5003 891 5061 Musa
923 5007 1203 5065 beneficiis
1227 5010 1497 5068 obnoxios
1555 5012 1612 5067 in
1669 5014 1992 5083 magistratu

414 5096 518 5153 sibi
545 5096 875 5164 reddiderat,
898 5098 1026 5153 dum
1069 5102 1214 5172 apud
1244 5102 1399 5158 illum
1434 5103 1792 5162 cadilescberi
1821 5105 1998 5160 ofﬁcio

416 5190 767 5260 fungeretur:
802 5189 875 5244 ita
921 5190 1161 5259 quidem,
1222 5202 1283 5248 ut
1341 5194 1625 5251 hominum
1687 5198 1859 5267 capiis
1888 5213 1997 5251 non

416 5283 833 5337 contemnendis
860 5278 1076 5338 cinctus
1109 5297 1274 5340 essm.
1312 5283 1511 5342 Verum
1564 5287 1727 5342 iidem
1753 5288 1998 5342 animad-

418 5392 596 5444 verso,
630 5377 855 5432 minime
888 5375 1100 5431 felicem
1156 5375 1424 5445 futurum,
1460 5390 1640 5436 motus
1682 5380 1829 5437 illius
1884 5383 1999 5437 exi-

421 5479 573 5524 tum:
607 5470 913 5529 Bededriue
938 5472 1181 5538 deserto,
1205 5473 1369 5529 etiam
1397 5488 1572 5539 arma,
1600 5488 1722 5543 quae
1751 5490 2001 5546 sumpse-

421 5568 567 5634 rant,
595 5562 989 5633 deposuerunt.
1024 5561 1229 5618 Harum
1263 5561 1550 5616 turbarum
1602 5573 1827 5632 accepto
1861 5577 2000 5616 nun-

421 5653 521 5717 tio,
583 5655 852 5725 insignem
908 5658 1212 5714 exercitum
1266 5655 1323 5710 in
1380 5669 1570 5723 agrum
1634 5652 1998 5724 Zagorensem

422 5745 673 5801 sultanus
735 5748 1106 5805 Muclieutetes
1162 5743 1489 5816 expedivit:
1547 5745 1643 5813 qui
1688 5746 2000 5801 sclieicliem

424 5839 781 5899 Beilrcdinem
815 5841 886 5897 ibi
914 5841 1312 5915 deprehensum
1370 5847 1654 5910 ceperunt,
1683 5850 1736 5897 ct
1784 5850 2000 5912 Cttplttltl

2093 4641 2313 4699 vocant,
2339 4634 2556 4704 collegit
2582 4633 2816 4691 Dusmes
2846 4633 2936 4691 hic
2960 4634 3301 4704 Mustapbas,
3345 4646 3400 4691 et
3441 4636 3675 4707 insignia

2095 4728 2372 4784 concessit
2401 4726 2509 4782 illis
2548 4727 2857 4798 privilegia,
2879 4727 2973 4798 qui
2995 4737 3190 4796 sponte
3218 4727 3471 4783 militiam
3506 4729 3680 4798 ipsius

2097 4816 2475 4878 sectabantur.
2502 4820 2640 4877 Cum
2700 4819 2867 4890 igitur
2918 4820 3194 4891 ingentem
3246 4818 3361 4889 jam
3414 4823 3682 4891 coegisset

2098 4915 2424 4982 exercitum,
2474 4930 2540 4970 eo
2592 4913 2831 4971 consilio
2860 4913 3118 4971 discessit
3188 4911 3579 4984 lladrianopoli
3622 4925 3683 4968 ut

2097 5007 2326 5067 Prusam
2358 5008 2722 5063 contenderet
2751 5024 2766 5063 :
2792 5021 2821 5060 a
2858 5022 2965 5076 qua
2999 5006 3136 5062 urbe
3163 5021 3289 5060 cuin
3324 5006 3440 5076 jam
3479 5007 3679 5061 itinere

2099 5103 2265 5158 unius
2298 5101 2409 5158 diei
2437 5103 2673 5166 abesset,
2704 5102 2943 5171 vezireni
2986 5116 3185 5164 suum,
3235 5099 3530 5170 Bajazitem
3560 5099 3681 5153 bas-

2099 5213 2242 5265 sam,
2310 5197 2581 5268 supplicio
2633 5197 2827 5267 capitis
2904 5195 3104 5251 affecit.
3161 5195 3386 5251 Interim
3445 5194 3682 5249 Μαι-ειυς

2100 5307 2321 5362 quoque
2343 5292 2412 5345 de
2477 5290 2621 5347 bello
2679 5288 2923 5361 gerendo
2980 5304 3104 5344 cum
3163 5289 3281 5343 suis
3325 5288 3676 5343 deliberabat.

2103 5385 2420 5439 Suadebant
2443 5400 2597 5451 vero,
2633 5385 2727 5455 qui
2764 5383 2894 5436 huic
2962 5396 2992 5437 a
3059 5382 3313 5437 consiliis
3374 5390 3548 5444 erant,
3622 5389 3683 5435 nt

2101 5475 2459 5531 Meclimetem
2508 5476 2728 5546 begum,
2784 5475 3072 5530 Michaelis
3125 5473 3318 5540 lilium,
3373 5489 3404 5529 e
3461 5488 3682 5528 carcere

2103 5567 2395 5622 'I'ocatensi
2423 5577 2730 5631 revocaret,
2756 5581 2820 5621 ac
2852 5565 3092 5622 libertati
3143 5566 3476 5621 restitueret.
3528 5564 3684 5619 Hunc

2103 5659 2271 5728 igitur
2299 5660 2621 5723 arcessitum
2650 5674 2682 5714 e
2710 5660 2987 5727 custodia,
3036 5673 3226 5714 secum
3258 5659 3314 5712 in
3373 5658 3682 5728 expeditio-

2104 5766 2228 5804 nem
2251 5752 2390 5806 lianc
2419 5754 2672 5809 sultanus
2693 5752 2930 5807 Murates
2965 5748 3219 5821 sumpsit,
3273 5767 3339 5806 ac
3371 5750 3544 5806 Prusa
3596 5766 3684 5803 re-
3714 5776 3720 5781 -

2106 5841 2254 5909 licta,
2280 5845 2344 5898 ad
2379 5860 2593 5901 amnem
2619 5843 2909 5902 Ulubatam
2958 5843 3242 5915 processit,
3276 5844 3498 5915 etjuxta
3555 5857 3682 5913 pon-
