  <div class='ocr_page' id='page_1' title='image "/cluster/home/n/w/nwhite01/storage/ocr_20150623/159/coo.31924054870641/310.png"; bbox 0 0 4126 6448; ppageno 0'>
   <div class='ocr_carea' id='block_1_1' title="bbox 481 412 607 478">
    <p class='ocr_par' dir='ltr' id='par_1_1' title="bbox 481 412 607 478">
     <span class='ocr_line' id='line_1_1' title="bbox 481 412 607 478; baseline -0.016 0"><span class='ocrx_word' id='word_1_1' title='bbox 481 426 484 428; x_wconf 65' lang='grc'>⁷</span> <span class='ocrx_word' id='word_1_2' title='bbox 501 412 607 478; x_wconf 77' lang='lat'><strong>605</strong></span> 
     </span>
    </p>
   </div>
   <div class='ocr_carea' id='block_1_2' title="bbox 1747 403 2469 466">
    <p class='ocr_par' dir='ltr' id='par_1_2' title="bbox 1747 403 2469 466">
     <span class='ocr_line' id='line_1_2' title="bbox 1747 403 2469 466; baseline 0.004 -4"><span class='ocrx_word' id='word_1_3' title='bbox 1747 403 2090 464; x_wconf 82' lang='lat' dir='ltr'><strong>ANNALES</strong></span> <span class='ocrx_word' id='word_1_4' title='bbox 2129 405 2469 466; x_wconf 82' lang='lat' dir='ltr'><strong>TURClCl.</strong></span> 
     </span>
    </p>
   </div>
   <div class='ocr_carea' id='block_1_3' title="bbox 3546 399 3718 463">
    <p class='ocr_par' dir='ltr' id='par_1_3' title="bbox 3546 399 3718 463">
     <span class='ocr_line' id='line_1_3' title="bbox 3546 399 3718 463; baseline 0 0"><span class='ocrx_word' id='word_1_5' title='bbox 3546 414 3547 417; x_wconf 76' lang='lat'>‘</span> <span class='ocrx_word' id='word_1_6' title='bbox 3603 399 3718 463; x_wconf 73' lang='lat'><strong>605</strong></span> 
     </span>
    </p>
   </div>
   <div class='ocr_carea' id='block_1_4' title="bbox 505 511 3714 578">
    <p class='ocr_par' dir='ltr' id='par_1_4' title="bbox 505 511 3714 578">
     <span class='ocr_line' id='line_1_4' title="bbox 505 511 3714 578; baseline -0.003 -1"><span class='ocrx_word' id='word_1_7' title='bbox 505 535 612 577; x_wconf 88' lang='lat' dir='ltr'><strong>tem</strong></span> <span class='ocrx_word' id='word_1_8' title='bbox 641 526 820 574; x_wconf 77' lang='lat' dir='ltr'><strong>castra</strong></span> <span class='ocrx_word' id='word_1_9' title='bbox 871 522 1108 570; x_wconf 70' lang='lat' dir='ltr'><strong>metatus</strong></span> <span class='ocrx_word' id='word_1_10' title='bbox 1163 523 1268 570; x_wconf 68' lang='lat' dir='ltr'><strong>est.</strong></span> <span class='ocrx_word' id='word_1_11' title='bbox 1317 513 1520 570; x_wconf 81' lang='lat' dir='ltr'><strong>Eodem</strong></span> <span class='ocrx_word' id='word_1_12' title='bbox 1571 529 1694 568; x_wconf 80' lang='lat' dir='ltr'><strong>cum</strong></span> <span class='ocrx_word' id='word_1_13' title='bbox 1738 524 1794 570; x_wconf 82' lang='lat' dir='ltr'><strong>et</strong></span> <span class='ocrx_word' id='word_1_14' title='bbox 1841 516 2066 570; x_wconf 75' lang='lat' dir='ltr'><strong>Dusmt‘s</strong></span> <span class='ocrx_word' id='word_1_15' title='bbox 2094 519 2138 574; x_wconf 78' lang='grc' dir='ltr'><strong>Α</strong></span> <span class='ocrx_word' id='word_1_16' title='bbox 2167 517 2368 572; x_wconf 96' lang='lat' dir='ltr'><strong>lbidem</strong></span> <span class='ocrx_word' id='word_1_17' title='bbox 2401 524 2648 570; x_wconf 89' lang='lat' dir='ltr'><strong>mortuus</strong></span> <span class='ocrx_word' id='word_1_18' title='bbox 2673 525 2753 570; x_wconf 91' lang='lat' dir='ltr'><strong>est</strong></span> <span class='ocrx_word' id='word_1_19' title='bbox 2787 515 3047 570; x_wconf 87' lang='lat' dir='ltr'><strong>lbraimes</strong></span> <span class='ocrx_word' id='word_1_20' title='bbox 3076 514 3260 578; x_wconf 86' lang='lat' dir='ltr'><strong>bassa,</strong></span> <span class='ocrx_word' id='word_1_21' title='bbox 3292 511 3509 568; x_wconf 90' lang='lat' dir='ltr'><strong>Chelilis</strong></span> <span class='ocrx_word' id='word_1_22' title='bbox 3539 511 3714 569; x_wconf 73' lang='lat' dir='ltr'><strong>bassze</strong></span> 
     </span>
    </p>
   </div>
   <div class='ocr_carea' id='block_1_5' title="bbox 511 606 2057 678">
    <p class='ocr_par' dir='ltr' id='par_1_5' title="bbox 511 606 2057 678">
     <span class='ocr_line' id='line_1_5' title="bbox 511 606 2057 678; baseline -0.004 -14"><span class='ocrx_word' id='word_1_23' title='bbox 511 607 822 678; x_wconf 80' lang='lat' dir='ltr'><strong>Mustapbas</strong></span> <span class='ocrx_word' id='word_1_24' title='bbox 847 607 1106 672; x_wconf 79' lang='lat' dir='ltr'><strong>venisset,</strong></span> <span class='ocrx_word' id='word_1_25' title='bbox 1133 621 1198 661; x_wconf 79' lang='lat' dir='ltr'><strong>ex</strong></span> <span class='ocrx_word' id='word_1_26' title='bbox 1241 606 1408 660; x_wconf 86' lang='lat' dir='ltr'><strong>altera</strong></span> <span class='ocrx_word' id='word_1_27' title='bbox 1455 614 1604 674; x_wconf 86' lang='lat' dir='ltr'><strong>parte</strong></span> <span class='ocrx_word' id='word_1_28' title='bbox 1657 608 1836 674; x_wconf 79' lang='lat' dir='ltr'><strong>pontis</strong></span> <span class='ocrx_word' id='word_1_29' title='bbox 1883 608 2057 659; x_wconf 90' lang='lat' dir='ltr'><strong>locum</strong></span> 
     </span>
    </p>
   </div>
   <div class='ocr_carea' id='block_1_6' title="bbox 512 689 2060 768">
    <p class='ocr_par' dir='ltr' id='par_1_6' title="bbox 512 689 2060 768">
     <span class='ocr_line' id='line_1_6' title="bbox 512 689 2060 768; baseline -0.005 -11"><span class='ocrx_word' id='word_1_30' title='bbox 512 704 707 757; x_wconf 75' lang='lat' dir='ltr'><strong>castris</strong></span> <span class='ocrx_word' id='word_1_31' title='bbox 747 689 959 768; x_wconf 57' lang='lat' dir='ltr'><strong>deletgit.</strong></span> <span class='ocrx_word' id='word_1_32' title='bbox 1013 690 1127 752; x_wconf 81' lang='lat' dir='ltr'><strong>Hoc</strong></span> <span class='ocrx_word' id='word_1_33' title='bbox 1178 699 1338 752; x_wconf 91' lang='lat' dir='ltr'><strong>modo</strong></span> <span class='ocrx_word' id='word_1_34' title='bbox 1395 698 1676 752; x_wconf 71' lang='lat' dir='ltr'><strong>collocatis</strong></span> <span class='ocrx_word' id='word_1_35' title='bbox 1720 713 1784 750; x_wconf 80' lang='lat' dir='ltr'><strong>ex</strong></span> <span class='ocrx_word' id='word_1_36' title='bbox 1833 698 2060 750; x_wconf 84' lang='lat' dir='ltr'><strong>adverso</strong></span> 
     </span>
    </p>
   </div>
   <div class='ocr_carea' id='block_1_7' title="bbox 514 789 2060 862">
    <p class='ocr_par' dir='ltr' id='par_1_7' title="bbox 514 789 2060 862">
     <span class='ocr_line' id='line_1_7' title="bbox 514 789 2060 862; baseline -0.003 -18"><span class='ocrx_word' id='word_1_37' title='bbox 514 793 680 862; x_wconf 79' lang='lat' dir='ltr'><strong>copiis</strong></span> <span class='ocrx_word' id='word_1_38' title='bbox 713 791 992 859; x_wconf 89' lang='lat' dir='ltr'><strong>utriusque</strong></span> <span class='ocrx_word' id='word_1_39' title='bbox 1018 789 1299 858; x_wconf 86' lang='lat' dir='ltr'><strong>principis,</strong></span> <span class='ocrx_word' id='word_1_40' title='bbox 1334 789 1689 843; x_wconf 81' lang='lat' dir='ltr'><strong>Mechemetes</strong></span> <span class='ocrx_word' id='word_1_41' title='bbox 1744 791 1932 860; x_wconf 85' lang='lat' dir='ltr'><strong>begus,</strong></span> <span class='ocrx_word' id='word_1_42' title='bbox 1965 789 2060 840; x_wconf 86' lang='lat' dir='ltr'><strong>Mi-</strong></span> 
     </span>
    </p>
   </div>
   <div class='ocr_carea' id='block_1_8' title="bbox 515 879 2062 948">
    <p class='ocr_par' dir='ltr' id='par_1_8' title="bbox 515 879 2062 948">
     <span class='ocr_line' id='line_1_8' title="bbox 515 879 2062 948; baseline -0.003 -12"><span class='ocrx_word' id='word_1_43' title='bbox 515 882 713 936; x_wconf 85' lang='lat' dir='ltr'><strong>chaelis</strong></span> <span class='ocrx_word' id='word_1_44' title='bbox 739 881 902 944; x_wconf 82' lang='lat' dir='ltr'><strong>ﬁlius,</strong></span> <span class='ocrx_word' id='word_1_45' title='bbox 925 880 1189 934; x_wconf 86' lang='lat' dir='ltr'><strong>militibus</strong></span> <span class='ocrx_word' id='word_1_46' title='bbox 1222 896 1252 934; x_wconf 91' lang='lat' dir='ltr'><strong>a</strong></span> <span class='ocrx_word' id='word_1_47' title='bbox 1280 879 1482 934; x_wconf 87' lang='lat' dir='ltr'><strong>Dusme</strong></span> <span class='ocrx_word' id='word_1_48' title='bbox 1529 879 1812 948; x_wconf 82' lang='lat' dir='ltr'><strong>Muslapha</strong></span> <span class='ocrx_word' id='word_1_49' title='bbox 1873 881 2062 933; x_wconf 83' lang='lat' dir='ltr'><strong>stanti—</strong></span> 
     </span>
    </p>
   </div>
   <div class='ocr_carea' id='block_1_9' title="bbox 516 973 2062 1042">
    <p class='ocr_par' dir='ltr' id='par_1_9' title="bbox 516 973 2062 1042">
     <span class='ocr_line' id='line_1_9' title="bbox 516 973 2062 1042; baseline -0.001 -14"><span class='ocrx_word' id='word_1_50' title='bbox 516 978 612 1029; x_wconf 89' lang='lat' dir='ltr'><strong>bus</strong></span> <span class='ocrx_word' id='word_1_51' title='bbox 631 974 1070 1042; x_wconf 86' lang='lat' dir='ltr'><strong>cognoscendum</strong></span> <span class='ocrx_word' id='word_1_52' title='bbox 1103 989 1162 1028; x_wconf 90' lang='lat' dir='ltr'><strong>se</strong></span> <span class='ocrx_word' id='word_1_53' title='bbox 1188 973 1446 1042; x_wconf 62' lang='lat' dir='ltr'><strong>prabere,</strong></span> <span class='ocrx_word' id='word_1_54' title='bbox 1470 989 1534 1026; x_wconf 86' lang='lat' dir='ltr'><strong>ac</strong></span> <span class='ocrx_word' id='word_1_55' title='bbox 1570 983 1910 1041; x_wconf 84' lang='lat' dir='ltr'><strong>peramanter</strong></span> <span class='ocrx_word' id='word_1_56' title='bbox 1969 988 2062 1026; x_wconf 88' lang='lat' dir='ltr'><strong>eos</strong></span> 
     </span>
    </p>
   </div>
   <div class='ocr_carea' id='block_1_10' title="bbox 512 1061 2063 1132">
    <p class='ocr_par' dir='ltr' id='par_1_10' title="bbox 512 1061 2063 1132">
     <span class='ocr_line' id='line_1_10' title="bbox 512 1061 2063 1132; baseline -0.002 -14"><span class='ocrx_word' id='word_1_57' title='bbox 512 1064 860 1132; x_wconf 84' lang='lat' dir='ltr'><strong>compellare.</strong></span> <span class='ocrx_word' id='word_1_58' title='bbox 895 1061 1016 1128; x_wconf 85' lang='lat' dir='ltr'><strong>Quo</strong></span> <span class='ocrx_word' id='word_1_59' title='bbox 1046 1062 1209 1126; x_wconf 81' lang='lat' dir='ltr'><strong>factu,</strong></span> <span class='ocrx_word' id='word_1_60' title='bbox 1239 1078 1361 1118; x_wconf 89' lang='lat' dir='ltr'><strong>cum</strong></span> <span class='ocrx_word' id='word_1_61' title='bbox 1394 1077 1646 1132; x_wconf 83' lang='lat' dir='ltr'><strong>proceres</strong></span> <span class='ocrx_word' id='word_1_62' title='bbox 1695 1071 1859 1131; x_wconf 83' lang='lat' dir='ltr'><strong>atque</strong></span> <span class='ocrx_word' id='word_1_63' title='bbox 1917 1063 2063 1115; x_wconf 79' lang='lat' dir='ltr'><strong>mili-</strong></span> 
     </span>
    </p>
   </div>
   <div class='ocr_carea' id='block_1_11' title="bbox 517 1154 2065 1225">
    <p class='ocr_par' dir='ltr' id='par_1_11' title="bbox 517 1154 2065 1225">
     <span class='ocr_line' id='line_1_11' title="bbox 517 1154 2065 1225; baseline -0.001 -16"><span class='ocrx_word' id='word_1_64' title='bbox 517 1165 617 1216; x_wconf 87' lang='lat' dir='ltr'><strong>tes.</strong></span> <span class='ocrx_word' id='word_1_65' title='bbox 646 1157 958 1225; x_wconf 88' lang='lat' dir='ltr'><strong>quisecum</strong></span> <span class='ocrx_word' id='word_1_66' title='bbox 993 1156 1195 1210; x_wconf 85' lang='lat' dir='ltr'><strong>Dusme</strong></span> <span class='ocrx_word' id='word_1_67' title='bbox 1245 1154 1527 1222; x_wconf 85' lang='lat' dir='ltr'><strong>Mustapha</strong></span> <span class='ocrx_word' id='word_1_68' title='bbox 1581 1156 1680 1209; x_wconf 88' lang='lat' dir='ltr'><strong>hac</strong></span> <span class='ocrx_word' id='word_1_69' title='bbox 1726 1154 2065 1224; x_wconf 75' lang='lat' dir='ltr'><strong>expeditione</strong></span> 
     </span>
    </p>
   </div>
   <div class='ocr_carea' id='block_1_12' title="bbox 517 1245 2062 1313">
    <p class='ocr_par' dir='ltr' id='par_1_12' title="bbox 517 1245 2062 1313">
     <span class='ocr_line' id='line_1_12' title="bbox 517 1245 2062 1313; baseline -0.002 -14"><span class='ocrx_word' id='word_1_70' title='bbox 517 1245 932 1310; x_wconf 82' lang='lat' dir='ltr'><strong>coniunxerant,</strong></span> <span class='ocrx_word' id='word_1_71' title='bbox 965 1245 1243 1300; x_wconf 77' lang='lat' dir='ltr'><strong>Michaelis</strong></span> <span class='ocrx_word' id='word_1_72' title='bbox 1274 1245 1446 1300; x_wconf 86' lang='lat' dir='ltr'><strong>lilium</strong></span> <span class='ocrx_word' id='word_1_73' title='bbox 1470 1246 1819 1313; x_wconf 76' lang='lat' dir='ltr'><strong>agnovissent</strong></span> <span class='ocrx_word' id='word_1_74' title='bbox 1852 1263 1863 1296; x_wconf 92' lang='lat'>:</span> <span class='ocrx_word' id='word_1_75' title='bbox 1900 1254 2062 1299; x_wconf 90' lang='lat' dir='ltr'><strong>noctu</strong></span> 
     </span>
    </p>
   </div>
   <div class='ocr_carea' id='block_1_13' title="bbox 518 1335 2066 1405">
    <p class='ocr_par' dir='ltr' id='par_1_13' title="bbox 518 1335 2066 1405">
     <span class='ocr_line' id='line_1_13' title="bbox 518 1335 2066 1405; baseline -0.002 -15"><span class='ocrx_word' id='word_1_76' title='bbox 518 1335 736 1390; x_wconf 79' lang='lat' dir='ltr'><strong>ﬂuvium</strong></span> <span class='ocrx_word' id='word_1_77' title='bbox 772 1337 1058 1390; x_wconf 87' lang='lat' dir='ltr'><strong>Ulubatam</strong></span> <span class='ocrx_word' id='word_1_78' title='bbox 1111 1337 1456 1405; x_wconf 79' lang='lat' dir='ltr'><strong>transgressi,</strong></span> <span class='ocrx_word' id='word_1_79' title='bbox 1513 1339 1578 1390; x_wconf 89' lang='lat' dir='ltr'><strong>ad</strong></span> <span class='ocrx_word' id='word_1_80' title='bbox 1621 1338 1891 1391; x_wconf 86' lang='lat' dir='ltr'><strong>suitanum</strong></span> <span class='ocrx_word' id='word_1_81' title='bbox 1949 1336 2066 1389; x_wconf 80' lang='lat' dir='ltr'><strong>Mu-</strong></span> 
     </span>
    </p>
   </div>
   <div class='ocr_carea' id='block_1_14' title="bbox 519 1426 2064 1495">
    <p class='ocr_par' dir='ltr' id='par_1_14' title="bbox 519 1426 2064 1495">
     <span class='ocr_line' id='line_1_14' title="bbox 519 1426 2064 1495; baseline -0.001 -16"><span class='ocrx_word' id='word_1_82' title='bbox 519 1435 686 1479; x_wconf 87' lang='lat' dir='ltr'><strong>ratem</strong></span> <span class='ocrx_word' id='word_1_83' title='bbox 711 1441 771 1480; x_wconf 88' lang='lat' dir='ltr'><strong>se</strong></span> <span class='ocrx_word' id='word_1_84' title='bbox 792 1426 1156 1489; x_wconf 82' lang='lat' dir='ltr'><strong>contulerunt,</strong></span> <span class='ocrx_word' id='word_1_85' title='bbox 1187 1427 1346 1495; x_wconf 81' lang='lat' dir='ltr'><strong>eique</strong></span> <span class='ocrx_word' id='word_1_86' title='bbox 1385 1443 1442 1480; x_wconf 86' lang='lat' dir='ltr'><strong>se</strong></span> <span class='ocrx_word' id='word_1_87' title='bbox 1474 1427 1816 1480; x_wconf 87' lang='lat' dir='ltr'><strong>dediderunt.</strong></span> <span class='ocrx_word' id='word_1_88' title='bbox 1869 1427 1922 1479; x_wconf 93' lang='lat' dir='ltr'><strong>ld</strong></span> <span class='ocrx_word' id='word_1_89' title='bbox 1975 1426 2064 1480; x_wconf 86' lang='lat' dir='ltr'><strong>ubi</strong></span> 
     </span>
    </p>
   </div>
   <div class='ocr_carea' id='block_1_15' title="bbox 515 1515 2068 1585">
    <p class='ocr_par' dir='ltr' id='par_1_15' title="bbox 515 1515 2068 1585">
     <span class='ocr_line' id='line_1_15' title="bbox 515 1515 2068 1585; baseline -0.001 -15"><span class='ocrx_word' id='word_1_90' title='bbox 515 1517 742 1570; x_wconf 87' lang='lat' dir='ltr'><strong>Dusmes</strong></span> <span class='ocrx_word' id='word_1_91' title='bbox 769 1516 1080 1585; x_wconf 80' lang='lat' dir='ltr'><strong>Mustaphas</strong></span> <span class='ocrx_word' id='word_1_92' title='bbox 1113 1516 1225 1569; x_wconf 74' lang='lat' dir='ltr'><strong>fieri</strong></span> <span class='ocrx_word' id='word_1_93' title='bbox 1267 1516 1421 1581; x_wconf 83' lang='lat' dir='ltr'><strong>vidit,</strong></span> <span class='ocrx_word' id='word_1_94' title='bbox 1481 1517 1545 1569; x_wconf 86' lang='lat' dir='ltr'><strong>ad</strong></span> <span class='ocrx_word' id='word_1_95' title='bbox 1605 1530 1817 1568; x_wconf 86' lang='lat' dir='ltr'><strong>amnem</strong></span> <span class='ocrx_word' id='word_1_96' title='bbox 1863 1515 2068 1584; x_wconf 80' lang='lat' dir='ltr'><strong>Bagam</strong></span> 
     </span>
    </p>
   </div>
   <div class='ocr_carea' id='block_1_16' title="bbox 513 1604 2067 1677">
    <p class='ocr_par' dir='ltr' id='par_1_16' title="bbox 513 1604 2067 1677">
     <span class='ocr_line' id='line_1_16' title="bbox 513 1604 2067 1677; baseline -0.004 -15"><span class='ocrx_word' id='word_1_97' title='bbox 513 1606 777 1677; x_wconf 80' lang='lat' dir='ltr'><strong>profugit,</strong></span> <span class='ocrx_word' id='word_1_98' title='bbox 803 1621 1105 1674; x_wconf 85' lang='lat' dir='ltr'><strong>magnaque</strong></span> <span class='ocrx_word' id='word_1_99' title='bbox 1152 1606 1392 1675; x_wconf 72' lang='lat' dir='ltr'><strong>pecunize</strong></span> <span class='ocrx_word' id='word_1_100' title='bbox 1423 1608 1472 1658; x_wconf 94' lang='lat' dir='ltr'><strong>vi</strong></span> <span class='ocrx_word' id='word_1_101' title='bbox 1510 1606 1666 1674; x_wconf 75' lang='lat' dir='ltr'><strong>Bugze</strong></span> <span class='ocrx_word' id='word_1_102' title='bbox 1687 1607 1866 1674; x_wconf 85' lang='lat' dir='ltr'><strong>oppidi</strong></span> <span class='ocrx_word' id='word_1_103' title='bbox 1901 1604 2067 1657; x_wconf 80' lang='lat' dir='ltr'><strong>Cadio</strong></span> 
     </span>
    </p>
   </div>
   <div class='ocr_carea' id='block_1_17' title="bbox 519 1696 2070 1765">
    <p class='ocr_par' dir='ltr' id='par_1_17' title="bbox 519 1696 2070 1765">
     <span class='ocr_line' id='line_1_17' title="bbox 519 1696 2070 1765; baseline -0.002 -13"><span class='ocrx_word' id='word_1_104' title='bbox 519 1699 746 1759; x_wconf 84' lang='lat' dir='ltr'><strong>donata,</strong></span> <span class='ocrx_word' id='word_1_105' title='bbox 770 1697 888 1765; x_wconf 80' lang='lat' dir='ltr'><strong>ejus</strong></span> <span class='ocrx_word' id='word_1_106' title='bbox 909 1711 1008 1765; x_wconf 88' lang='lat' dir='ltr'><strong>ope</strong></span> <span class='ocrx_word' id='word_1_107' title='bbox 1059 1698 1240 1750; x_wconf 88' lang='lat' dir='ltr'><strong>salvus</strong></span> <span class='ocrx_word' id='word_1_108' title='bbox 1267 1696 1484 1761; x_wconf 84' lang='lat' dir='ltr'><strong>evasit;</strong></span> <span class='ocrx_word' id='word_1_109' title='bbox 1528 1707 1581 1750; x_wconf 91' lang='lat' dir='ltr'><strong>et</strong></span> <span class='ocrx_word' id='word_1_110' title='bbox 1645 1705 1862 1765; x_wconf 87' lang='lat' dir='ltr'><strong>propter</strong></span> <span class='ocrx_word' id='word_1_111' title='bbox 1906 1696 2070 1749; x_wconf 88' lang='lat' dir='ltr'><strong>Galli-</strong></span> 
     </span>
    </p>
   </div>
   <div class='ocr_carea' id='block_1_18' title="bbox 519 1787 2065 1858">
    <p class='ocr_par' dir='ltr' id='par_1_18' title="bbox 519 1787 2065 1858">
     <span class='ocr_line' id='line_1_18' title="bbox 519 1787 2065 1858; baseline -0.003 -15"><span class='ocrx_word' id='word_1_112' title='bbox 519 1789 689 1858; x_wconf 86' lang='lat' dir='ltr'><strong>polim</strong></span> <span class='ocrx_word' id='word_1_113' title='bbox 719 1797 866 1842; x_wconf 88' lang='lat' dir='ltr'><strong>trans</strong></span> <span class='ocrx_word' id='word_1_114' title='bbox 901 1788 1096 1842; x_wconf 81' lang='lat' dir='ltr'><strong>fretum</strong></span> <span class='ocrx_word' id='word_1_115' title='bbox 1128 1789 1180 1841; x_wconf 88' lang='lat' dir='ltr'><strong>in</strong></span> <span class='ocrx_word' id='word_1_116' title='bbox 1205 1787 1523 1842; x_wconf 79' lang='lat' dir='ltr'><strong>Romaniam</strong></span> <span class='ocrx_word' id='word_1_117' title='bbox 1559 1803 1831 1851; x_wconf 76' lang='lat' dir='ltr'><strong>reversus,</strong></span> <span class='ocrx_word' id='word_1_118' title='bbox 1870 1789 2065 1841; x_wconf 86' lang='lat' dir='ltr'><strong>ibidem</strong></span> 
     </span>
    </p>
   </div>
   <div class='ocr_carea' id='block_1_19' title="bbox 2164 606 3051 678">
    <p class='ocr_par' dir='ltr' id='par_1_19' title="bbox 2164 606 3051 678">
     <span class='ocr_line' id='line_1_19' title="bbox 2164 606 3051 678; baseline 0 -16"><span class='ocrx_word' id='word_1_119' title='bbox 2164 619 2336 678; x_wconf 85' lang='lat' dir='ltr'><strong>pater,</strong></span> <span class='ocrx_word' id='word_1_120' title='bbox 2373 624 2518 662; x_wconf 90' lang='lat' dir='ltr'><strong>anno</strong></span> <span class='ocrx_word' id='word_1_121' title='bbox 2552 607 2654 662; x_wconf 78' lang='lat'><strong>83‘2</strong></span> <span class='ocrx_word' id='word_1_122' title='bbox 2682 608 2832 678; x_wconf 88' lang='lat' dir='ltr'><strong>(Chr.</strong></span> <span class='ocrx_word' id='word_1_123' title='bbox 2867 606 3051 677; x_wconf 75' lang='lat' dir='ltr'><strong>M50).</strong></span> 
     </span>
    </p>
   </div>
   <div class='ocr_carea' id='block_1_20' title="bbox 2231 697 3716 769">
    <p class='ocr_par' dir='ltr' id='par_1_20' title="bbox 2231 697 3716 769">
     <span class='ocr_line' id='line_1_20' title="bbox 2231 697 3716 769; baseline -0.003 -17"><span class='ocrx_word' id='word_1_124' title='bbox 2231 700 2466 755; x_wconf 81' lang='lat' dir='ltr'><strong>Murates</strong></span> <span class='ocrx_word' id='word_1_125' title='bbox 2493 709 2700 764; x_wconf 88' lang='lat' dir='ltr'><strong>autem,</strong></span> <span class='ocrx_word' id='word_1_126' title='bbox 2731 700 2928 769; x_wconf 87' lang='lat' dir='ltr'><strong>quietis</strong></span> <span class='ocrx_word' id='word_1_127' title='bbox 2985 709 3036 754; x_wconf 90' lang='lat' dir='ltr'><strong>et</strong></span> <span class='ocrx_word' id='word_1_128' title='bbox 3075 699 3168 755; x_wconf 88' lang='lat' dir='ltr'><strong>otii</strong></span> <span class='ocrx_word' id='word_1_129' title='bbox 3228 697 3486 768; x_wconf 81' lang='lat' dir='ltr'><strong>longioris</strong></span> <span class='ocrx_word' id='word_1_130' title='bbox 3547 698 3716 764; x_wconf 88' lang='lat' dir='ltr'><strong>impa-</strong></span> 
     </span>
    </p>
   </div>
   <div class='ocr_carea' id='block_1_21' title="bbox 2163 790 3716 861">
    <p class='ocr_par' dir='ltr' id='par_1_21' title="bbox 2163 790 3716 861">
     <span class='ocr_line' id='line_1_21' title="bbox 2163 790 3716 861; baseline -0.001 -17"><span class='ocrx_word' id='word_1_131' title='bbox 2163 793 2324 854; x_wconf 88' lang='lat' dir='ltr'><strong>tiens,</strong></span> <span class='ocrx_word' id='word_1_132' title='bbox 2363 793 2562 846; x_wconf 91' lang='lat' dir='ltr'><strong>bellum</strong></span> <span class='ocrx_word' id='word_1_133' title='bbox 2593 807 2653 846; x_wconf 90' lang='lat' dir='ltr'><strong>se</strong></span> <span class='ocrx_word' id='word_1_134' title='bbox 2684 802 3061 861; x_wconf 77' lang='lat' dir='ltr'><strong>suscepturum</strong></span> <span class='ocrx_word' id='word_1_135' title='bbox 3104 793 3216 845; x_wconf 90' lang='lat' dir='ltr'><strong>suis</strong></span> <span class='ocrx_word' id='word_1_136' title='bbox 3246 791 3434 856; x_wconf 84' lang='lat' dir='ltr'><strong>edixit,</strong></span> <span class='ocrx_word' id='word_1_137' title='bbox 3455 790 3716 843; x_wconf 68' lang='lat' dir='ltr'><strong>divinitus</strong></span> 
     </span>
    </p>
   </div>
   <div class='ocr_carea' id='block_1_22' title="bbox 2164 882 3714 952">
    <p class='ocr_par' dir='ltr' id='par_1_22' title="bbox 2164 882 3714 952">
     <span class='ocr_line' id='line_1_22' title="bbox 2164 882 3714 952; baseline 0.001 -17"><span class='ocrx_word' id='word_1_138' title='bbox 2164 885 2263 936; x_wconf 83' lang='lat' dir='ltr'><strong>sibi</strong></span> <span class='ocrx_word' id='word_1_139' title='bbox 2299 885 2630 938; x_wconf 91' lang='lat' dir='ltr'><strong>mandatum.</strong></span> <span class='ocrx_word' id='word_1_140' title='bbox 2661 882 2844 951; x_wconf 82' lang='lat' dir='ltr'><strong>Itaque</strong></span> <span class='ocrx_word' id='word_1_141' title='bbox 2886 885 3147 938; x_wconf 78' lang='lat' dir='ltr'><strong>maximas</strong></span> <span class='ocrx_word' id='word_1_142' title='bbox 3174 883 3359 952; x_wconf 80' lang='lat' dir='ltr'><strong>rOpias</strong></span> <span class='ocrx_word' id='word_1_143' title='bbox 3403 883 3468 935; x_wconf 82' lang='lat' dir='ltr'><strong>ad</strong></span> <span class='ocrx_word' id='word_1_144' title='bbox 3526 883 3714 941; x_wconf 88' lang='lat' dir='ltr'><strong>urbem</strong></span> 
     </span>
    </p>
   </div>
   <div class='ocr_carea' id='block_1_23' title="bbox 2165 975 3714 1045">
    <p class='ocr_par' dir='ltr' id='par_1_23' title="bbox 2165 975 3714 1045">
     <span class='ocr_line' id='line_1_23' title="bbox 2165 975 3714 1045; baseline 0.001 -19"><span class='ocrx_word' id='word_1_145' title='bbox 2165 975 2468 1030; x_wconf 80' lang='lat' dir='ltr'><strong>Salonicam</strong></span> <span class='ocrx_word' id='word_1_146' title='bbox 2523 976 2793 1041; x_wconf 83' lang='lat' dir='ltr'><strong>adduxit,</strong></span> <span class='ocrx_word' id='word_1_147' title='bbox 2828 991 2999 1044; x_wconf 88' lang='lat' dir='ltr'><strong>eaque</strong></span> <span class='ocrx_word' id='word_1_148' title='bbox 3059 977 3262 1045; x_wconf 90' lang='lat' dir='ltr'><strong>potitus</strong></span> <span class='ocrx_word' id='word_1_149' title='bbox 3309 984 3407 1034; x_wconf 89' lang='lat' dir='ltr'><strong>est,</strong></span> <span class='ocrx_word' id='word_1_150' title='bbox 3476 975 3714 1029; x_wconf 80' lang='lat' dir='ltr'><strong>exercitu</strong></span> 
     </span>
    </p>
   </div>
   <div class='ocr_carea' id='block_1_24' title="bbox 2165 1054 3716 1138">
    <p class='ocr_par' dir='ltr' id='par_1_24' title="bbox 2165 1054 3716 1138">
     <span class='ocr_line' id='line_1_24' title="bbox 2165 1054 3716 1138; baseline 0 -20"><span class='ocrx_word' id='word_1_151' title='bbox 2165 1067 2351 1134; x_wconf 83' lang='lat' dir='ltr'><strong>spoliis</strong></span> <span class='ocrx_word' id='word_1_152' title='bbox 2374 1054 2570 1134; x_wconf 72' lang='lat' dir='ltr'><strong>opimis</strong></span> <span class='ocrx_word' id='word_1_153' title='bbox 2602 1067 2810 1124; x_wconf 86' lang='lat' dir='ltr'><strong>ditato:</strong></span> <span class='ocrx_word' id='word_1_154' title='bbox 2864 1069 3006 1138; x_wconf 88' lang='lat' dir='ltr'><strong>quod</strong></span> <span class='ocrx_word' id='word_1_155' title='bbox 3055 1067 3268 1133; x_wconf 82' lang='lat' dir='ltr'><strong>quidem</strong></span> <span class='ocrx_word' id='word_1_156' title='bbox 3325 1068 3520 1122; x_wconf 77' lang='lat' dir='ltr'><strong>aceid&#39;t</strong></span> <span class='ocrx_word' id='word_1_157' title='bbox 3573 1084 3716 1121; x_wconf 83' lang='lat' dir='ltr'><strong>anno</strong></span> 
     </span>
    </p>
   </div>
   <div class='ocr_carea' id='block_1_25' title="bbox 2165 1161 2672 1228">
    <p class='ocr_par' dir='ltr' id='par_1_25' title="bbox 2165 1161 2672 1228">
     <span class='ocr_line' id='line_1_25' title="bbox 2165 1161 2672 1228; baseline 0.004 -15"><span class='ocrx_word' id='word_1_158' title='bbox 2165 1161 2269 1214; x_wconf 69' lang='grc' dir='ltr'><strong>εδδ</strong></span> <span class='ocrx_word' id='word_1_159' title='bbox 2300 1161 2451 1228; x_wconf 87' lang='lat' dir='ltr'><strong>(Chr.</strong></span> <span class='ocrx_word' id='word_1_160' title='bbox 2490 1162 2672 1227; x_wconf 61' lang='grc' dir='ltr'>ηδε).</span> 
     </span>
    </p>
   </div>
   <div class='ocr_carea' id='block_1_26' title="bbox 2236 1251 3719 1321">
    <p class='ocr_par' dir='ltr' id='par_1_26' title="bbox 2236 1251 3719 1321">
     <span class='ocr_line' id='line_1_26' title="bbox 2236 1251 3719 1321; baseline -0.001 -16"><span class='ocrx_word' id='word_1_161' title='bbox 2236 1252 2401 1320; x_wconf 86' lang='lat' dir='ltr'><strong>Capta</strong></span> <span class='ocrx_word' id='word_1_162' title='bbox 2429 1251 2698 1315; x_wconf 84' lang='lat' dir='ltr'><strong>Salonica,</strong></span> <span class='ocrx_word' id='word_1_163' title='bbox 2726 1252 2970 1305; x_wconf 88' lang='lat' dir='ltr'><strong>nonnihil</strong></span> <span class='ocrx_word' id='word_1_164' title='bbox 2991 1268 3016 1304; x_wconf 83' lang='lat' dir='ltr'><strong>a</strong></span> <span class='ocrx_word' id='word_1_165' title='bbox 3047 1252 3248 1306; x_wconf 86' lang='lat' dir='ltr'><strong>bellicis</strong></span> <span class='ocrx_word' id='word_1_166' title='bbox 3271 1252 3719 1321; x_wconf 85' lang='lat' dir='ltr'><strong>occupationibus</strong></span> 
     </span>
    </p>
   </div>
   <div class='ocr_carea' id='block_1_27' title="bbox 2167 1340 3718 1410">
    <p class='ocr_par' dir='ltr' id='par_1_27' title="bbox 2167 1340 3718 1410">
     <span class='ocr_line' id='line_1_27' title="bbox 2167 1340 3718 1410; baseline -0.004 -14"><span class='ocrx_word' id='word_1_167' title='bbox 2167 1341 2436 1396; x_wconf 85' lang='lat' dir='ltr'><strong>abstinere</strong></span> <span class='ocrx_word' id='word_1_168' title='bbox 2503 1342 2818 1401; x_wconf 87' lang='lat' dir='ltr'><strong>constituit,</strong></span> <span class='ocrx_word' id='word_1_169' title='bbox 2875 1351 2925 1395; x_wconf 91' lang='lat' dir='ltr'><strong>et</strong></span> <span class='ocrx_word' id='word_1_170' title='bbox 2949 1340 3014 1394; x_wconf 91' lang='lat' dir='ltr'><strong>ad</strong></span> <span class='ocrx_word' id='word_1_171' title='bbox 3077 1353 3329 1395; x_wconf 87' lang='lat' dir='ltr'><strong>montana</strong></span> <span class='ocrx_word' id='word_1_172' title='bbox 3382 1340 3538 1410; x_wconf 76' lang='lat' dir='ltr'><strong>Zogre</strong></span> <span class='ocrx_word' id='word_1_173' title='bbox 3593 1357 3718 1409; x_wconf 89' lang='lat' dir='ltr'><strong>pro-</strong></span> 
     </span>
    </p>
   </div>
   <div class='ocr_carea' id='block_1_28' title="bbox 2169 1431 3723 1500">
    <p class='ocr_par' dir='ltr' id='par_1_28' title="bbox 2169 1431 3723 1500">
     <span class='ocr_line' id='line_1_28' title="bbox 2169 1431 3723 1500; baseline -0.003 -14"><span class='ocrx_word' id='word_1_174' title='bbox 2169 1436 2339 1487; x_wconf 82' lang='lat' dir='ltr'><strong>fectus</strong></span> <span class='ocrx_word' id='word_1_175' title='bbox 2360 1442 2461 1486; x_wconf 91' lang='lat' dir='ltr'><strong>est.</strong></span> <span class='ocrx_word' id='word_1_176' title='bbox 2496 1432 2614 1498; x_wconf 87' lang='lat' dir='ltr'><strong>Quo</strong></span> <span class='ocrx_word' id='word_1_177' title='bbox 2635 1442 2874 1500; x_wconf 85' lang='lat' dir='ltr'><strong>tempore</strong></span> <span class='ocrx_word' id='word_1_178' title='bbox 2910 1441 3064 1485; x_wconf 87' lang='lat' dir='ltr'><strong>natus</strong></span> <span class='ocrx_word' id='word_1_179' title='bbox 3098 1441 3181 1485; x_wconf 90' lang='lat' dir='ltr'><strong>est</strong></span> <span class='ocrx_word' id='word_1_180' title='bbox 3205 1433 3250 1484; x_wconf 90' lang='lat' dir='ltr'><strong>ei</strong></span> <span class='ocrx_word' id='word_1_181' title='bbox 3284 1431 3443 1490; x_wconf 78' lang='lat' dir='ltr'><strong>filius.</strong></span> <span class='ocrx_word' id='word_1_182' title='bbox 3478 1431 3561 1481; x_wconf 81' lang='lat' dir='ltr'><strong>cui</strong></span> <span class='ocrx_word' id='word_1_183' title='bbox 3627 1443 3723 1481; x_wconf 92' lang='lat' dir='ltr'><strong>no-</strong></span> 
     </span>
    </p>
   </div>
   <div class='ocr_carea' id='block_1_29' title="bbox 2170 1521 3719 1593">
    <p class='ocr_par' dir='ltr' id='par_1_29' title="bbox 2170 1521 3719 1593">
     <span class='ocr_line' id='line_1_29' title="bbox 2170 1521 3719 1593; baseline -0.002 -16"><span class='ocrx_word' id='word_1_184' title='bbox 2170 1539 2290 1577; x_wconf 89' lang='lat' dir='ltr'><strong>men</strong></span> <span class='ocrx_word' id='word_1_185' title='bbox 2320 1524 2668 1578; x_wconf 87' lang='lat' dir='ltr'><strong>Muchemet-is</strong></span> <span class='ocrx_word' id='word_1_186' title='bbox 2700 1523 2980 1593; x_wconf 87' lang='lat' dir='ltr'><strong>imposuit,</strong></span> <span class='ocrx_word' id='word_1_187' title='bbox 3016 1523 3208 1577; x_wconf 86' lang='lat' dir='ltr'><strong>eodem</strong></span> <span class='ocrx_word' id='word_1_188' title='bbox 3234 1540 3374 1578; x_wconf 90' lang='lat' dir='ltr'><strong>anno</strong></span> <span class='ocrx_word' id='word_1_189' title='bbox 3425 1521 3526 1576; x_wconf 87' lang='grc'>855</span> <span class='ocrx_word' id='word_1_190' title='bbox 3571 1521 3719 1592; x_wconf 87' lang='lat' dir='ltr'><strong>(Chr.</strong></span> 
     </span>
    </p>
   </div>
   <div class='ocr_carea' id='block_1_30' title="bbox 2173 1618 2354 1686">
    <p class='ocr_par' dir='ltr' id='par_1_30' title="bbox 2173 1618 2354 1686">
     <span class='ocr_line' id='line_1_30' title="bbox 2173 1618 2354 1686; baseline 0.017 -16"><span class='ocrx_word' id='word_1_191' title='bbox 2173 1618 2354 1686; x_wconf 71' lang='lat' dir='ltr'><strong>ttat).</strong></span> 
     </span>
    </p>
   </div>
   <div class='ocr_carea' id='block_1_31' title="bbox 2243 1706 3722 1777">
    <p class='ocr_par' dir='ltr' id='par_1_31' title="bbox 2243 1706 3722 1777">
     <span class='ocr_line' id='line_1_31' title="bbox 2243 1706 3722 1777; baseline -0.003 -14"><span class='ocrx_word' id='word_1_192' title='bbox 2243 1711 2398 1765; x_wconf 88' lang='lat' dir='ltr'><strong>Edito</strong></span> <span class='ocrx_word' id='word_1_193' title='bbox 2417 1712 2472 1765; x_wconf 92' lang='lat' dir='ltr'><strong>in</strong></span> <span class='ocrx_word' id='word_1_194' title='bbox 2500 1712 2672 1765; x_wconf 91' lang='lat' dir='ltr'><strong>lucem</strong></span> <span class='ocrx_word' id='word_1_195' title='bbox 2697 1711 2829 1776; x_wconf 85' lang='lat' dir='ltr'><strong>lilio,</strong></span> <span class='ocrx_word' id='word_1_196' title='bbox 2860 1725 3033 1764; x_wconf 82' lang='lat' dir='ltr'><strong>novos</strong></span> <span class='ocrx_word' id='word_1_197' title='bbox 3061 1707 3263 1777; x_wconf 84' lang='lat' dir='ltr'><strong>signari</strong></span> <span class='ocrx_word' id='word_1_198' title='bbox 3308 1706 3468 1776; x_wconf 82' lang='lat' dir='ltr'><strong>jussit</strong></span> <span class='ocrx_word' id='word_1_199' title='bbox 3495 1721 3722 1776; x_wconf 77' lang='lat' dir='ltr'><strong>aspros:</strong></span> 
     </span>
    </p>
   </div>
   <div class='ocr_carea' id='block_1_32' title="bbox 2173 1797 3726 1873">
    <p class='ocr_par' dir='ltr' id='par_1_32' title="bbox 2173 1797 3726 1873">
     <span class='ocr_line' id='line_1_32' title="bbox 2173 1797 3726 1873; baseline -0.004 -17"><span class='ocrx_word' id='word_1_200' title='bbox 2173 1817 2407 1873; x_wconf 77' lang='lat' dir='ltr'><strong>moxque</strong></span> <span class='ocrx_word' id='word_1_201' title='bbox 2431 1817 2617 1857; x_wconf 86' lang='lat' dir='ltr'><strong>rursus</strong></span> <span class='ocrx_word' id='word_1_202' title='bbox 2637 1803 2701 1854; x_wconf 92' lang='lat' dir='ltr'><strong>ad</strong></span> <span class='ocrx_word' id='word_1_203' title='bbox 2732 1814 2984 1856; x_wconf 87' lang='lat' dir='ltr'><strong>montana</strong></span> <span class='ocrx_word' id='word_1_204' title='bbox 3017 1817 3074 1856; x_wconf 92' lang='lat' dir='ltr'><strong>se</strong></span> <span class='ocrx_word' id='word_1_205' title='bbox 3094 1799 3341 1855; x_wconf 87' lang='lat' dir='ltr'><strong>contulit.</strong></span> <span class='ocrx_word' id='word_1_206' title='bbox 3384 1797 3435 1851; x_wconf 92' lang='lat' dir='ltr'><strong>ld</strong></span> <span class='ocrx_word' id='word_1_207' title='bbox 3469 1799 3726 1866; x_wconf 81' lang='lat' dir='ltr'><strong>temporis</strong></span> 
     </span>
    </p>
   </div>
   <div class='ocr_carea' id='block_1_33' title="bbox 521 1863 3725 1961">
    <p class='ocr_par' dir='ltr' id='par_1_33' title="bbox 521 1863 3725 1961">
     <span class='ocr_line' id='line_1_33' title="bbox 521 1863 3725 1961; baseline -0.002 -29"><span class='ocrx_word' id='word_1_208' title='bbox 521 1879 586 1932; x_wconf 90' lang='lat' dir='ltr'><strong>ad</strong></span> <span class='ocrx_word' id='word_1_209' title='bbox 620 1879 835 1947; x_wconf 79' lang='lat' dir='ltr'><strong>aliqum]</strong></span> <span class='ocrx_word' id='word_1_210' title='bbox 862 1889 1068 1946; x_wconf 87' lang='lat' dir='ltr'><strong>tempus</strong></span> <span class='ocrx_word' id='word_1_211' title='bbox 1092 1880 1314 1947; x_wconf 81' lang='lat' dir='ltr'><strong>quievit,</strong></span> <span class='ocrx_word' id='word_1_212' title='bbox 1354 1879 1581 1932; x_wconf 83' lang='lat' dir='ltr'><strong>navibus</strong></span> <span class='ocrx_word' id='word_1_213' title='bbox 1609 1879 1664 1932; x_wconf 91' lang='lat' dir='ltr'><strong>in</strong></span> <span class='ocrx_word' id='word_1_214' title='bbox 1716 1889 1910 1932; x_wconf 87' lang='lat' dir='ltr'><strong>terram</strong></span> <span class='ocrx_word' id='word_1_215' title='bbox 1947 1880 2067 1932; x_wconf 88' lang='lat' dir='ltr'><strong>sub-</strong></span> <span class='ocrx_word' id='word_1_216' title='bbox 2099 1863 2140 1918; x_wconf 71' lang='grc' dir='ltr'><strong>Β</strong></span> <span class='ocrx_word' id='word_1_217' title='bbox 2171 1863 2332 1948; x_wconf 57' lang='lat' dir='ltr'><strong>cum;</strong></span> <span class='ocrx_word' id='word_1_218' title='bbox 2367 1891 2754 1961; x_wconf 65' lang='lat' dir='ltr'><strong>Hadrianopoli</strong></span> <span class='ocrx_word' id='word_1_219' title='bbox 2814 1894 3101 1961; x_wconf 49' lang='lat' dir='ltr'><strong>templum.</strong></span> <span class='ocrx_word' id='word_1_220' title='bbox 3158 1901 3211 1946; x_wconf 66' lang='grc' dir='ltr'><strong>ει</strong></span> <span class='ocrx_word' id='word_1_221' title='bbox 3270 1890 3468 1944; x_wconf 64' lang='lat' dir='ltr'><strong>ibidem</strong></span> <span class='ocrx_word' id='word_1_222' title='bbox 3519 1863 3725 1942; x_wconf 26' lang='lat' dir='ltr'><strong>inim-cc</strong></span> 
     </span>
    </p>
   </div>
   <div class='ocr_carea' id='block_1_34' title="bbox 520 1969 2069 2038">
    <p class='ocr_par' dir='ltr' id='par_1_34' title="bbox 520 1969 2069 2038">
     <span class='ocr_line' id='line_1_34' title="bbox 520 1969 2069 2038; baseline 0.001 -16"><span class='ocrx_word' id='word_1_223' title='bbox 520 1970 712 2024; x_wconf 82' lang='lat' dir='ltr'><strong>vectis.</strong></span> <span class='ocrx_word' id='word_1_224' title='bbox 746 1969 876 2022; x_wconf 88' lang='lat' dir='ltr'><strong>Eum</strong></span> <span class='ocrx_word' id='word_1_225' title='bbox 933 1970 1049 2023; x_wconf 85' lang='lat' dir='ltr'><strong>sine</strong></span> <span class='ocrx_word' id='word_1_226' title='bbox 1078 1986 1227 2023; x_wconf 89' lang='lat' dir='ltr'><strong>mora</strong></span> <span class='ocrx_word' id='word_1_227' title='bbox 1258 1979 1477 2024; x_wconf 88' lang='lat' dir='ltr'><strong>secutus</strong></span> <span class='ocrx_word' id='word_1_228' title='bbox 1533 1986 1562 2023; x_wconf 91' lang='lat' dir='ltr'><strong>a</strong></span> <span class='ocrx_word' id='word_1_229' title='bbox 1620 1982 1772 2038; x_wconf 85' lang='lat' dir='ltr'><strong>tergo</strong></span> <span class='ocrx_word' id='word_1_230' title='bbox 1821 1971 2069 2024; x_wconf 85' lang='lat' dir='ltr'><strong>sultauus</strong></span> 
     </span>
    </p>
   </div>
   <div class='ocr_carea' id='block_1_35' title="bbox 520 2061 2070 2132">
    <p class='ocr_par' dir='ltr' id='par_1_35' title="bbox 520 2061 2070 2132">
     <span class='ocr_line' id='line_1_35' title="bbox 520 2061 2070 2132; baseline 0.002 -19"><span class='ocrx_word' id='word_1_231' title='bbox 520 2061 775 2127; x_wconf 77' lang='lat' dir='ltr'><strong>Ilurates,</strong></span> <span class='ocrx_word' id='word_1_232' title='bbox 801 2064 984 2130; x_wconf 86' lang='lat' dir='ltr'><strong>copias</strong></span> <span class='ocrx_word' id='word_1_233' title='bbox 1015 2078 1140 2116; x_wconf 91' lang='lat' dir='ltr'><strong>suas</strong></span> <span class='ocrx_word' id='word_1_234' title='bbox 1173 2073 1532 2118; x_wconf 86' lang='lat' dir='ltr'><strong>mercatorum</strong></span> <span class='ocrx_word' id='word_1_235' title='bbox 1583 2063 1813 2132; x_wconf 81' lang='lat' dir='ltr'><strong>navigiis</strong></span> <span class='ocrx_word' id='word_1_236' title='bbox 1851 2063 2070 2130; x_wconf 71' lang='lat' dir='ltr'><strong>impasi-</strong></span> 
     </span>
    </p>
   </div>
   <div class='ocr_carea' id='block_1_36' title="bbox 518 2155 2068 2221">
    <p class='ocr_par' dir='ltr' id='par_1_36' title="bbox 518 2155 2068 2221">
     <span class='ocr_line' id='line_1_36' title="bbox 518 2155 2068 2221; baseline -0.001 -13"><span class='ocrx_word' id='word_1_237' title='bbox 518 2164 603 2209; x_wconf 86' lang='lat' dir='ltr'><strong>tas</strong></span> <span class='ocrx_word' id='word_1_238' title='bbox 637 2155 692 2209; x_wconf 91' lang='lat' dir='ltr'><strong>in</strong></span> <span class='ocrx_word' id='word_1_239' title='bbox 725 2155 1013 2209; x_wconf 81' lang='lat' dir='ltr'><strong>adversum</strong></span> <span class='ocrx_word' id='word_1_240' title='bbox 1070 2157 1224 2209; x_wconf 85' lang='lat' dir='ltr'><strong>littus</strong></span> <span class='ocrx_word' id='word_1_241' title='bbox 1254 2157 1372 2210; x_wconf 88' lang='lat' dir='ltr'><strong>vehi</strong></span> <span class='ocrx_word' id='word_1_242' title='bbox 1410 2157 1640 2221; x_wconf 87' lang='lat' dir='ltr'><strong>curavit,</strong></span> <span class='ocrx_word' id='word_1_243' title='bbox 1671 2165 1727 2210; x_wconf 91' lang='lat' dir='ltr'><strong>et</strong></span> <span class='ocrx_word' id='word_1_244' title='bbox 1789 2157 1978 2209; x_wconf 78' lang='lat' dir='ltr'><strong>castris</strong></span> <span class='ocrx_word' id='word_1_245' title='bbox 2017 2155 2068 2208; x_wconf 91' lang='lat' dir='ltr'><strong>in</strong></span> 
     </span>
    </p>
   </div>
   <div class='ocr_carea' id='block_1_37' title="bbox 522 2251 2070 2321">
    <p class='ocr_par' dir='ltr' id='par_1_37' title="bbox 522 2251 2070 2321">
     <span class='ocr_line' id='line_1_37' title="bbox 522 2251 2070 2321; baseline 0.001 -17"><span class='ocrx_word' id='word_1_246' title='bbox 522 2252 656 2306; x_wconf 79' lang='lat' dir='ltr'><strong>Ezea</strong></span> <span class='ocrx_word' id='word_1_247' title='bbox 687 2252 905 2318; x_wconf 85' lang='lat' dir='ltr'><strong>planitie</strong></span> <span class='ocrx_word' id='word_1_248' title='bbox 937 2253 1112 2306; x_wconf 86' lang='lat' dir='ltr'><strong>locum</strong></span> <span class='ocrx_word' id='word_1_249' title='bbox 1137 2252 1296 2321; x_wconf 88' lang='lat' dir='ltr'><strong>cepit.</strong></span> <span class='ocrx_word' id='word_1_250' title='bbox 1333 2251 1466 2304; x_wconf 89' lang='lat' dir='ltr'><strong>Tum</strong></span> <span class='ocrx_word' id='word_1_251' title='bbox 1501 2268 1628 2306; x_wconf 84' lang='lat' dir='ltr'><strong>vero</strong></span> <span class='ocrx_word' id='word_1_252' title='bbox 1674 2251 1897 2306; x_wconf 90' lang='lat' dir='ltr'><strong>Dusmes</strong></span> <span class='ocrx_word' id='word_1_253' title='bbox 1927 2251 2070 2306; x_wconf 79' lang='lat' dir='ltr'><strong>Mus-</strong></span> 
     </span>
    </p>
   </div>
   <div class='ocr_carea' id='block_1_38' title="bbox 428 2345 2073 2414">
    <p class='ocr_par' dir='ltr' id='par_1_38' title="bbox 428 2345 2073 2414">
     <span class='ocr_line' id='line_1_38' title="bbox 428 2345 2073 2414; baseline 0.001 -20"><span class='ocrx_word' id='word_1_254' title='bbox 428 2389 435 2394; x_wconf 96' lang='lat'><strong>.</strong></span> <span class='ocrx_word' id='word_1_255' title='bbox 525 2345 742 2414; x_wconf 86' lang='lat' dir='ltr'><strong>staphas</strong></span> <span class='ocrx_word' id='word_1_256' title='bbox 765 2348 922 2399; x_wconf 89' lang='lat' dir='ltr'><strong>motis</strong></span> <span class='ocrx_word' id='word_1_257' title='bbox 949 2346 1166 2408; x_wconf 88' lang='lat' dir='ltr'><strong>castris,</strong></span> <span class='ocrx_word' id='word_1_258' title='bbox 1189 2360 1381 2411; x_wconf 88' lang='lat' dir='ltr'><strong>versus</strong></span> <span class='ocrx_word' id='word_1_259' title='bbox 1404 2345 1668 2397; x_wconf 84' lang='lat' dir='ltr'><strong>Bolairem</strong></span> <span class='ocrx_word' id='word_1_260' title='bbox 1708 2345 1831 2409; x_wconf 72' lang='lat' dir='ltr'><strong>luga</strong></span> <span class='ocrx_word' id='word_1_261' title='bbox 1879 2359 1935 2398; x_wconf 89' lang='lat' dir='ltr'><strong>se</strong></span> <span class='ocrx_word' id='word_1_262' title='bbox 1988 2359 2073 2396; x_wconf 90' lang='lat' dir='ltr'><strong>re-</strong></span> 
     </span>
    </p>
   </div>
   <div class='ocr_carea' id='block_1_39' title="bbox 527 2435 2073 2506">
    <p class='ocr_par' dir='ltr' id='par_1_39' title="bbox 527 2435 2073 2506">
     <span class='ocr_line' id='line_1_39' title="bbox 527 2435 2073 2506; baseline -0.001 -14"><span class='ocrx_word' id='word_1_263' title='bbox 527 2437 705 2506; x_wconf 88' lang='lat' dir='ltr'><strong>cepit:</strong></span> <span class='ocrx_word' id='word_1_264' title='bbox 743 2438 882 2490; x_wconf 90' lang='lat' dir='ltr'><strong>unde</strong></span> <span class='ocrx_word' id='word_1_265' title='bbox 908 2452 1031 2490; x_wconf 79' lang='lat' dir='ltr'><strong>cum</strong></span> <span class='ocrx_word' id='word_1_266' title='bbox 1085 2435 1530 2506; x_wconf 76' lang='lat' dir='ltr'><strong>Hadrianopolim</strong></span> <span class='ocrx_word' id='word_1_267' title='bbox 1566 2445 1832 2505; x_wconf 81' lang='lat' dir='ltr'><strong>pergeret,</strong></span> <span class='ocrx_word' id='word_1_268' title='bbox 1867 2451 1894 2488; x_wconf 84' lang='lat' dir='ltr'><strong>a</strong></span> <span class='ocrx_word' id='word_1_269' title='bbox 1960 2435 2073 2490; x_wconf 82' lang='lat' dir='ltr'><strong>suis</strong></span> 
     </span>
    </p>
   </div>
   <div class='ocr_carea' id='block_1_40' title="bbox 525 2525 2076 2596">
    <p class='ocr_par' dir='ltr' id='par_1_40' title="bbox 525 2525 2076 2596">
     <span class='ocr_line' id='line_1_40' title="bbox 525 2525 2076 2596; baseline -0.001 -16"><span class='ocrx_word' id='word_1_270' title='bbox 525 2530 768 2582; x_wconf 86' lang='lat' dir='ltr'><strong>desertus</strong></span> <span class='ocrx_word' id='word_1_271' title='bbox 793 2528 916 2581; x_wconf 83' lang='lat' dir='ltr'><strong>fuit.</strong></span> <span class='ocrx_word' id='word_1_272' title='bbox 948 2525 1058 2582; x_wconf 86' lang='lat' dir='ltr'><strong>Nec</strong></span> <span class='ocrx_word' id='word_1_273' title='bbox 1089 2527 1259 2581; x_wconf 90' lang='lat' dir='ltr'><strong>multo</strong></span> <span class='ocrx_word' id='word_1_274' title='bbox 1291 2534 1413 2596; x_wconf 89' lang='lat' dir='ltr'><strong>post</strong></span> <span class='ocrx_word' id='word_1_275' title='bbox 1435 2533 1646 2592; x_wconf 87' lang='lat' dir='ltr'><strong>captus,</strong></span> <span class='ocrx_word' id='word_1_276' title='bbox 1675 2539 1728 2579; x_wconf 84' lang='lat' dir='ltr'><strong>et</strong></span> <span class='ocrx_word' id='word_1_277' title='bbox 1768 2525 2076 2579; x_wconf 76' lang='lat' dir='ltr'><strong>Hadriano-</strong></span> 
     </span>
    </p>
   </div>
   <div class='ocr_carea' id='block_1_41' title="bbox 526 2616 2073 2689">
    <p class='ocr_par' dir='ltr' id='par_1_41' title="bbox 526 2616 2073 2689">
     <span class='ocr_line' id='line_1_41' title="bbox 526 2616 2073 2689; baseline -0.001 -17"><span class='ocrx_word' id='word_1_278' title='bbox 526 2620 685 2689; x_wconf 84' lang='lat' dir='ltr'><strong>polim</strong></span> <span class='ocrx_word' id='word_1_279' title='bbox 722 2621 786 2674; x_wconf 90' lang='lat' dir='ltr'><strong>ad</strong></span> <span class='ocrx_word' id='word_1_280' title='bbox 823 2620 1097 2674; x_wconf 89' lang='lat' dir='ltr'><strong>sultanum</strong></span> <span class='ocrx_word' id='word_1_281' title='bbox 1129 2618 1386 2672; x_wconf 82' lang='lat' dir='ltr'><strong>Muratem</strong></span> <span class='ocrx_word' id='word_1_282' title='bbox 1407 2619 1725 2687; x_wconf 78' lang='lat' dir='ltr'><strong>perductus,</strong></span> <span class='ocrx_word' id='word_1_283' title='bbox 1759 2616 2073 2683; x_wconf 88' lang='lat' dir='ltr'><strong>illiusjussu</strong></span> 
     </span>
    </p>
   </div>
   <div class='ocr_carea' id='block_1_42' title="bbox 521 2710 2077 2780">
    <p class='ocr_par' dir='ltr' id='par_1_42' title="bbox 521 2710 2077 2780">
     <span class='ocr_line' id='line_1_42' title="bbox 521 2710 2077 2780; baseline -0.003 -15"><span class='ocrx_word' id='word_1_284' title='bbox 521 2715 588 2766; x_wconf 87' lang='lat' dir='ltr'><strong>de</strong></span> <span class='ocrx_word' id='word_1_285' title='bbox 622 2713 785 2780; x_wconf 85' lang='lat' dir='ltr'><strong>pinna</strong></span> <span class='ocrx_word' id='word_1_286' title='bbox 817 2711 1050 2780; x_wconf 90' lang='lat' dir='ltr'><strong>quadam</strong></span> <span class='ocrx_word' id='word_1_287' title='bbox 1076 2711 1142 2763; x_wconf 91' lang='lat' dir='ltr'><strong>ad</strong></span> <span class='ocrx_word' id='word_1_288' title='bbox 1185 2725 1400 2763; x_wconf 89' lang='lat' dir='ltr'><strong>murum</strong></span> <span class='ocrx_word' id='word_1_289' title='bbox 1459 2710 1613 2764; x_wconf 91' lang='lat' dir='ltr'><strong>urbis</strong></span> <span class='ocrx_word' id='word_1_290' title='bbox 1663 2724 1965 2777; x_wconf 80' lang='lat' dir='ltr'><strong>suspensus</strong></span> <span class='ocrx_word' id='word_1_291' title='bbox 1998 2712 2077 2761; x_wconf 54' lang='lat' dir='ltr'><strong>la.</strong></span> 
     </span>
    </p>
   </div>
   <div class='ocr_carea' id='block_1_43' title="bbox 521 2799 2075 2872">
    <p class='ocr_par' dir='ltr' id='par_1_43' title="bbox 521 2799 2075 2872">
     <span class='ocr_line' id='line_1_43' title="bbox 521 2799 2075 2872; baseline -0.003 -16"><span class='ocrx_word' id='word_1_292' title='bbox 521 2819 662 2872; x_wconf 88' lang='lat' dir='ltr'><strong>queo</strong></span> <span class='ocrx_word' id='word_1_293' title='bbox 685 2803 848 2856; x_wconf 77' lang='lat' dir='ltr'><strong>vitam</strong></span> <span class='ocrx_word' id='word_1_294' title='bbox 884 2800 1040 2854; x_wconf 87' lang='lat' dir='ltr'><strong>liniit.</strong></span> <span class='ocrx_word' id='word_1_295' title='bbox 1072 2799 1190 2855; x_wconf 79' lang='lat' dir='ltr'><strong>Mox</strong></span> <span class='ocrx_word' id='word_1_296' title='bbox 1225 2801 1425 2854; x_wconf 86' lang='lat' dir='ltr'><strong>ibidem</strong></span> <span class='ocrx_word' id='word_1_297' title='bbox 1455 2799 1703 2855; x_wconf 86' lang='lat' dir='ltr'><strong>sultanus</strong></span> <span class='ocrx_word' id='word_1_298' title='bbox 1751 2799 1989 2854; x_wconf 68' lang='lat' dir='ltr'><strong>llurates</strong></span> <span class='ocrx_word' id='word_1_299' title='bbox 2021 2801 2075 2853; x_wconf 92' lang='lat' dir='ltr'><strong>in</strong></span> 
     </span>
    </p>
   </div>
   <div class='ocr_carea' id='block_1_44' title="bbox 526 2891 2079 2964">
    <p class='ocr_par' dir='ltr' id='par_1_44' title="bbox 526 2891 2079 2964">
     <span class='ocr_line' id='line_1_44' title="bbox 526 2891 2079 2964; baseline -0.001 -16"><span class='ocrx_word' id='word_1_300' title='bbox 526 2896 728 2964; x_wconf 82' lang='lat' dir='ltr'><strong>regium</strong></span> <span class='ocrx_word' id='word_1_301' title='bbox 767 2894 1021 2947; x_wconf 89' lang='lat' dir='ltr'><strong>thronum</strong></span> <span class='ocrx_word' id='word_1_302' title='bbox 1052 2891 1368 2956; x_wconf 84' lang='lat' dir='ltr'><strong>collocatus,</strong></span> <span class='ocrx_word' id='word_1_303' title='bbox 1422 2901 1476 2946; x_wconf 83' lang='lat' dir='ltr'><strong>et</strong></span> <span class='ocrx_word' id='word_1_304' title='bbox 1535 2891 1834 2960; x_wconf 81' lang='lat' dir='ltr'><strong>imperator</strong></span> <span class='ocrx_word' id='word_1_305' title='bbox 1881 2906 1908 2943; x_wconf 84' lang='lat' dir='ltr'><strong>a</strong></span> <span class='ocrx_word' id='word_1_306' title='bbox 1963 2891 2079 2946; x_wconf 85' lang='lat' dir='ltr'><strong>suis</strong></span> 
     </span>
    </p>
   </div>
   <div class='ocr_carea' id='block_1_45' title="bbox 526 2981 2080 3052">
    <p class='ocr_par' dir='ltr' id='par_1_45' title="bbox 526 2981 2080 3052">
     <span class='ocr_line' id='line_1_45' title="bbox 526 2981 2080 3052; baseline -0.003 -12"><span class='ocrx_word' id='word_1_307' title='bbox 526 2988 791 3040; x_wconf 82' lang='lat' dir='ltr'><strong>salutatus</strong></span> <span class='ocrx_word' id='word_1_308' title='bbox 818 2993 920 3048; x_wconf 89' lang='lat' dir='ltr'><strong>est,</strong></span> <span class='ocrx_word' id='word_1_309' title='bbox 949 2998 1092 3037; x_wconf 91' lang='lat' dir='ltr'><strong>anno</strong></span> <span class='ocrx_word' id='word_1_310' title='bbox 1120 2983 1220 3039; x_wconf 71' lang='lat'><strong>827</strong></span> <span class='ocrx_word' id='word_1_311' title='bbox 1256 2983 1405 3052; x_wconf 85' lang='lat' dir='ltr'><strong>(Chr.</strong></span> <span class='ocrx_word' id='word_1_312' title='bbox 1439 2983 1624 3052; x_wconf 68' lang='grc'>1425).</span> <span class='ocrx_word' id='word_1_313' title='bbox 1662 2983 1792 3038; x_wconf 86' lang='lat' dir='ltr'><strong>Erat</strong></span> <span class='ocrx_word' id='word_1_314' title='bbox 1821 2985 1868 3038; x_wconf 88' lang='lat' dir='ltr'><strong>ei</strong></span> <span class='ocrx_word' id='word_1_315' title='bbox 1913 2981 2080 3036; x_wconf 70' lang='lat' dir='ltr'><strong>l‘rater</strong></span> 
     </span>
    </p>
   </div>
   <div class='ocr_carea' id='block_1_46' title="bbox 525 3074 2080 3141">
    <p class='ocr_par' dir='ltr' id='par_1_46' title="bbox 525 3074 2080 3141">
     <span class='ocr_line' id='line_1_46' title="bbox 525 3074 2080 3141; baseline -0.004 -8"><span class='ocrx_word' id='word_1_316' title='bbox 525 3081 576 3134; x_wconf 93' lang='lat' dir='ltr'><strong>in</strong></span> <span class='ocrx_word' id='word_1_317' title='bbox 609 3077 881 3138; x_wconf 87' lang='lat' dir='ltr'><strong>Anatolia,</strong></span> <span class='ocrx_word' id='word_1_318' title='bbox 915 3075 1000 3130; x_wconf 91' lang='lat' dir='ltr'><strong>cui</strong></span> <span class='ocrx_word' id='word_1_319' title='bbox 1023 3089 1221 3130; x_wconf 91' lang='lat' dir='ltr'><strong>nomen</strong></span> <span class='ocrx_word' id='word_1_320' title='bbox 1275 3074 1611 3141; x_wconf 83' lang='lat' dir='ltr'><strong>Mustaphas.</strong></span> <span class='ocrx_word' id='word_1_321' title='bbox 1663 3075 1714 3129; x_wconf 91' lang='lat' dir='ltr'><strong>Is</strong></span> <span class='ocrx_word' id='word_1_322' title='bbox 1765 3078 1925 3130; x_wconf 85' lang='lat' dir='ltr'><strong>etiam</strong></span> <span class='ocrx_word' id='word_1_323' title='bbox 1965 3088 2080 3128; x_wconf 90' lang='lat' dir='ltr'><strong>ma-</strong></span> 
     </span>
    </p>
   </div>
   <div class='ocr_carea' id='block_1_47' title="bbox 2173 1980 3726 2053">
    <p class='ocr_par' dir='ltr' id='par_1_47' title="bbox 2173 1980 3726 2053">
     <span class='ocr_line' id='line_1_47' title="bbox 2173 1980 3726 2053; baseline -0.005 -17"><span class='ocrx_word' id='word_1_324' title='bbox 2173 1986 2336 2038; x_wconf 87' lang='lat' dir='ltr'><strong>veteri</strong></span> <span class='ocrx_word' id='word_1_325' title='bbox 2367 1983 2624 2053; x_wconf 89' lang='lat' dir='ltr'><strong>palatium</strong></span> <span class='ocrx_word' id='word_1_326' title='bbox 2653 1983 2870 2051; x_wconf 79' lang='lat' dir='ltr'><strong>elegans</strong></span> <span class='ocrx_word' id='word_1_327' title='bbox 2888 1999 2950 2037; x_wconf 91' lang='lat' dir='ltr'><strong>ac</strong></span> <span class='ocrx_word' id='word_1_328' title='bbox 2970 1983 3290 2036; x_wconf 88' lang='lat' dir='ltr'><strong>deliciosum</strong></span> <span class='ocrx_word' id='word_1_329' title='bbox 3318 1980 3521 2036; x_wconf 83' lang='lat' dir='ltr'><strong>exstrui</strong></span> <span class='ocrx_word' id='word_1_330' title='bbox 3544 1980 3726 2049; x_wconf 91' lang='lat' dir='ltr'><strong>jussit,</strong></span> 
     </span>
    </p>
   </div>
   <div class='ocr_carea' id='block_1_48' title="bbox 2171 2074 3258 2145">
    <p class='ocr_par' dir='ltr' id='par_1_48' title="bbox 2171 2074 3258 2145">
     <span class='ocr_line' id='line_1_48' title="bbox 2171 2074 3258 2145; baseline 0 -16"><span class='ocrx_word' id='word_1_331' title='bbox 2171 2091 2313 2130; x_wconf 87' lang='lat' dir='ltr'><strong>anno</strong></span> <span class='ocrx_word' id='word_1_332' title='bbox 2346 2076 2723 2129; x_wconf 82' lang='lat' dir='ltr'><strong>Mahnmetano</strong></span> <span class='ocrx_word' id='word_1_333' title='bbox 2749 2076 2854 2130; x_wconf 87' lang='grc'>855</span> <span class='ocrx_word' id='word_1_334' title='bbox 2885 2074 3036 2145; x_wconf 88' lang='lat' dir='ltr'><strong>(Chr.</strong></span> <span class='ocrx_word' id='word_1_335' title='bbox 3075 2075 3258 2142; x_wconf 66' lang='lat'><strong>1452).</strong></span> 
     </span>
    </p>
   </div>
   <div class='ocr_carea' id='block_1_49' title="bbox 2241 2162 3727 2232">
    <p class='ocr_par' dir='ltr' id='par_1_49' title="bbox 2241 2162 3727 2232">
     <span class='ocr_line' id='line_1_49' title="bbox 2241 2162 3727 2232; baseline 0 -15"><span class='ocrx_word' id='word_1_336' title='bbox 2241 2166 2399 2219; x_wconf 88' lang='lat' dir='ltr'><strong>Anno</strong></span> <span class='ocrx_word' id='word_1_337' title='bbox 2424 2173 2602 2219; x_wconf 90' lang='lat' dir='ltr'><strong>autem</strong></span> <span class='ocrx_word' id='word_1_338' title='bbox 2634 2167 2878 2232; x_wconf 86' lang='lat' dir='ltr'><strong>sequenti</strong></span> <span class='ocrx_word' id='word_1_339' title='bbox 2905 2165 3177 2230; x_wconf 76' lang='lat' dir='ltr'><strong>proximo,</strong></span> <span class='ocrx_word' id='word_1_340' title='bbox 3237 2179 3360 2218; x_wconf 90' lang='lat' dir='ltr'><strong>cum</strong></span> <span class='ocrx_word' id='word_1_341' title='bbox 3425 2162 3727 2218; x_wconf 80' lang='lat' dir='ltr'><strong>Hadriano-</strong></span> 
     </span>
    </p>
   </div>
   <div class='ocr_carea' id='block_1_50' title="bbox 2173 2254 3724 2325">
    <p class='ocr_par' dir='ltr' id='par_1_50' title="bbox 2173 2254 3724 2325">
     <span class='ocr_line' id='line_1_50' title="bbox 2173 2254 3724 2325; baseline -0.003 -16"><span class='ocrx_word' id='word_1_342' title='bbox 2173 2255 2279 2324; x_wconf 91' lang='lat' dir='ltr'><strong>poli</strong></span> <span class='ocrx_word' id='word_1_343' title='bbox 2306 2257 2544 2323; x_wconf 78' lang='lat' dir='ltr'><strong>degeret,</strong></span> <span class='ocrx_word' id='word_1_344' title='bbox 2571 2257 2802 2325; x_wconf 86' lang='lat' dir='ltr'><strong>quodam</strong></span> <span class='ocrx_word' id='word_1_345' title='bbox 2835 2254 3083 2310; x_wconf 77' lang='lat' dir='ltr'><strong>Mercurii</strong></span> <span class='ocrx_word' id='word_1_346' title='bbox 3114 2255 3222 2318; x_wconf 86' lang='lat' dir='ltr'><strong>die,</strong></span> <span class='ocrx_word' id='word_1_347' title='bbox 3253 2255 3357 2310; x_wconf 86' lang='lat' dir='ltr'><strong>sub</strong></span> <span class='ocrx_word' id='word_1_348' title='bbox 3418 2269 3724 2323; x_wconf 84' lang='lat' dir='ltr'><strong>vesperam,</strong></span> 
     </span>
    </p>
   </div>
   <div class='ocr_carea' id='block_1_51' title="bbox 2176 2346 3729 2423">
    <p class='ocr_par' dir='ltr' id='par_1_51' title="bbox 2176 2346 3729 2423">
     <span class='ocr_line' id='line_1_51' title="bbox 2176 2346 3729 2423; baseline -0.001 -23"><span class='ocrx_word' id='word_1_349' title='bbox 2176 2363 2346 2415; x_wconf 85' lang='lat' dir='ltr'><strong>usque</strong></span> <span class='ocrx_word' id='word_1_350' title='bbox 2374 2348 2507 2402; x_wconf 89' lang='lat' dir='ltr'><strong>adeo</strong></span> <span class='ocrx_word' id='word_1_351' title='bbox 2549 2349 2729 2423; x_wconf 73' lang='lat' dir='ltr'><strong>lumen</strong></span> <span class='ocrx_word' id='word_1_352' title='bbox 2757 2347 2889 2402; x_wconf 89' lang='lat' dir='ltr'><strong>solis</strong></span> <span class='ocrx_word' id='word_1_353' title='bbox 2916 2346 3108 2401; x_wconf 81' lang='lat' dir='ltr'><strong>defecit</strong></span> <span class='ocrx_word' id='word_1_354' title='bbox 3137 2385 3152 2410; x_wconf 94' lang='lat'><strong>,</strong></span> <span class='ocrx_word' id='word_1_355' title='bbox 3205 2356 3264 2400; x_wconf 91' lang='lat' dir='ltr'><strong>ut</strong></span> <span class='ocrx_word' id='word_1_356' title='bbox 3323 2346 3562 2400; x_wconf 62' lang='lat' dir='ltr'><strong>tenebrae</strong></span> <span class='ocrx_word' id='word_1_357' title='bbox 3612 2352 3729 2398; x_wconf 83' lang='lat' dir='ltr'><strong>ter-</strong></span> 
     </span>
    </p>
   </div>
   <div class='ocr_carea' id='block_1_52' title="bbox 2179 2441 3732 2511">
    <p class='ocr_par' dir='ltr' id='par_1_52' title="bbox 2179 2441 3732 2511">
     <span class='ocr_line' id='line_1_52' title="bbox 2179 2441 3732 2511; baseline -0.002 -15"><span class='ocrx_word' id='word_1_358' title='bbox 2179 2459 2292 2496; x_wconf 89' lang='lat' dir='ltr'><strong>ram</strong></span> <span class='ocrx_word' id='word_1_359' title='bbox 2325 2453 2674 2511; x_wconf 86' lang='lat' dir='ltr'><strong>occuparent.</strong></span> <span class='ocrx_word' id='word_1_360' title='bbox 2703 2444 2901 2498; x_wconf 85' lang='lat' dir='ltr'><strong>Eodem</strong></span> <span class='ocrx_word' id='word_1_361' title='bbox 2951 2457 3095 2496; x_wconf 88' lang='lat' dir='ltr'><strong>anno</strong></span> <span class='ocrx_word' id='word_1_362' title='bbox 3125 2448 3364 2497; x_wconf 87' lang='lat' dir='ltr'><strong>cometes</strong></span> <span class='ocrx_word' id='word_1_363' title='bbox 3385 2441 3545 2496; x_wconf 85' lang='lat' dir='ltr'><strong>etiam</strong></span> <span class='ocrx_word' id='word_1_364' title='bbox 3605 2455 3732 2493; x_wconf 87' lang='lat' dir='ltr'><strong>cau-</strong></span> 
     </span>
    </p>
   </div>
   <div class='ocr_carea' id='block_1_53' title="bbox 2177 2535 2640 2602">
    <p class='ocr_par' dir='ltr' id='par_1_53' title="bbox 2177 2535 2640 2602">
     <span class='ocr_line' id='line_1_53' title="bbox 2177 2535 2640 2602; baseline -0.002 -14"><span class='ocrx_word' id='word_1_365' title='bbox 2177 2535 2336 2588; x_wconf 72' lang='lat' dir='ltr'><strong>datus</strong></span> <span class='ocrx_word' id='word_1_366' title='bbox 2370 2535 2640 2602; x_wconf 90' lang='lat' dir='ltr'><strong>apparuit.</strong></span> 
     </span>
    </p>
   </div>
   <div class='ocr_carea' id='block_1_54' title="bbox 2247 2621 3730 2692">
    <p class='ocr_par' dir='ltr' id='par_1_54' title="bbox 2247 2621 3730 2692">
     <span class='ocr_line' id='line_1_54' title="bbox 2247 2621 3730 2692; baseline -0.005 -12"><span class='ocrx_word' id='word_1_367' title='bbox 2247 2627 2399 2680; x_wconf 88' lang='lat' dir='ltr'><strong>Tunc</strong></span> <span class='ocrx_word' id='word_1_368' title='bbox 2427 2637 2480 2679; x_wconf 91' lang='lat' dir='ltr'><strong>et</strong></span> <span class='ocrx_word' id='word_1_369' title='bbox 2543 2623 2836 2678; x_wconf 87' lang='lat' dir='ltr'><strong>Enrenosis</strong></span> <span class='ocrx_word' id='word_1_370' title='bbox 2893 2623 3011 2692; x_wconf 80' lang='lat' dir='ltr'><strong>begi</strong></span> <span class='ocrx_word' id='word_1_371' title='bbox 3069 2623 3233 2684; x_wconf 85' lang='lat' dir='ltr'><strong>lilius,</strong></span> <span class='ocrx_word' id='word_1_372' title='bbox 3291 2621 3406 2676; x_wconf 84' lang='lat' dir='ltr'><strong>Alis</strong></span> <span class='ocrx_word' id='word_1_373' title='bbox 3435 2621 3624 2690; x_wconf 83' lang='lat' dir='ltr'><strong>begus,</strong></span> <span class='ocrx_word' id='word_1_374' title='bbox 3677 2625 3730 2672; x_wconf 88' lang='lat' dir='ltr'><strong>in</strong></span> 
     </span>
    </p>
   </div>
   <div class='ocr_carea' id='block_1_55' title="bbox 2178 2713 3734 2786">
    <p class='ocr_par' dir='ltr' id='par_1_55' title="bbox 2178 2713 3734 2786">
     <span class='ocr_line' id='line_1_55' title="bbox 2178 2713 3734 2786; baseline -0.005 -13"><span class='ocrx_word' id='word_1_375' title='bbox 2178 2719 2463 2773; x_wconf 84' lang='lat' dir='ltr'><strong>Albaniam</strong></span> <span class='ocrx_word' id='word_1_376' title='bbox 2493 2717 2676 2786; x_wconf 90' lang='lat' dir='ltr'><strong>copias</strong></span> <span class='ocrx_word' id='word_1_377' title='bbox 2707 2717 2879 2778; x_wconf 79' lang='lat' dir='ltr'><strong>duxit,</strong></span> <span class='ocrx_word' id='word_1_378' title='bbox 2908 2715 3065 2770; x_wconf 87' lang='lat' dir='ltr'><strong>irrito</strong></span> <span class='ocrx_word' id='word_1_379' title='bbox 3091 2716 3246 2782; x_wconf 88' lang='lat' dir='ltr'><strong>plane</strong></span> <span class='ocrx_word' id='word_1_380' title='bbox 3275 2724 3494 2769; x_wconf 83' lang='lat' dir='ltr'><strong>conatu.</strong></span> <span class='ocrx_word' id='word_1_381' title='bbox 3551 2713 3734 2781; x_wconf 82' lang='lat' dir='ltr'><strong>Neque</strong></span> 
     </span>
    </p>
   </div>
   <div class='ocr_carea' id='block_1_56' title="bbox 2181 2806 3737 2879">
    <p class='ocr_par' dir='ltr' id='par_1_56' title="bbox 2181 2806 3737 2879">
     <span class='ocr_line' id='line_1_56' title="bbox 2181 2806 3737 2879; baseline -0.006 -13"><span class='ocrx_word' id='word_1_382' title='bbox 2181 2812 2348 2866; x_wconf 92' lang='lat' dir='ltr'><strong>multo</strong></span> <span class='ocrx_word' id='word_1_383' title='bbox 2374 2821 2508 2879; x_wconf 89' lang='lat' dir='ltr'><strong>post,</strong></span> <span class='ocrx_word' id='word_1_384' title='bbox 2546 2808 2972 2878; x_wconf 82' lang='lat' dir='ltr'><strong>Herzegovinam</strong></span> <span class='ocrx_word' id='word_1_385' title='bbox 3006 2822 3315 2878; x_wconf 71' lang='lat' dir='ltr'><strong>aggressus,</strong></span> <span class='ocrx_word' id='word_1_386' title='bbox 3359 2806 3553 2860; x_wconf 89' lang='lat' dir='ltr'><strong>ibidem</strong></span> <span class='ocrx_word' id='word_1_387' title='bbox 3601 2820 3737 2871; x_wconf 89' lang='lat' dir='ltr'><strong>quo-</strong></span> 
     </span>
    </p>
   </div>
   <div class='ocr_carea' id='block_1_57' title="bbox 2179 2895 3734 2973">
    <p class='ocr_par' dir='ltr' id='par_1_57' title="bbox 2179 2895 3734 2973">
     <span class='ocr_line' id='line_1_57' title="bbox 2179 2895 3734 2973; baseline -0.006 -17"><span class='ocrx_word' id='word_1_388' title='bbox 2179 2917 2284 2973; x_wconf 87' lang='lat' dir='ltr'><strong>que</strong></span> <span class='ocrx_word' id='word_1_389' title='bbox 2302 2917 2423 2955; x_wconf 92' lang='lat' dir='ltr'><strong>cum</strong></span> <span class='ocrx_word' id='word_1_390' title='bbox 2455 2901 2694 2954; x_wconf 81' lang='lat' dir='ltr'><strong>exercitu</strong></span> <span class='ocrx_word' id='word_1_391' title='bbox 2720 2900 2891 2953; x_wconf 79' lang='lat' dir='ltr'><strong>victus</strong></span> <span class='ocrx_word' id='word_1_392' title='bbox 2927 2899 3044 2962; x_wconf 81' lang='lat' dir='ltr'><strong>fuit,</strong></span> <span class='ocrx_word' id='word_1_393' title='bbox 3081 2914 3222 2952; x_wconf 88' lang='lat' dir='ltr'><strong>anno</strong></span> <span class='ocrx_word' id='word_1_394' title='bbox 3239 2897 3341 2951; x_wconf 87' lang='grc'><strong>856</strong></span> <span class='ocrx_word' id='word_1_395' title='bbox 3367 2895 3517 2967; x_wconf 87' lang='lat' dir='ltr'><strong>(Chr.</strong></span> <span class='ocrx_word' id='word_1_396' title='bbox 3552 2895 3734 2960; x_wconf 66' lang='grc'>1455).</span> 
     </span>
    </p>
   </div>
   <div class='ocr_carea' id='block_1_58' title="bbox 2254 2985 3738 3060">
    <p class='ocr_par' dir='ltr' id='par_1_58' title="bbox 2254 2985 3738 3060">
     <span class='ocr_line' id='line_1_58' title="bbox 2254 2985 3738 3060; baseline -0.006 -13"><span class='ocrx_word' id='word_1_397' title='bbox 2254 2993 2362 3048; x_wconf 73' lang='lat' dir='ltr'><strong>Hac</strong></span> <span class='ocrx_word' id='word_1_398' title='bbox 2392 2991 2544 3047; x_wconf 86' lang='lat' dir='ltr'><strong>clade</strong></span> <span class='ocrx_word' id='word_1_399' title='bbox 2606 2999 2846 3060; x_wconf 86' lang='lat' dir='ltr'><strong>accepta,</strong></span> <span class='ocrx_word' id='word_1_400' title='bbox 2901 2993 3026 3044; x_wconf 87' lang='lat' dir='ltr'><strong>dum</strong></span> <span class='ocrx_word' id='word_1_401' title='bbox 3071 2987 3450 3060; x_wconf 82' lang='lat' dir='ltr'><strong>Hadrianopoli</strong></span> <span class='ocrx_word' id='word_1_402' title='bbox 3500 2985 3738 3039; x_wconf 84' lang='lat' dir='ltr'><strong>Murates</strong></span> 
     </span>
    </p>
   </div>
   <div class='ocr_carea' id='block_1_59' title="bbox 2182 3076 3734 3154">
    <p class='ocr_par' dir='ltr' id='par_1_59' title="bbox 2182 3076 3734 3154">
     <span class='ocr_line' id='line_1_59' title="bbox 2182 3076 3734 3154; baseline -0.009 -12"><span class='ocrx_word' id='word_1_403' title='bbox 2182 3089 2429 3142; x_wconf 87' lang='lat' dir='ltr'><strong>sultanus</strong></span> <span class='ocrx_word' id='word_1_404' title='bbox 2463 3085 2809 3154; x_wconf 86' lang='lat' dir='ltr'><strong>quiesceret;</strong></span> <span class='ocrx_word' id='word_1_405' title='bbox 2864 3082 3124 3136; x_wconf 89' lang='lat' dir='ltr'><strong>Iimitanei</strong></span> <span class='ocrx_word' id='word_1_406' title='bbox 3180 3081 3368 3142; x_wconf 89' lang='lat' dir='ltr'><strong>duces,</strong></span> <span class='ocrx_word' id='word_1_407' title='bbox 3435 3076 3734 3148; x_wconf 71' lang='lat' dir='ltr'><strong>prtusertim</strong></span> 
     </span>
    </p>
   </div>
   <div class='ocr_carea' id='block_1_60' title="bbox 522 3166 2079 3254">
    <p class='ocr_par' dir='ltr' id='par_1_60' title="bbox 522 3166 2079 3240">
     <span class='ocr_line' id='line_1_60' title="bbox 522 3166 2079 3240; baseline -0.004 -14"><span class='ocrx_word' id='word_1_408' title='bbox 522 3187 654 3240; x_wconf 85' lang='lat' dir='ltr'><strong>gnas</strong></span> <span class='ocrx_word' id='word_1_409' title='bbox 687 3171 757 3225; x_wconf 90' lang='lat' dir='ltr'><strong>ibi</strong></span> <span class='ocrx_word' id='word_1_410' title='bbox 779 3169 967 3225; x_wconf 87' lang='lat' dir='ltr'><strong>turbas</strong></span> <span class='ocrx_word' id='word_1_411' title='bbox 1002 3168 1190 3224; x_wconf 88' lang='lat' dir='ltr'><strong>dedit:</strong></span> <span class='ocrx_word' id='word_1_412' title='bbox 1232 3169 1324 3224; x_wconf 88' lang='lat' dir='ltr'><strong>sed</strong></span> <span class='ocrx_word' id='word_1_413' title='bbox 1387 3169 1601 3223; x_wconf 88' lang='lat' dir='ltr'><strong>tandem</strong></span> <span class='ocrx_word' id='word_1_414' title='bbox 1654 3166 1893 3223; x_wconf 82' lang='lat' dir='ltr'><strong>Murates</strong></span> <span class='ocrx_word' id='word_1_415' title='bbox 1920 3182 2079 3235; x_wconf 81' lang='lat' dir='ltr'><strong>expe-</strong></span> 
     </span>
    </p>
   </div>
   <div class='ocr_carea' id='block_1_61' title="bbox 2181 3166 3738 3254">
    <p class='ocr_par' dir='ltr' id='par_1_61' title="bbox 2185 3171 3738 3248">
     <span class='ocr_line' id='line_1_61' title="bbox 2185 3171 3738 3248; baseline -0.008 -13"><span class='ocrx_word' id='word_1_416' title='bbox 2185 3182 2354 3236; x_wconf 85' lang='lat' dir='ltr'><strong>Sinan</strong></span> <span class='ocrx_word' id='word_1_417' title='bbox 2398 3179 2588 3248; x_wconf 80' lang='lat' dir='ltr'><strong>begus,</strong></span> <span class='ocrx_word' id='word_1_418' title='bbox 2632 3176 2818 3232; x_wconf 89' lang='lat' dir='ltr'><strong>lsaeus</strong></span> <span class='ocrx_word' id='word_1_419' title='bbox 2856 3176 3042 3243; x_wconf 83' lang='lat' dir='ltr'><strong>begus,</strong></span> <span class='ocrx_word' id='word_1_420' title='bbox 3070 3183 3126 3229; x_wconf 94' lang='lat' dir='ltr'><strong>et</strong></span> <span class='ocrx_word' id='word_1_421' title='bbox 3171 3171 3488 3228; x_wconf 86' lang='lat' dir='ltr'><strong>Turchanes</strong></span> <span class='ocrx_word' id='word_1_422' title='bbox 3547 3172 3738 3240; x_wconf 85' lang='lat' dir='ltr'><strong>begus.</strong></span> 
     </span>
    </p>
   </div>
   <div class='ocr_carea' id='block_1_62' title="bbox 523 3260 2085 3330">
    <p class='ocr_par' dir='ltr' id='par_1_62' title="bbox 523 3260 2085 3330">
     <span class='ocr_line' id='line_1_62' title="bbox 523 3260 2085 3330; baseline -0.003 -12"><span class='ocrx_word' id='word_1_423' title='bbox 523 3265 780 3320; x_wconf 86' lang='lat' dir='ltr'><strong>ditionem</strong></span> <span class='ocrx_word' id='word_1_424' title='bbox 842 3263 1110 3318; x_wconf 87' lang='lat' dir='ltr'><strong>adversus</strong></span> <span class='ocrx_word' id='word_1_425' title='bbox 1195 3261 1414 3316; x_wconf 78' lang='lat' dir='ltr'><strong>fratrem</strong></span> <span class='ocrx_word' id='word_1_426' title='bbox 1471 3260 1732 3330; x_wconf 88' lang='lat' dir='ltr'><strong>suscepit,</strong></span> <span class='ocrx_word' id='word_1_427' title='bbox 1796 3272 1849 3316; x_wconf 91' lang='lat' dir='ltr'><strong>et</strong></span> <span class='ocrx_word' id='word_1_428' title='bbox 1900 3260 2085 3316; x_wconf 74' lang='lat' dir='ltr'><strong>lsnicae</strong></span> 
     </span>
    </p>
   </div>
   <div class='ocr_carea' id='block_1_63' title="bbox 527 3351 2086 3423">
    <p class='ocr_par' dir='ltr' id='par_1_63' title="bbox 527 3351 2086 3423">
     <span class='ocr_line' id='line_1_63' title="bbox 527 3351 2086 3423; baseline -0.004 -12"><span class='ocrx_word' id='word_1_429' title='bbox 527 3367 742 3421; x_wconf 84' lang='lat' dir='ltr'><strong>captum</strong></span> <span class='ocrx_word' id='word_1_430' title='bbox 814 3354 997 3410; x_wconf 88' lang='lat' dir='ltr'><strong>necari</strong></span> <span class='ocrx_word' id='word_1_431' title='bbox 1046 3353 1242 3423; x_wconf 89' lang='lat' dir='ltr'><strong>jussit;</strong></span> <span class='ocrx_word' id='word_1_432' title='bbox 1305 3351 1445 3407; x_wconf 90' lang='lat' dir='ltr'><strong>unde</strong></span> <span class='ocrx_word' id='word_1_433' title='bbox 1481 3351 1710 3406; x_wconf 87' lang='lat' dir='ltr'><strong>Prusam</strong></span> <span class='ocrx_word' id='word_1_434' title='bbox 1751 3362 1974 3414; x_wconf 88' lang='lat' dir='ltr'><strong>vectus.</strong></span> <span class='ocrx_word' id='word_1_435' title='bbox 2031 3361 2086 3405; x_wconf 86' lang='lat' dir='ltr'><strong>et</strong></span> 
     </span>
    </p>
   </div>
   <div class='ocr_carea' id='block_1_64' title="bbox 527 3444 2087 3518">
    <p class='ocr_par' dir='ltr' id='par_1_64' title="bbox 527 3444 2087 3518">
     <span class='ocr_line' id='line_1_64' title="bbox 527 3444 2087 3518; baseline -0.003 -16"><span class='ocrx_word' id='word_1_436' title='bbox 527 3450 681 3518; x_wconf 78' lang='lat' dir='ltr'><strong>juxta</strong></span> <span class='ocrx_word' id='word_1_437' title='bbox 708 3459 910 3515; x_wconf 88' lang='lat' dir='ltr'><strong>patrem</strong></span> <span class='ocrx_word' id='word_1_438' title='bbox 951 3449 1200 3502; x_wconf 90' lang='lat' dir='ltr'><strong>conditus</strong></span> <span class='ocrx_word' id='word_1_439' title='bbox 1227 3446 1347 3500; x_wconf 88' lang='lat' dir='ltr'><strong>l&#39;uit.</strong></span> <span class='ocrx_word' id='word_1_440' title='bbox 1387 3444 1699 3500; x_wconf 83' lang='lat' dir='ltr'><strong>Secundum</strong></span> <span class='ocrx_word' id='word_1_441' title='bbox 1760 3445 1875 3499; x_wconf 61' lang='lat' dir='ltr'><strong>hac</strong></span> <span class='ocrx_word' id='word_1_442' title='bbox 1926 3444 2087 3498; x_wconf 81' lang='lat' dir='ltr'><strong>rediit</strong></span> 
     </span>
    </p>
   </div>
   <div class='ocr_carea' id='block_1_65' title="bbox 533 3534 2090 3604">
    <p class='ocr_par' dir='ltr' id='par_1_65' title="bbox 533 3534 2090 3604">
     <span class='ocr_line' id='line_1_65' title="bbox 533 3534 2090 3604; baseline -0.001 -15"><span class='ocrx_word' id='word_1_443' title='bbox 533 3539 782 3592; x_wconf 87' lang='lat' dir='ltr'><strong>sultanus</strong></span> <span class='ocrx_word' id='word_1_444' title='bbox 823 3537 1057 3592; x_wconf 79' lang='lat' dir='ltr'><strong>Murates</strong></span> <span class='ocrx_word' id='word_1_445' title='bbox 1097 3534 1559 3604; x_wconf 81' lang='lat' dir='ltr'><strong>HadrianOpolim,</strong></span> <span class='ocrx_word' id='word_1_446' title='bbox 1585 3549 1693 3604; x_wconf 89' lang='lat' dir='ltr'><strong>quo</strong></span> <span class='ocrx_word' id='word_1_447' title='bbox 1729 3549 1851 3589; x_wconf 92' lang='lat' dir='ltr'><strong>cum</strong></span> <span class='ocrx_word' id='word_1_448' title='bbox 1900 3547 2090 3602; x_wconf 88' lang='lat' dir='ltr'><strong>perve-</strong></span> 
     </span>
    </p>
   </div>
   <div class='ocr_carea' id='block_1_66' title="bbox 546 3623 2083 3694">
    <p class='ocr_par' dir='ltr' id='par_1_66' title="bbox 546 3623 2083 3694">
     <span class='ocr_line' id='line_1_66' title="bbox 546 3623 2083 3694; baseline -0.003 -12"><span class='ocrx_word' id='word_1_449' title='bbox 546 3629 734 3690; x_wconf 89' lang='lat' dir='ltr'><strong>nisset,</strong></span> <span class='ocrx_word' id='word_1_450' title='bbox 770 3628 837 3684; x_wconf 91' lang='lat' dir='ltr'><strong>de</strong></span> <span class='ocrx_word' id='word_1_451' title='bbox 899 3628 1139 3684; x_wconf 67' lang='lat' dir='ltr'><strong>voivodaa</strong></span> <span class='ocrx_word' id='word_1_452' title='bbox 1193 3625 1418 3681; x_wconf 83' lang='lat' dir='ltr'><strong>Valachi</strong></span> <span class='ocrx_word' id='word_1_453' title='bbox 1451 3624 1754 3682; x_wconf 87' lang='lat' dir='ltr'><strong>delectione</strong></span> <span class='ocrx_word' id='word_1_454' title='bbox 1811 3623 2083 3694; x_wconf 87' lang='lat' dir='ltr'><strong>cognovit.</strong></span> 
     </span>
    </p>
   </div>
   <div class='ocr_carea' id='block_1_67' title="bbox 529 3718 2084 3794">
    <p class='ocr_par' dir='ltr' id='par_1_67' title="bbox 529 3718 2084 3794">
     <span class='ocr_line' id='line_1_67' title="bbox 529 3718 2084 3794; baseline -0.005 -18"><span class='ocrx_word' id='word_1_455' title='bbox 529 3724 865 3794; x_wconf 84' lang='lat' dir='ltr'><strong>Quapropter</strong></span> <span class='ocrx_word' id='word_1_456' title='bbox 885 3723 1067 3777; x_wconf 90' lang='lat' dir='ltr'><strong>ductis</strong></span> <span class='ocrx_word' id='word_1_457' title='bbox 1107 3722 1158 3775; x_wconf 95' lang='lat' dir='ltr'><strong>in</strong></span> <span class='ocrx_word' id='word_1_458' title='bbox 1192 3719 1511 3774; x_wconf 77' lang='lat' dir='ltr'><strong>Valachiam</strong></span> <span class='ocrx_word' id='word_1_459' title='bbox 1563 3718 1760 3788; x_wconf 88' lang='lat' dir='ltr'><strong>copiis,</strong></span> <span class='ocrx_word' id='word_1_460' title='bbox 1812 3718 2084 3787; x_wconf 88' lang='lat' dir='ltr'><strong>regionem</strong></span> 
     </span>
    </p>
   </div>
   <div class='ocr_carea' id='block_1_68' title="bbox 529 3806 2089 3881">
    <p class='ocr_par' dir='ltr' id='par_1_68' title="bbox 529 3806 2089 3881">
     <span class='ocr_line' id='line_1_68' title="bbox 529 3806 2089 3881; baseline -0.003 -12"><span class='ocrx_word' id='word_1_461' title='bbox 529 3817 836 3869; x_wconf 83' lang='lat' dir='ltr'><strong>universam</strong></span> <span class='ocrx_word' id='word_1_462' title='bbox 864 3815 1006 3869; x_wconf 66' lang='lat' dir='ltr'><strong>laede</strong></span> <span class='ocrx_word' id='word_1_463' title='bbox 1026 3813 1274 3881; x_wconf 90' lang='lat' dir='ltr'><strong>diripuit,</strong></span> <span class='ocrx_word' id='word_1_464' title='bbox 1311 3820 1364 3865; x_wconf 93' lang='lat' dir='ltr'><strong>et</strong></span> <span class='ocrx_word' id='word_1_465' title='bbox 1407 3810 1611 3877; x_wconf 85' lang='lat' dir='ltr'><strong>amplis</strong></span> <span class='ocrx_word' id='word_1_466' title='bbox 1672 3809 1873 3878; x_wconf 90' lang='lat' dir='ltr'><strong>potitus</strong></span> <span class='ocrx_word' id='word_1_467' title='bbox 1926 3806 2089 3875; x_wconf 82' lang='lat'><strong>326</strong></span> 
     </span>
    </p>
   </div>
   <div class='ocr_carea' id='block_1_69' title="bbox 527 3900 1977 3976">
    <p class='ocr_par' dir='ltr' id='par_1_69' title="bbox 527 3900 1977 3976">
     <span class='ocr_line' id='line_1_69' title="bbox 527 3900 1977 3976; baseline -0.007 -13"><span class='ocrx_word' id='word_1_468' title='bbox 527 3909 736 3976; x_wconf 78' lang='lat' dir='ltr'><strong>spoliis,</strong></span> <span class='ocrx_word' id='word_1_469' title='bbox 773 3907 1218 3974; x_wconf 87' lang='lat' dir='ltr'><strong>Hadrianopolim</strong></span> <span class='ocrx_word' id='word_1_470' title='bbox 1257 3918 1510 3960; x_wconf 56' lang='lat' dir='ltr'><strong>reversus</strong></span> <span class='ocrx_word' id='word_1_471' title='bbox 1541 3912 1645 3966; x_wconf 87' lang='lat' dir='ltr'><strong>est,</strong></span> <span class='ocrx_word' id='word_1_472' title='bbox 1679 3917 1823 3956; x_wconf 89' lang='lat' dir='ltr'><strong>anno</strong></span> <span class='ocrx_word' id='word_1_473' title='bbox 1852 3900 1977 3954; x_wconf 72' lang='lat'><strong>827.</strong></span> 
     </span>
    </p>
   </div>
   <div class='ocr_carea' id='block_1_70' title="bbox 599 3992 2088 4064">
    <p class='ocr_par' dir='ltr' id='par_1_70' title="bbox 599 3992 2088 4064">
     <span class='ocr_line' id='line_1_70' title="bbox 599 3992 2088 4064; baseline -0.008 -8"><span class='ocrx_word' id='word_1_474' title='bbox 599 4002 731 4057; x_wconf 88' lang='lat' dir='ltr'><strong>lude</strong></span> <span class='ocrx_word' id='word_1_475' title='bbox 785 4015 980 4055; x_wconf 85' lang='lat' dir='ltr'><strong>rursus</strong></span> <span class='ocrx_word' id='word_1_476' title='bbox 1031 3999 1087 4052; x_wconf 92' lang='lat' dir='ltr'><strong>in</strong></span> <span class='ocrx_word' id='word_1_477' title='bbox 1123 3997 1429 4050; x_wconf 83' lang='lat' dir='ltr'><strong>Anatoliam</strong></span> <span class='ocrx_word' id='word_1_478' title='bbox 1493 3994 1804 4064; x_wconf 77' lang='lat' dir='ltr'><strong>profectus,</strong></span> <span class='ocrx_word' id='word_1_479' title='bbox 1872 3992 2088 4063; x_wconf 72' lang='lat' dir='ltr'><strong>lsmym</strong></span> 
     </span>
    </p>
   </div>
   <div class='ocr_carea' id='block_1_71' title="bbox 531 4085 2086 4166">
    <p class='ocr_par' dir='ltr' id='par_1_71' title="bbox 531 4085 2086 4166">
     <span class='ocr_line' id='line_1_71' title="bbox 531 4085 2086 4166; baseline -0.008 -17"><span class='ocrx_word' id='word_1_480' title='bbox 531 4095 835 4166; x_wconf 90' lang='lat' dir='ltr'><strong>principem</strong></span> <span class='ocrx_word' id='word_1_481' title='bbox 863 4092 1069 4145; x_wconf 89' lang='lat' dir='ltr'><strong>ditione</strong></span> <span class='ocrx_word' id='word_1_482' title='bbox 1098 4104 1193 4143; x_wconf 91' lang='lat' dir='ltr'><strong>sua</strong></span> <span class='ocrx_word' id='word_1_483' title='bbox 1245 4089 1468 4157; x_wconf 82' lang='lat' dir='ltr'><strong>expulit,</strong></span> <span class='ocrx_word' id='word_1_484' title='bbox 1505 4098 1559 4142; x_wconf 89' lang='lat' dir='ltr'><strong>et</strong></span> <span class='ocrx_word' id='word_1_485' title='bbox 1597 4096 1854 4156; x_wconf 54' lang='lat' dir='ltr'><strong>praeterea</strong></span> <span class='ocrx_word' id='word_1_486' title='bbox 1907 4085 2086 4152; x_wconf 84' lang='lat' dir='ltr'><strong>regio-</strong></span> 
     </span>
    </p>
   </div>
   <div class='ocr_carea' id='block_1_72' title="bbox 533 4175 2090 4246">
    <p class='ocr_par' dir='ltr' id='par_1_72' title="bbox 533 4175 2090 4246">
     <span class='ocr_line' id='line_1_72' title="bbox 533 4175 2090 4246; baseline -0.01 -5"><span class='ocrx_word' id='word_1_487' title='bbox 533 4187 716 4243; x_wconf 86' lang='lat' dir='ltr'><strong>nibus.</strong></span> <span class='ocrx_word' id='word_1_488' title='bbox 740 4182 1111 4246; x_wconf 67' lang='lat' dir='ltr'><strong>Mentesianre,</strong></span> <span class='ocrx_word' id='word_1_489' title='bbox 1137 4180 1444 4242; x_wconf 84' lang='lat' dir='ltr'><strong>Aidinensi,</strong></span> <span class='ocrx_word' id='word_1_490' title='bbox 1473 4178 1810 4240; x_wconf 74' lang='lat' dir='ltr'><strong>Sarchauiae,</strong></span> <span class='ocrx_word' id='word_1_491' title='bbox 1845 4184 1898 4229; x_wconf 93' lang='lat' dir='ltr'><strong>et</strong></span> <span class='ocrx_word' id='word_1_492' title='bbox 1949 4175 2090 4227; x_wconf 86' lang='lat' dir='ltr'><strong>Che-</strong></span> 
     </span>
    </p>
   </div>
   <div class='ocr_carea' id='block_1_73' title="bbox 533 4267 2086 4343">
    <p class='ocr_par' dir='ltr' id='par_1_73' title="bbox 533 4267 2086 4343">
     <span class='ocr_line' id='line_1_73' title="bbox 533 4267 2086 4343; baseline -0.008 -11"><span class='ocrx_word' id='word_1_493' title='bbox 533 4279 790 4336; x_wconf 86' lang='lat' dir='ltr'><strong>midensi.</strong></span> <span class='ocrx_word' id='word_1_494' title='bbox 829 4272 1077 4343; x_wconf 64' lang='lat' dir='ltr'><strong>praesidia</strong></span> <span class='ocrx_word' id='word_1_495' title='bbox 1129 4287 1354 4325; x_wconf 92' lang='lat' dir='ltr'><strong>suorum</strong></span> <span class='ocrx_word' id='word_1_496' title='bbox 1384 4269 1664 4334; x_wconf 80' lang='lat' dir='ltr'><strong>imposuit,</strong></span> <span class='ocrx_word' id='word_1_497' title='bbox 1691 4267 1938 4322; x_wconf 90' lang='lat' dir='ltr'><strong>deductis</strong></span> <span class='ocrx_word' id='word_1_498' title='bbox 1993 4282 2086 4319; x_wconf 82' lang='lat' dir='ltr'><strong>eo-</strong></span> 
     </span>
    </p>
   </div>
   <div class='ocr_carea' id='block_1_74' title="bbox 529 4354 2088 4433">
    <p class='ocr_par' dir='ltr' id='par_1_74' title="bbox 529 4354 2088 4433">
     <span class='ocr_line' id='line_1_74' title="bbox 529 4354 2088 4433; baseline -0.01 -10"><span class='ocrx_word' id='word_1_499' title='bbox 529 4370 652 4423; x_wconf 86' lang='lat' dir='ltr'><strong>dem</strong></span> <span class='ocrx_word' id='word_1_500' title='bbox 686 4367 939 4428; x_wconf 84' lang='lat' dir='ltr'><strong>coloniis,</strong></span> <span class='ocrx_word' id='word_1_501' title='bbox 975 4374 1029 4418; x_wconf 76' lang='lat' dir='ltr'><strong>et</strong></span> <span class='ocrx_word' id='word_1_502' title='bbox 1055 4363 1204 4433; x_wconf 82' lang='lat' dir='ltr'><strong>agris</strong></span> <span class='ocrx_word' id='word_1_503' title='bbox 1231 4363 1372 4416; x_wconf 87' lang='lat' dir='ltr'><strong>inter</strong></span> <span class='ocrx_word' id='word_1_504' title='bbox 1390 4377 1516 4415; x_wconf 88' lang='lat' dir='ltr'><strong>suos</strong></span> <span class='ocrx_word' id='word_1_505' title='bbox 1547 4357 1875 4415; x_wconf 88' lang='lat' dir='ltr'><strong>distributis.</strong></span> <span class='ocrx_word' id='word_1_506' title='bbox 1925 4354 2088 4410; x_wconf 81' lang='lat' dir='ltr'><strong>Gesta</strong></span> 
     </span>
    </p>
   </div>
   <div class='ocr_carea' id='block_1_75' title="bbox 531 4446 1984 4518">
    <p class='ocr_par' dir='ltr' id='par_1_75' title="bbox 531 4446 1984 4518">
     <span class='ocr_line' id='line_1_75' title="bbox 531 4446 1984 4518; baseline -0.009 -6"><span class='ocrx_word' id='word_1_507' title='bbox 531 4475 660 4512; x_wconf 84' lang='lat' dir='ltr'><strong>vero</strong></span> <span class='ocrx_word' id='word_1_508' title='bbox 697 4458 914 4512; x_wconf 76' lang='lat' dir='ltr'><strong>{uerunt</strong></span> <span class='ocrx_word' id='word_1_509' title='bbox 943 4459 1056 4508; x_wconf 76' lang='lat' dir='ltr'><strong>htec</strong></span> <span class='ocrx_word' id='word_1_510' title='bbox 1075 4455 1268 4508; x_wconf 88' lang='lat' dir='ltr'><strong>eodem</strong></span> <span class='ocrx_word' id='word_1_511' title='bbox 1300 4468 1444 4506; x_wconf 86' lang='lat' dir='ltr'><strong>anno</strong></span> <span class='ocrx_word' id='word_1_512' title='bbox 1475 4451 1576 4504; x_wconf 63' lang='lat'><strong>827</strong></span> <span class='ocrx_word' id='word_1_513' title='bbox 1616 4448 1769 4518; x_wconf 83' lang='lat' dir='ltr'><strong>(Chr.</strong></span> <span class='ocrx_word' id='word_1_514' title='bbox 1797 4446 1984 4518; x_wconf 70' lang='grc'>1425).</span> 
     </span>
    </p>
   </div>
   <div class='ocr_carea' id='block_1_76' title="bbox 2185 3261 3739 3337">
    <p class='ocr_par' dir='ltr' id='par_1_76' title="bbox 2185 3261 3739 3337">
     <span class='ocr_line' id='line_1_76' title="bbox 2185 3261 3739 3337; baseline -0.008 -12"><span class='ocrx_word' id='word_1_515' title='bbox 2185 3285 2306 3325; x_wconf 90' lang='lat' dir='ltr'><strong>eum</strong></span> <span class='ocrx_word' id='word_1_516' title='bbox 2371 3271 2595 3333; x_wconf 87' lang='lat' dir='ltr'><strong>adeunt,</strong></span> <span class='ocrx_word' id='word_1_517' title='bbox 2628 3277 2683 3322; x_wconf 93' lang='lat' dir='ltr'><strong>et</strong></span> <span class='ocrx_word' id='word_1_518' title='bbox 2734 3276 2938 3322; x_wconf 89' lang='lat' dir='ltr'><strong>orant:</strong></span> <span class='ocrx_word' id='word_1_519' title='bbox 2994 3274 3314 3337; x_wconf 83' lang='lat' dir='ltr'><strong>potestatem</strong></span> <span class='ocrx_word' id='word_1_520' title='bbox 3367 3263 3468 3318; x_wconf 89' lang='lat' dir='ltr'><strong>sibi</strong></span> <span class='ocrx_word' id='word_1_521' title='bbox 3521 3261 3739 3325; x_wconf 79' lang='lat' dir='ltr'><strong>laceret,</strong></span> 
     </span>
    </p>
   </div>
   <div class='ocr_carea' id='block_1_77' title="bbox 2186 3354 3740 3428">
    <p class='ocr_par' dir='ltr' id='par_1_77' title="bbox 2186 3354 3740 3428">
     <span class='ocr_line' id='line_1_77' title="bbox 2186 3354 3740 3428; baseline -0.008 -12"><span class='ocrx_word' id='word_1_522' title='bbox 2186 3361 2504 3416; x_wconf 68' lang='lat' dir='ltr'><strong>invadendae</strong></span> <span class='ocrx_word' id='word_1_523' title='bbox 2533 3373 2596 3414; x_wconf 90' lang='lat' dir='ltr'><strong>ac</strong></span> <span class='ocrx_word' id='word_1_524' title='bbox 2647 3359 3038 3428; x_wconf 79' lang='lat' dir='ltr'><strong>depopulanda:</strong></span> <span class='ocrx_word' id='word_1_525' title='bbox 3099 3357 3358 3412; x_wconf 67' lang='lat' dir='ltr'><strong>Albaniae.</strong></span> <span class='ocrx_word' id='word_1_526' title='bbox 3410 3354 3560 3422; x_wconf 82' lang='lat' dir='ltr'><strong>Quod</strong></span> <span class='ocrx_word' id='word_1_527' title='bbox 3619 3369 3740 3409; x_wconf 90' lang='lat' dir='ltr'><strong>cum</strong></span> 
     </span>
    </p>
   </div>
   <div class='ocr_carea' id='block_1_78' title="bbox 2184 3448 3742 3520">
    <p class='ocr_par' dir='ltr' id='par_1_78' title="bbox 2184 3448 3742 3520">
     <span class='ocr_line' id='line_1_78' title="bbox 2184 3448 3742 3520; baseline -0.007 -10"><span class='ocrx_word' id='word_1_528' title='bbox 2184 3454 2265 3510; x_wconf 89' lang='lat' dir='ltr'><strong>eis</strong></span> <span class='ocrx_word' id='word_1_529' title='bbox 2331 3454 2717 3515; x_wconf 86' lang='lat' dir='ltr'><strong>concessisset,</strong></span> <span class='ocrx_word' id='word_1_530' title='bbox 2778 3453 2894 3518; x_wconf 89' lang='lat' dir='ltr'><strong>ipse</strong></span> <span class='ocrx_word' id='word_1_531' title='bbox 2955 3450 3240 3520; x_wconf 64' lang='lat' dir='ltr'><strong>prmaltum</strong></span> <span class='ocrx_word' id='word_1_532' title='bbox 3294 3464 3462 3519; x_wconf 89' lang='lat' dir='ltr'><strong>prope</strong></span> <span class='ocrx_word' id='word_1_533' title='bbox 3517 3448 3742 3502; x_wconf 81' lang='lat' dir='ltr'><strong>Prusam</strong></span> 
     </span>
    </p>
   </div>
   <div class='ocr_carea' id='block_1_79' title="bbox 2185 3538 3743 3612">
    <p class='ocr_par' dir='ltr' id='par_1_79' title="bbox 2185 3538 3743 3612">
     <span class='ocr_line' id='line_1_79' title="bbox 2185 3538 3743 3612; baseline -0.007 -13"><span class='ocrx_word' id='word_1_534' title='bbox 2185 3553 2424 3600; x_wconf 89' lang='lat' dir='ltr'><strong>montem</strong></span> <span class='ocrx_word' id='word_1_535' title='bbox 2471 3543 2622 3606; x_wconf 86' lang='lat' dir='ltr'><strong>adiit,</strong></span> <span class='ocrx_word' id='word_1_536' title='bbox 2677 3557 2837 3612; x_wconf 90' lang='lat' dir='ltr'><strong>quem</strong></span> <span class='ocrx_word' id='word_1_537' title='bbox 2887 3557 3030 3595; x_wconf 81' lang='lat' dir='ltr'><strong>nunc</strong></span> <span class='ocrx_word' id='word_1_538' title='bbox 3071 3551 3303 3595; x_wconf 78' lang='lat' dir='ltr'><strong>montem</strong></span> <span class='ocrx_word' id='word_1_539' title='bbox 3361 3538 3743 3608; x_wconf 82' lang='lat' dir='ltr'><strong>Calogerorum</strong></span> 
     </span>
    </p>
   </div>
   <div class='ocr_carea' id='block_1_80' title="bbox 2187 3626 3742 3698">
    <p class='ocr_par' dir='ltr' id='par_1_80' title="bbox 2187 3626 3742 3698">
     <span class='ocr_line' id='line_1_80' title="bbox 2187 3626 3742 3698; baseline -0.003 -13"><span class='ocrx_word' id='word_1_540' title='bbox 2187 3642 2419 3689; x_wconf 83' lang='lat' dir='ltr'><strong>vocant:</strong></span> <span class='ocrx_word' id='word_1_541' title='bbox 2451 3633 2540 3687; x_wconf 88' lang='lat' dir='ltr'><strong>ubi</strong></span> <span class='ocrx_word' id='word_1_542' title='bbox 2563 3639 2801 3686; x_wconf 66' lang='lat' dir='ltr'><strong>aestatem</strong></span> <span class='ocrx_word' id='word_1_543' title='bbox 2833 3629 2980 3684; x_wconf 90' lang='lat' dir='ltr'><strong>illam</strong></span> <span class='ocrx_word' id='word_1_544' title='bbox 3041 3629 3168 3684; x_wconf 87' lang='lat' dir='ltr'><strong>anni</strong></span> <span class='ocrx_word' id='word_1_545' title='bbox 3201 3629 3305 3684; x_wconf 89' lang='grc'><strong>858</strong></span> <span class='ocrx_word' id='word_1_546' title='bbox 3355 3628 3507 3698; x_wconf 88' lang='lat' dir='ltr'><strong>(Chr.</strong></span> <span class='ocrx_word' id='word_1_547' title='bbox 3561 3626 3742 3688; x_wconf 71' lang='lat' dir='ltr'><strong>H55).</strong></span> 
     </span>
    </p>
   </div>
   <div class='ocr_carea' id='block_1_81' title="bbox 2184 3716 3745 3792">
    <p class='ocr_par' dir='ltr' id='par_1_81' title="bbox 2184 3716 3745 3792">
     <span class='ocr_line' id='line_1_81' title="bbox 2184 3716 3745 3792; baseline -0.006 -15"><span class='ocrx_word' id='word_1_548' title='bbox 2184 3722 2383 3792; x_wconf 78' lang='lat' dir='ltr'><strong>exegit.</strong></span> <span class='ocrx_word' id='word_1_549' title='bbox 2434 3720 2562 3774; x_wconf 86' lang='lat' dir='ltr'><strong>Inde</strong></span> <span class='ocrx_word' id='word_1_550' title='bbox 2616 3734 2867 3773; x_wconf 86' lang='lat' dir='ltr'><strong>reversus</strong></span> <span class='ocrx_word' id='word_1_551' title='bbox 2947 3718 3413 3787; x_wconf 87' lang='lat' dir='ltr'><strong>Hadrianopolim,</strong></span> <span class='ocrx_word' id='word_1_552' title='bbox 3461 3716 3745 3770; x_wconf 76' lang='lat' dir='ltr'><strong>adductam</strong></span> 
     </span>
    </p>
   </div>
   <div class='ocr_carea' id='block_1_82' title="bbox 2180 3808 3588 3881">
    <p class='ocr_par' dir='ltr' id='par_1_82' title="bbox 2180 3808 3588 3881">
     <span class='ocr_line' id='line_1_82' title="bbox 2180 3808 3588 3881; baseline -0.006 -13"><span class='ocrx_word' id='word_1_553' title='bbox 2180 3814 2340 3881; x_wconf 88' lang='lat' dir='ltr'><strong>jussu</strong></span> <span class='ocrx_word' id='word_1_554' title='bbox 2367 3826 2469 3867; x_wconf 87' lang='lat' dir='ltr'><strong>suo</strong></span> <span class='ocrx_word' id='word_1_555' title='bbox 2505 3810 2656 3864; x_wconf 89' lang='lat' dir='ltr'><strong>Bulci</strong></span> <span class='ocrx_word' id='word_1_556' title='bbox 2687 3809 2851 3864; x_wconf 78' lang='lat' dir='ltr'><strong>tiliam</strong></span> <span class='ocrx_word' id='word_1_557' title='bbox 2889 3810 3237 3864; x_wconf 88' lang='lat' dir='ltr'><strong>matrimonio</strong></span> <span class='ocrx_word' id='word_1_558' title='bbox 3266 3808 3588 3877; x_wconf 79' lang='lat' dir='ltr'><strong>sibijunxit.</strong></span> 
     </span>
    </p>
   </div>
   <div class='ocr_carea' id='block_1_83' title="bbox 2257 3899 3750 3969">
    <p class='ocr_par' dir='ltr' id='par_1_83' title="bbox 2257 3899 3750 3969">
     <span class='ocr_line' id='line_1_83' title="bbox 2257 3899 3750 3969; baseline -0.003 -12"><span class='ocrx_word' id='word_1_559' title='bbox 2257 3904 2370 3959; x_wconf 91' lang='lat' dir='ltr'><strong>lloc</strong></span> <span class='ocrx_word' id='word_1_560' title='bbox 2402 3917 2544 3957; x_wconf 88' lang='lat' dir='ltr'><strong>anno</strong></span> <span class='ocrx_word' id='word_1_561' title='bbox 2574 3917 2770 3956; x_wconf 90' lang='lat' dir='ltr'><strong>rursus</strong></span> <span class='ocrx_word' id='word_1_562' title='bbox 2793 3901 3086 3955; x_wconf 85' lang='lat' dir='ltr'><strong>Eurenosis</strong></span> <span class='ocrx_word' id='word_1_563' title='bbox 3144 3901 3262 3969; x_wconf 82' lang='lat' dir='ltr'><strong>begi</strong></span> <span class='ocrx_word' id='word_1_564' title='bbox 3319 3901 3480 3962; x_wconf 83' lang='lat' dir='ltr'><strong>lilius,</strong></span> <span class='ocrx_word' id='word_1_565' title='bbox 3516 3899 3630 3952; x_wconf 80' lang='lat' dir='ltr'><strong>Alis</strong></span> <span class='ocrx_word' id='word_1_566' title='bbox 3655 3899 3750 3952; x_wconf 88' lang='lat' dir='ltr'><strong>he-</strong></span> 
     </span>
    </p>
   </div>
   <div class='ocr_carea' id='block_1_84' title="bbox 2187 3989 3746 4066">
    <p class='ocr_par' dir='ltr' id='par_1_84' title="bbox 2187 3989 3746 4066">
     <span class='ocr_line' id='line_1_84' title="bbox 2187 3989 3746 4066; baseline -0.005 -18"><span class='ocrx_word' id='word_1_567' title='bbox 2187 4011 2310 4066; x_wconf 88' lang='lat' dir='ltr'><strong>gus,</strong></span> <span class='ocrx_word' id='word_1_568' title='bbox 2338 3997 2391 4048; x_wconf 92' lang='lat' dir='ltr'><strong>in</strong></span> <span class='ocrx_word' id='word_1_569' title='bbox 2419 3993 2706 4049; x_wconf 85' lang='lat' dir='ltr'><strong>Albanlam</strong></span> <span class='ocrx_word' id='word_1_570' title='bbox 2738 3992 3034 4063; x_wconf 83' lang='lat' dir='ltr'><strong>prolectus,</strong></span> <span class='ocrx_word' id='word_1_571' title='bbox 3059 3992 3324 4045; x_wconf 84' lang='lat' dir='ltr'><strong>maximas</strong></span> <span class='ocrx_word' id='word_1_572' title='bbox 3357 3991 3566 4060; x_wconf 64' lang='lat' dir='ltr'><strong>prmdas</strong></span> <span class='ocrx_word' id='word_1_573' title='bbox 3619 3989 3746 4055; x_wconf 70' lang='lat' dir='ltr'><strong>egit,</strong></span> 
     </span>
    </p>
   </div>
   <div class='ocr_carea' id='block_1_85' title="bbox 2187 4078 3746 4156">
    <p class='ocr_par' dir='ltr' id='par_1_85' title="bbox 2187 4078 3746 4156">
     <span class='ocr_line' id='line_1_85' title="bbox 2187 4078 3746 4156; baseline -0.008 -14"><span class='ocrx_word' id='word_1_574' title='bbox 2187 4097 2241 4142; x_wconf 90' lang='lat' dir='ltr'><strong>et</strong></span> <span class='ocrx_word' id='word_1_575' title='bbox 2278 4088 2452 4152; x_wconf 86' lang='lat' dir='ltr'><strong>ampla</strong></span> <span class='ocrx_word' id='word_1_576' title='bbox 2487 4086 2658 4156; x_wconf 88' lang='lat' dir='ltr'><strong>spolia</strong></span> <span class='ocrx_word' id='word_1_577' title='bbox 2687 4085 2998 4155; x_wconf 90' lang='lat' dir='ltr'><strong>reportavit,</strong></span> <span class='ocrx_word' id='word_1_578' title='bbox 3031 4099 3176 4137; x_wconf 89' lang='lat' dir='ltr'><strong>anno</strong></span> <span class='ocrx_word' id='word_1_579' title='bbox 3236 4081 3339 4136; x_wconf 91' lang='grc'>859</span> <span class='ocrx_word' id='word_1_580' title='bbox 3373 4081 3521 4150; x_wconf 91' lang='lat' dir='ltr'><strong>(Chr.</strong></span> <span class='ocrx_word' id='word_1_581' title='bbox 3560 4078 3746 4140; x_wconf 68' lang='grc'>1456).</span> 
     </span>
    </p>
   </div>
   <div class='ocr_carea' id='block_1_86' title="bbox 2259 4170 3753 4232">
    <p class='ocr_par' dir='ltr' id='par_1_86' title="bbox 2259 4170 3753 4232">
     <span class='ocr_line' id='line_1_86' title="bbox 2259 4170 3753 4232; baseline -0.006 -1"><span class='ocrx_word' id='word_1_582' title='bbox 2259 4177 2496 4232; x_wconf 86' lang='lat' dir='ltr'><strong>Murates</strong></span> <span class='ocrx_word' id='word_1_583' title='bbox 2552 4189 2732 4232; x_wconf 82' lang='lat' dir='ltr'><strong>autem</strong></span> <span class='ocrx_word' id='word_1_584' title='bbox 2784 4193 2906 4231; x_wconf 92' lang='lat' dir='ltr'><strong>cum</strong></span> <span class='ocrx_word' id='word_1_585' title='bbox 2947 4177 3186 4230; x_wconf 78' lang='lat' dir='ltr'><strong>exercitu</strong></span> <span class='ocrx_word' id='word_1_586' title='bbox 3245 4173 3618 4229; x_wconf 87' lang='lat' dir='ltr'><strong>Caramauiam</strong></span> <span class='ocrx_word' id='word_1_587' title='bbox 3672 4170 3753 4224; x_wconf 87' lang='lat' dir='ltr'><strong>in-</strong></span> 
     </span>
    </p>
   </div>
   <div class='ocr_carea' id='block_1_87' title="bbox 2191 4263 3752 4340">
    <p class='ocr_par' dir='ltr' id='par_1_87' title="bbox 2191 4263 3752 4340">
     <span class='ocr_line' id='line_1_87' title="bbox 2191 4263 3752 4340; baseline -0.003 -19"><span class='ocrx_word' id='word_1_588' title='bbox 2191 4287 2412 4340; x_wconf 80' lang='lat' dir='ltr'><strong>gressus</strong></span> <span class='ocrx_word' id='word_1_589' title='bbox 2435 4279 2538 4325; x_wconf 79' lang='lat' dir='ltr'><strong>est.</strong></span> <span class='ocrx_word' id='word_1_590' title='bbox 2571 4270 2675 4324; x_wconf 85' lang='lat' dir='ltr'><strong>Sed</strong></span> <span class='ocrx_word' id='word_1_591' title='bbox 2701 4271 2866 4324; x_wconf 90' lang='lat' dir='ltr'><strong>rebus</strong></span> <span class='ocrx_word' id='word_1_592' title='bbox 2890 4285 3011 4323; x_wconf 91' lang='lat' dir='ltr'><strong>cum</strong></span> <span class='ocrx_word' id='word_1_593' title='bbox 3043 4269 3318 4322; x_wconf 88' lang='lat' dir='ltr'><strong>lbrahime</strong></span> <span class='ocrx_word' id='word_1_594' title='bbox 3373 4268 3528 4336; x_wconf 83' lang='lat' dir='ltr'><strong>bego,</strong></span> <span class='ocrx_word' id='word_1_595' title='bbox 3578 4263 3752 4334; x_wconf 85' lang='lat' dir='ltr'><strong>regio-</strong></span> 
     </span>
    </p>
   </div>
   <div class='ocr_carea' id='block_1_88' title="bbox 2193 4361 3752 4430">
    <p class='ocr_par' dir='ltr' id='par_1_88' title="bbox 2193 4361 3752 4430">
     <span class='ocr_line' id='line_1_88' title="bbox 2193 4361 3752 4430; baseline -0.004 -15"><span class='ocrx_word' id='word_1_596' title='bbox 2193 4363 2277 4415; x_wconf 88' lang='lat' dir='ltr'><strong>nis</strong></span> <span class='ocrx_word' id='word_1_597' title='bbox 2302 4363 2565 4430; x_wconf 85' lang='lat' dir='ltr'><strong>principe.</strong></span> <span class='ocrx_word' id='word_1_598' title='bbox 2603 4362 2920 4424; x_wconf 83' lang='lat' dir='ltr'><strong>transactis,</strong></span> <span class='ocrx_word' id='word_1_599' title='bbox 2974 4376 3077 4429; x_wconf 80' lang='lat' dir='ltr'><strong>pax</strong></span> <span class='ocrx_word' id='word_1_600' title='bbox 3133 4361 3277 4414; x_wconf 91' lang='lat' dir='ltr'><strong>inter</strong></span> <span class='ocrx_word' id='word_1_601' title='bbox 3308 4374 3404 4413; x_wconf 83' lang='lat' dir='ltr'><strong>cos</strong></span> <span class='ocrx_word' id='word_1_602' title='bbox 3461 4361 3752 4414; x_wconf 86' lang='lat' dir='ltr'><strong>constituta</strong></span> 
     </span>
    </p>
   </div>
   <div class='ocr_carea' id='block_1_89' title="bbox 2193 4452 3755 4521">
    <p class='ocr_par' dir='ltr' id='par_1_89' title="bbox 2193 4452 3755 4521">
     <span class='ocr_line' id='line_1_89' title="bbox 2193 4452 3755 4521; baseline -0.004 -13"><span class='ocrx_word' id='word_1_603' title='bbox 2193 4456 2314 4511; x_wconf 81' lang='lat' dir='ltr'><strong>fuit.</strong></span> <span class='ocrx_word' id='word_1_604' title='bbox 2343 4456 2398 4508; x_wconf 90' lang='lat' dir='ltr'><strong>lu</strong></span> <span class='ocrx_word' id='word_1_605' title='bbox 2430 4455 2602 4510; x_wconf 87' lang='lat' dir='ltr'><strong>reditu</strong></span> <span class='ocrx_word' id='word_1_606' title='bbox 2630 4465 2870 4510; x_wconf 88' lang='lat' dir='ltr'><strong>castrum</strong></span> <span class='ocrx_word' id='word_1_607' title='bbox 2899 4455 3148 4508; x_wconf 86' lang='lat' dir='ltr'><strong>Buruzen</strong></span> <span class='ocrx_word' id='word_1_608' title='bbox 3193 4452 3295 4507; x_wconf 91' lang='lat' dir='ltr'><strong>sibi</strong></span> <span class='ocrx_word' id='word_1_609' title='bbox 3327 4452 3581 4521; x_wconf 83' lang='lat' dir='ltr'><strong>subjecit,</strong></span> <span class='ocrx_word' id='word_1_610' title='bbox 3612 4467 3755 4506; x_wconf 85' lang='lat' dir='ltr'><strong>anno</strong></span> 
     </span>
    </p>
   </div>
   <div class='ocr_carea' id='block_1_90' title="bbox 599 4534 2079 4618">
    <p class='ocr_par' dir='ltr' id='par_1_90' title="bbox 599 4541 2079 4615">
     <span class='ocr_line' id='line_1_90' title="bbox 599 4541 2079 4615; baseline -0.008 -12"><span class='ocrx_word' id='word_1_611' title='bbox 599 4549 730 4603; x_wconf 90' lang='lat' dir='ltr'><strong>Post</strong></span> <span class='ocrx_word' id='word_1_612' title='bbox 752 4549 838 4602; x_wconf 88' lang='lat' dir='ltr'><strong>illa</strong></span> <span class='ocrx_word' id='word_1_613' title='bbox 871 4565 990 4600; x_wconf 90' lang='lat' dir='ltr'><strong>cum</strong></span> <span class='ocrx_word' id='word_1_614' title='bbox 1016 4549 1080 4600; x_wconf 92' lang='lat' dir='ltr'><strong>ad</strong></span> <span class='ocrx_word' id='word_1_615' title='bbox 1110 4557 1324 4615; x_wconf 84' lang='lat' dir='ltr'><strong>tempus</strong></span> <span class='ocrx_word' id='word_1_616' title='bbox 1379 4545 1602 4613; x_wconf 85' lang='lat' dir='ltr'><strong>aliquod</strong></span> <span class='ocrx_word' id='word_1_617' title='bbox 1657 4541 1840 4596; x_wconf 67' lang='lat' dir='ltr'><strong>Prusae</strong></span> <span class='ocrx_word' id='word_1_618' title='bbox 1873 4541 2079 4595; x_wconf 79' lang='lat' dir='ltr'><strong>substi-</strong></span> 
     </span>
    </p>
   </div>
   <div class='ocr_carea' id='block_1_91' title="bbox 2181 4534 2515 4618">
    <p class='ocr_par' dir='ltr' id='par_1_91' title="bbox 2186 4547 2515 4618">
     <span class='ocr_line' id='line_1_91' title="bbox 2186 4547 2515 4618; baseline -0.009 -14"><span class='ocrx_word' id='word_1_619' title='bbox 2186 4549 2280 4604; x_wconf 74' lang='lat' dir='ltr'><strong>8M</strong></span> <span class='ocrx_word' id='word_1_620' title='bbox 2311 4547 2515 4618; x_wconf 72' lang='lat'><strong>(1457).</strong></span> 
     </span>
    </p>
   </div>
   <div class='ocr_carea' id='block_1_92' title="bbox 531 4632 2089 4709">
    <p class='ocr_par' dir='ltr' id='par_1_92' title="bbox 531 4632 2089 4709">
     <span class='ocr_line' id='line_1_92' title="bbox 531 4632 2089 4709; baseline -0.005 -15"><span class='ocrx_word' id='word_1_621' title='bbox 531 4643 710 4702; x_wconf 63' lang='lat' dir='ltr'><strong>tis-set,</strong></span> <span class='ocrx_word' id='word_1_622' title='bbox 736 4641 904 4709; x_wconf 86' lang='lat' dir='ltr'><strong>quieti</strong></span> <span class='ocrx_word' id='word_1_623' title='bbox 935 4640 1185 4695; x_wconf 88' lang='lat' dir='ltr'><strong>deditus:</strong></span> <span class='ocrx_word' id='word_1_624' title='bbox 1229 4639 1443 4692; x_wconf 89' lang='lat' dir='ltr'><strong>tandem</strong></span> <span class='ocrx_word' id='word_1_625' title='bbox 1489 4645 1742 4704; x_wconf 89' lang='lat' dir='ltr'><strong>suscepta</strong></span> <span class='ocrx_word' id='word_1_626' title='bbox 1799 4648 1988 4689; x_wconf 89' lang='lat' dir='ltr'><strong>rursus</strong></span> <span class='ocrx_word' id='word_1_627' title='bbox 2034 4632 2089 4687; x_wconf 90' lang='lat' dir='ltr'><strong>in</strong></span> 
     </span>
    </p>
   </div>
   <div class='ocr_carea' id='block_1_93' title="bbox 529 4726 2091 4801">
    <p class='ocr_par' dir='ltr' id='par_1_93' title="bbox 529 4726 2091 4801">
     <span class='ocr_line' id='line_1_93' title="bbox 529 4726 2091 4801; baseline -0.004 -16"><span class='ocrx_word' id='word_1_628' title='bbox 529 4733 854 4785; x_wconf 71' lang='lat' dir='ltr'><strong>Romaniam</strong></span> <span class='ocrx_word' id='word_1_629' title='bbox 881 4731 1238 4801; x_wconf 81' lang='lat' dir='ltr'><strong>profectione,</strong></span> <span class='ocrx_word' id='word_1_630' title='bbox 1297 4728 1487 4782; x_wconf 86' lang='lat' dir='ltr'><strong>Lazari</strong></span> <span class='ocrx_word' id='word_1_631' title='bbox 1518 4728 1776 4782; x_wconf 89' lang='lat' dir='ltr'><strong>ditionem</strong></span> <span class='ocrx_word' id='word_1_632' title='bbox 1811 4726 2091 4795; x_wconf 83' lang='lat' dir='ltr'><strong>ingressus</strong></span> 
     </span>
    </p>
   </div>
   <div class='ocr_carea' id='block_1_94' title="bbox 529 4817 2090 4890">
    <p class='ocr_par' dir='ltr' id='par_1_94' title="bbox 529 4817 2090 4890">
     <span class='ocr_line' id='line_1_94' title="bbox 529 4817 2090 4890; baseline -0.004 -13"><span class='ocrx_word' id='word_1_633' title='bbox 529 4832 634 4884; x_wconf 86' lang='lat' dir='ltr'><strong>est,</strong></span> <span class='ocrx_word' id='word_1_634' title='bbox 671 4838 842 4890; x_wconf 87' lang='lat' dir='ltr'><strong>eaque</strong></span> <span class='ocrx_word' id='word_1_635' title='bbox 868 4823 1150 4890; x_wconf 86' lang='lat' dir='ltr'><strong>despotam</strong></span> <span class='ocrx_word' id='word_1_636' title='bbox 1182 4835 1366 4876; x_wconf 89' lang='lat' dir='ltr'><strong>senem</strong></span> <span class='ocrx_word' id='word_1_637' title='bbox 1429 4834 1657 4888; x_wconf 82' lang='lat' dir='ltr'><strong>prorsus</strong></span> <span class='ocrx_word' id='word_1_638' title='bbox 1715 4817 1896 4886; x_wconf 90' lang='lat' dir='ltr'><strong>ejecit,</strong></span> <span class='ocrx_word' id='word_1_639' title='bbox 1947 4831 2090 4870; x_wconf 88' lang='lat' dir='ltr'><strong>anno</strong></span> 
     </span>
    </p>
   </div>
   <div class='ocr_carea' id='block_1_95' title="bbox 531 4911 1430 4983">
    <p class='ocr_par' dir='ltr' id='par_1_95' title="bbox 531 4911 1430 4983">
     <span class='ocr_line' id='line_1_95' title="bbox 531 4911 1430 4983; baseline -0.004 -15"><span class='ocrx_word' id='word_1_640' title='bbox 531 4915 912 4968; x_wconf 81' lang='lat' dir='ltr'><strong>Mahuiuetano</strong></span> <span class='ocrx_word' id='word_1_641' title='bbox 936 4913 1040 4968; x_wconf 73' lang='lat'><strong>829</strong></span> <span class='ocrx_word' id='word_1_642' title='bbox 1063 4913 1215 4983; x_wconf 88' lang='lat' dir='ltr'><strong>(Chr.</strong></span> <span class='ocrx_word' id='word_1_643' title='bbox 1248 4911 1430 4981; x_wconf 69' lang='grc'>1427).</span> 
     </span>
    </p>
   </div>
   <div class='ocr_carea' id='block_1_96' title="bbox 599 5001 2094 5071">
    <p class='ocr_par' dir='ltr' id='par_1_96' title="bbox 599 5001 2094 5071">
     <span class='ocr_line' id='line_1_96' title="bbox 599 5001 2094 5071; baseline -0.002 -13"><span class='ocrx_word' id='word_1_644' title='bbox 599 5005 691 5058; x_wconf 83' lang='lat' dir='ltr'><strong>llis</strong></span> <span class='ocrx_word' id='word_1_645' title='bbox 729 5006 1018 5059; x_wconf 83' lang='lat' dir='ltr'><strong>exantlatis</strong></span> <span class='ocrx_word' id='word_1_646' title='bbox 1083 5004 1365 5058; x_wconf 88' lang='lat' dir='ltr'><strong>laboribus</strong></span> <span class='ocrx_word' id='word_1_647' title='bbox 1397 5019 1460 5056; x_wconf 84' lang='lat' dir='ltr'><strong>ac</strong></span> <span class='ocrx_word' id='word_1_648' title='bbox 1492 5003 1782 5062; x_wconf 85' lang='lat' dir='ltr'><strong>molestiis.</strong></span> <span class='ocrx_word' id='word_1_649' title='bbox 1827 5001 1998 5071; x_wconf 90' lang='lat' dir='ltr'><strong>quieti</strong></span> <span class='ocrx_word' id='word_1_650' title='bbox 2033 5015 2094 5056; x_wconf 88' lang='lat' dir='ltr'><strong>se</strong></span> 
     </span>
    </p>
   </div>
   <div class='ocr_carea' id='block_1_97' title="bbox 527 5093 2092 5166">
    <p class='ocr_par' dir='ltr' id='par_1_97' title="bbox 527 5093 2092 5166">
     <span class='ocr_line' id='line_1_97' title="bbox 527 5093 2092 5166; baseline -0.001 -19"><span class='ocrx_word' id='word_1_651' title='bbox 527 5099 746 5166; x_wconf 86' lang='lat' dir='ltr'><strong>quidem</strong></span> <span class='ocrx_word' id='word_1_652' title='bbox 777 5097 946 5159; x_wconf 88' lang='lat' dir='ltr'><strong>dedit,</strong></span> <span class='ocrx_word' id='word_1_653' title='bbox 998 5097 1092 5150; x_wconf 77' lang='lat' dir='ltr'><strong>sed</strong></span> <span class='ocrx_word' id='word_1_654' title='bbox 1124 5113 1226 5150; x_wconf 88' lang='lat' dir='ltr'><strong>non</strong></span> <span class='ocrx_word' id='word_1_655' title='bbox 1282 5098 1590 5150; x_wconf 60' lang='lat' dir='ltr'><strong>diuturnae:</strong></span> <span class='ocrx_word' id='word_1_656' title='bbox 1651 5097 1779 5149; x_wconf 90' lang='lat' dir='ltr'><strong>dum</strong></span> <span class='ocrx_word' id='word_1_657' title='bbox 1834 5093 2092 5148; x_wconf 73' lang='lat' dir='ltr'><strong>Anatolite</strong></span> 
     </span>
    </p>
   </div>
   <div class='ocr_carea' id='block_1_98' title="bbox 532 5185 2086 5255">
    <p class='ocr_par' dir='ltr' id='par_1_98' title="bbox 532 5185 2086 5255">
     <span class='ocr_line' id='line_1_98' title="bbox 532 5185 2086 5255; baseline -0.001 -16"><span class='ocrx_word' id='word_1_658' title='bbox 532 5197 790 5240; x_wconf 87' lang='lat' dir='ltr'><strong>montana</strong></span> <span class='ocrx_word' id='word_1_659' title='bbox 817 5193 1040 5253; x_wconf 89' lang='lat' dir='ltr'><strong>peteret,</strong></span> <span class='ocrx_word' id='word_1_660' title='bbox 1073 5187 1354 5252; x_wconf 73' lang='lat' dir='ltr'><strong>captandas</strong></span> <span class='ocrx_word' id='word_1_661' title='bbox 1385 5185 1688 5255; x_wconf 73' lang='lat' dir='ltr'><strong>frigidioris</strong></span> <span class='ocrx_word' id='word_1_662' title='bbox 1725 5198 1868 5236; x_wconf 70' lang='lat' dir='ltr'><strong>eum</strong></span> <span class='ocrx_word' id='word_1_663' title='bbox 1897 5199 2086 5237; x_wconf 88' lang='lat' dir='ltr'><strong>causa.</strong></span> 
     </span>
    </p>
   </div>
   <div class='ocr_carea' id='block_1_99' title="bbox 529 5277 2094 5345">
    <p class='ocr_par' dir='ltr' id='par_1_99' title="bbox 529 5277 2094 5345">
     <span class='ocr_line' id='line_1_99' title="bbox 529 5277 2094 5345; baseline -0.001 -15"><span class='ocrx_word' id='word_1_664' title='bbox 529 5277 768 5332; x_wconf 82' lang='lat' dir='ltr'><strong>Rursum</strong></span> <span class='ocrx_word' id='word_1_665' title='bbox 803 5294 931 5331; x_wconf 86' lang='lat' dir='ltr'><strong>vero</strong></span> <span class='ocrx_word' id='word_1_666' title='bbox 983 5279 1261 5345; x_wconf 87' lang='lat' dir='ltr'><strong>trausjecit</strong></span> <span class='ocrx_word' id='word_1_667' title='bbox 1324 5279 1377 5331; x_wconf 92' lang='lat' dir='ltr'><strong>in</strong></span> <span class='ocrx_word' id='word_1_668' title='bbox 1435 5278 1776 5339; x_wconf 77' lang='lat' dir='ltr'><strong>Romaniam,</strong></span> <span class='ocrx_word' id='word_1_669' title='bbox 1840 5285 1894 5328; x_wconf 86' lang='lat' dir='ltr'><strong>et</strong></span> <span class='ocrx_word' id='word_1_670' title='bbox 1927 5278 2094 5329; x_wconf 83' lang='lat' dir='ltr'><strong>armis</strong></span> 
     </span>
    </p>
   </div>
   <div class='ocr_carea' id='block_1_100' title="bbox 527 5367 2093 5438">
    <p class='ocr_par' dir='ltr' id='par_1_100' title="bbox 527 5367 2093 5438">
     <span class='ocr_line' id='line_1_100' title="bbox 527 5367 2093 5438; baseline -0.003 -13"><span class='ocrx_word' id='word_1_671' title='bbox 527 5371 738 5426; x_wconf 83' lang='lat' dir='ltr'><strong>Lazaro</strong></span> <span class='ocrx_word' id='word_1_672' title='bbox 764 5370 944 5434; x_wconf 87' lang='lat' dir='ltr'><strong>illatis,</strong></span> <span class='ocrx_word' id='word_1_673' title='bbox 978 5371 1285 5424; x_wconf 82' lang='lat' dir='ltr'><strong>universam</strong></span> <span class='ocrx_word' id='word_1_674' title='bbox 1315 5369 1434 5438; x_wconf 84' lang='lat' dir='ltr'><strong>ejus</strong></span> <span class='ocrx_word' id='word_1_675' title='bbox 1477 5370 1750 5438; x_wconf 84' lang='lat' dir='ltr'><strong>regionem</strong></span> <span class='ocrx_word' id='word_1_676' title='bbox 1805 5367 2093 5436; x_wconf 84' lang='lat' dir='ltr'><strong>populatus</strong></span> 
     </span>
    </p>
   </div>
   <div class='ocr_carea' id='block_1_101' title="bbox 527 5463 1328 5532">
    <p class='ocr_par' dir='ltr' id='par_1_101' title="bbox 527 5463 1328 5532">
     <span class='ocr_line' id='line_1_101' title="bbox 527 5463 1328 5532; baseline 0 -14"><span class='ocrx_word' id='word_1_677' title='bbox 527 5475 630 5530; x_wconf 87' lang='lat' dir='ltr'><strong>est,</strong></span> <span class='ocrx_word' id='word_1_678' title='bbox 651 5479 797 5518; x_wconf 84' lang='lat' dir='ltr'><strong>anno</strong></span> <span class='ocrx_word' id='word_1_679' title='bbox 824 5464 925 5519; x_wconf 89' lang='grc'><strong>850</strong></span> <span class='ocrx_word' id='word_1_680' title='bbox 956 5463 1109 5531; x_wconf 90' lang='lat' dir='ltr'><strong>(Chr.</strong></span> <span class='ocrx_word' id='word_1_681' title='bbox 1145 5463 1328 5532; x_wconf 70' lang='lat'><strong>1428).</strong></span> 
     </span>
    </p>
   </div>
   <div class='ocr_carea' id='block_1_102' title="bbox 599 5555 2096 5626">
    <p class='ocr_par' dir='ltr' id='par_1_102' title="bbox 599 5555 2096 5626">
     <span class='ocr_line' id='line_1_102' title="bbox 599 5555 2096 5626; baseline 0 -16"><span class='ocrx_word' id='word_1_682' title='bbox 599 5558 739 5611; x_wconf 81' lang='lat' dir='ltr'><strong>Hinc</strong></span> <span class='ocrx_word' id='word_1_683' title='bbox 768 5557 988 5626; x_wconf 88' lang='lat' dir='ltr'><strong>quidam</strong></span> <span class='ocrx_word' id='word_1_684' title='bbox 1017 5573 1080 5610; x_wconf 83' lang='lat' dir='ltr'><strong>ex</strong></span> <span class='ocrx_word' id='word_1_685' title='bbox 1128 5557 1480 5624; x_wconf 83' lang='lat' dir='ltr'><strong>proceribus,</strong></span> <span class='ocrx_word' id='word_1_686' title='bbox 1538 5555 1627 5608; x_wconf 68' lang='lat' dir='ltr'><strong>cui</strong></span> <span class='ocrx_word' id='word_1_687' title='bbox 1657 5557 1868 5624; x_wconf 64' lang='lat' dir='ltr'><strong>jnomen</strong></span> <span class='ocrx_word' id='word_1_688' title='bbox 1917 5559 2096 5612; x_wconf 87' lang='lat' dir='ltr'><strong>Hoser</strong></span> 
     </span>
    </p>
   </div>
   <div class='ocr_carea' id='block_1_103' title="bbox 529 5647 2092 5714">
    <p class='ocr_par' dir='ltr' id='par_1_103' title="bbox 529 5647 2092 5714">
     <span class='ocr_line' id='line_1_103' title="bbox 529 5647 2092 5714; baseline 0 -13"><span class='ocrx_word' id='word_1_689' title='bbox 529 5648 718 5714; x_wconf 81' lang='lat' dir='ltr'><strong>begus,</strong></span> <span class='ocrx_word' id='word_1_690' title='bbox 761 5649 813 5701; x_wconf 91' lang='lat' dir='ltr'><strong>in</strong></span> <span class='ocrx_word' id='word_1_691' title='bbox 841 5649 1090 5701; x_wconf 84' lang='lat' dir='ltr'><strong>Anatolia</strong></span> <span class='ocrx_word' id='word_1_692' title='bbox 1118 5649 1380 5701; x_wconf 86' lang='lat' dir='ltr'><strong>ditionem</strong></span> <span class='ocrx_word' id='word_1_693' title='bbox 1409 5647 1683 5704; x_wconf 85' lang='lat' dir='ltr'><strong>Zietueam</strong></span> <span class='ocrx_word' id='word_1_694' title='bbox 1720 5647 1946 5703; x_wconf 80' lang='lat' dir='ltr'><strong>Muratis</strong></span> <span class='ocrx_word' id='word_1_695' title='bbox 1987 5650 2092 5701; x_wconf 92' lang='lat' dir='ltr'><strong>im-</strong></span> 
     </span>
    </p>
   </div>
   <div class='ocr_carea' id='block_1_104' title="bbox 529 5739 2091 5811">
    <p class='ocr_par' dir='ltr' id='par_1_104' title="bbox 529 5739 2091 5811">
     <span class='ocr_line' id='line_1_104' title="bbox 529 5739 2091 5811; baseline 0.002 -20"><span class='ocrx_word' id='word_1_696' title='bbox 529 5741 680 5809; x_wconf 83' lang='lat' dir='ltr'><strong>perio</strong></span> <span class='ocrx_word' id='word_1_697' title='bbox 709 5739 925 5811; x_wconf 86' lang='lat' dir='ltr'><strong>adjecit,</strong></span> <span class='ocrx_word' id='word_1_698' title='bbox 982 5757 1125 5804; x_wconf 78' lang='lat' dir='ltr'><strong>anno</strong></span> <span class='ocrx_word' id='word_1_699' title='bbox 1153 5743 1247 5796; x_wconf 83' lang='grc'><strong>851</strong></span> <span class='ocrx_word' id='word_1_700' title='bbox 1283 5741 1437 5809; x_wconf 90' lang='lat' dir='ltr'><strong>(Chr.</strong></span> <span class='ocrx_word' id='word_1_701' title='bbox 1471 5740 1653 5806; x_wconf 68' lang='grc'>1429),</span> <span class='ocrx_word' id='word_1_702' title='bbox 1689 5756 1813 5795; x_wconf 90' lang='lat' dir='ltr'><strong>cum</strong></span> <span class='ocrx_word' id='word_1_703' title='bbox 1871 5741 2091 5795; x_wconf 86' lang='lat' dir='ltr'><strong>interim</strong></span> 
     </span>
    </p>
   </div>
   <div class='ocr_carea' id='block_1_105' title="bbox 530 5831 2084 5902">
    <p class='ocr_par' dir='ltr' id='par_1_105' title="bbox 530 5831 2084 5902">
     <span class='ocr_line' id='line_1_105' title="bbox 530 5831 2084 5902; baseline 0.001 -19"><span class='ocrx_word' id='word_1_704' title='bbox 530 5831 778 5890; x_wconf 72' lang='lat' dir='ltr'><strong>saltantis</strong></span> <span class='ocrx_word' id='word_1_705' title='bbox 825 5833 938 5897; x_wconf 78' lang='lat' dir='ltr'><strong>ipse</strong></span> <span class='ocrx_word' id='word_1_706' title='bbox 1006 5833 1390 5902; x_wconf 33' lang='lat' dir='ltr'><strong>l’ladrianowli</strong></span> <span class='ocrx_word' id='word_1_707' title='bbox 1462 5834 1646 5900; x_wconf 85' lang='lat' dir='ltr'><strong>quiete</strong></span> <span class='ocrx_word' id='word_1_708' title='bbox 1701 5849 1759 5887; x_wconf 84' lang='lat' dir='ltr'><strong>se</strong></span> <span class='ocrx_word' id='word_1_709' title='bbox 1821 5832 2084 5886; x_wconf 70' lang='lat' dir='ltr'><strong>reticeret.</strong></span> 
     </span>
    </p>
   </div>
   <div class='ocr_carea' id='block_1_106' title="bbox 2261 4635 3754 4708">
    <p class='ocr_par' dir='ltr' id='par_1_106' title="bbox 2261 4635 3754 4708">
     <span class='ocr_line' id='line_1_106' title="bbox 2261 4635 3754 4708; baseline -0.005 -16"><span class='ocrx_word' id='word_1_710' title='bbox 2261 4639 2634 4708; x_wconf 87' lang='lat' dir='ltr'><strong>lnderepetiit</strong></span> <span class='ocrx_word' id='word_1_711' title='bbox 2661 4637 3130 4705; x_wconf 87' lang='lat' dir='ltr'><strong>Hadrianopolim,</strong></span> <span class='ocrx_word' id='word_1_712' title='bbox 3164 4646 3326 4705; x_wconf 85' lang='lat' dir='ltr'><strong>atque</strong></span> <span class='ocrx_word' id='word_1_713' title='bbox 3363 4635 3433 4688; x_wconf 91' lang='lat' dir='ltr'><strong>ibi</strong></span> <span class='ocrx_word' id='word_1_714' title='bbox 3496 4635 3754 4704; x_wconf 86' lang='lat' dir='ltr'><strong>templum</strong></span> 
     </span>
    </p>
   </div>
   <div class='ocr_carea' id='block_1_107' title="bbox 2191 4727 3760 4802">
    <p class='ocr_par' dir='ltr' id='par_1_107' title="bbox 2191 4727 3760 4802">
     <span class='ocr_line' id='line_1_107' title="bbox 2191 4727 3760 4802; baseline -0.004 -18"><span class='ocrx_word' id='word_1_715' title='bbox 2191 4730 2456 4785; x_wconf 77' lang='lat' dir='ltr'><strong>:edilicare</strong></span> <span class='ocrx_word' id='word_1_716' title='bbox 2481 4731 2652 4799; x_wconf 76' lang='lat' dir='ltr'><strong>cmpit</strong></span> <span class='ocrx_word' id='word_1_717' title='bbox 2682 4747 2696 4784; x_wconf 89' lang='lat'><strong>:</strong></span> <span class='ocrx_word' id='word_1_718' title='bbox 2740 4747 2860 4784; x_wconf 90' lang='lat' dir='ltr'><strong>cum</strong></span> <span class='ocrx_word' id='word_1_719' title='bbox 2891 4728 3125 4797; x_wconf 85' lang='lat' dir='ltr'><strong>quodam</strong></span> <span class='ocrx_word' id='word_1_720' title='bbox 3161 4727 3382 4781; x_wconf 85' lang='lat' dir='ltr'><strong>Veneris</strong></span> <span class='ocrx_word' id='word_1_721' title='bbox 3413 4727 3522 4802; x_wconf 60' lang='lat' dir='ltr'><strong>die,</strong></span> <span class='ocrx_word' id='word_1_722' title='bbox 3548 4741 3760 4779; x_wconf 87' lang='lat' dir='ltr'><strong>summo</strong></span> 
     </span>
    </p>
   </div>
   <div class='ocr_carea' id='block_1_108' title="bbox 2194 4817 3760 4892">
    <p class='ocr_par' dir='ltr' id='par_1_108' title="bbox 2194 4817 3760 4892">
     <span class='ocr_line' id='line_1_108' title="bbox 2194 4817 3760 4892; baseline -0.003 -18"><span class='ocrx_word' id='word_1_723' title='bbox 2194 4837 2374 4883; x_wconf 88' lang='lat' dir='ltr'><strong>mane.</strong></span> <span class='ocrx_word' id='word_1_724' title='bbox 2437 4825 2670 4891; x_wconf 89' lang='lat' dir='ltr'><strong>primum</strong></span> <span class='ocrx_word' id='word_1_725' title='bbox 2735 4821 2966 4892; x_wconf 88' lang='lat' dir='ltr'><strong>lapidem</strong></span> <span class='ocrx_word' id='word_1_726' title='bbox 3020 4818 3275 4873; x_wconf 87' lang='lat' dir='ltr'><strong>manibus</strong></span> <span class='ocrx_word' id='word_1_727' title='bbox 3325 4819 3440 4887; x_wconf 88' lang='lat' dir='ltr'><strong>ipse</strong></span> <span class='ocrx_word' id='word_1_728' title='bbox 3499 4817 3612 4871; x_wconf 90' lang='lat' dir='ltr'><strong>suis</strong></span> <span class='ocrx_word' id='word_1_729' title='bbox 3665 4832 3760 4885; x_wconf 80' lang='lat' dir='ltr'><strong>po-</strong></span> 
     </span>
    </p>
   </div>
   <div class='ocr_carea' id='block_1_109' title="bbox 2197 4911 2414 4965">
    <p class='ocr_par' dir='ltr' id='par_1_109' title="bbox 2197 4911 2414 4965">
     <span class='ocr_line' id='line_1_109' title="bbox 2197 4911 2414 4965; baseline -0.009 0"><span class='ocrx_word' id='word_1_730' title='bbox 2197 4911 2414 4965; x_wconf 82' lang='lat' dir='ltr'><strong>suisset.</strong></span> 
     </span>
    </p>
   </div>
   <div class='ocr_carea' id='block_1_110' title="bbox 2263 5001 3761 5071">
    <p class='ocr_par' dir='ltr' id='par_1_110' title="bbox 2263 5001 3761 5071">
     <span class='ocr_line' id='line_1_110' title="bbox 2263 5001 3761 5071; baseline -0.003 -14"><span class='ocrx_word' id='word_1_731' title='bbox 2263 5004 2393 5057; x_wconf 87' lang='lat' dir='ltr'><strong>Post</strong></span> <span class='ocrx_word' id='word_1_732' title='bbox 2413 5004 2527 5058; x_wconf 65' lang='grc' dir='ltr'><strong>Ι]ωο</strong></span> <span class='ocrx_word' id='word_1_733' title='bbox 2558 5003 2611 5056; x_wconf 90' lang='lat' dir='ltr'><strong>in</strong></span> <span class='ocrx_word' id='word_1_734' title='bbox 2644 5001 2937 5071; x_wconf 83' lang='lat' dir='ltr'><strong>Ungariam</strong></span> <span class='ocrx_word' id='word_1_735' title='bbox 3008 5001 3224 5070; x_wconf 82' lang='lat' dir='ltr'><strong>irrupit,</strong></span> <span class='ocrx_word' id='word_1_736' title='bbox 3253 5011 3307 5055; x_wconf 91' lang='lat' dir='ltr'><strong>et</strong></span> <span class='ocrx_word' id='word_1_737' title='bbox 3345 5016 3437 5056; x_wconf 80' lang='lat' dir='ltr'><strong>sex</strong></span> <span class='ocrx_word' id='word_1_738' title='bbox 3495 5001 3547 5054; x_wconf 92' lang='lat' dir='ltr'><strong>in</strong></span> <span class='ocrx_word' id='word_1_739' title='bbox 3578 5015 3639 5053; x_wconf 89' lang='lat' dir='ltr'><strong>ea</strong></span> <span class='ocrx_word' id='word_1_740' title='bbox 3671 5014 3761 5052; x_wconf 84' lang='lat' dir='ltr'><strong>ca-</strong></span> 
     </span>
    </p>
   </div>
   <div class='ocr_carea' id='block_1_111' title="bbox 2195 5092 3430 5163">
    <p class='ocr_par' dir='ltr' id='par_1_111' title="bbox 2195 5092 3430 5163">
     <span class='ocr_line' id='line_1_111' title="bbox 2195 5092 3430 5163; baseline -0.003 -13"><span class='ocrx_word' id='word_1_741' title='bbox 2195 5095 2364 5150; x_wconf 86' lang='lat' dir='ltr'><strong>stellis</strong></span> <span class='ocrx_word' id='word_1_742' title='bbox 2395 5095 2592 5163; x_wconf 87' lang='lat' dir='ltr'><strong>potitus</strong></span> <span class='ocrx_word' id='word_1_743' title='bbox 2627 5104 2728 5156; x_wconf 89' lang='lat' dir='ltr'><strong>est,</strong></span> <span class='ocrx_word' id='word_1_744' title='bbox 2764 5107 2906 5146; x_wconf 89' lang='lat' dir='ltr'><strong>anno</strong></span> <span class='ocrx_word' id='word_1_745' title='bbox 2935 5093 3034 5147; x_wconf 73' lang='grc'>841</span> <span class='ocrx_word' id='word_1_746' title='bbox 3071 5092 3222 5163; x_wconf 81' lang='lat' dir='ltr'><strong>(Chr.</strong></span> <span class='ocrx_word' id='word_1_747' title='bbox 3257 5093 3430 5162; x_wconf 64' lang='lat'><strong>1457).</strong></span> 
     </span>
    </p>
   </div>
   <div class='ocr_carea' id='block_1_112' title="bbox 2267 5181 3761 5253">
    <p class='ocr_par' dir='ltr' id='par_1_112' title="bbox 2267 5181 3761 5253">
     <span class='ocr_line' id='line_1_112' title="bbox 2267 5181 3761 5253; baseline -0.003 -13"><span class='ocrx_word' id='word_1_748' title='bbox 2267 5185 2424 5240; x_wconf 91' lang='lat' dir='ltr'><strong>Unde</strong></span> <span class='ocrx_word' id='word_1_749' title='bbox 2474 5201 2746 5246; x_wconf 81' lang='lat' dir='ltr'><strong>reversus,</strong></span> <span class='ocrx_word' id='word_1_750' title='bbox 2797 5184 3115 5253; x_wconf 87' lang='lat' dir='ltr'><strong>aliquandiu</strong></span> <span class='ocrx_word' id='word_1_751' title='bbox 3170 5185 3327 5238; x_wconf 89' lang='lat' dir='ltr'><strong>bellis</strong></span> <span class='ocrx_word' id='word_1_752' title='bbox 3390 5181 3670 5245; x_wconf 88' lang='lat' dir='ltr'><strong>abstinuit,</strong></span> <span class='ocrx_word' id='word_1_753' title='bbox 3710 5191 3761 5235; x_wconf 88' lang='lat' dir='ltr'><strong>et</strong></span> 
     </span>
    </p>
   </div>
   <div class='ocr_carea' id='block_1_113' title="bbox 2194 5273 3758 5342">
    <p class='ocr_par' dir='ltr' id='par_1_113' title="bbox 2194 5273 3758 5342">
     <span class='ocr_line' id='line_1_113' title="bbox 2194 5273 3758 5342; baseline -0.004 -9"><span class='ocrx_word' id='word_1_754' title='bbox 2194 5281 2448 5334; x_wconf 82' lang='lat' dir='ltr'><strong>instituta</strong></span> <span class='ocrx_word' id='word_1_755' title='bbox 2485 5278 2832 5332; x_wconf 75' lang='lat' dir='ltr'><strong>solemnitate</strong></span> <span class='ocrx_word' id='word_1_756' title='bbox 2887 5279 3143 5342; x_wconf 80' lang='lat' dir='ltr'><strong>maxima,</strong></span> <span class='ocrx_word' id='word_1_757' title='bbox 3209 5277 3488 5330; x_wconf 88' lang='lat' dir='ltr'><strong>sultanum</strong></span> <span class='ocrx_word' id='word_1_758' title='bbox 3538 5273 3758 5327; x_wconf 83' lang='lat' dir='ltr'><strong>Muche-</strong></span> 
     </span>
    </p>
   </div>
   <div class='ocr_carea' id='block_1_114' title="bbox 2197 5367 3762 5426">
    <p class='ocr_par' dir='ltr' id='par_1_114' title="bbox 2197 5367 3762 5426">
     <span class='ocr_line' id='line_1_114' title="bbox 2197 5367 3762 5426; baseline -0.004 0"><span class='ocrx_word' id='word_1_759' title='bbox 2197 5383 2388 5426; x_wconf 88' lang='lat' dir='ltr'><strong>metem</strong></span> <span class='ocrx_word' id='word_1_760' title='bbox 2442 5372 2616 5425; x_wconf 81' lang='lat' dir='ltr'><strong>ﬁlium</strong></span> <span class='ocrx_word' id='word_1_761' title='bbox 2647 5369 2963 5424; x_wconf 88' lang='lat' dir='ltr'><strong>circumcidi</strong></span> <span class='ocrx_word' id='word_1_762' title='bbox 3025 5371 3254 5424; x_wconf 85' lang='lat' dir='ltr'><strong>curavit.</strong></span> <span class='ocrx_word' id='word_1_763' title='bbox 3311 5369 3422 5421; x_wconf 84' lang='lat' dir='ltr'><strong>Hac</strong></span> <span class='ocrx_word' id='word_1_764' title='bbox 3471 5367 3762 5420; x_wconf 78' lang='lat' dir='ltr'><strong>festivitate</strong></span> 
     </span>
    </p>
   </div>
   <div class='ocr_carea' id='block_1_115' title="bbox 2194 5461 3761 5534">
    <p class='ocr_par' dir='ltr' id='par_1_115' title="bbox 2194 5461 3761 5534">
     <span class='ocr_line' id='line_1_115' title="bbox 2194 5461 3761 5534; baseline -0.004 -17"><span class='ocrx_word' id='word_1_765' title='bbox 2194 5473 2434 5534; x_wconf 87' lang='lat' dir='ltr'><strong>peracta,</strong></span> <span class='ocrx_word' id='word_1_766' title='bbox 2489 5461 2862 5516; x_wconf 87' lang='lat' dir='ltr'><strong>Semendriam</strong></span> <span class='ocrx_word' id='word_1_767' title='bbox 2926 5463 3079 5516; x_wconf 82' lang='lat' dir='ltr'><strong>duxit</strong></span> <span class='ocrx_word' id='word_1_768' title='bbox 3152 5461 3468 5520; x_wconf 82' lang='lat' dir='ltr'><strong>exercitum.</strong></span> <span class='ocrx_word' id='word_1_769' title='bbox 3534 5474 3761 5528; x_wconf 88' lang='lat' dir='ltr'><strong>eamque</strong></span> 
     </span>
    </p>
   </div>
   <div class='ocr_carea' id='block_1_116' title="bbox 2196 5550 3759 5624">
    <p class='ocr_par' dir='ltr' id='par_1_116' title="bbox 2196 5550 3759 5624">
     <span class='ocr_line' id='line_1_116' title="bbox 2196 5550 3759 5624; baseline -0.004 -15"><span class='ocrx_word' id='word_1_770' title='bbox 2196 5555 2554 5610; x_wconf 87' lang='lat' dir='ltr'><strong>munitionem</strong></span> <span class='ocrx_word' id='word_1_771' title='bbox 2575 5553 2627 5606; x_wconf 93' lang='lat' dir='ltr'><strong>in</strong></span> <span class='ocrx_word' id='word_1_772' title='bbox 2670 5561 2987 5624; x_wconf 84' lang='lat' dir='ltr'><strong>potestatem</strong></span> <span class='ocrx_word' id='word_1_773' title='bbox 3022 5553 3250 5622; x_wconf 72' lang='lat' dir='ltr'><strong>redegit,</strong></span> <span class='ocrx_word' id='word_1_774' title='bbox 3287 5567 3430 5606; x_wconf 90' lang='lat' dir='ltr'><strong>anno</strong></span> <span class='ocrx_word' id='word_1_775' title='bbox 3465 5551 3566 5606; x_wconf 63' lang='lat'><strong>842</strong></span> <span class='ocrx_word' id='word_1_776' title='bbox 3610 5550 3759 5614; x_wconf 88' lang='lat' dir='ltr'><strong>(Chr.</strong></span> 
     </span>
    </p>
   </div>
   <div class='ocr_carea' id='block_1_117' title="bbox 2198 5645 2381 5716">
    <p class='ocr_par' dir='ltr' id='par_1_117' title="bbox 2198 5645 2381 5716">
     <span class='ocr_line' id='line_1_117' title="bbox 2198 5645 2381 5716; baseline 0.011 -16"><span class='ocrx_word' id='word_1_777' title='bbox 2198 5645 2381 5716; x_wconf 72' lang='grc'>1458).</span> 
     </span>
    </p>
   </div>
   <div class='ocr_carea' id='block_1_118' title="bbox 2265 5732 3762 5804">
    <p class='ocr_par' dir='ltr' id='par_1_118' title="bbox 2265 5732 3762 5804">
     <span class='ocr_line' id='line_1_118' title="bbox 2265 5732 3762 5804; baseline -0.004 -14"><span class='ocrx_word' id='word_1_778' title='bbox 2265 5737 2404 5793; x_wconf 87' lang='lat' dir='ltr'><strong>Hinc</strong></span> <span class='ocrx_word' id='word_1_779' title='bbox 2425 5735 2492 5792; x_wconf 89' lang='lat' dir='ltr'><strong>ad</strong></span> <span class='ocrx_word' id='word_1_780' title='bbox 2521 5736 2736 5798; x_wconf 83' lang='lat' dir='ltr'><strong>Albam,</strong></span> <span class='ocrx_word' id='word_1_781' title='bbox 2791 5748 2954 5804; x_wconf 86' lang='lat' dir='ltr'><strong>quam</strong></span> <span class='ocrx_word' id='word_1_782' title='bbox 2979 5732 3220 5789; x_wconf 84' lang='lat' dir='ltr'><strong>Graecam</strong></span> <span class='ocrx_word' id='word_1_783' title='bbox 3246 5742 3463 5800; x_wconf 84' lang='lat' dir='ltr'><strong>vocant,</strong></span> <span class='ocrx_word' id='word_1_784' title='bbox 3495 5746 3719 5788; x_wconf 84' lang='lat' dir='ltr'><strong>accessu</strong></span> <span class='ocrx_word' id='word_1_785' title='bbox 3749 5749 3762 5784; x_wconf 93' lang='lat'>:</span> 
     </span>
    </p>
   </div>
   <div class='ocr_carea' id='block_1_119' title="bbox 2197 5825 3756 5899">
    <p class='ocr_par' dir='ltr' id='par_1_119' title="bbox 2197 5825 3756 5899">
     <span class='ocr_line' id='line_1_119' title="bbox 2197 5825 3756 5899; baseline -0.007 -13"><span class='ocrx_word' id='word_1_786' title='bbox 2197 5829 2290 5886; x_wconf 84' lang='lat' dir='ltr'><strong>sed</strong></span> <span class='ocrx_word' id='word_1_787' title='bbox 2321 5844 2443 5885; x_wconf 88' lang='lat' dir='ltr'><strong>cum</strong></span> <span class='ocrx_word' id='word_1_788' title='bbox 2463 5844 2581 5885; x_wconf 87' lang='lat' dir='ltr'><strong>eam</strong></span> <span class='ocrx_word' id='word_1_789' title='bbox 2611 5843 2923 5899; x_wconf 79' lang='lat' dir='ltr'><strong>expugnare</strong></span> <span class='ocrx_word' id='word_1_790' title='bbox 2946 5843 3052 5884; x_wconf 90' lang='lat' dir='ltr'><strong>non</strong></span> <span class='ocrx_word' id='word_1_791' title='bbox 3076 5825 3540 5898; x_wconf 83' lang='lat' dir='ltr'><strong>posset,abductis</strong></span> <span class='ocrx_word' id='word_1_792' title='bbox 3565 5825 3756 5894; x_wconf 82' lang='lat' dir='ltr'><strong>copiis,</strong></span> 
     </span>
    </p>
   </div>
  </div>
