4126 6498
380 370 484 429 607

1630 378 1979 443 ANNALES
2016 384 2222 445 TURC
2244 385 2367 446 lCl.

3486 388 3605 454 ωε

378 479 529 535 aliud
568 479 669 534 iter
692 482 954 551 arripuit,
991 482 1192 539 Novam
1222 485 1515 543 adeundo:
1554 506 1719 560 quam
1756 507 1934 547 arcem
1964 498 2013 557 Α
2037 502 2149 549 tum
2189 496 2442 562 restituit,
2485 506 2537 550 et
2577 497 2764 554 exilio
2823 450 3068 568 tempore
3095 498 3268 555 solida
3316 499 3417 555 fuit
3444 505 3589 559 ami-

381 588 504 624 l'lllll
539 573 685 626 omni
722 589 850 644 agro
912 573 1140 631 ﬁnitimo
1190 593 1304 632 sua:
1333 579 1555 636 ditionis
1589 582 1735 637 fecit.
1797 584 1939 639 Ulte-

380 666 499 717 rius
530 665 690 718 etiam
718 669 1014 738 progressi.
1047 666 1327 727 Romanis:
1384 674 1743 746 heglerlzegus
1761 691 1933 729 euilu-

381 754 540 817 cltus,
572 754 657 808 cui
686 771 877 810 nomen
913 754 1157 814 Scachus
1186 759 1459 817 Abedines
1486 764 1663 824 bassa.
1686 774 1738 818 et
1766 763 1937 817 Edzes

384 847 571 913 ιιοςιις,
608 856 661 900 et
682 846 864 902 lsacus
921 848 1088 917 begus
1117 867 1332 906 omnem
1393 853 1540 907 illam
1599 856 1932 924 provinciam

381 938 585 1004 rapinis
615 939 936 994 exhaustam
977 941 1199 1000 Muralis
1264 944 1491 1015 imperio
1550 947 1934 1011 subdiderunt,

380 1045 522 1081 anno
560 1029 665 1085 845
702 1031 907 1102 (1459).

452 1138 713 1195 Sullanus
779 1155 959 1196 autem
1024 1144 1281 1211 Murates,
1344 1148 1552 1204 relictis
1587 1149 1738 1205 hisce
1775 1149 1939 1213 locis,

375 1229 823 1301 Hadrianopolim
881 1252 1130 1291 reversus
1196 1249 1323 1294 est:
1358 1241 1451 1295 ubi
1500 1257 1621 1295 cum
1683 1242 1934 1312 aliquan-

375 1325 544 1392 tisper
570 1324 912 1391 subsisteret,
937 1326 1111 1383 Mesiti
1154 1330 1289 1400 bego
1322 1332 1373 1385 id
1401 1333 1602 1411 negotii
1654 1332 1824 1398 dedit,
1877 1342 1937 1387 ut

378 1433 473 1486 per
496 1418 808 1476 Valachiam
836 1419 890 1474 in
930 1420 1220 1491 Ungsriam
1251 1434 1581 1494 penetraret,
1608 1440 1935 1494 omnemque

378 1511 655 1579 regionem
727 1514 872 1568 illam
932 1511 1199 1584 direptam
1258 1526 1518 1571 vastaret.
1589 1518 1695 1572 Sed
1756 1516 1932 1573 Μαξςὶθί

374 1598 672 1669 lingariam
700 1604 968 1674 ingresso,
1002 1619 1107 1661 non
1160 1621 1227 1661 ex
1268 1608 1437 1662 animi
1491 1609 1763 1664 sententia
1804 1623 1935 1665 suc-

372 1696 540 1767 cessit
570 1700 868 1769 expeditio.
893 1700 1103 1771 Quippe
1143 1715 1266 1755 cum
1291 1704 1561 1759 universis
1594 1705 1766 1774 copiis
1816 1706 1932 1761 suis

370 1799 546 1839 cwsus
565 1795 619 1841 et
652 1785 1009 1860 interemptus
1058 1789 1186 1854 fuit,
1221 1804 1364 1846 anno
1404 1791 1513 1848 845
1540 1792 1692 1863 (Chr.
1748 1793 1929 1863 1440).
1961 1835 2009 1897 Β

448 1896 579 1966 Ejus
609 1899 781 1960 cladis
842 1911 1068 1972 accepto
1116 1903 1331 1966 riuntio,
1385 1904 1640 1974 Sopbiam
1697 1902 1933 1962 Sinrates

372 1990 622 2051 saltantis
649 2006 709 2048 se
739 1994 994 2064 contulit,
1016 1995 1201 2065 ibique
1246 2004 1685 2061 eastrametatus,
1725 1997 1937 2067 begler-

371 2079 567 2150 begum
631 2081 947 2148 Romanis,
993 2086 1252 2141 scbacum
1309 2086 1603 2141 Abedinem
1683 2088 1934 2149 bassam,

372 2190 497 2227 cuto
559 2175 835 2230 universis
884 2175 1166 2233 Romaniae
1212 2178 1405 2246 copiis,
1458 2188 1514 2231 et
1565 2177 1836 2241 Acanziis,
1881 2185 1937 2233 et

372 2263 675 2331 Genizaris,
722 2267 1023 2335 expedivit,
1080 2278 1159 2334 ut,
1196 2279 1478 2341 peragrata
1507 2270 1779 2332 Vaiachia.
1827 2266 1938 2324 Un-

374 2357 577 2421 u'ariam
605 2359 1017 2430 popularentur.
1044 2360 1148 2418 Eos
1170 2363 1227 2417 in
1260 2360 1598 2433 Ungarorum
1655 2362 1794 2417 lines
1838 2361 1937 2417 de-.

369 2446 512 2505 latos
573 2453 935 2529 impressione
977 2453 1165 2513 subita
1209 2452 1410 2511 laneus
1459 2456 1677 2517 invasit,
1721 2452 1937 2521 cecidit,

375 2540 696 2597 interemit:
732 2544 851 2612 ipso
873 2543 1038 2599 etiam
1066 2545 1389 2616 beglerbego
1452 2556 1667 2609 necato,
1700 2555 1755 2600 et
1790 2562 1939 2599 eam-

371 2633 659 2689 dem-cum
682 2632 872 2690 Iesite
898 2635 1029 2691 belli
1087 2635 1363 2691 fortunam
1453 2644 1695 2709 experto.
1754 2637 1939 2693 Conti-

370 2732 573 2790 gerunt
609 2724 724 2781 haec
759 2740 906 2783 anno
927 2725 1032 2782 846
1062 2727 1214 2793 (Chr.
1252 2727 1436 2798 iul).

440 2839 783 2898 Caramanite
812 2844 999 2914 begus,
1039 2844 1107 2901 de
1135 2844 1288 2900 hisce
1323 2843 1628 2901 Turcorum
1694 2844 1941 2901 cladibus

367 2933 574 2989 certior
624 2933 825 3002 factus,
873 2937 1180 2992 Anatoliam
1244 2952 1369 2993 cum
1419 2939 1593 3008 copiis
1636 2938 1939 3010 ingressus,

372 3025 593 3084 Belides
621 3029 882 3099 oppidum
908 3030 1156 3085 tentavit.
1179 3029 1238 3085 id
1272 3031 1365 3086 ubi
1409 3029 1775 3099 signiﬁcatum
1830 3030 1941 3085 sul-

370 3117 499 3172 Iano
528 3117 724 3173 Murali
753 3119 968 3186 luisset,
1026 3120 1371 3189 expeditione
1439 3135 1633 3191 magna
1665 3120 1938 3176 celeritate

369 3220 645 3279 suscepta,
679 3209 930 3269 ibrabimi
954 3211 1118 3282 337
1144 3209 1450 3266 Caramano
1502 3210 1703 3267 bellum
1728 3210 1934 3265 intulit:

366 3302 549 3370 quoin
575 3300 860 3357 montuosa
888 3300 1027 3375 loca,
1060 3317 1281 3371 praeque
1314 3304 1460 3358 saxis
1482 3302 1653 3366 invia,
1694 3302 1934 3373 dilapso:

370 3402 705 3447 transactum
737 3393 975 3463 denique
1005 3394 1283 3464 negotium
1312 3394 1437 3462 fuit,
1464 3403 1519 3452 et
1539 3397 1788 3453 sultanus
1823 3397 1940 3453 Mu-

367 3495 513 3540 rates
553 3483 992 3554 Hadrianopolim
1025 3484 1211 3542 rediit.

442 3597 663 3669 Accepit
723 3610 903 3663 autem
959 3599 1010 3655 id
1043 3603 1308 3674 temporis
1340 3596 1594 3660 nuntium
1641 3603 1708 3658 de
1766 3612 1938 3681 morte

369 3687 466 3741 lilii
501 3688 609 3753 sui,
637 3688 835 3744 sultani
889 3690 1169 3757 Aladinisi,
1200 3695 1293 3764 qui
1353 3695 1587 3749 Amasiae
1626 3696 1792 3751 rebus
1838 3696 1936 3750 hu-

371 3780 546 3835 manis
605 3791 938 3838 excesserat.
1033 3782 1171 3840 Dum
1233 3796 1456 3858 propter
1520 3789 1668 3846 illius
1726 3788 1935 3844 obitum

370 3874 550 3929 adhuc
571 3873 622 3928 in
649 3873 797 3929 luctu
817 3883 985 3940 esset,
1018 3892 1113 3933 rex
1164 3877 1540 3951 Ungarorum,
1587 3898 1713 3937 cum
1776 3882 1938 3939 laneo

369 3975 425 4020 et
449 3966 639 4023 Lazari
677 3968 807 4034 lilio,
862 3984 984 4024 sese
1042 3974 1230 4041 movit,
1292 3980 1508 4028 etcum
1570 3974 1815 4029 exercitu
1870 3977 1937 4030 ad

362 4061 601 4117 clisuras
627 4060 896 4118 lsiadinas
922 4064 1179 4119 accessit.
1199 4066 1481 4121 Adversus
1511 4066 1617 4122 bos
1660 4065 1940 4136 prolectus

366 4150 649 4209 Romaniae
702 4154 1059 4225 beglerbegus
1112 4154 1350 4213 Casanes
1408 4157 1588 4221 bassa.
1625 4173 1749 4213 cum
1802 4156 1941 4214 Tur-

361 4245 545 4299 charte
565 4245 718 4317 bego,
751 4254 804 4300 et
841 4245 1117 4303 universis
1141 4249 1425 4306 Romanis:
1448 4254 1454 4260 '
1475 4251 1668 4321 copiis,
1697 4259 1756 4306 et
1812 4267 1935 4308 cum

369 4334 642 4397 Acanziis.
674 4335 862 4406 proelio
908 4321 1037 4394 cum
1064 4338 1144 4395 eis
1168 4354 1495 4410 congressus
1525 4349 1628 4396 est.
1671 4339 1776 4395 Sed
1811 4357 1936 4397 cum

364 4424 692 4485 Turchanes
713 4429 906 4501 begus,
959 4431 1164 4488 amisso
1224 4434 1412 4504 vigore
1445 4434 1637 4497 animi,
1675 4450 1787 4504 pra:
1822 4434 1938 4489 lor-

2036 588 2166 642 citia
2183 588 2429 657 junctus.

2108 678 2313 734 interea
2343 680 2678 738 Caralitanus
2708 681 3009 738 lbraltimes
3052 682 3222 753 begus
3265 684 3591 748 Auatoliam,

2037 780 2184 824 moto
2206 771 2380 834 bello,
2417 774 2697 829 turbavit:
2725 774 2874 843 quod
2907 774 3324 828 ubinuntiatum
3368 777 3591 832 saltatio

2035 856 2250 926 fuisset,
2282 861 2333 914 in
2365 863 2673 918 Anatolius
2693 865 2933 921 transiit:
2964 874 3016 920 et
3041 881 3166 920 cum
3199 866 3589 925 Genizarorum

2034 951 2203 1006 aulici
2226 954 2537 1020 comitatus,
2569 954 2940 1026 Anatolicque
2971 952 3165 1026 copiis,
3224 960 3590 1014 Csramanurn

2034 1038 2269 1098 invasit:
2300 1042 2392 1110 qui
2422 1057 2545 1097 mox
2578 1044 2703 1113 iuga
2751 1047 2915 1100 rebus
2951 1046 3070 1101 suis
3117 1046 3409 1103 consuluit.
3461 1050 3592 1104 Erat

2033 1133 2176 1201 apud
2200 1134 2347 1189 hunc
2370 1136 2425 1190 in
2457 1139 2777 1192 auctoritate
2803 1139 3037 1192 maxima
3093 1139 3349 1194 Ssrmues
3371 1140 3591 1206 quidam

2032 1220 2283 1292 Jacupes,
2309 1228 2557 1293 pro-viro
2596 1238 2790 1283 saneto
2840 1230 3079 1285 habitus.
3105 1230 3159 1287 is
3203 1230 3272 1284 ad
3314 1230 3592 1286 sultanurn

2034 1309 2296 1368 Muratem
2319 1316 2619 1386 ablegatus,
2652 1319 2883 1374 invicem
2920 1330 3208 1390 utrumque
3246 1318 3351 1374 sibi
3402 1334 3596 1377 recon-

2034 1403 2255 1458 eiliavit.
2289 1405 2403 1471 Qua
2438 1422 2570 1476 pace
2607 1409 2873 1475 conlecta,
2931 1410 3177 1466 Murates
3221 1412 3463 1467 exercitu
3506 1415 3595 1468 di-

2034 1495 2224 1561 misso,
2258 1494 2550 1554 Manissam
2590 1500 2869 1570 profectus
2912 1512 3040 1557 est:
3080 1504 3170 1557 ubi
3218 1516 3347 1557 eum
3398 1514 3613 1573 sponte-

2032 1600 2094 1641 se
2122 1585 2351 1655 imperio
2369 1588 2700 1656 abdicasset,
2733 1592 2897 1648 Ilium
2924 1595 3029 1649 sibi
3071 1595 3349 1651 sultanem
3375 1597 3597 1654 Muelle-

2033 1687 2232 1731 metem
2264 1679 2568 1748 substituit,
2603 1684 2765 1754 eique
2813 1684 3074 1741 Cbeiilem
3107 1689 3323 1743 hassam
3358 1691 3593 1744 vezirem

2032 1767 2300 1837 adiunxit,
2328 1786 2455 1827 cum
2480 1774 2727 1831 Ileulana
2777 1776 3087 1846 Chussone,
3134 1781 3229 1850 qui
3282 1780 3471 1837 elilcio
3506 1796 3597 1837 ca-

2038 1861 2320 1919 dilescheri
2374 1865 2734 1935 fungeretur:
2772 1870 3059 1926 amborum
3131 1873 3312 1927 virtuti
3358 1884 3423 1928 ac
3472 1874 3607 1928 ﬁdei

2036 1959 2146 2004 tam
2181 1953 2313 2019 lilio,
2340 1970 2504 2026 quam
2562 1959 2861 2028 provinciis
2889 1962 3122 2031 imperii,
3181 1962 3586 2020 commendatis.

2035 2040 2090 2097 Id
2124 2044 2323 2099 factum
2356 2062 2505 2104 anno
2532 2048 2916 2108 Mahumetsno
2945 2054 3050 2108 847
3087 2054 3241 2125 (Chr.
3272 2056 3452 2123 ωε).

2112 2133 2225 2192 ilex
2261 2147 2442 2199 autem
2476 2138 2727 2211 Usgaria:
2768 2159 2892 2199 cum
2911 2142 3087 2199 .lanco
3111 2159 3263 2201 novae
3284 2154 3455 2201 semet
3501 2160 3587 2201 ev-

2034 2228 2293 2296 peditioni
2320 2231 2585 2296 accinxit,
2609 2234 2787 2290 ductis
2817 2251 3008 2291 secum
3049 2238 3308 2305 Ungaris,
3366 2239 3598 2294 Germa-

2035 2320 2140 2381 nis.
2173 2319 2451 2389 Bohemis,
2482 2322 2727 2388 Polonis,
2764 2324 2941 2392 Italis,
3000 2335 3056 2381 et
3114 2325 3364 2383 Valachis
3391 2345 3411 2382 :
3460 2344 3602 2398 quo-

2035 2423 2156 2464 rum
2180 2413 2431 2479 omnium
2455 2414 2654 2484 ingens
2673 2427 2790 2472 erat
2840 2417 3152 2483 multitudo,
3182 2419 3431 2475 videlicet
3489 2421 3602 2475 bo—

2037 2503 2242 2558 minum
2309 2506 2375 2560 ad
2445 2506 2723 2576 octoginta
2778 2509 2969 2563 millia.
3042 2510 3340 2567 Tormenta
3384 2528 3615 2583 quoque

2037 2592 2227 2648 bellica
2285 2598 2419 2651 rotis
2467 2597 2723 2667 imposita
2767 2600 3127 2666 vellebantur,
3182 2619 3409 2660 numero
3463 2618 3604 2676 qua~

2038 2683 2568 2754 dringenta..liilites
2591 2688 2692 2758 ipsi
2722 2688 2873 2746 ferro
2911 2704 3139 2762 prorsus
3193 2695 3385 2750 annali
3447 2698 3603 2750 tecti-

2038 2792 2147 2846 que
2215 2778 2711 2847 conspiciebantur.
2791 2782 3041 2854 Cumque
3125 2788 3451 2843 transmisso
3533 2790 3601 2841 ad

2040 2868 2233 2922 Albam
2283 2868 2527 2924 Graecam
2581 2869 2867 2940 Danubio,
2923 2874 3060 2930 ﬁnes
3118 2877 3333 2947 imperii
3386 2879 3605 2935 'l'urcici

2040 2962 2366 3031 transgressi
2397 2961 2664 3019 fuissent:
2703 2963 2963 3021 blateratu
3005 2976 3063 3023 et
3098 2966 3378 3025 Schulium
3404 2975 3602 3042 Oppida

2041 3064 2344 3111 vastarunt.
2383 3054 2510 3113 inde
2534 3061 2800 3127 promotis
2823 3061 2896 3116 ad
2916 3062 3214 3133 Nicopolim
3270 3068 3486 3134 castris,
3544 3069 3603 3123 in

2044 3160 2258 3201 omnem
2289 3148 2441 3205 illum
2467 3166 2657 3219 agrum
2689 3152 2832 3207 ferro
2858 3163 2913 3209 et
2967 3155 3084 3227 igni
3132 3160 3445 3216 Saevierunt.
3501 3162 3601 3213 Ar-

2042 3252 2159 3292 cem
2182 3255 2398 3311 quoque
2451 3242 2789 3300 Buruvadan
2833 3261 3192 3318 occuparunt,
3256 3261 3310 3307 et
3350 3253 3602 3321 imposito

2042 3331 2293 3396 praesidio
2321 3334 2655 3399 munierunt.
2686 3335 2820 3391 Cum
2847 3353 2879 3391 a
2910 3336 3156 3409 Nicopoli
3186 3342 3380 3410 copias
3429 3342 3603 3396 abdit-

2040 3430 2249 3490 cerent,
2280 3433 2502 3481 secutus
2527 3441 2621 3481 eos
2649 3440 2775 3481 eum
2831 3428 2947 3484 suis
2993 3444 3024 3484 s
3055 3440 3212 3500 tergo
3245 3431 3601 3489 ii‘ecltemetes

2038 3514 2315 3585 Nicopolis
2364 3517 2552 3587 beatis,
2576 3518 2798 3590 Syrusis
2837 3520 2956 3591 bcgi
2990 3520 3155 3583 illius.
3192 3533 3247 3578 et
3288 3540 3477 3594 agmen
3511 3541 3605 3580 ex-

2042 3616 2274 3663 tremum
2301 3609 2547 3677 adortus,
2572 3613 2885 3682 complures
2943 3615 3183 3682 occidit,
3224 3618 3604 3687 cataphractos

2041 3698 2305 3773 quosdam
2362 3697 2692 3768 interceptos
2724 3701 2792 3756 ad
2841 3702 3069 3757 Portam
3119 3704 3288 3760 misit.
3326 3702 3399 3757 De
3454 3704 3605 3760 hisce

2039 3792 2287 3845 motibus
2312 3791 2586 3847 sultanum
2622 3791 2883 3848 Moralem
2912 3809 3039 3851 mox
3066 3793 3288 3850 Vezires
3320 3797 3604 3850 certiorem

2045 3878 2427 3936 reddiderunt.
2488 3881 2543 3937 is
2598 3880 2850 3939 Emissa:
2904 3895 3041 3938 tum:
3073 3885 3323 3951 degebat,
3382 3900 3493 3954 quo
3545 3902 3606 3938 se

2041 3972 2245 4042 quieta:
2290 3973 2415 4025 vitae
2468 3973 2651 4027 studio
2711 3989 2820 4029 non
2884 3976 2959 4030 ita
3016 3976 3226 4044 pridem
3278 3977 3604 4031 contulerat.

2042 4062 2363 4135 Quanquam
2400 4078 2526 4119 vero
2562 4065 2740 4121 serius
2764 4067 2959 4121 barum
2988 4082 3167 4122 rerum
3206 4070 3455 4123 nuntium
3511 4084 3606 4123 ac-

2041 4156 2273 4224 ciperet,
2307 4163 2488 4209 tamen
2513 4155 2578 4210 ad
2616 4156 2718 4210 iter
2748 4165 2967 4213 mature
2999 4174 3058 4213 se
3082 4164 3427 4228 comparans,
3480 4159 3606 4214 Gal-

2040 4246 2251 4314 lipolim-
2279 4244 2550 4301 advolavit
2578 4256 2595 4299 :
2627 4262 2738 4317 quo
2761 4247 2875 4317 jam
2906 4247 3026 4302 Itali
3066 4263 3257 4318 magna
3283 4264 3405 4303 cum
3430 4251 3605 4304 classe

2040 4337 2380 4409 appulerant,
2412 4346 2469 4392 et
2496 4339 2793 4405 quominus
2820 4339 2876 4394 in
2918 4339 3189 4410 Europam
3241 4343 3606 4397 transmittere

2039 4438 2243 4500 posset,
2272 4430 2658 4501 impediebant.
2690 4431 3057 4498 Quamobrem
3099 4448 3287 4489 versus
3339 4433 3606 4488 Constan-

368 4518 573 4575 midine
595 4535 659 4576 ac
679 4521 1060 4593 desperatione
1090 4539 1148 4579 se
1171 4523 1314 4596 fugae
1344 4526 1582 4581 dedisset
1609 4542 1623 4578 :
1687 4526 1932 4584 Casanes
1959 4511 2014 4573 Β
2042 4522 2326 4590 tinopolim
2367 4538 2488 4579 cum
2525 4523 2768 4578 exercitu
2793 4522 3079 4591 proiectus
3107 4534 3210 4589 est,
3248 4533 3301 4578 ct
3328 4541 3357 4579 e
3386 4525 3609 4595 regione

368 4615 528 4670 lvassa
561 4631 684 4672 cum
704 4617 931 4689 reliquis
990 4617 1300 4685 militibus,
1350 4627 1619 4690 quotquot
1669 4617 1930 4674 adversus

368 4707 581 4763 hostem
607 4725 730 4765 cum
761 4725 829 4766 eo
864 4710 1241 4773 substiterant.
1294 4726 1467 4767 caesus
1510 4710 1632 4765 fuit.
1675 4709 1937 4767 Sultanus

367 4808 549 4855 autem
597 4801 856 4867 Murates,
915 4803 1123 4875 perlata
1175 4804 1243 4867 ad
1284 4819 1344 4858 sc
1372 4804 1446 4858 rei
1473 4815 1585 4858 tam
1642 4803 1935 4859 infeliciter

366 4899 533 4955 geSIa:
560 4887 726 4957 fama,
751 4906 876 4945 cum
907 4893 1164 4948 omnibus
1189 4878 1493 4955 Genizaris.
1534 4900 1588 4945 et
1639 4893 1777 4947 aula:
1839 4908 1934 4949 co-

368 4978 585 5047 mitatu,
621 4980 1008 5053 lladrianopoli
1037 4984 1330 5041 discessit:
1358 4993 1412 5041 et
1437 4986 1678 5041 evocatis
1697 4984 1935 5054 undique

365 5067 623 5126 omnibus
647 5070 715 5126 ad
749 5072 890 5131 hanc
918 5075 1189 5139 militiam.
1210 5076 1305 5148 qui
1343 5091 1492 5132 arma
1513 5075 1656 5132 ferre
1688 5086 1941 5147 possent,

366 5162 533 5239 etiam
597 5164 804 5233 pedites
885 5164 1182 5239 Europaeos
1255 5185 1453 5241 magno
1506 5184 1734 5225 numero
1807 5183 1939 5224 con-

369 5254 605 5324 scripsit.
633 5255 975 5314 Gerebantur
1006 5270 1187 5316 autem
1221 5259 1337 5316 haec
1402 5261 1635 5317 hiberno
1673 5270 1943 5330 tempore,

368 5358 491 5398 Cum
536 5346 727 5415 ingens
771 5347 945 5418 frigus
988 5359 1152 5405 esset.
1220 5348 1321 5405 Ubi
1385 5350 1454 5406 ad
1507 5349 1953 5416 Christianorum

369 5446 544 5490 castra
581 5450 898 5506 perventum
931 5439 1165 5506 fuisset,
1221 5443 1406 5498 multis
1466 5443 1725 5511 utrinque
1784 5441 1945 5497 dimi-

367 5540 549 5583 catum
583 5529 878 5589 levioribus
902 5535 1123 5605 prseliis.
1183 5534 1429 5592 Tandem
1485 5551 1618 5592 vero
1670 5534 1943 5591 Christia-

372 5618 458 5674 nis
486 5625 785 5679 exercitum
821 5627 1235 5693 abducentibus,
1270 5630 1431 5683 etiam
1462 5622 1700 5683 Murates
1751 5629 1947 5685 itinere

368 5724 639 5767 converso
702 5714 1152 5791 Hadrianopolim
1211 5737 1278 5777 se
1328 5723 1570 5786 recepit:
1604 5736 1737 5792 pace
1794 5723 1947 5791 prius

370 5802 515 5859 inter
578 5821 637 5860 sc
668 5805 970 5879 Lazariquc
1020 5814 1190 5869 liliqu
1271 5815 1500 5883 sancito,
1529 5815 1615 5870 cui
1674 5814 1949 5884 principa-

2038 4614 2188 4671 illius
2211 4615 2338 4680 ioci,
2361 4631 2473 4683 quo
2499 4615 2619 4671 loco
2649 4629 2795 4670 nunc
2816 4614 2959 4670 areis
2986 4631 3139 4671 novae
3197 4626 3472 4671 structura
3497 4632 3591 4667 cer

2040 4709 2207 4771 nitur,
2257 4717 2619 4762 mercatorum
2679 4706 2909 4776 navigiis
2979 4722 3134 4771 usus,
3183 4706 3245 4769 in.
3288 4706 3607 4760 Romaniam

2040 4798 2346 4869 transiecit.
2372 4797 2506 4854 Cum
2564 4798 3014 4868 Hadrianopolim
3046 4800 3399 4868 pervenisset,
3453 4813 3612 4852 inuti»

2042 4895 2205 4948 strati
2232 4903 2360 4952 sunt
2385 4893 2434 4947 ei
2467 4892 2773 4947 Christiani
2822 4892 3178 4962 cataphracti,
3210 4906 3349 4961 quos
3400 4891 3614 4945 lleche—

2043 4996 2212 5042 metes
2245 4986 2417 5056 begus
2440 4993 2679 5053 ceperat,
2720 4990 2780 5039 et
2826 4983 2955 5038 illuc
3011 4984 3262 5038 miserat.
3316 4982 3412 5038 liis
3456 4983 3610 5046 visis,

2043 5079 2252 5133 vultum
2278 5080 2528 5148 erigens:
2558 5075 2703 5132 Bene
2733 5077 2892 5132 nobis
2916 5091 3010 5131 res
3042 5085 3246 5131 nostra:
3294 5076 3611 5137 succedent,

2045 5170 2141 5236 ait,
2168 5169 2402 5240 propitio
2430 5167 2561 5225 Deo.
2592 5167 2901 5238 Statimque
2929 5182 3054 5222 cum
3095 5168 3435 5237 prapotenti,
3500 5175 3609 5218 tam

2046 5278 2111 5318 ex
2148 5260 2419 5324 Anatolio,
2443 5274 2605 5330 quam
2629 5257 2896 5314 Bouiania
2919 5257 3153 5313 collecto
3182 5258 3443 5321 exercitu,
3495 5271 3615 5310 ma-

2048 5368 2262 5424 gnaque
2294 5354 2532 5423 peditum
2558 5366 2721 5406 manu
2750 5364 2941 5406 recens
2987 5348 3318 5418 conscripta,
3383 5347 3615 5401 Hadria-

2050 5444 2234 5514 nopoli
2258 5444 2560 5500 discedens.
2589 5442 2644 5494 in
2681 5441 2890 5495 hostem
2957 5448 3104 5494 recta
3156 5437 3334 5491 duxit.
3372 5435 3606 5491 Concur-

2052 5543 2245 5601 rerunt
2267 5535 2540 5591 exercitus
2562 5532 2629 5586 ad
2653 5539 2899 5601 stagnum
2922 5531 3039 5586 sive
3084 5529 3334 5601 paludem
3370 5526 3628 5583 Varneu—

2054 5644 2191 5693 sem,
2219 5627 2308 5681 ubi
2334 5626 2655 5681 dimicatum
2682 5624 2824 5707 inter
2853 5635 2948 5677 eos
2970 5620 3256 5685 acerrime,
3290 5619 3461 5674 multa
3489 5630 3621 5674 cunt

2055 5721 2318 5777 ellusione
2343 5717 2644 5788 sanguinis.
2673 5714 2787 5770 Rex
2844 5712 3099 5789 Ungarus
3161 5713 3228 5766 ab
3284 5725 3395 5767 uno
3448 5712 3620 5768 latere

2062 5814 2355 5881 pugnabat,
2399 5811 2468 5866 ab
2497 5809 2670 5864 altero
2694 5806 2920 5864 Michael
2952 5805 3064 5871 ille,
3107 5815 3467 5874 cognomento
3520 5802 3620 5857 Ni-
