4126 6436
486 402 609 464 σῦὓθ

1757 385 2104 451 ANNALES
2137 385 2469 445 TUIICICI.

3614 386 3722 451 610

495 527 636 581 ger:
664 521 716 564 et
744 517 890 562 tanto
915 507 1135 578 quidem
1167 522 1291 562 cum
1326 507 1528 578 impetu
1561 506 1784 560 Muralis
1814 503 2060 558 invasere
2089 505 2130 557 Δ
2163 499 2441 567 ingressus
2495 507 2575 552 est
2604 515 2616 550 :
2651 498 2740 553 ubi
2795 514 2918 554 cum
2977 498 3250 554 civitatem
3310 499 3574 558 Geremcn
3628 521 3722 558 ex-

495 603 712 672 copias,
750 611 806 655 ut
833 602 1065 655 hostium
1096 610 1386 669 utrumque
1409 615 1579 654 cornu
1609 599 1663 652 in
1707 598 1885 665 fugam
1938 610 2062 664 pro-

509 697 801 766 pellerent;
832 702 995 762 atque
1015 694 1114 746 hoc
1141 694 1194 746 in
1215 691 1464 746 conllictu
1501 689 1855 759 beglerbegus
1919 687 2062 740 Ana-

512 788 650 842 toliae
671 800 840 840 caasus
873 785 995 838 fuit.
1023 784 1182 838 Solus
1204 782 1380 837 adhuc
1431 781 1668 835 Murates
1697 795 1818 834 cum
1849 778 2062 848 agmine

509 893 605 932 suo
631 878 804 932 stabat
823 877 1101 935 immotus,
1129 875 1338 929 caeteris
1365 874 1434 928 ab
1456 881 1682 940 utroque
1733 873 1901 932 latere
1938 884 2058 936 pro—

508 970 714 1031 stratis,
751 977 844 1021 aut
881 966 1006 1034 fuga
1048 967 1290 1036 dilapsis.
1327 967 1400 1020 lbi
1432 977 1542 1021 tum
1579 965 1811 1019 Murates
1864 966 2059 1018 erectis

501 1059 564 1112 ad
595 1060 794 1113 ccelum
829 1060 1022 1122 oculis,
1060 1073 1214 1128 opem
1252 1058 1338 1113 sui
1373 1058 1611 1113 numinis
1638 1065 1693 1112 et
1737 1055 2059 1110 Mahumetis

503 1151 794 1218 implorare
822 1150 1162 1218 solliciteque
1190 1148 1422 1218 precari,
1455 1165 1522 1202 ne
1551 1164 1610 1204 se
1633 1158 1739 1202 tam
1804 1146 2056 1216 praesenti

499 1242 740 1311 pericqu
802 1258 984 1296 rerum
1034 1243 1368 1298 desererent.
1430 1241 1638 1308 Quibus
1694 1241 1946 1310 precibus
1985 1240 2055 1293 ita

498 1332 808 1400 conceptis,
859 1347 985 1385 mox
1040 1333 1210 1385 aleam
1263 1331 1433 1402 praelii
1490 1340 1750 1384 mutatam
1804 1328 2054 1382 vidisses.

499 1423 710 1492 Quippe
739 1440 852 1486 rex,
881 1424 1166 1478 immodica
1215 1424 1524 1479 ferocientis
1545 1423 1709 1476 animi
1755 1420 2058 1476 temeritate

499 1515 788 1583 impulsus,
857 1515 909 1568 in
965 1515 1178 1570 medios
1237 1517 1444 1570 Turcos
1494 1530 1692 1584 equum
1761 1513 1959 1582 adegit,
2005 1519 2058 1564 et

499 1622 714 1661 summo
739 1622 860 1661 cum
888 1607 1008 1662 uisu
1034 1607 1259 1663 Muralis
1295 1607 1469 1677 ipsius
1508 1618 1671 1674 caput
1712 1605 1885 1674 petiit.
1917 1605 2052 1658 Dum

501 1697 551 1747 in
583 1697 728 1749 hunc
753 1695 971 1750 modum
998 1696 1325 1750 furibundus
1356 1696 1719 1766 progreditur,
1743 1709 1872 1747 casu
1919 1707 2056 1761 quo-

502 1787 624 1840 dam
657 1787 875 1851 accidit,
907 1795 962 1840 ut
986 1803 1160 1857 equus
1197 1788 1376 1856 regius
1407 1786 1470 1840 ad
1503 1795 1698 1840 terram
1745 1784 2053 1853 prolabere-

504 1885 609 1931 tur.
632 1877 772 1931 ‘l‘um
797 1879 1014 1947 quidam
1047 1895 1077 1933 e
1139 1879 1375 1946 peditum
1408 1893 1657 1942 numero,
1714 1887 1770 1930 et
1799 1877 1936 1930 alius
1995 1891 2058 1929 ex

502 1968 690 2022 ordine
737 1968 1150 2034 Genizarorum,
1210 1981 1592 2033 accurrentes,
1644 1969 1766 2038 equi
1819 1969 2061 2023 tendines

500 2061 829 2116 inciderunt.
859 2061 1044 2131 Itaque
1081 2077 1204 2129 rege
1252 2063 1398 2116 bumi
1430 2073 1720 2132 prOstrato,
1782 2076 1904 2115 mox
1935 2075 2060 2128 pro-

502 2161 666 2206 vectae
689 2153 770 2205 vir
794 2154 991 2217 aetatis,
1026 2151 1228 2207 Cheser
1255 2155 1443 2224 begus,
1491 2155 1581 2222 qui
1639 2165 1766 2207 tunc
1792 2151 1966 2205 adhuc
1995 2167 2060 2204 ex

503 2231 652 2312 Elpia
672 2243 872 2298 familia
902 2255 1173 2313 superstes
1208 2253 1344 2307 erat,
1401 2260 1465 2298 ex
1514 2259 1654 2314 equo
1702 2244 2057 2320 descendens,

507 2335 616 2404 regi
659 2345 816 2404 caput
845 2343 1106 2404 amputat,
1133 2333 1296 2406 328
1320 2343 1370 2388 et
1418 2335 1633 2389 sultano
1657 2333 1848 2387 Murati
1882 2332 2059 2388 offert.

508 2424 574 2489 Is,
609 2425 709 2479 hoc
745 2427 1053 2494 spectaculo
1084 2427 1256 2490 Izetus,
1285 2426 1565 2481 confestim
1625 2426 1832 2496 regium
1898 2434 2062 2494 caput

507 2519 671 2572 hasta:
689 2519 841 2587 jubet
873 2519 1030 2588 καὶεί.
1071 2520 1226 2586 Quod
1256 2521 1347 2575 ubi
1407 2522 1607 2576 factum
1637 2521 1847 2584 fuisset,
1905 2523 2057 2576 hasta

500 2610 556 2662 in
583 2610 747 2663 altum
774 2610 983 2684 sublata
1008 2611 1230 2664 clamari
1286 2623 1546 2680 coeptum,
1582 2614 1722 2682 regis
1754 2613 1854 2667 hoc
1897 2622 2062 2684 caput

489 2713 636 2753 esse.
663 2697 800 2753 Tum
831 2715 956 2755 vero
989 2700 1172 2764 Turci,
1206 2701 1298 2763 qui
1336 2702 1486 2768 prius
1515 2702 1650 2772 fugae
1680 2719 1739 2757 se
1766 2703 2056 2770 dederant,

498 2791 602 2843 hoc
630 2789 816 2844 audito
838 2791 1095 2852 clamore,
1123 2792 1338 2846 reﬂexis
1359 2793 1537 2862 equis,
1556 2783 1570 2794 ’
1599 2809 1792 2849 rursus
1825 2795 1890 2848 ad
1945 2795 2062 2848 Mu-

500 2891 666 2935 ratem
696 2880 1090 2936 confluxerunt.
1113 2884 1229 2948 Qua
1256 2899 1312 2937 rc
1350 2899 1380 2938 a
1430 2884 1756 2940 Christianis
1817 2889 2059 2941 animad-

496 2990 674 3038 versa,
705 2991 828 3029 cum
864 2977 1086 3046 reliquis
1115 2993 1303 3033 eorum
1338 2980 1510 3048 copiis
1529 2979 1733 3036 Jancus
1776 2983 1828 3036 in
1877 2982 2056 3053 fugam

499 3081 558 3121 se
592 3064 982 3136 conjecit.lloc
1033 3069 1190 3123 modo
1225 3069 1384 3123 victis
1441 3069 1792 3137 Christianis,
1851 3088 1914 3127 ac
1973 3074 2058 3128 fu-

493 3158 789 3226 gientibus,
819 3160 980 3214 Turci
1009 3176 1100 3215 eos
1128 3161 1196 3215 ab
1235 3163 1386 3216 omni
1445 3172 1598 3231 parte
1658 3166 1939 3233 persequi,
1993 3183 2057 3222 ac
2082 3182 2129 3240 ο

496 3254 757 3321 plurimos
780 3255 1044 3310 cecidere.
1073 3255 1281 3314 Interea
1319 3271 1449 3310 vero
1479 3255 1751 3318 Genizari,
1811 3272 1876 3312 ac
1907 3259 2057 3327 pedi-

500 3352 580 3399 tes
600 3344 844 3410 Turcic'i,
869 3361 1069 3401 currus
1115 3358 1167 3402 et
1197 3347 1580 3416 impedimenta
1624 3348 2056 3405 Christianorum

503 3435 675 3489 adorti
695 3437 1055 3503 diripuerunt,
1088 3449 1141 3494 et
1184 3439 1388 3510 ingenti
1448 3441 1603 3508 potiti
1659 3450 1787 3494 sunt
1837 3443 2054 3511 praeda:

505 3539 610 3592 qua
637 3527 852 3596 quidem
887 3531 952 3585 ad
977 3532 1254 3586 sultanum
1301 3532 1564 3586 Muratem
1629 3534 1811 3599 allata,
1869 3545 2058 3589 mutuo

503 3617 606 3670 sibi
631 3620 879 3688 gratulati
910 3633 1056 3686 sunt,
1091 3634 1145 3678 et
1172 3623 1322 3678 illum
1355 3624 1497 3678 diem
1529 3625 1580 3678 in
1637 3625 1807 3680 fastos
1871 3626 2056 3680 referri

494 3708 795 3777 jusserunt.
819 3711 1192 3784 Exaetumque
1231 3715 1334 3770 fuit
1377 3716 1444 3770 ab
1470 3716 1550 3770 eis
1591 3725 1763 3771 totum
1811 3717 1914 3772 hoc
1962 3719 2058 3772 tri-

496 3802 662 3856 duum
692 3805 836 3858 onmi
885 3821 1080 3875 genere
1139 3807 1449 3863 hilaritatis.
1505 3805 1602 3864 liis
1655 3810 1817 3864 rebus
1868 3810 2057 3879 gestis,

495 3892 779 3963 imperium
802 3895 1052 3952 sultanus
1083 3897 1317 3954 Murates
1352 3900 1550 3954 iterum
1601 3901 1817 3956 sultano
1843 3903 2060 3958 Muche-

495 3989 620 4040 meti
649 3987 759 4042 filio
785 3989 1040 4052 restituit,
1079 3999 1133 4044 et
1163 3991 1279 4059 ipse
1307 3989 1600 4045 Manissam
1658 4007 1908 4047 reversus
1951 4005 2050 4047 est.

493 4077 860 4135 Muchemetes
901 4096 1068 4150 regno
1100 4097 1285 4136 rursus
1311 4083 1466 4146 inito,
1498 4097 1621 4138 mox
1656 4099 1850 4153 aspros
1889 4100 2056 4140 novos

495 4171 696 4240 signari
736 4174 957 4228 nomine
975 4189 1075 4228 suo
1105 4174 1282 4241 iussit,
1314 4190 1457 4229 anno
1481 4176 1586 4230 849
1609 4179 1760 4247 (Chr.
1802 4179 1982 4247 1444).

562 4263 618 4318 In
648 4265 778 4333 ipsis
806 4277 986 4320 autem
1023 4265 1394 4321 Muchemetici
1449 4270 1601 4337 regni
1660 4271 1815 4324 novis
1870 4273 2056 4342 auspi-

493 4355 614 4417 ciis,
647 4357 773 4411 urbs
815 4357 1334 4428 I-ladrianopolitana
1369 4368 1482 4414 tota
1537 4361 1771 4415 flammis
1825 4378 2052 4419 accensa

493 4449 876 4516 conflagravit:
910 4460 964 4504 et
1003 4448 1251 4504 Geuizari
1285 4451 1550 4504 seditione
1570 4459 1864 4514 commota,
1886 4456 2052 4521 majo-

491 4555 578 4595 res
632 4557 877 4596 annonas
944 4543 1324 4612 postularunt:
1399 4557 1508 4597 non
1569 4543 1708 4612 plebi
1791 4545 2052 4599 duntaxat

493 4632 682 4701 injecta
755 4634 1136 4703 trepidatione,
1222 4649 1410 4688 verum
1476 4635 1637 4689 etiam
1730 4635 2052 4706 heglerbego

489 4722 757 4778 Chadumi
816 4725 1242 4780 bassemmortis
1301 4726 1566 4780 intentato
1623 4727 1902 4794 periculo:
1959 4729 2051 4797 qui

491 4816 574 4867 vix
607 4815 659 4867 in
690 4831 868 4870 arcem
919 4817 984 4868 ad
1045 4816 1316 4869 sullauum
1379 4816 1768 4871 Muchemetem
1816 4815 2051 4885 elapsus,

488 4907 648 4960 saluti
678 4923 791 4962 sua:
816 4907 1108 4963 consuluit.
1141 4908 1360 4961 Interim
1416 4905 1670 4962 Gcnizari
1720 4923 1815 4975 per
1865 4909 2050 4961 urbem

488 4999 631 5054 foede
661 4999 918 5068 grassari,
943 5009 998 5053 et
1026 4999 1207 5053 omnia
1233 5014 1326 5068 per
1379 5013 1648 5052 summam
1707 4999 2050 5051 insolentiam

490 5090 762 5158 diripere:
790 5092 962 5145 donec
1006 5090 1220 5144 tandem
1244 5092 1322 5145 eis
1349 5105 1564 5144 annona
1612 5090 1842 5143 semisse
1889 5089 2052 5143 unius

489 5185 965 5251 aspriaugeretur,
1025 5193 1190 5254 atque
1243 5185 1316 5237 ita
1377 5183 1821 5238 tumultuantium
1886 5184 2051 5236 animi

490 5275 827 5329 sedarentur.

559 5365 884 5434 Compositis
909 5368 1057 5423 hisce
1085 5369 1278 5434 turbis,
1331 5369 1502 5424 Chelil
1544 5369 1700 5424 bassa
1758 5367 1934 5434 Vezir,
1997 5379 2050 5423 et

489 5455 579 5510 alii
604 5457 881 5512 Romaniae
931 5475 1216 5526 proceres,
1279 5461 1519 5514 unanimi
1554 5462 1781 5515 consilio
1810 5470 1864 5515 et
1919 5477 2049 5514 con-

489 5565 652 5604 sensu
687 5550 919 5606 Manissa
950 5553 1223 5606 sultanqu
1248 5551 1508 5606 Muratem
1548 5552 1741 5604 iterum
1780 5552 1845 5605 ad
1899 5568 2051 5606 sum-

490 5655 630 5693 mam
653 5657 834 5694 rerum
865 5642 1267 5696 arcessivcrunt
1302 5659 1316 5695 :
1348 5641 1440 5710 qui
1475 5642 1573 5695 hoc
1606 5655 1830 5708 accepto
1859 5644 2048 5694 nuntio

493 5751 613 5790 mox
645 5739 711 5790 ad
735 5737 1009 5791 sultanum
1040 5737 1424 5791 liluchemetem
1461 5752 1518 5791 se
1563 5736 1790 5790 contulit
1822 5734 2048 5790 I‘Iadtia-

494 5832 750 5899 nopolim,
777 5841 831 5886 et
866 5831 1044 5887 hieme
1073 5831 1317 5899 sequenti
1345 5846 1466 5884 cum
1517 5831 1753 5884 exercitu
1817 5829 2048 5885 Moseam

2164 599 2452 658 pugnatam
2483 589 2720 643 dedisset
2772 591 3001 653 excidio,
3053 601 3104 645 et
3136 593 3238 645 alia
3272 592 3517 663 quaedam
3573 599 3722 666 Oppi-

2161 680 2281 732 dula
2312 681 2545 748 cepisset
2571 721 2586 747 ,
2620 682 2866 738 abductis
2891 683 3064 753 copiis
3086 724 3100 748 ,
3137 683 3576 754 Hadrianopolim
3641 706 3725 743 re-

2161 769 2279 834 diit,
2315 786 2461 825 anno
2493 771 2597 826 850
2614 772 2766 840 (Chr.
2797 772 2982 844 IIIS).

2229 862 2436 918 Castris
2462 864 2839 935 Hadrianopoli
2872 868 3054 933 moris,
3089 867 3140 920 in
3198 869 3482 923 Albaniam
3535 869 3718 933 duxit,

2159 963 2214 1008 et
2245 969 2423 1026 arcem
2454 954 2768 1009 Cotziacum
2803 955 2855 1009 in
2883 959 3090 1012 ditione
3135 956 3360 1014 Joannis
3410 964 3721 1030 occupavit,

2161 1057 2224 1096 ac
2255 1044 2564 1098 universam
2594 1047 2868 1110 regionem
2916 1047 3121 1116 rapinis
3157 1051 3425 1105 exhausit.
3485 1055 3722 1107 Albano-

2161 1149 2278 1188 rum
2313 1135 2569 1205 princeps
2598 1137 2863 1193 Iscodara:
2880 1139 3296 1205 dominus,cum
3362 1146 3474 1198 suis
3520 1147 3721 1200 cedens

2159 1225 2389 1296 aufugit.
2450 1229 2636 1298 Itaque
2703 1229 2940 1285 Murates
2997 1248 3242 1303 magnam
3294 1237 3528 1307 regionis
3575 1239 3722 1293 illius

2159 1327 2366 1385 partem
2394 1321 2639 1389 adjunxit
2665 1322 2892 1391 imperio
2947 1341 3081 1391 suo;
3113 1341 3346 1396 cumque
3390 1329 3722 1385 Christiano-

2161 1423 2277 1462 rum
2313 1413 2510 1479 templa
2536 1413 2815 1477 diruisset,
2842 1431 2905 1469 ac
2942 1416 2992 1469 in
3015 1419 3268 1472 messitas
3297 1429 3720 1487 commutasset,

2159 1499 2457 1556 Turcorum
2479 1505 2722 1560 colonias
2749 1508 2798 1558 in
2833 1507 2918 1560 illa
2945 1507 3059 1562 loca
3091 1511 3337 1565 deduxit.

2228 1590 2322 1646 IIis
2371 1592 2579 1648 Muratc
2603 1596 2765 1650 rebus
2825 1613 3109 1668 occupato,
3176 1602 3353 1655 nuntii
3408 1602 3720 1666 advenere.

2157 1683 2249 1750 qui
2300 1684 2688 1752 signiﬁcarent,
2749 1687 3018 1758 ngaros,
3101 1691 3366 1757 Saxones,
3452 1693 3720 1761 Boemos;

2163 1770 2485 1837 Germanos,
2517 1784 2569 1829 et
2618 1775 2908 1842 Valachos,
2979 1782 3231 1836 maximis
3277 1784 3480 1838 coactis
3528 1786 3719 1854 cepiis,

2160 1865 2268 1932 jam
2301 1866 2366 1918 ad
2397 1864 2586 1920 Albam
2617 1883 2787 1938 usque
2832 1869 3074 1925 Grtccam
3127 1874 3420 1942 appulisse,
3472 1891 3725 1946 progres-

2162 1971 2319 2010 suros
2350 1959 2414 2009 ad
2443 1957 2593 2026 ipsos
2619 1959 2843 2015 Cosova:
2877 1978 3118 2030 campos.
3149 1967 3276 2036 Ejus
3311 1970 3382 2022 rei
3416 1967 3555 2023 fama
3609 1970 3722 2024 sul-

2162 2055 2320 2100 tanus
2360 2047 2596 2104 Murates
2622 2052 2907 2120 impulsus,
2941 2055 3170 2110 Albania
3199 2059 3405 2120 relicta,
3460 2060 3723 2130 Sophiam

2162 2154 2372 2193 summa
2404 2139 2754 2196 festinatione
2807 2147 3057 2210 accessit,
3117 2148 3298 2218 ibique
3355 2152 3612 2212 sul»stit.t.
3669 2153 3720 2205 iu

2160 2245 2374 2284 atumem
2404 2241 2612 2300 partem
2633 2235 2891 2302 intentus,
2915 2253 3024 2306 quo
3061 2240 3273 2294 scilicet
3319 2253 3612 2312 erupturos
3636 2245 3724 2298 hic

2164 2329 2340 2376 motus
2365 2333 2530 2378 esset.
2566 2324 2738 2380 Simul
2789 2331 3051 2398 expeditis
3083 2332 3134 2385 in
3166 2347 3357 2389 omnes
3413 2338 3720 2404 provincias

2160 2409 2378 2476 litteris,
2415 2415 2613 2470 milites
2644 2418 2932 2474 universos
2975 2436 3122 2475 arma
3163 2438 3379 2493 capere,
3435 2436 3487 2480 et
3516 2429 3727 2497 absque

2163 2518 2311 2558 mora
2369 2505 2422 2558 in
2475 2517 2650 2562 castra
2710 2512 2999 2567 convolare
3036 2514 3222 2583 jussit.
3269 2516 3443 2572 Fuere
3487 2520 3722 2589 denique

2163 2595 2387 2650 collecta
2418 2599 2603 2651 decem
2637 2601 2804 2655 millia
2840 2601 3231 2661 Genizarornm
3257 2647 3272 2673 ,
3309 2620 3359 2662 et
3397 2610 3500 2663 alia
3533 2610 3716 2664 decem

2162 2686 2329 2739 millia
2370 2689 2633 2756 peditum,
2687 2697 2779 2762 qui
2836 2694 3030 2751 Turcis
3077 2699 3242 2768 Azapi
3275 2700 3552 2755 dicuntur.
3581 2701 3725 2758 Prae-

2165 2786 2311 2833 terea
2369 2798 2598 2853 magnus
2659 2785 2938 2842 hominum
2990 2806 3251 2846 numerus
3299 2795 3364 2846 ad
3424 2811 3546 2849 eum
3584 2813 3720 2850 cou-

2163 2872 2316 2926 fluxit
2347 2890 2409 2927 ex
2444 2877 2507 2928 iis
2539 2879 2631 2943 qni
2671 2894 2699 2931 a
2742 2880 2933 2934 militia
2979 2885 3310 2952 caeteroqnin
3338 2898 3495 2940 erant
3525 2889 3722 2943 immu-

2165 2978 2279 3018 nes.
2341 2963 2620 3020 Hahebant
2671 2971 2814 3022 enim
2864 2972 3126 3027 Muratem
3191 2991 3288 3046 pro
3345 2977 3460 3032 riro
3509 2991 3720 3035 sancto.

2161 3053 2358 3123 Copias
2390 3057 2454 3110 ad
2478 3073 2746 3116 summam
2774 3060 3194 3119 innumerabiles
3219 3065 3453 3135 collegit,
3488 3068 3556 3122 ab
3600 3068 3726 3122 aliis

2162 3147 2323 3200 etiam
2375 3149 2558 3214 rebus,
2594 3149 2732 3206 bello
2801 3155 3034 3222 gerendo
3093 3159 3445 3222 necessariis,
3510 3163 3724 3231 egregie

2166 3238 2502 3295 instructus:
2536 3257 2563 3294 a
2597 3247 2880 3300 tormentis
2910 3248 3228 3317 majoribus,
3267 3249 3508 3321 inquam,
3567 3255 3722 3308 bom-

2163 3327 2368 3394 bardis,
2397 3329 2587 3396 hastis,
2622 3335 2879 3390 arcubus.
2939 3339 3236 3394 Arcessivit
3267 3343 3429 3396 etiam
3481 3345 3545 3398 ad
3583 3348 3723 3402 hanc

2161 3421 2554 3490 expeditionem
2579 3425 2856 3480 sultanum
2886 3425 3279 3486 Muchemetem
3319 3434 3509 3500 lilium,
3553 3447 3611 3490 ut
3666 3439 3726 3492 in

2159 3530 2219 3568 ea
2252 3515 2386 3583 patri
2419 3530 2601 3592 comes
2628 3519 2863 3573 adesset.
2897 3519 3106 3576 Interea
3145 3539 3274 3581 vero
3295 3565 3309 3588 ,
3335 3526 3462 3580 dum
3517 3530 3568 3583 in
3625 3530 3722 3586 ho-

2159 3617 2296 3662 stem
2366 3608 2481 3678 Ipse
2517 3612 3152 3680 proficiseitur,Valachi
3205 3619 3506 3676 Danubium
3569 3628 3722 3678 navi-

2160 3700 2261 3769 giis
2287 3701 2652 3770 transjiciunt,
2679 3713 2737 3759 ut
2767 3721 2980 3761 omnem
3039 3725 3227 3779 agrum
3285 3709 3718 3782 Nicopolitanum

2160 3793 2304 3848 ferro
2332 3811 2395 3849 ac
2456 3796 2693 3853 ﬂammis
2746 3807 3026 3856 vastarent
3063 3818 3078 3855 :
3111 3803 3204 3857 sed
3250 3804 3296 3861 is
3357 3817 3589 3863 conatus
3652 3823 3719 3865 ex

2160 3887 2401 3956 ipsorum
2454 3888 2622 3942 animi
2688 3892 2955 3946 sententia
3007 3909 3114 3948 non
3168 3897 3456 3952 successit.
3510 3898 3722 3970 Quippe

2160 3979 2421 4034 limitanei
2447 3995 2700 4049 proceres
2723 3983 2774 4036 in
2802 3982 2866 4038 iis
2895 3983 3052 4047 locis.
3115 3985 3474 4044 Mechemetes
3532 3993 3717 4060 begus,

2158 4081 2209 4124 et
2241 4071 2321 4124 Isa
2362 4072 2552 4139 begus,
2578 4081 2632 4126 et
2685 4073 2915 4144 Usguris
2969 4076 3132 4142 filius,
3181 4094 3302 4132 cum
3357 4081 3718 4136 Acanziorum

2159 4165 2331 4234 copiis
2357 4163 2627 4222 Valachos
2656 4167 2852 4232 adorti,
2879 4169 3078 4226 multos
3101 4186 3166 4225 ex
3195 4171 3274 4227 eis
3308 4174 3717 4229 interfecerunt.

2157 4247 2314 4320 Quod
2383 4258 2473 4312 ubi
2527 4258 2733 4313 factum
2794 4259 3032 4318 Murates
3089 4264 3318 4333 accepit,
3367 4281 3472 4318 non
3529 4283 3715 4336 parum

2157 4349 2515 4415 exhilaratus,
2543 4351 2712 4405 alacri
2735 4367 2860 4407 mox
2892 4356 3075 4408 animo
3102 4373 3288 4411 versus
3327 4358 3547 4414 (Iosova:
3605 4363 3718 4431 pl]-

2160 4447 2350 4501 nitiem
2385 4463 2506 4500 cum
2528 4451 2769 4500 exercitu
2805 4450 3079 4517 profectus
3127 4461 3228 4506 est.
3291 4451 3525 4504 Ducebat
3572 4469 3715 4506 enim

2084 4516 2128 4571 θ
2159 4539 2438 4592 hominum
2469 4540 2533 4593 ad
2568 4516 2838 4608 octOginta
2888 4541 3050 4593 millia
3077 4580 3092 4603 ,
3121 4551 3225 4594 tam
3255 4542 3521 4626 equitum,
3552 4558 3713 4611 quam

2156 4632 2421 4700 peditum.
2457 4631 2536 4685 Ad
2561 4633 2784 4686 Cosovze
2817 4648 3039 4701 campos
3067 4647 3191 4686 cum
3226 4634 3585 4699 pervenisset,
3615 4635 3715 4690 ob-

2157 4727 2297 4777 vium
2358 4724 2547 4778 habuit
2593 4722 2844 4778 laneum.
2890 4725 3223 4793 Quapropter
3293 4726 3548 4794 utrinque
3611 4742 3714 4796 pu-

2156 4816 2353 4884 gnandi
2389 4817 2531 4870 facto
2589 4816 2767 4879 initio,
2819 4817 3057 4884 displosa
3115 4815 3265 4870 fuere
3302 4821 3560 4870 continuo
3607 4817 3712 4871 diei

2155 4908 2442 4978 noctisque
2469 4910 2644 4974 spatio
2677 4918 2948 4963 tormenta
2981 4907 3196 4962 bellica.
3235 4907 3474 4965 Tandem
3508 4913 3712 4965 Janeus

2155 4999 2208 5052 in
2233 4999 2442 5052 hostem
2481 4999 2599 5051 acie
2623 4999 2882 5066 producta
2910 4999 3134 5067 duplici,
3177 4998 3386 5056 Turcos
3433 5001 3503 5055 ab
3561 5018 3714 5055 utro-

2154 5105 2260 5158 que
2294 5106 2464 5145 cornu
2494 5090 2644 5144 fusos
2685 5098 2830 5157 terga
2861 5089 2990 5143 dare
3022 5092 3220 5161 coegit.
3278 5090 3509 5161 Jamque
3562 5097 3712 5146 solus

2155 5184 2291 5236 adeo
2323 5183 2614 5237 comitatus
2644 5184 2871 5246 aulicus,
2909 5184 3126 5238 sultano
3182 5183 3388 5239 Murate
3447 5200 3556 5237 non
3614 5185 3709 5238 dc-

2153 5284 2321 5339 scrlo,
2355 5275 2529 5328 locum
2559 5287 2714 5328 suum
2763 5275 2815 5327 in
2858 5276 2973 5328 acie
3032 5277 3300 5330 tuebatur.
3359 5275 3711 5346 Ohjertabant

2155 5366 2484 5420 Christianis
2516 5375 2668 5420 scuta
2703 5381 2798 5420 sua
2857 5355 3133 5427 Genizari,
3196 5375 3463 5420 tormenta
3517 5366 3708 5420 bellica

2155 5457 2206 5509 in
2241 5472 2332 5512 eos
2363 5457 2686 5528 dirigebant,
2721 5459 2986 5525 selopelos
3043 5457 3395 5512 obvertebant
3446 5457 3704 5526 undique.

2155 5551 2328 5604 Simul
2381 5564 2411 5603 a
2471 5559 2620 5618 tergo
2677 5550 2920 5613 camelis,
2977 5549 3156 5614 mulis,
3211 5557 3262 5602 et
3288 5549 3540 5604 curribus
3591 5565 3708 5605 sese

2156 5645 2488 5707 munientes,
2520 5652 2626 5695 tam
2681 5643 2894 5696 fortiter
2926 5642 3099 5696 hostis
3161 5641 3420 5710 impetum
3475 5643 3708 5696 sustine-

2154 5733 2306 5786 bant.
2368 5741 2424 5785 nt
2466 5731 2724 5785 Moralem
2782 5747 2903 5785 cum
2947 5731 3095 5785 hisee
3133 5733 3303 5800 copiis
3355 5733 3486 5796 suis,
3551 5733 3706 5785 Chri-

2154 5830 2313 5886 stiani
2337 5827 2453 5884 loco
2488 5828 2807 5882 submovere
2843 5826 2987 5879 nulla
3034 5826 3084 5880 vi
3125 5835 3362 5896 possunt.
3398 5842 3494 5881 uec
3525 5825 3700 5893 aléqua
