4126 6436
393 355 500 421 613

1678 345 2021 410 ANNALES
2059 345 2395 411 TURCICI.

3567 356 3674 421 (ill

469 464 666 520 Postea
705 431 1036 519 Semendriae
1063 463 1252 534 copias
1305 463 1564 519 admovit.
1626 462 1738 517 Rex
1800 469 1989 516 autem
2023 464 2068 520 Δ
2097 461 2766 534 instrncta.Postoaquam
2798 463 2904 520 hue
2949 464 3293 536 appulissent
3319 469 3492 538 copia:
3530 469 3674 527 Tur-

397 558 721 612 Bozinensis
748 568 942 627 sponte
975 572 1074 611 sua
1095 555 1428 613 Setnendrim
1463 557 1796 612 deditionem
1826 555 1977 620 fecit,

401 669 546 706 anno
580 652 682 706 863
739 652 886 722 (Chr.
924 651 1105 720 1459).

478 767 616 823 Hinc
640 781 825 822 rursus
853 766 909 820 in
938 765 1178 820 Moream
1210 765 1508 834 profectus,
1537 765 1704 818 multa
1755 764 1980 818 castella

405 875 530 913 cum
565 857 841 927 oppidulis
873 858 1183 926 occupavit.
1215 857 1272 910 ld
1305 856 1592 924 temporis,
1637 855 1725 910 die
1744 854 1982 923 quodam

409 949 650 1014 Veneris,
686 950 862 1017 primo
894 950 1158 1015 diluculo,
1186 949 1266 1004 sol
1295 951 1432 1003 adeo
1455 949 1630 1024 lucem
1658 963 1814 1001 suam
1841 947 1982 999 ami-

401 1043 470 1096 sit
505 1083 521 1107 ,
558 1052 616 1096 ut
647 1044 832 1097 omnia
899 1043 1141 1098 tenebris
1197 1041 1630 1105 involverentur,
1691 1056 1837 1094 anno
1876 1039 1983 1093 864

399 1136 770 1207 (Οὺτ.1460)

469 1249 803 1306 Transmisit
837 1262 1016 1307 autem
1049 1253 1368 1308 secundum'
1395 1252 1513 1306 haec
1543 1250 1821 1306 universis
1857 1263 1980 1304 cum

399 1343 572 1410 c0piis
601 1344 654 1397 in
699 1345 1034 1411 Anatoliam,
1071 1345 1416 1413 ulteriusque
1474 1358 1825 1414 progressus,
1880 1342 1982 1396 Car

401 1447 733 1501 stamonem,
765 1437 1025 1508 Sinopen,
1081 1449 1135 1493 et
1162 1439 1568 1492 Tarabosanem
1614 1437 1863 1490 civitates
1889 1451 1983 1489 oc-

400 1531 621 1598 cupavit
651 1548 665 1587 :
694 1531 922 1600 imperio
952 1547 1055 1586 suo
1089 1533 1412 1603 regionibus
1445 1532 1553 1586 illis
1586 1535 1843 1586 omnibus
1885 1532 1982 1584 ad-

397 1621 631 1690 junctis.
661 1621 817 1677 Unde
842 1625 1098 1694 deinceps
1125 1623 1568 1696 Hadrianopolim
1631 1625 1816 1688 rediit,
1844 1635 1898 1678 et
1927 1624 1982 1677 in

402 1715 515 1767 otio
544 1725 758 1783 tempus
783 1715 848 1768 ad
872 1716 1089 1784 aliquod
1115 1731 1174 1770 se
1199 1711 1490 1771 recreavit.
1513 1717 1845 1771 Acciderunt
1871 1716 1984 1770 haac

407 1820 551 1859 anno
579 1805 680 1860 864
708 1805 859 1876 (Chr.
917 1808 1098 1878 M6l).

479 1918 691 1977 Rursus
721 1924 1070 1992 expeditione
1107 1934 1387 1994 suscepta,
1423 1924 1733 1981 Valachiam
1771 1928 1984 1998 ingres-

407 2027 501 2068 sus
535 2025 637 2082 est,
667 2026 722 2068 et
753 2013 1050 2070 Vaivodam
1080 2015 1376 2085 Valachiae,
1403 2019 1492 2073 cui
1526 2035 1722 2073 nomen
1775 2019 1982 2074 Draco-

409 2112 508 2172 les,
530 2123 726 2180 magno
755 2125 878 2163 cum
908 2110 1146 2165 exercitu
1170 2110 1388 2165 invasit.
1419 2108 1530 2164 Hoc
1559 2111 1702 2166 bello
1756 2113 1982 2167 voivoda

407 2201 678 2258 Valachus
708 2203 998 2258 consilium
1023 2205 1167 2273 cepit
1189 2205 1532 2274 Opprimendi
1559 2213 1740 2260 castra
1764 2206 1988 2262 Muche-

411 2295 571 2350 metis
601 2305 870 2350 nocturno
896 2307 1161 2366 tempore,
1193 2295 1287 2352 sed
1319 2311 1508 2366 parum
1548 2296 1759 2352 efﬁcere
1785 2301 1989 2370 potuit.

412 2386 645 2457 Ideoque
669 2403 770 2441 non
797 2387 1123 2443 succedente
1165 2398 1364 2441 conatu
1395 2387 1636 2457 profugit
1700 2391 1754 2444 in
1809 2389 1990 2461 Unga-

412 2478 548 2534 riam
582 2495 597 2533 :
634 2481 723 2534 ubi
755 2495 877 2534 cum
911 2481 964 2534 in
986 2497 1177 2536 manus
1198 2482 1339 2551 regis
1370 2479 1576 2552 Ungnri
1630 2485 1988 2555 pervenisset,

407 2571 614 2627 carceri
675 2572 1018 2642 mancipatus
1080 2570 1205 2628 fuit.
1232 2571 1446 2628 Interea
1496 2587 1624 2628 vero
1678 2572 1992 2632 Valachiam

408 2665 512 2719 sibi
552 2665 804 2721 sultanus
836 2663 1204 2720 Muchemetes
1253 2667 1520 2722 subdidit.

480 2758 623 2814 Misit
649 2769 703 2815 et
733 2760 969 2814 classem
1002 2759 1057 2812 in
1094 2759 1328 2814 insulam
1392 2761 1714 2834 Mitylenen,
1763 2763 1998 2835 ejusque

411 2847 532 2903 belli
565 2865 729 2904 causa
769 2850 934 2905 etiam
966 2850 1080 2920 ipse
1117 2851 1308 2907 relicta
1359 2851 1620 2910 Valachia
1686 2857 1995 2911 Anatolium

411 2938 566 2994 adiit.
588 2939 863 3008 Occupata
891 2955 1017 2995 vero
1066 2941 1168 2996 fuit
1197 2943 1376 2998 insula
1411 2944 1665 3017 Mitylene
1697 2963 1842 3003 anno
1895 2947 2000 3004 866

411 3028 781 3102 (Chr.l462)

2084 556 2233 622 ciete,
2255 556 2554 612 Christiani
2577 572 2744 626 seque
2770 556 3132 629 fortunasque
3157 575 3286 614 suas
3309 563 3520 633 egregie
3542 579 3676 634 pro-

2086 648 2422 714 pugnabant.
2456 646 2564 702 Sed
2615 664 2740 704 cum
2788 651 3005 705 tandem
3061 653 3202 705 muri
3270 662 3674 709 tormentorum

2086 729 2302 805 impetu
2324 737 2525 806 pulsati
2555 741 2914 803 corruissent,
2979 756 3088 795 non
3136 757 3262 797 arce
3326 752 3564 808 tantttm,
3619 753 3678 798 et

2085 826 2322 891 civitate,
2357 843 2452 896 per
2487 830 2592 882 vim
2623 830 2778 898 potiti
2813 830 2969 886 fuere
3017 830 3188 887 anci
3227 851 3242 888 :
3274 850 3464 888 verum
3501 839 3672 890 etiam

2085 930 2299 969 omnem
2335 917 2619 972 ﬁnitimam
2655 921 2930 990 regionem
2957 922 3321 978 Muehemetis
3372 927 3667 996 imperium

2085 1006 2329 1076 accipere
2350 1018 2664 1077 coegerunt,
2691 1025 2837 1064 anno
2867 1011 2972 1066 874
3022 1011 3181 1082 (Chr.
3217 1015 3400 1085 1470).
3451 1075 3454 1077 λ

2155 1098 2354 1167 Egripo
2386 1100 2621 1162 devicta.
2685 1101 3221 1174 Constantinopolim
3282 1124 3340 1161 se
3375 1108 3592 1175 recepit.
3619 1121 3677 1164 et

2085 1203 2278 1259 aspros
2317 1206 2488 1247 novos
2517 1194 2718 1263 signari
2747 1197 2935 1264 jussit,
2967 1213 3113 1254 anno
3145 1199 3251 1253 875
3298 1200 3453 1271 (Chr.
3488 1195 3671 1273 1471).

2085 1281 2222 1336 Dum
2263 1284 2740 1354 Consmntinopoli
2780 1286 3428 1358 Mnchemetesquiescit,
3463 1289 3667 1346 Usum-

2088 1377 2343 1432 chasanis
2377 1378 2703 1432 Parthorum
2736 1379 2878 1450 regis
2914 1380 3126 1436 militiae
3150 1384 3282 1447 dux,
3325 1385 3410 1437 cui
3471 1399 3671 1439 nomen

2085 1467 2337 1524 .Iusulzes
2366 1472 2555 1540 begus,
2588 1487 2714 1524 cum
2734 1476 2981 1528 exercitu
3015 1489 3072 1529 se
3094 1477 3264 1529 movit
3296 1514 3311 1540 ,
3341 1486 3396 1530 et
3425 1494 3675 1549 magnam

2087 1563 2234 1616 illam
2273 1561 2458 1617 urbem
2489 1565 2760 1620 Armeniae
2787 1565 3048 1621 Tocatam
3076 1569 3384 1638 ponulatus,
3425 1572 3476 1624 in
3499 1574 3673 1627 Cara-

2087 1655 2323 1709 maniam
2353 1657 2518 1709 venit.
2561 1657 2694 1711 Erat
2725 1658 2774 1712 id
2797 1661 3058 1728 temporis
3093 1661 3344 1716 sultanus
3361 1662 3676 1734 blnstaphas

2088 1750 2154 1824 iis
2202 1750 2336 1805 locis
2390 1768 2419 1804 a
2475 1762 2625 1820 patre
2692 1753 3024 1810 Muchemete
3065 1756 3455 1824 praelectust
3507 1761 3675 1814 colle-

2087 1852 2174 1895 cto
2201 1843 2467 1909 exercitu,
2490 1843 2705 1899 Parthis
2729 1845 2950 1900 obvium
2980 1863 3038 1901 se
3061 1849 3231 1913 dedit,
3257 1866 3462 1920 eosque
3513 1853 3676 1916 fudit,

2087 1931 2311 1987 Jnsufze
2335 1935 2468 2002 bego
2490 1948 2670 2002 capto,
2689 1946 2744 1991 et
2763 1937 3306 2012 Constantinopolim
3331 1944 3398 1997 ad
3459 1954 3670 2014 patrem

2089 2024 2482 2080 Muchemetem
2508 2029 2674 2083 misso
2709 2050 2722 2084 :
2749 2029 2898 2100 quod
2917 2032 3135 2101 quidem
3167 2035 3353 2089 evenit
3380 2051 3524 2090 anno
3574 2038 3679 2091 επ

2088 2116 2450 2188 (ωυν.ίιῑδμ

2163 2209 2298 2262 Tmn
2323 2226 2453 2266 vero
2485 2211 2858 2268 Muehemetes
2888 2215 2955 2270 ad
2985 2229 3137 2271 arma
3172 2231 3231 2272 se
3278 2233 3480 2288 parans
3527 2222 3679 2275 Ana-

2093 2301 2279 2356 toliam
2306 2303 2483 2359 adiit:
2518 2312 2572 2357 et
2605 2305 2878 2361 mandatis
2907 2308 3034 2363 hinc
3064 2309 3191 2364 inde
3233 2310 3444 2372 missis.
3475 2322 3534 2367 ut
3557 2329 3680 2368 om-

2094 2408 2191 2447 nes
2221 2393 2425 2449 milites
2455 2395 2520 2448 ad
2557 2395 2736 2463 ipsum
2768 2396 2823 2451 in
2880 2399 3193 2453 Anatoliam
3227 2415 3286 2455 se
3345 2401 3676 2470 conferrent,

2095 2488 2285 2543 edixit.
2307 2487 2560 2544 Peditum
2590 2493 2658 2544 ad
2700 2491 2891 2562 viginti
2921 2492 3091 2547 millia
3127 2494 3180 2548 in
3211 2496 3378 2551 armis
3419 2512 3541 2553 esse
3565 2500 3682 2568 jus-

2096 2581 2189 2644 sit,
2214 2591 2268 2636 et
2291 2581 2687 2638 Genizarornm
2720 2599 2981 2641 numeros
2999 2586 3068 2640 ad
3094 2586 3284 2642 decem
3306 2604 3477 2659 usque
3513 2593 3681 2647 millia

2098 2677 2393 2747 suppleri:
2447 2692 2571 2732 cum
2658 2678 2871 2733 aulicus
2941 2679 3105 2733 etiam
3233 2687 3526 2740 comitatus
3582 2687 3684 2740 de-

2099 2789 2215 2827 cem
2244 2771 2527 2825 hominum
2561 2770 2739 2826 millia.
2761 2772 3238 2842 complecteretur.
3267 2775 3346 2829 Ad
3383 2793 3680 2842 summam,

2101 2873 2325 2920 coactus
2359 2867 2405 2918 ei
2433 2865 2537 2919 fuit
2574 2865 2874 2930 exercitus,
2899 2868 2989 2935 qui
3011 2883 3300 2922 numerum
3337 2872 3682 2943 septuaginta

2102 2961 2185 3014 vel
2239 2959 2513 3028 octoginta
2564 2959 2794 3013 millium
2845 2961 3152 3016 excederet.
3210 2960 3346 3016 Cum
3406 2967 3508 3019 hoc
3556 2983 3683 3036 ergo

2105 3055 2275 3109 milite
2294 3070 2484 3110 versus
2503 3052 2783 3108 Parthiam
2810 3053 3113 3124 profectus,
3144 3055 3541 3112 Usumchasani
3566 3059 3682 3129 rt-gi

478 3145 554 3202 Ex
585 3148 836 3204 Anatolia
870 3150 1407 3222 Constantinopolim
1467 3170 1527 3210 se
1585 3155 1840 3221 contulit,
1895 3158 1984 3212 ubi

2095 3150 2292 3206 bellum
2309 3148 2491 3204 intulit
2515 3166 2529 3202 :
2554 3148 2790 3217 sumptis
2810 3149 2974 3202 etiam
2998 3164 3182 3203 secum
3200 3149 3250 3202 in
3276 3150 3412 3204 hanc
3463 3151 3686 3219 expedi-

406 3242 654 3309 quzedam
688 3243 914 3298 aedilicia
950 3247 1162 3300 curavit
1217 3248 1427 3302 exstrui
1460 3263 1476 3302 :
1531 3258 1585 3302 et
1625 3249 1982 3304 Mecltmetem
2013 3322 2020 3330 _

408 3334 650 3399 bassam,
687 3341 920 3392 vezirem
950 3339 1214 3402 suum,in
1267 3337 1508 3394 Met-eam
1571 3339 1862 3409 ablegavit.
1937 3343 1988 3398 ls

413 3427 626 3496 aliquot
653 3428 849 3484 ibidem
891 3430 1149 3500 oppidula
1247 3433 1410 3500 cepit,
1478 3447 1620 3486 anno
1679 3433 1781 3486 867
1833 3432 1986 3504 (Chr.

417 3520 606 3588 1465).

496 3613 806 3669 Secundum
857 3617 946 3670 illa
1014 3617 1300 3686 productis
1362 3617 1731 3675 Muchemetes
1794 3620 1989 3690 copiis,

414 3705 456 3759 Β
481 3708 668 3760 -zinam
697 3709 918 3764 adortus
949 3720 1050 3773 est,
1082 3720 1135 3764 et
1189 3727 1407 3766 omnem
1453 3712 1601 3766 illam
1648 3713 1990 3782 regionemin

411 3808 735 3868 potestatem
760 3803 993 3872 redegit,
1028 3817 1317 3873 regemque
1358 3815 1575 3874 captum
1613 3805 1833 3860 occidit.
1863 3806 1994 3860 Inde

411 3892 723 3962 subjngum
750 3895 820 3949 ab
841 3910 910 3949 eo
937 3895 1106 3952 missa
1152 3895 1256 3950 fuit
1283 3895 1676 3969 Herzegovina,
1707 3913 1833 3954 cum
1894 3901 1996 3954 Co-

411 3985 578 4037 vadza
614 4001 627 4038 :
667 3987 868 4054 quibus
901 3989 1064 4043 rebus
1103 3989 1294 4059 gestis,
1327 3989 1520 4045 itinere
1549 3992 1998 4056 converso,Con-

412 4075 819 4144 Stantinopolim
850 4078 1082 4146 repetiit,
1110 4095 1254 4133 anno
1278 4081 1382 4135 869
1414 4081 1566 4150 (Chr.
1599 4083 1783 4152 1464).

479 4168 668 4223 Aunus
682 4177 866 4223 autem
885 4185 1122 4241 sequens
1152 4173 1258 4226 870
1278 4173 1431 4246 (Chr.
1455 4177 1641 4246 1495),
1666 4189 1896 4234 exactus
1926 4179 1996 4234 ab

411 4271 476 4310 eo
498 4257 973 4332 Constantinopoli
1006 4264 1108 4317 fuit
1137 4263 1191 4318 in
1225 4267 1363 4320 otio.
1433 4266 1537 4322 Sed
1587 4271 1643 4322 in
1707 4270 1996 4324 Albaniam

412 4348 604 4402 deinde
628 4352 926 4420 prolectus,
958 4355 1222 4410 ditionem
1259 4357 1414 4414 ducis
1465 4356 1700 4415 Joannis
1742 4361 1871 4417 istic
1896 4364 2001 4417 im-

413 4441 565 4506 perio
595 4457 698 4495 suo
725 4443 982 4512 subjecit.
1011 4447 1149 4500 Cum
1181 4459 1364 4503 autem
1409 4449 1460 4502 id
1505 4453 1773 4519 temporis
1835 4469 1998 4508 exer-

413 4532 581 4587 citum
625 4536 796 4602 ipsius
853 4539 972 4592 dira
1022 4541 1269 4608 qua-dant
1331 4544 1450 4597 lues
1505 4546 1818 4611 invasisset,
1877 4549 1993 4619 ipse

407 4620 830 4697 Philippopolim
867 4631 1020 4698 adiit,
1047 4632 1231 4703 ibique
1261 4649 1321 4689 se
1381 4635 1552 4704 quieti
1614 4637 1787 4704 dedit,
1847 4653 1992 4694 anno

408 4716 920 4792 87t(cnr.ttoey

481 4810 843 4884 Philippopoli
867 4817 1178 4886 discedens,
1222 4836 1415 4876 rursus
1443 4823 1499 4877 in
1550 4821 1837 4879 Albaniam
1867 4841 1996 4894 per-

407 4904 570 4968 rexit,
598 4909 970 4979 majoremque
996 4915 1294 4981 provinciae
1322 4927 1532 4984 partem
1565 4921 1877 4988 occupavit,
1899 4937 1996 4974 an-

407 5012 482 5049 no
515 4999 623 5052 872
675 5001 1054 5078 (enr.ttcv.)

483 5089 558 5142 Ex
584 5091 811 5148 Albania
842 5097 1123 5165 prolectus
1159 5101 1212 5155 in
1262 5101 1600 5166 Anatoliam,
1655 5103 1996 5158 Caratnanize

409 5181 551 5238 ﬁnes
577 5187 858 5255 ingressus
875 5204 980 5256 est,
1007 5201 1060 5248 et
1092 5208 1270 5248 arcem
1289 5193 1685 5249 Giolchisarem
1721 5211 1996 5264 expugna-

406 5278 488 5332 vit
521 5281 703 5335 :untle
738 5292 922 5351 postea
960 5287 1495 5358 Constantinopolim
1549 5303 1829 5354 reversus,
1891 5290 1996 5342 ali-

405 5376 656 5442 quandiu
687 5377 900 5434 bellicis
917 5394 948 5433 a
968 5382 1201 5450 negotiis
1236 5383 1522 5447 abStinuit,
1543 5397 1688 5437 anno
1709 5382 1810 5436 873
1870 5383 1969 5453 (Ch

416 5468 599 5535 IIl-69).

481 5561 598 5618 Non
631 5564 804 5620 multo
830 5578 974 5636 post,
1013 5579 1072 5623 ut
1101 5571 1196 5624 otii
1250 5585 1384 5626 sane
1451 5570 1814 5626 diuturnioris
1877 5581 1998 5625 erat

409 5654 720 5724 impatiens,
755 5659 984 5727 ipsemet
1031 5661 1224 5717 itinere
1280 5665 1524 5718 terrestri
1575 5662 1855 5732 profectus
1915 5673 1999 5717 est

410 5762 602 5806 versus
640 5751 876 5823 Egripon
919 5769 1092 5809 :eum
1135 5738 1500 5812 Machmutem
1537 5759 1758 5814 bassam
1800 5758 1995 5813 eodem

413 5845 726 5918 ablegassct
752 5865 877 5906 cum
906 5852 1100 5923 classe,
1121 5855 1414 5910 duodecim
1447 5853 1691 5910 millibus
1711 5854 1998 5912 hominum

2093 3246 2292 3297 tionem
2310 3241 2458 3307 ﬁliis,
2498 3239 2990 3311 sultanoBajazite,
3030 3241 3244 3297 sultano
3285 3240 3588 3312 Mnstapha,
3633 3254 3686 3298 et

2089 3340 2305 3392 sultano
2323 3336 2508 3390 Zeme.
2531 3336 2859 3405 Progressus
2880 3345 3059 3391 autem
3079 3351 3201 3390 cum
3222 3339 3338 3392 suis
3370 3337 3423 3391 in
3477 3337 3683 3402 Asiam,

2087 3431 2371 3500 nonplura
2395 3431 2959 3498 duntaxatoccupavit
3009 3429 3242 3499 oppida,
3290 3443 3476 3484 verum
3521 3431 3683 3484 etiam

2093 3525 2315 3578 sublimi
2346 3524 2505 3577 sitam
2552 3524 2692 3586 loco,
2728 3525 3102 3592 munitamque
3135 3525 3416 3594 insigniter
3481 3540 3685 3590 arcem,

2092 3618 2507 3672 Carachisarem
2563 3602 2727 3686 cepit,
2770 3613 3213 3672 Usumchasanes
3231 3620 3444 3673 obviam
3467 3620 3686 3675 MUCllc-

2095 3710 2226 3765 meti
2259 3724 2369 3763 non
2421 3708 2646 3778 prodiit,
2677 3709 2772 3763 sed
2797 3717 2918 3762 astu
2949 3709 3185 3778 quodam
3216 3710 3546 3779 excogitato,
3581 3713 3683 3765 mi-

2096 3803 2244 3856 litem
2277 3813 2438 3856 suum
2470 3801 2601 3854 hinc
2631 3800 2758 3855 inde
2787 3801 3043 3871 partitus,
3091 3803 3148 3855 in
3197 3803 3410 3857 insidiis
3458 3803 3680 3858 locavit.

2096 3893 2164 3949 Et
2189 3895 2318 3964 quia
2371 3894 2604 3962 primam
2659 3893 2829 3948 aciem
2888 3894 2940 3947 in
2997 3894 3271 3948 excercitu
3331 3894 3686 3950 Mucltemetis

2097 3985 2382 4041 Romaniae
2449 3985 2845 4056 beglerbegus,
2903 3986 3049 4039 Chas
3103 3985 3366 4050 Mnrates,
3427 3987 3681 4050 ducebat,

2101 4082 2244 4135 forte
2278 4079 2495 4147 accidit,
2528 4089 2587 4134 ut
2619 4080 2904 4149 inepinato
2959 4079 3225 4149 quasdam
3285 4080 3338 4132 in
3395 4078 3684 4133 Persarun

2100 4175 2290 4244 copias
2321 4175 2609 4240 incideret,
2641 4187 2706 4228 ac
2745 4189 2967 4227 manum
3003 4189 3126 4227 cum
3154 4174 3232 4228 eis
3277 4188 3566 4228 conserere
3596 4190 3688 4227 co-

2103 4276 2343 4336 geretur.
2380 4267 2458 4322 Ibi
2497 4283 2622 4323 cum
2660 4270 2901 4338 majores
2923 4267 3255 4322 Parthorum
3311 4268 3455 4321 vires
3478 4280 3682 4329 essent,

2101 4364 2400 4433 dissipatus
2428 4362 2706 4434 Bouiania:
2733 4362 2914 4422 miles.
2943 4371 2996 4415 et
3032 4361 3149 4430 ipse
3207 4361 3561 4429 beglerhegus
3591 4378 3687 4413 oc-

2104 4460 2256 4515 cisus
2286 4457 2405 4512 fuit.
2440 4456 2654 4510 Interea
2688 4447 2818 4510 vero
2853 4457 2984 4509 dum
3039 4454 3224 4509 Partiri
3285 4453 3516 4521 primam
3547 4455 3686 4506 hanc

2100 4551 2463 4606 Mnchcmetis
2489 4552 2666 4606 aciem
2694 4553 2968 4604 caederent
3004 4567 3018 4604 ε
3048 4553 3215 4604 etiam
3259 4549 3387 4617 ipsi,
3451 4548 3687 4600 desertis

2101 4645 2386 4700 ordinibus
2420 4644 2559 4707 suis,
2583 4644 2795 4698 hostem
2819 4643 3030 4697 confusi
3048 4649 3343 4712 persecuti,
3377 4650 3591 4702 tandem
3618 4647 3685 4701 ad

2015 4745 2018 4748 ’
2099 4738 2254 4806 illam,
2277 4745 2647 4806 pervenerunt
2680 4736 2879 4800 aciem,
2919 4737 3074 4808 cujus
3099 4738 3217 4808 ipse
3261 4741 3510 4794 sultanus
3567 4738 3683 4791 Mn-

2099 4835 2378 4888 chetnetes
2407 4831 2519 4885 dux
2546 4838 2684 4884 erat.
2721 4828 2770 4882 Is
2796 4843 2980 4885 autem
3013 4832 3173 4903 331
3205 4832 3532 4888 Parthorum
3568 4847 3689 4902 per-

2102 4925 2350 4978 turbatos
2379 4923 2732 4988 conspicatus
2766 4921 3008 4987 ordines,
3063 4939 3186 4977 cum
3241 4923 3356 4979 suis
3382 4939 3475 4978 eos
3524 4925 3688 4975 ador-

2103 5028 2192 5072 tus
2224 5029 2330 5072 est.
2357 5015 2513 5082 Quod
2548 5029 2578 5067 a
2609 5014 2953 5069 Muchemetc
2980 5015 3098 5069 ﬁeri
3131 5016 3322 5070 videns
3379 5013 3688 5069 Usnnn-ha-

2100 5128 2285 5176 sanes,
2311 5126 2512 5180 magno
2542 5109 2711 5162 animi
2737 5110 2938 5162 ardore
2962 5108 3297 5170 concitatus,
3331 5117 3387 5162 et
3440 5109 3555 5175 ipse
3589 5120 3686 5159 sua

2100 5221 2156 5274 in
2184 5204 2397 5258 Turcos
2420 5203 2575 5256 duxit
2602 5202 2840 5271 agmina.
2879 5201 3158 5254 Permistis
3206 5203 3464 5282 utrinque
3519 5199 3687 5250 tantis

2099 5297 2458 5362 exercitibus,
2478 5297 2807 5351 acerrimum
2843 5294 3088 5362 praelium
3134 5293 3496 5347 commissum
3534 5289 3634 5340 t'ni-t
3669 5304 3683 5340 :

2100 5407 2225 5446 cum
2252 5389 2613 5443 Muchemetis
2644 5386 2740 5439 lilii
2771 5386 2887 5441 suis
2944 5401 3068 5438 cum
3133 5383 3311 5454 capiis
3357 5382 3684 5453 gravissime

2101 5483 2336 5538 Parthos
2358 5492 2635 5553 urgerent,
2661 5486 2717 5533 et
2767 5479 2820 5532 in
2881 5478 3053 5532 altero
3111 5491 3281 5531 cornu
3345 5474 3685 5528 Machmulcs

2102 5579 2286 5642 bassa,
2313 5593 2438 5632 cum
2470 5577 2640 5630 Dante
2665 5575 2847 5636 hassa,
2881 5573 3148 5627 Anatolius
3200 5569 3544 5639 beglerbego,
3575 5577 3687 5621 tor.

2103 5673 2300 5728 mentis
2330 5671 2543 5727 bellicis
2576 5672 2790 5724 hostem
2824 5670 3177 5722 vehementer
3201 5662 3482 5734 allltgeret.
3508 5661 3683 5715 Etiam

2109 5768 2542 5824 Usu'mchasanis
2567 5767 2658 5822 uni
2700 5767 2768 5820 de
2820 5765 2945 5818 ﬁliis
2994 5770 3157 5837 caput
3202 5769 3571 5831 amputatum,
3635 5769 3688 5811 et

2114 5865 2333 5921 sultano
2365 5862 2692 5920 Muchemeti
2720 5861 2962 5918 oblatum
3001 5861 3120 5915 l‘uit.
3148 5861 3285 5915 Cum
3316 5874 3444 5925 ergo
3500 5852 3686 5910 Parthi
