4126 6422
389 401 498 473 iiii

1677 395 2027 458 ANNALES
2068 391 2407 457 'l'UltCICl.

3543 387 3650 450 6.8

389 525 537 580 ﬁlius
587 521 730 591 ejus,
775 516 1023 570 sultanus
1067 511 1360 581 Bajazites.
1387 509 1610 563 Amasia
1646 508 1968 562 Constanti~
2001 518 2042 572 Α
2076 526 2139 564 ex
2195 507 2429 578 Ungaria
2462 523 2474 558 :
2503 521 2635 575 quos
2674 505 2890 574 quidem
2935 504 3128 557 ordine
3176 512 3497 573 perorantes
3551 521 3651 557 sua

395 615 638 686 nupolim
706 609 1033 680 appulit:et
1070 616 1331 672 occupata
1386 602 1515 656 sede
1574 603 1746 671 regia,
1798 600 1971 670 patris

395 710 519 763 loco
578 707 847 762 salutatus
875 708 961 756 est
1017 699 1342 767 imperator.

477 798 573 852 Vix
649 790 1126 860 Constantinopoli
1183 789 1377 858 paucis
1441 785 1638 842 diebus
1717 785 1972 848 iusserat,

402 906 522 945 cum
563 887 730 942 frater
778 882 916 950 eius,
973 881 1223 935 sultanns
1259 877 1476 942 Zemes,
1531 876 1710 931 ductis
1752 875 1974 930 eCara—

403 979 576 1032 mania
625 974 825 1045 copiis,
887 973 1117 1026 Prusam
1169 969 1330 1032 adiit,
1391 967 1578 1037 ibique
1634 964 1972 1020 domicilium

397 1070 499 1125 sibi
549 1066 878 1131 constituit;
929 1063 1179 1118 sultanus
1207 1073 1337 1112 vero
1372 1055 1660 1128 Bajazites,
1710 1051 1975 1110 arcessito

397 1181 462 1217 ex
515 1160 715 1230 Apulia
754 1173 881 1213 cum
937 1155 1180 1211 exercitu
1211 1151 1435 1208 Geduce
1496 1149 1763 1203 Acltmetc
1793 1147 1971 1211 bassa,

397 1256 722 1324 magnisque
805 1248 1148 1317 caeteroquin
1223 1246 1387 1301 etiam
1466 1242 1714 1299 collectis
1778 1239 1974 1308 copiis,

395 1349 660 1402 adversus
726 1339 948 1398 Zement
1009 1340 1234 1394 fratrem
1300 1339 1353 1393 in
1419 1335 1726 1390 Anatoliam
1783 1332 1975 1386 movit.

392 1443 530 1496 Cum
585 1437 772 1506 przelio
828 1434 1105 1503 congressi
1165 1433 1420 1492 fuissent.
1469 1427 1697 1482 inferior
1726 1425 1977 1480 discessit

393 1523 621 1596 Zemes,
683 1543 747 1584 ac
794 1541 919 1581 mox
973 1527 1026 1579 in
1061 1524 1440 1578 Carantaniam
1487 1521 1769 1592 profugit:
1833 1516 1978 1570 unde

396 1639 519 1678 eum
604 1635 730 1675 eum
800 1618 1051 1674 sultanus
1133 1615 1402 1685 Bajasites
1479 1613 1828 1682 expulisset:
1895 1609 1980 1662 iti-

396 1730 530 1770 nere
549 1727 841 1775 converso.
863 1706 1401 1776 ConstantinOpolim
1445 1703 1690 1774 repetiit.
1719 1699 1851 1756 Inde
1874 1699 1978 1755 Ge-

399 1809 596 1861 ducem
657 1804 972 1858 Achntetem
1007 1801 1222 1854 bassam
1260 1799 1314 1851 in
1333 1795 1718 1852 Caramaniam
1742 1791 1976 1857 remisit,

397 1901 494 1969 qui
557 1899 684 1952 dum
725 1895 851 1950 istic
888 1893 1147 1955 hereret,
1201 1889 1451 1959 Apuliam
1517 1887 1632 1941 Itali
1691 1898 1975 1950 recnpera-
2009 1871 2050 1925 Β

403 2001 532 2048 runt
577 2008 590 2045 :
626 1987 823 2043 Turcis
867 1985 1155 2045 omnibus,
1213 1983 1307 2052 qui
1337 1980 1549 2036 Otranti
1606 1977 1858 2048 prtsidio
1890 1990 1973 2029 re-

400 2087 513 2141 licti
561 2084 802 2148 fuerant,
855 2080 911 2133 in
937 2076 1313 2149 captivitatem
1384 2073 1647 2135 redactis,
1695 2087 1840 2131 anno
1873 2067 1979 2126 886

398 2179 556 2247 (Chr.
592 2173 776 2242 1482).

478 2266 690 2321 Rursus
725 2269 907 2317 autem
944 2256 1427 2326 Constantinopoli
1491 2255 1740 2310 sultanus
1772 2255 1979 2324 3³]εηὶ-

409 2370 495 2413 tes
553 2355 825 2419 discessit,
888 2361 944 2408 et
991 2353 1045 2404 in
1099 2349 1480 2405 (Zaramaniam
1530 2361 1655 2401 cum
1733 2347 1977 2400 exercitu

410 2450 579 2504 venit.
629 2447 840 2516 Quippe
896 2444 1068 2497 frater
1148 2443 1270 2508 ejus
1333 2438 1528 2494 Zemes
1574 2454 1604 2492 e
1664 2439 1978 2508 peregrina—

407 2544 555 2597 tione
621 2537 929 2593 Ilechiensi
993 2534 1108 2602 jam
1185 2548 1442 2588 reversus
1521 2530 1720 2585 fuerat.
1795 2531 1980 2599 ltaqbe

404 2637 585 2688 denuo
623 2632 923 2688 commisso
981 2628 1035 2682 in
1089 2625 1416 2681 Caramania
1459 2625 1673 2694 prmlio,
1729 2624 1980 2679 sultanus

401 2708 600 2780 lettres
663 2725 865 2779 iterum
902 2721 1078 2776 victus
1115 2717 1184 2773 ad
1214 2732 1363 2772 mare
1402 2715 1665 2786 profugit,
1697 2724 1752 2769 et
1783 2717 1836 2769 in
1869 2711 1981 2769 Ita-

410 2819 626 2872 liatnse
668 2814 898 2881 recepit.
966 2811 1105 2864 Hinc
1167 2810 1372 2863 castris
1429 2810 1614 2871 motis,
1663 2806 1978 2862 Constanti-

410 2910 657 2979 nopolim
689 2907 939 2962 sultanus
976 2903 1245 2971 Bajazites
1287 2900 1448 2965 abiit,
1497 2908 1664 2969 atque
1700 2899 1826 2954 inde
1859 2913 1981 2969 pro-

405 3003 690 3080 fertus’est
736 2996 1206 3066 Hadrianopolim.

476 3096 643 3151 Nocte
691 3102 844 3148 sexta
906 3089 1114 3144 mensis
1160 3087 1467 3151 Schevalis,
1541 3102 1735 3142 omnes
1790 3086 1857 3141 ad
1923 3100 1982 3141 se

2075 605 2231 666 divit,
2285 611 2339 656 et
2392 599 2678 670 postulatis
2738 612 3021 664 assensus,
3069 597 3368 653 liberaliter
3420 599 3656 654 donatos

2077 695 2301 749 dimisit.

2147 789 2344 840 Postea
2392 781 2672 856 profectus
2708 794 2792 838 cst
2841 783 2956 837 Alis
2993 781 3162 853 begus
3217 783 3530 848 eunuchus,
3559 786 3650 853 qui

2077 877 2388 948 beglerbegi
2421 891 2622 930 munus
2651 873 3094 940 administrabat,
3129 888 3328 943 magno
3360 889 3484 928 cum
3509 889 3655 928 exer-

2077 971 2188 1025 citu
2241 971 2296 1023 in
2352 968 2701 1023 Valachiam:
2759 965 3158 1036 conciliatoque
3224 965 3328 1020 sibi
3413 965 3652 1021 Vaivmla

2077 1062 2344 1128 Valacho,
2382 1076 2506 1116 cum
2535 1060 2650 1115 suis
2684 1069 2736 1114 et
2766 1057 2994 1113 Valaclti
3035 1059 3212 1128 c0piis
3239 1059 3293 1113 in
3327 1051 3593 1114 Moldavia
3623 1079 3650 1110 ιι

2078 1156 2278 1223 irrupit
2308 1168 2409 1208 :ac
2434 1153 2660 1223 rapinis,
2685 1151 2854 1216 ferro,
2885 1147 3143 1217 ﬂammis,
3179 1153 3413 1206 vastavit
3433 1153 3615 1205 omnia
3641 1170 3650 1204 :

2079 1247 2270 1317 spoliis
2345 1253 2578 1301 onustus
2631 1245 2864 1314 denique
2947 1243 3106 1298 rediit
3173 1242 3649 1314 Hadrianopolim,

2081 1355 2225 1393 anno
2256 1339 2358 1394 890
2376 1338 2530 1410 (Chr.
2558 1337 2742 1406 “86).

2151 1430 2413 1485 Sultanus
2449 1431 2670 1485 interim
2709 1429 2975 1500 Bajazites
3014 1428 3160 1483 domi
3195 1430 3506 1497 quiescens,
3553 1430 3651 1482 du-

2080 1538 2171 1576 ces
2212 1538 2361 1586 suos,
2415 1519 2795 1576 lscltenderem
2849 1521 3068 1592 begum,
3103 1535 3159 1576 et
3202 1521 3371 1575 Balim
3435 1525 3648 1592 lieguzz,

2080 1613 2326 1668 Malcozii
2394 1616 2591 1678 lilium,
2625 1614 2952 1682 ablegavit:
2993 1625 3053 1668 ut
3107 1615 3288 1668 denuo
3336 1611 3649 1668 Valacliiatu

2083 1703 2519 1772 ingrederentur,
2561 1712 2614 1757 et
2643 1702 2898 1758 Vaivodas
2938 1703 3179 1758 Valacbo
3233 1707 3651 1772 persuaderi-nt,

2084 1795 2161 1847 uti
2213 1796 2526 1864 conjunctis
2546 1811 2734 1870 secum
2768 1797 2938 1851 armis
2989 1799 3183 1850 iterum
3224 1798 3276 1850 in
3334 1797 3652 1864 Moldaviam

2083 1888 2500 1956 impressionem
2544 1889 2769 1944 faceret.
2821 1890 3168 1946 Asseutiente
3197 1887 3463 1950 Valaclro.
3533 1909 3654 1946 mox

2081 1996 2144 2035 ea
2173 1993 2425 2051 suscepta
2449 1982 2550 2036 fuit
2573 1983 2884 2053 expeditio:
2913 1993 3135 2054 totaque
3166 1990 3390 2053 regione
3415 1986 3652 2054 direpta,

2083 2088 2278 2142 magna
2312 2089 2434 2128 cum
2477 2077 2656 2144 praeda
2699 2076 3031 2132 discessum.
3363 2139 3376 2151 ,

2155 2163 2290 2220 Dum
2331 2167 2444 2222 haec
2477 2169 2530 2222 in
2569 2165 2833 2222 Romanis
2865 2182 3205 2238 gererentur,
3251 2172 3452 2227 Alcairi
3481 2175 3686 2227 διήκει-⁸

2082 2267 2187 2310 ntts
2241 2258 2308 2310 ab
2359 2273 2465 2311 una
2519 2266 2672 2326 parte
2726 2274 2784 2313 se
2827 2259 3124 2314 commovit
3155 2277 3279 2315 cum
3339 2265 3475 2324 suis,
3511 2281 3648 2332 quos

2081 2351 2224 2404 inter
2273 2359 2394 2404 erat
2449 2349 2664 2405 Usunes
2697 2350 2946 2422 Usbegus
2982 2369 2998 2419 ;
3037 2365 3088 2408 et
3135 2369 3261 2410 suas
3307 2370 3648 2424 suorumque

2080 2439 2332 2509 cupiasin
2365 2441 2499 2495 locis
2523 2443 2729 2497 Adanis
2760 2459 2823 2498 ac
2842 2445 3010 2499 Tersu
3042 2447 3364 2516 interiectis,
3391 2450 3644 2520 collegit:

2081 2533 2149 2585 ab
2183 2533 2354 2586 altera
2395 2534 2598 2589 sultani
2653 2533 2912 2604 Bajazitis
2938 2548 3109 2606 parte,
3169 2539 3459 2611 Sangiachi
3498 2547 3643 2598 Aua-

2083 2625 2249 2691 toliaa,
2309 2625 2552 2697 itemque
2597 2622 2867 2685 Ferltates
2903 2631 3095 2702 begus.
3149 2635 3350 2688 sultani
3392 2635 3646 2707 Bujazitis

2083 2733 2269 2784 gener,
2313 2718 2655 2775 Caramanize
2720 2723 3099 2793 beglerbegus,
3156 2727 3426 2798 Caragosa
3461 2729 3650 2801 begus,

2083 2808 2393 2880 congregati
2423 2826 2437 2874 ;
2467 2811 2676 2880 junctis
2707 2815 3064 2878 exercitibus,
3120 2827 3312 2872 contra
3346 2822 3656 2878 sultaninos

2087 2901 2436 2957 Alcairenscs
2462 2904 2689 2973 prufecti
2754 2916 2901 2961 sunt.
2957 2907 3062 2963 Ubi
3095 2921 3312 2965 ventum
3351 2914 3416 2966 all
3461 2931 3659 2970 manus

2083 3005 2254 3055 esset.
2300 2995 2368 3050 ab
2429 3007 2657 3068 utraque
2709 3008 2861 3068 parte
2901 3016 3034 3055 sane
3082 3018 3242 3070 quam
3311 2993 3541 3060 viriliter
3583 3009 3613 3061 d
3641 3039 3662 3046 -

2091 3088 2387 3144 micarum.
2451 3088 2722 3147 Sultanini
2776 3093 3015 3162 denique
3095 3096 3419 3164 Bajaziticos
3511 3113 3659 3170 terga

405 3190 617 3244 vezires
676 3202 810 3242 suos
843 3183 1117 3247 invitavit,
1175 3197 1280 3235 una
1325 3197 1448 3235 cum
1475 3178 1697 3236 Geduce
1724 3181 1980 3233 Achmete
2009 3210 2054 3272 ο
2091 3184 2221 3234 dare
2246 3194 2568 3253 coegi-runt.
2632 3186 2750 3256 ipso
2784 3191 2952 3241 etiam
3001 3188 3257 3260 Bajazitis
3295 3211 3520 3264 genero,
3565 3189 3660 3251 Fc-

405 3285 565 3338 bassa
603 3293 759 3348 :quo
785 3276 1003 3346 quidem
1068 3276 1126 3329 in
1171 3273 1424 3330 convivio
1466 3273 1652 3325 vinum
1710 3285 1844 3326 cum
1901 3271 1981 3324 eis

409 3373 616 3438 hausit,
639 3379 687 3425 et
710 3368 1002 3436 unicuique
1035 3367 1199 3420 veziri
1229 3375 1430 3419 vestem
1476 3363 1719 3428 donavit,
1751 3373 1980 3432 excepto

411 3463 630 3519 Geduce
674 3464 936 3518 Achatete
974 3461 1158 3522 bassa,
1197 3475 1359 3530 quem
1409 3469 1464 3512 et
1515 3458 1745 3512 interﬁci
1796 3457 1980 3526 jussit,

414 3570 561 3610 anno
591 3556 691 3610 881
720 3557 870 3623 (Chr.
905 3555 1088 3616 1485).

491 3647 692 3704 Eodem
721 3654 961 3718 tempore
1011 3654 1264 3700 mortuus
1304 3653 1384 3698 est
1443 3640 1730 3696 Caramani
1781 3640 1985 3709 princi-

413 3741 499 3811 pis
555 3741 722 3806 ﬁlius,
771 3739 1010 3794 Casanes
1044 3739 1238 3807 begus,
1303 3750 1466 3805 quem
1496 3732 1552 3788 in
1577 3733 1836 3788 comitatu
1883 3747 1984 3786 suo

414 3829 682 3895 Bajazites
725 3830 928 3886 alebat.

488 3920 626 3976 llinc
685 3933 938 3992 suscepta
985 3921 1250 3993 Bajazitea
1314 3920 1684 3992 expeditione.
1767 3915 1987 3984 Sepltia:

415 4026 629 4085 tempus
655 4015 721 4071 ad
756 4015 975 4085 aliquod
1026 4015 1293 4080 substitit,
1329 4015 1424 4069 ubi
1465 4027 1718 4083 magnam
1751 4011 1985 4065 militum

416 4121 632 4158 manum
665 4105 950 4159 collectam
988 4104 1240 4158 habebat.
1294 4101 1498 4157 Horum
1555 4101 1820 4169 majorem
1866 4113 1991 4168 par-

415 4205 526 4250 tem
560 4197 625 4250 ad
659 4195 885 4252 fluvium
913 4195 1188 4250 Moravam
1240 4195 1411 4258 misit,
1448 4193 1634 4263 ibique
1671 4194 1807 4246 duas
1831 4207 1986 4246 arces

415 4298 628 4343 veteres
665 4289 995 4342 communiri
1050 4288 1238 4357 jussit.
1297 4285 1513 4351 Quibus
1566 4284 1863 4354 expeditis,
1888 4282 1989 4337 So-

416 4383 538 4446 pliia
602 4380 1142 4449 Constantinopolim
1199 4395 1451 4435 reversus
1529 4386 1642 4441 est,
1683 4390 1830 4430 anno
1885 4375 1990 4430 888

419 4471 570 4537 (Chr.
592 4472 772 4543 1484).

2089 3272 2243 3327 rltate
2268 3273 2432 3344 bego,
2459 3277 2807 3347 interempto.

2153 3365 2312 3436 333
2348 3366 2462 3421 Non
2503 3370 2672 3423 multo
2714 3380 2834 3440 post
2881 3373 3050 3428 edixit
3106 3376 3389 3448 Bajazites,
3420 3382 3496 3434 uti
3543 3380 3661 3434 Mu-

2086 3457 2361 3513 chemetes
2396 3460 2587 3531 begtts,
2644 3461 2896 3519 Clu-seris
2953 3466 3068 3536 begi
3123 3470 3288 3538 filius,
3336 3476 3658 3528 cunt'dumv

2088 3549 2216 3616 tilio,
2249 3553 2339 3620 qui
2370 3552 2719 3624 beglerbegus
2753 3554 3028 3613 Πομπειηὶἱὲ
3052 3573 3268 3616 ενι-ωας
3299 3573 3435 3628 erat,
3461 3567 3658 3620 nutria-

2087 3643 2190 3696 nia:
2224 3643 2406 3712 copias
2428 3644 2480 3696 in
2522 3644 2828 3699 Anatoliam
2856 3635 3254 3717 trarisjicerent,
3287 3661 3342 3705 et
3370 3667 3656 3722 assump'u

2088 3735 2378 3789 Anatolico
2437 3738 2623 3802 milito,
2689 3740 2965 3793 sullanutn
3008 3743 3210 3796 Alcairi
3271 3744 3409 3798 bello
3439 3746 3660 3799 invade-

2090 3837 2231 3882 rent.
2267 3827 2362 3881 llis
2394 3827 2557 3895 igitur
2590 3829 2848 3899 Bajazitis
2876 3832 3105 3902 imperio
3143 3835 3482 3902 parent‘bus,
3513 3849 3658 3899 recta

2089 3918 2292 3987 petitus
2335 3921 2506 3974 hostis
2539 3936 2553 3974 :
2590 3924 2679 3989 qui
2723 3936 2846 3974 cunt
2880 3933 2932 3977 ct
2963 3924 3078 3992 ipse
3113 3937 3335 3994 paratus
3381 3929 3446 3979 ad
3497 3926 3659 3981 dimi.

2090 4013 2324 4066 candum
2357 4022 2526 4074 esset,
2558 4014 2816 4084 utrinque
2855 4031 3190 4070 concursum
3223 4019 3494 4073 acerrimo
3527 4035 3658 4089 pra:-

2092 4104 2184 4166 lin,
2213 4120 2322 4172 quo
2360 4107 2514 4160 ducis
2550 4105 2714 4169 filius,
2767 4107 3057 4165 Arhmetes
3119 4109 3298 4176 bassa,
3350 4128 3477 4167 cum
3520 4128 3661 4182 equn

2093 4199 2398 4268 prolapsus,
2433 4200 2484 4252 in
2510 4201 2922 4254 Sultauinorum
2952 4219 3147 4258 manus
3186 4207 3332 4258 venit
3362 4225 3374 4260 :
3409 4215 3461 4258 et
3495 4207 3661 4260 di-du»

2093 4299 2214 4344 ctus
2247 4289 2311 4342 ad
2350 4289 2647 4359 Usbegum.
2681 4294 2941 4348 custodiae
2968 4296 3199 4351 traditus
3235 4297 3351 4354 fuit.
3387 4299 3660 4368 Ingentem

2094 4379 2377 4447 Bajazitici
2415 4381 2623 4435 cladem
2660 4383 2710 4436 id
2744 4386 3006 4455 temporis
3042 4401 3388 4457 acceperunt,
3420 4404 3540 4459 quae
3563 4391 3634 4444 Ba

2093 4471 2242 4540 jaziti
2275 4474 2574 4543 significata
2605 4492 2725 4530 cum
2759 4477 2970 4545 fuisset,
3007 4481 3238 4532 vczirent
3308 4496 3488 4544 suum,
3525 4482 3660 4535 lian-

492 4562 671 4617 Mense
728 4565 1010 4634 ltehjulula
1043 4605 1058 4630 ,
1117 4564 1205 4618 die
1285 4563 1518 4634 quodam
1603 4562 1811 4625 Martis,
1859 4562 1989 4616 urbs
2025 4559 2066 4615 D
2096 4565 2217 4617 dem
2249 4565 2488 4626 hassatu.
2529 4570 2845 4636 [impotenti
2886 4586 3005 4623 Cum
3037 4573 3280 4624 exercitu
3329 4585 3515 4625 contra
3546 4576 3660 4627 sul-

416 4649 962 4724 lladrianopolitana,
1031 4672 1156 4712 cunt
1209 4656 1466 4709 omnibus
1503 4655 1566 4708 ad
1601 4652 1988 4708 distrahendas

414 4761 650 4811 merces,
709 4749 1002 4804 exstructis
1057 4747 1328 4812 aediliciis,
1411 4747 1534 4815 igne
1611 4744 1985 4812 conﬂagravit.

412 4837 619 4891 Ibidem
678 4839 844 4893 etiam
941 4841 992 4894 id
1035 4839 1302 4909 temporis
1361 4836 1629 4908 Bajasites
1707 4835 1987 4890 Xenonem

409 4931 651 4985 condere
678 4945 903 5002 prapter
942 4933 1142 4986 ﬂumen
1181 4931 1501 5002 cepit.lude
1541 4930 1736 4984 castris
1756 4927 1990 4981 Hadria-

411 5025 600 5092 nopoli
653 5025 840 5088 motis,
882 5024 1208 5079 Moldaviam
1233 5023 1489 5089 transiit;
1507 5031 1561 5076 et
1586 5036 1768 5076 arcem
1788 5019 1988 5074 Chilim

409 5117 722 5184 occupavit.
765 5114 953 5186 Neque
993 5117 1166 5170 multo
1213 5125 1360 5183 post,
1415 5113 1502 5167 die
1541 5112 1778 5182 quodam
1843 5111 1990 5165 Mer~

407 5203 574 5269 curii,
634 5204 802 5259 etiam
833 5219 1014 5259 arcem
1066 5205 1366 5268 Cltermen,
1423 5203 1616 5258 iisdem
1674 5203 1728 5256 in
1789 5202 1990 5256 tinibus

413 5293 604 5369 sitam,
661 5295 717 5350 in
777 5305 1109 5366 potestatem
1169 5297 1400 5365 redegit.
1462 5294 1642 5364 Atque
1681 5296 1830 5348 omni
1883 5294 1990 5350 hoc

408 5401 545 5454 agro
590 5387 818 5456 potitus.
874 5396 1084 5443 mutata
1137 5386 1493 5456 profectione,
1544 5386 1988 5458 Hadrianopolim

407 5477 590 5543 rediit,
612 5494 756 5534 anno
783 5479 888 5536 889
913 5479 1064 5550 (Cltr.
1095 5479 1279 5548 “85).

477 5567 631 5625 Tunc
681 5583 738 5625 et
772 5572 958 5626 lumen
988 5572 1123 5630 solis
1154 5572 1377 5636 defecit.
1411 5582 1468 5628 et
1513 5573 1770 5629 sultanus
1832 5572 1991 5642 Baja-

415 5651 550 5709 aites
607 5678 807 5720 versus
851 5663 972 5718 loca
1007 5674 1295 5732 montana,
1355 5665 1636 5720 recreandi
1667 5666 1753 5719 sui
1804 5680 1990 5731 causa,

415 5759 475 5798 se
503 5749 757 5806 contulit.
786 5755 889 5810 llic
920 5770 1046 5810 eum
1110 5758 1296 5812 adiere
1359 5756 1524 5827 legati
1577 5764 1710 5822 tres,
1759 5771 1991 5824 quorum

419 5850 560 5892 unus
585 5854 650 5894 ex
678 5840 830 5894 ludia
859 5842 1067 5897 missus
1110 5848 1286 5903 fuerat
1336 5847 1476 5903 alter
1527 5848 1765 5915 Alcairo,
1800 5850 1994 5905 tertius

737 5933 1005 5996 PATROL.
1041 5940 1084 5998 Ο
1099 5960 1156 5998 a.
1189 5937 1386 5998 CLIX.

2094 4667 2282 4709 tauum
2313 4655 2512 4709 Alcairi
2552 4658 2722 4711 misit.
2765 4657 2984 4714 Minime
3012 4676 3137 4714 vero
3170 4661 3345 4715 territi
3377 4663 3660 4728 sultanini,

2093 4763 2218 4800 mox
2245 4747 2293 4801 ei
2321 4763 2444 4803 cum
2469 4751 2581 4804 Suis
2595 4751 2810 4804 obviam
2841 4752 3114 4822 progressi
3145 4763 3291 4809 sunt.
3321 4753 3536 4810 Daudes
3559 4757 3661 4811 illis
3723 4787 3740 4806 υ

2095 4840 2240 4896 haud
2275 4844 2683 4897 occurrendum
2721 4853 2894 4909 ratus,
2945 4853 3162 4904 mature
3195 4857 3353 4917 capto
3394 4850 3665 4904 mutanda:

2093 4932 2448 5001 profectionis
2475 4935 2728 4999 consilio,
2776 4947 2923 4993 retro
2952 4937 3109 4992 duxit
3157 4939 3480 5001 exercitum.
3520 4943 3665 4996 Adiit

2092 5025 2198 5081 hoc
2232 5025 2284 5079 in
2323 5027 2520 5082 itinere
2550 5026 2789 5084 Daudem
2820 5029 3109 5088 Aladeules
3165 5031 3473 5100 Dulgadiris
3531 5035 3663 5097 dux.

2093 5117 2182 5172 cui
2225 5129 2479 5188 magnum
2517 5120 2630 5190 ipse
2650 5121 2913 5176 honorem
2938 5123 3209 5178 exhibuit.
3241 5122 3602 5195 Posteaquam
3634 5144 3662 5177 ει

2094 5209 2388 5265 sultaninis
2445 5225 2504 5266 se
2538 5209 2752 5268 Daudes
2779 5215 3090 5282 avertisset,
3124 5213 3525 5274 Varsacensem
3585 5218 3663 5272 di-

2097 5301 2297 5354 tionem
2324 5304 2622 5372 ingressus,
2643 5319 2898 5374 proceres
2925 5307 3122 5378 partim
3157 5310 3210 5363 in
3233 5309 3447 5365 vincula
3479 5310 3635 5378 conje

2094 5392 2188 5456 cit,
2215 5395 2410 5462 partim
2444 5397 2662 5463 occidit,
2715 5401 2914 5468 partim
2967 5395 3364 5459 interveniente
3419 5412 3664 5458 transac-

2093 5485 2243 5539 tione
2274 5486 2476 5554 recepit
2504 5487 2558 5542 in
2587 5491 2840 5557 gratiam,
2881 5489 3220 5562 fortunisque
3247 5491 3365 5548 suis
3400 5493 3664 5549 restituit.

2095 5574 2461 5648 Turgurensis
2515 5581 2810 5649 provinci-.2
2859 5599 3116 5653 proceres
3157 5584 3488 5641 saluti-suat
3539 5586 3665 5658 fuga

2096 5671 2440 5726 consuluere.
2476 5673 2716 5729 Tandem
2757 5681 2936 5732 tamen
2991 5677 3282 5749 impetrato
3316 5679 3470 5735 salvo
3519 5695 3666 5736 coni-

2097 5776 2276 5818 meatu
2309 5763 2546 5820 Daudetn
2597 5767 2811 5822 bassam
2871 5771 3145 5837 adierunt,
3189 5778 3247 5825 et
3276 5786 3408 5840 pace
3432 5787 3557 5827 cum
3597 5787 3664 5826 eo

2098 5856 2333 5920 sancita,
2379 5868 2785 5914 sacramentum
2843 5862 3241 5931 praestiterunt.
3302 5861 3398 5918 His
3455 5863 3664 5917 etM-tis

3222 5959 3303 6019 20
