4126 6458
457 385 582 453 ‘619

1732 382 2084 444 ANNALES
2113 380 2461 444 TURCICI.

3631 375 3744 438 6‘20

475 502 668 567 rebus,
701 496 913 553 Daudes
949 473 1304 552 exauctorato
1337 495 1515 551 milite
1569 509 1823 552 reversus
1855 506 1941 550 est
1983 495 2050 549 ad
2080 501 2127 556 Α
2227 493 2501 564 Bajazites
2538 506 2791 565 magnam
2830 501 3027 548 rursus
3059 492 3290 548 militum
3347 504 3572 546 manum
3627 491 3751 547 col-

475 593 751 648 sultanum
783 588 1104 661 Bajazitem,
1135 588 1233 660 qui
1268 597 1402 644 tunc
1449 589 1502 643 in
1554 589 1776 659 regione
1823 588 2051 644 Visena-

477 683 617 740 hiesi
643 683 888 752 degebat.

546 775 705 831 Venit
736 773 791 828 id
835 771 1096 842 temporis
1135 769 1202 826 ad
1227 770 1524 839 Bajazitem
1577 769 1788 840 legatus
1827 785 1893 823 ex
1939 766 2051 822 Uu-

475 869 649 939 garia,
683 867 765 922 vir
787 865 1001 920 eximiae
1037 863 1344 933 dignitatis.
1377 861 1464 916 cui
1502 877 1697 917 nomen
1725 859 2053 916 Jacltoschi-

475 964 616 1016 eius.
651 959 702 1014 is
724 957 790 1012 ad
823 958 1103 1012 sultanum
1136 955 1428 1015 adductus,
1460 963 1516 1009 et
1568 952 1898 1023 perbenigne
1950 953 2054 1006 fuit

476 1053 720 1107 auditus.
788 1049 1053 1119 Expedita
1111 1046 1407 1117 legatione.
1468 1055 1676 1100 vestem
1731 1060 1760 1098 a
1815 1044 2054 1114 Bajazite

478 1148 643 1208 dono,
667 1159 767 1213 pro
798 1157 950 1197 more
983 1141 1160 1211 gentis
1183 1140 1412 1208 accepit,
1474 1151 1530 1194 et
1557 1140 1862 1204 admodum
1887 1139 2054 1194 hono-

477 1236 628 1289 rifice
654 1233 993 1302 benigneque
1023 1229 1282 1284 dimissus
1310 1228 1433 1282 fuit.
1463 1227 1519 1281 ln
1544 1228 1740 1282 itinere
1770 1243 1920 1287 vero.
1944 1242 2052 1296 quo

478 1333 700 1381 domum
738 1325 1014 1381 rediturus
1069 1331 1211 1387 erat,
1275 1337 1398 1377 cum
1423 1322 1536 1392 jam
1562 1320 1895 1376 Semendriae
1920 1323 2054 1376 lines

480 1419 772 1488 attigisset,
822 1415 1044 1486 quidam
1108 1427 1276 1484 eques
1310 1411 1602 1479 Turcicus,
1639 1411 1725 1466 vir
1773 1411 2052 1477 militaris,

477 1514 774 1565 cuinomen
813 1507 984 1563 Gases
1019 1505 1355 1580 Mustaphas,
1385 1514 1440 1559 et
1465 1505 1560 1576 qui
1593 1503 1733 1559 forte
1759 1512 1874 1559 tum
1911 1512 2051 1558 tem-

481 1601 628 1672 poris
665 1599 783 1653 istic
817 1607 958 1662 erat,
997 1611 1140 1667 equo
1168 1609 1498 1662 conscenso,
1550 1595 1787 1665 legatum
1833 1607 2056 1663 aggres-

480 1707 573 1745 sus
603 1700 709 1751 cst,
733 1697 785 1742 et
811 1686 1036 1740 acinace
1087 1697 1188 1740 suo
1220 1694 1328 1738 tam
1370 1683 1606 1753 graviter
1639 1682 1964 1743 vulneravit,
1997 1687 2057 1735 ut

480 1779 766 1836 confestim
795 1779 866 1833 ibi
898 1789 1126 1831 mortem
1157 1784 1457 1846 oppeteret.
1487 1775 1546 1828 id
1579 1775 1654 1828 uti
1693 1773 1914 1837 faceret,
1943 1775 2056 1827 haec

482 1892 607 1929 eum
650 1872 945 1941 impulerat
994 1886 1184 1934 causa,
1227 1869 1372 1939 quod
1406 1885 1529 1924 cum
1553 1861 1879 1938 'aliquando
1909 1865 2056 1936 lega-
2091 1857 2131 1916 Β

481 1978 569 2022 tus
605 1966 692 2020 ille
716 1963 898 2019 Gasim
930 1962 1272 2031 Mustapltam
1309 1977 1433 2015 cum
1452 1961 1619 2014 fratre
1653 1959 1930 2030 captivum
1957 1959 2054 2013 de-

482 2061 703 2124 tinere-t,
765 2055 1070 2126 Mustaphze
1104 2051 1328 2109 fratrem
1363 2069 1494 2109 veru
1551 2053 1942 2118 translixisset,
1976 2051 2056 2121 ip-

481 2167 720 2221 sumque
738 2148 1094 2218 Mustapham
1126 2149 1412 2216 coegisset,
1446 2155 1504 2201 ut
1527 2147 1632 2201 hoc
1668 2145 1830 2201 modo
1864 2157 2057 2200 trans-

482 2248 649 2300 fixum
678 2257 812 2296 veru
876 2239 1100 2294 fratrem
1149 2255 1466 2310 germanum
1516 2244 1728 2293 assaret
1757 2253 1773 2294 :
1807 2235 2058 2291 excussis

477 2335 658 2389 eidem
701 2333 856 2387 Casa:
892 2329 1194 2401 Mustapltae
1258 2329 1478 2398 triginta
1518 2327 1734 2382 duobus
1800 2323 2058 2380 dentibus

480 2425 614 2481 suis.
658 2419 771 2475 llae
799 2435 928 2489 ergo
962 2419 1029 2472 de
1056 2433 1224 2472 causa
1254 2424 1526 2485 repertum
1577 2415 1648 2469 ibi
1705 2415 1941 2484 legatum
1969 2429 2059 2469 oc-

483 2514 634 2577 cidit,
695 2521 1007 2578 quanquam
1038 2517 1091 2561 et
1140 2506 1256 2574 ipse
1295 2503 1468 2559 Gases
1519 2503 1834 2572 Mustaphas
1867 2503 2057 2559 eodem

480 2608 600 2661 loco
658 2601 976 2658 vulneribus
1035 2599 1320 2655 confectus
1391 2597 1609 2652 vivendi
1673 2599 1835 2652 finem
1907 2596 2055 2653 fecit.

481 2696 813 2754 Acciderunt
857 2695 971 2749 haec
1028 2709 1173 2748 anno
1203 2693 1296 2748 89I
1339 2691 1489 2763 (Chr.
1519 2690 1704 2756 “87).

552 2791 865 2848 Secundum
899 2789 1014 2844 haec
1067 2786 1346 2857 profectus
1400 2801 1466 2839 ex
1505 2785 1754 2840 Analolia
1808 2787 2061 2842 sultanus

478 2885 772 2957 Bajazites,
805 2880 1338 2950 Constantinopolim
1375 2879 1524 2934 venit
1557 2900 1569 2934 :
1613 2889 1667 2934 et
1709 2879 1895 2935 missis
1932 2879 2061 2934 hinc

479 2977 608 3034 inde
642 2992 738 3048 per
768 2989 961 3030 omnes
995 2972 1306 3043 provincias
1336 2986 1464 3026 suas
1493 2970 1784 3039 mandatis,
1815 2985 1883 3025 ex
1917 2977 2062 3026 Ana-

480 3070 612 3127 tolia
639 3067 1014 3136 Betrianiaque
1042 3079 1300 3133 magnum
1337 3063 1513 3131 coegit
1542 3065 1868 3127 exercitum,
1904 3078 2061 3116 eum-

480 3161 770 3234 que'ntisit
799 3173 992 3214 versus
1023 3156 1279 3210 Arabiam
1315 3170 1331 3212 :
1363 3170 1580 3210 summo
1623 3155 1906 3225 copiarum
1938 3169 2058 3208 om-

482 3257 637 3313 nium
677 3254 1006 3320 imperatore
1065 3246 1371 3316 designato,
1412 3246 1500 3300 Ali
1556 3247 1715 3302 bassa
1775 3243 2056 3300 eunucho.

481 3347 536 3403 Is
565 3344 656 3401 ubi
691 3356 815 3398 cum
848 3339 1019 3394 milite
1052 3337 1392 3408 pervenisset
1420 3337 1489 3391 ad
1537 3337 1811 3393 civitatem
1842 3337 2064 3392 Adano—

483 3451 632 3499 rum,
660 3446 839 3487 arcem
869 3427 1018 3484 urbis
1041 3426 1387 3491 instauravit,
1420 3425 1630 3491 refecit,
1662 3427 2060 3481 communivit:

483 3537 540 3583 et
561 3499 685 3582 aliis
715 3522 1043 3596 quibusdam
1096 3518 1311 3590 Oppidis
1367 3518 1569 3588 captis,
1601 3518 1852 3590 praesidia
1886 3520 2063 3591 impo—

485 3619 617 3683 suit,
671 3631 815 3671 anno
845 3613 947 3669 893
981 3613 1130 3683 (Chr.
1174 3607 1356 3680 1489).

558 3705 774 3762 interea
803 3704 930 3758 dum
961 3702 1049 3755 bis
1081 3701 1300 3754 arcibus
1329 3699 1665 3769 occupandis
1701 3707 1755 3753 et
1776 3707 2067 3769 exstruen-

485 3800 578 3857 dis
629 3797 823 3854 intenti
872 3803 1004 3851 sunt
1057 3792 1363 3862 Bajazitici,
1413 3793 1575 3846 etiam
1605 3807 1671 3845 ex
1706 3792 1874 3846 altera
1915 3799 2066 3859 parte

485 3888 749 3948 sultanini
781 3887 1128 3958 expeditione
1161 3895 1437 3955 suscepta,
1474 3885 1524 3936 in
1561 3884 1770 3938 hostem
1831 3881 2064 3952 profecti

486 3994 635 4040 sunt.
666 3981 984 4052 Cnngressis
1013 3977 1364 4042 exercitibus,
1389 3976 1686 4032 vehemens
1708 3975 2064 4030 commissum

487 4076 589 4131 fuit
627 4075 895 4144 praelium.
947 4071 1024 4125 Ac
1060 4071 1275 4124 tametsi
1301 4069 1706 4124 sultaninorum
1749 4069 1896 4122 acies
1928 4079 2066 4122 tan—

487 4171 609 4224 dem
634 4166 825 4222 solutte
843 4159 1263 4233 dissiparentur,
1282 4179 1393 4226 non
1415 4171 1597 4216 tamen
1626 4178 1822 4231 passus
1845 4171 1928 4218 est
1949 4162 2065 4219 Alis

488 4263 648 4316 bassa
675 4259 903 4313 militem
935 4271 1095 4312 suum
1116 4272 1145 4310 a
1180 4266 1330 4324 tergo
1352 4271 1447 4310 eos
1471 4256 1723 4325 persequi
1757 4275 1768 4310 :
1799 4259 1942 4326 quod
1975 4273 2068 4311 ve-

487 4363 722 4418 reretur,
755 4365 823 4403 ne
850 4348 976 4403 belli
1009 4362 1068 4402 se
1095 4354 1439 4403 converteret
1478 4347 1597 4402 alea
1625 4364 1638 4401 :
1668 4348 1935 4418 simulque
1964 4363 2068 4417 pu-

486 4454 646 4511 taret,
684 4445 819 4499 satis
859 4457 917 4496 se
951 4450 1308 4496 consecutum
1349 4440 1555 4510 gloriae,
1592 4442 1687 4510 qui
1757 4451 1864 4495 tam
1891 4441 2066 4497 felici-

2155 589 2305 656 legit,
2344 597 2395 643 et
2435 589 2490 642 in
2543 585 2855 641 Anatoliam
2916 585 3242 652 transmisit,
3295 585 3425 639 dato
3465 584 3546 639 eis
3600 582 3750 638 duce

2154 679 2481 734 lschendere
2510 682 2668 749 bcgo,
2714 679 2998 734 Michaelis
3044 679 3154 731 filio
3185 697 3200 732 :
3248 678 3339 732 cui
3373 679 3650 747 praecepit,
3686 687 3752 731 ut

2154 772 2402 828 Aladeuli
2434 773 2744 844 Dulgadiris
2785 774 2908 827 duci
2953 773 3152 827 bellum
3219 769 3467 824 inferret.
3504 769 3568 824 Hi
3615 787 3746 824 cum

2154 867 2311 921 ducis
2335 867 2468 920 fines
2500 864 2730 934 ingressi
2765 865 3019 927 fuissent,
3053 879 3239 918 rerum
3276 877 3500 916 suarum
3536 863 3748 921 securi,

2165 964 2315 1010 tutos
2340 955 2566 1009 omnino
2589 970 2646 1011 se
2667 957 2951 1025 putabant.
2977 956 3054 1008 lbi
3087 965 3200 1007 tum
3227 968 3323 1008 eos
3350 969 3414 1006 ex
3443 954 3747 1021 improviso

2159 1049 2385 1103 adortus
2437 1048 2754 1113 Aladeulcs,
2807 1048 3024 1102 duobus
3081 1046 3428 1101 Ischenderis
3457 1045 3577 1113 begi
3616 1045 3742 1097 ﬁliis

2159 1140 2486 1207 interfectis,
2519 1140 2696 1211 ipsum
2731 1140 2896 1195 etiam
2931 1137 3312 1194 lschenderem
3347 1137 3534 1190 vivum
3576 1137 3740 1202 cepit,

2155 1240 2210 1288 et
2231 1232 2510 1288 Alcairum
2541 1233 2761 1288 sultano
2801 1233 2968 1287 misit.
3005 1232 3116 1286 llac
3143 1230 3297 1285 clade
3324 1237 3572 1298 accepta,
3600 1229 3746 1280 nihi-

2156 1323 2402 1377 lominus
2431 1323 2631 1394 insigni
2667 1322 2936 1392 Bajazites
2972 1319 3373 1391 magnificentia
3406 1319 3569 1374 trium
3603 1318 3741 1373 lilia-

2157 1429 2282 1469 rum
2342 1416 2562 1484 nuptias
2615 1414 2972 1469 celebravit:
3022 1428 3260 1484 quarum
3317 1427 3422 1467 una
3455 1414 3582 1466 data
3638 1412 3741 1466 fuit

2158 1519 2297 1558 uxor
2326 1502 2758 1560 Usumchasanis
2792 1505 2927 1571 filio,
2979 1503 3148 1558 altera
3179 1501 3401 1571 Usgttlis
3433 1518 3464 1556 e
3503 1501 3614 1554 filio
3643 1516 3738 1554 ne-

2156 1595 2291 1663 poti,
2313 1595 2473 1651 tertia
2499 1597 2706 1652 Daudis
2735 1598 2909 1653 bassae
2935 1595 3067 1652 tilio.
3093 1593 3227 1650 Post
3251 1611 3344 1651 eas
3379 1596 3621 1664 nuptias,
3645 1596 3744 1648 de-

2159 1701 2270 1740 nuo
2297 1687 2493 1740 litteris
2523 1686 2651 1741 hinc
2678 1686 2802 1740 inde
2824 1687 3032 1750 missis,
3065 1687 3362 1740 convenire
3396 1685 3600 1738 milites
3627 1682 3746 1750 jus-

2157 1782 2232 1834 sit
2263 1779 2393 1848 :qui
2419 1778 2551 1833 dum
2599 1779 2655 1832 in
2683 1778 2800 1834 dies
2836 1779 2902 1833 ad
2928 1794 3057 1833 eum
3089 1763 3452 1843 conﬂuerent,
3490 1777 3630 1830 forte
3672 1779 3747 1829 ie-

2160 1880 2318 1940 gatus
2349 1872 2419 1926 ab
2473 1871 2782 1927 Alcairensi
2815 1873 3034 1927 sultano
3065 1875 3268 1928 missus
3301 1871 3548 1926 advenit.
3604 1871 3744 1925 Eum

2161 1961 2432 2032 Bajazites
2471 1962 2777 2018 inauditum
2804 1964 2969 2034 jussit
3001 1964 3316 2020 abscedere.

2232 2053 2347 2110 Hoc
2374 2064 2624 2124 tempore
2651 2055 3162 2127 Constantinopoli,
3195 2059 3283 2112 die
3313 2058 3551 2128 quodam
3585 2057 3734 2123 solis,

2160 2147 2338 2215 primo
2379 2147 2646 2212 diluculo,
2688 2149 2872 2218 pluere
2923 2150 3067 2218 cepit
3101 2167 3115 2204 ε
3153 2161 3455 2219 secutoque
3520 2151 3739 2213 tonitru,

2162 2243 2366 2290 tactum
2396 2236 2465 2292 de
2487 2239 2628 2294 coelo
2655 2240 2916 2309 templum
2947 2239 3112 2312 335
3150 2241 3273 2306 fuit,
3303 2241 3356 2295 in
3398 2258 3512 2312 quo
3569 2244 3746 2314 pulvis

2159 2327 2558 2383 tormentarius
2603 2345 2800 2400 magna
2837 2346 2960 2386 cum
3023 2333 3154 2388 nitri
3201 2335 3365 2403 copia
3425 2336 3749 2391 reconditus

2158 2425 2298 2473 erat.
2331 2418 2810 2477 tiaeintlammata
2858 2425 3108 2489 materia.
3174 2426 3436 2496 templum
3493 2428 3670 2498 ipsum
3717 2443 3748 2482 e

2158 2509 2518 2568 fundamento
2549 2513 2844 2583 disiectum
2880 2514 3005 2582 fuit,
3030 2525 3085 2571 et
3115 2517 3258 2587 ignis
3300 2519 3489 2573 urbem
3549 2537 3744 2590 perva-

2157 2615 2338 2674 gatus,
2375 2619 2486 2660 non
2519 2605 2751 2676 plurima
2781 2608 3043 2665 duntaxat
3069 2608 3317 2676 editicia,
3352 2626 3534 2666 verum
3568 2614 3730 2665 etiam

2158 2698 2404 2766 quinque
2441 2697 2724 2753 hominum
2771 2699 2967 2764 millia.
2998 2702 3240 2772 cujusvis
3292 2703 3462 2758 aetatis
3489 2713 3541 2759 et
3567 2720 3735 2760 sexus

2160 2793 2490 2862 absumpsit.

2231 2885 2313 2941 Ab
2335 2887 2502 2941 altera
2526 2900 2681 2956 parte
2716 2888 2981 2944 sultanini
3015 2904 3210 2945 rursus
3237 2891 3585 2961 expeditione
3611 2906 3740 2947 sus-

2160 2984 2340 3044 cepta,
2387 2974 2696 3032 Larendam
2762 2989 2974 3049 captam
3009 2983 3390 3052 direptamque
3439 2984 3747 3038 succende-

2161 3078 2312 3135 runt,
2341 3078 2396 3124 et
2425 3072 2477 3124 in
2525 3071 2740 3126 cineres
2772 3074 3097 3144 redegerunt
3128 3116 3144 3142 ,
3185 3076 3424 3146 aliisque
3484 3087 3749 3146 praeterea

2085 3205 2130 3270 Ο
2163 3159 2414 3270 spoliatis
2470 3160 2688 3232 oppidis
2719 3177 2782 3219 ac
2821 3163 2980 3230 vicis,
3015 3165 3240 3219 domum
3296 3166 3530 3222 rediere.
3583 3167 3749 3221 Periit

2171 3251 2373 3308 ibidem
2405 3265 2459 3310 et
2490 3253 2725 3326 Jacupes
2754 3257 2945 3328 begus,
2970 3257 3403 3318 Usumebasanis
3443 3258 3611 3320 filius.
3649 3265 3746 3320 Ac-

2168 3344 2426 3400 ciderunt
2447 3356 2625 3403 autem
2659 3347 2776 3404 haec
2803 3364 2949 3405 anno
2976 3350 3104 3408 895.

2242 3435 2514 3507 Bajazites
2537 3437 2686 3493 hisce
2721 3439 2790 3493 de
2827 3441 2992 3497 rebus
3023 3444 3230 3500 certior
3259 3444 3454 3510 factus,
3479 3447 3752 3502 Constan-

2171 3527 2398 3597 tinopoli
2427 3527 2737 3596 discedens,
2773 3530 3161 3590 Gumulzinam
3198 3536 3355 3605 abiit,
3389 3553 3455 3594 ac
3501 3544 3754 3594 venando

2171 3629 2344 3674 semet
2387 3621 2700 3678 oblectavit.
2747 3622 3076 3680 Gumulaina
3132 3628 3343 3693 relicta,
3396 3627 3651 3700 Ypsalam
3689 3645 3752 3686 se

2171 3713 2426 3780 contulit,
2475 3715 2661 3784 ibique
2698 3720 2888 3783 paucis
2923 3719 3118 3775 diebus
3163 3722 3390 3788 exactis,
3437 3725 3754 3780 Constanti-

2177 3809 2416 3878 n0polint
2457 3811 2641 3866 rediit.
2673 3809 2835 3865 Venit
2865 3811 2972 3866 huc
3002 3813 3069 3866 ad
3100 3827 3224 3866 eum
3260 3814 3469 3883 legatus
3495 3816 3630 3871 alter
3659 3817 3754 3870 Al-

2170 3901 2323 3957 cairo
2377 3903 2616 3956 missus:
2677 3918 2840 3971 quem
2891 3902 3302 3972 perhumaniter
3343 3917 3658 3976 exceptum,
3699 3920 3756 3963 et

2173 3993 2529 4062 amplissimis
2569 3996 2833 4050 donatum
2867 3997 3212 4062 muneribus,
3274 3999 3410 4052 bona
3441 4015 3566 4053 cum
3617 4015 3755 4068 pace

2171 4085 2402 4141 dimisit.
2431 4085 2617 4154 Neque
2647 4088 2818 4142 multo
2868 4098 3008 4158 post,
3040 4090 3202 4143 etiam
3237 4091 3352 4160 ipse
3403 4093 3693 4160 quemdam
3721 4107 3757 4146 e

2174 4179 2290 4233 suis
2330 4179 2607 4235 Alcairum
2675 4181 2963 4249 ablegavit,
3036 4197 3180 4236 anno
3225 4182 3328 4237 896
3360 4183 3514 4253 (Chr.
3568 4183 3754 4255 “91).

2175 4269 2311 4323 Cum
2343 4270 2386 4322 is
2413 4271 2626 4324 Sullani
2665 4271 2917 4342 Bajazitis
2945 4273 3153 4340 legatus
3183 4271 3458 4328 Alcairum
3489 4275 3754 4340 venisset,

2177 4376 2280 4429 pax
2319 4361 2460 4415 inter
2497 4377 2593 4416 eos
2622 4362 2830 4416 sancita
2865 4361 2965 4416 fuit
2998 4371 3096 4417 :et
3141 4363 3393 4422 sultanus
3424 4365 3758 4418 Alcairensis

2174 4450 2403 4521 Bajaziti
2437 4452 2662 4508 'l‘ersnm
2695 4463 2861 4523 atque
2890 4454 3080 4509 Adana
3103 4471 3226 4510 cum
3255 4455 3534 4526 Oppidulis
3562 4453 3756 4509 eodem

485 4547 572 4594 ter
607 4535 833 4592 hostiles
867 4533 1056 4605 copias
1107 4533 1420 4602 disjecisset
1451 4548 1464 4585 :
1496 4531 1798 4587 cavendum
1831 4533 2066 4603 denique
2098 4584 2142 4641 α
2176 4547 2574 4613 pertinent”)...
2605 4549 2864 4601 Γθδιιιυη,

486 4640 753 4692 censeret,
791 4641 859 4680 ne
889 4625 975 4680 sui
1011 4623 1182 4678 nimio
1217 4623 1403 4677 labore
1426 4621 1876 4694 defatigarentur.
1906 4622 2062 4678 ldeo-

484 4736 592 4789 que
623 4718 784 4774 motis
816 4716 943 4771 hinc
975 4716 1195 4776 castris,
1227 4715 1450 4768 domum
1508 4713 1738 4769 militem
1783 4730 1948 4770 suum
1979 4731 2066 4771 re-

483 4810 659 4865 duxit.
691 4807 985 4878 Postquam
1041 4821 1170 4861 vero
1200 4803 1482 4874 Bajazitici
1517 4803 1910 4870 discesserant,
1943 4805 2065 4860 Sul-

487 4901 660 4957 tanini
717 4902 836 4955 suis
869 4900 1051 4954 denuo
1125 4897 1392 4965 collectis,
1443 4898 1635 4952 Adana
1684 4899 2033 4968 Tersumque

483 4997 734 5050 civitates
756 4991 1044 5048 obsidione
1072 4989 1366 5046 cinxerunt
1406 5005 1422 5044 :
1478 4990 1683 5059 quibus
1744 5007 1866 5046 eum
1901 4991 2066 5065 potiri

484 5094 868 5156 nonpossent,
903 5085 1091 5154 copias
1139 5083 1266 5139 inde
1295 5098 1424 5139 suas
1452 5083 1822 5139 abduxerunt.
1861 5085 2063 5140 Verum

487 5193 596 5233 non
634 5177 804 5230 multo
835 5183 977 5244 post,
1007 5181 1404 5228 tormentorum
1428 5185 1482 5228 et
1500 5174 1728 5228 aliarum
1759 5190 1942 5230 rerum
1965 5192 2067 5245 ap-

485 5283 676 5342 paratu
718 5267 993 5332 instructi,
1027 5281 1218 5321 rursus
1260 5266 1437 5321 adorti
1474 5276 1604 5321 sunt
1636 5268 1846 5332 Adana,
1880 5281 1932 5324 et
1973 5287 2064 5325 ex-

487 5371 778 5434 pugnatam
809 5360 960 5416 urbis
988 5373 1168 5414 areem
1199 5361 1509 5424 diruerunt,
1542 5371 1705 5431 atque
1737 5362 1809 5417 ita
1842 5363 2062 5418 domum

486 5455 687 5510 reversi
719 5461 871 5518 sunt,
909 5468 1054 5506 anno
1085 5451 1190 5506 895
1222 5451 1375 5523 (Chr.
1422 5451 1602 5524 1490).

553 5547 709 5600 'l‘unc
733 5557 790 5602 et
812 5548 897 5601 die
924 5549 1161 5618 quodam
1199 5545 1371 5610 iovis,
1402 5546 1547 5601 circa
1579 5549 1884 5613 meridiem,
1918 5550 2063 5603 Con-

481 5639 836 5709 stantinOpoli
860 5648 1003 5694 terra
1035 5647 1182 5692 mota
1208 5639 1448 5704 tremuit,
1467 5649 1520 5694 et
1543 5641 1712 5695 multa
1738 5651 2068 5698 corruerunt

481 5731 731 5788 mdificia.
778 5731 904 5787 Fuit
965 5742 1021 5788 et
1083 5731 1273 5787 Prusze
1337 5741 1554 5786 tantum
1625 5736 1962 5806 incendium,
2007 5747 2064 5792 ut

485 5825 635 5882 urbis
692 5825 943 5894 regiones
992 5823 1063 5879 25
1095 5825 1538 5881 absumerentur.

2244 4637 2360 4692 Hoc
2401 4649 2645 4708 tempore
2681 4653 2900 4695 mortuo
2945 4640 3199 4710 Ungaria:
3260 4657 3410 4710 rege,
3467 4657 3761 4696 successor

2169 4730 2290 4801 ejus
2337 4729 2573 4800 legatum
2632 4732 2699 4786 ad
2737 4733 3014 4786 sultanum
3044 4734 3340 4803 Bajazitem
3377 4736 3546 4789 misit.
3581 4735 3761 4800 Hujus

2171 4821 2441 4890 postulata
2467 4837 2593 4876 cum
2630 4824 2916 4891 audiisset,
2955 4841 3141 4895 pacem
3173 4825 3440 4894 Bajaziles
3472 4843 3596 4881 cum
3649 4824 3762 4879 Un-

2169 4929 2304 4985 garo
2334 4916 2482 4970 fecit.
2516 4917 2714 4972 Eodem
2744 4932 2888 4971 anno
2915 4935 3113 4975 ruesus
3137 4930 3329 4974 exorto
3359 4921 3548 4974 Prusa
3570 4923 3763 4972 incen-

2171 5009 2284 5074 dio,
2315 5023 2509 5078 magna
2568 5024 2694 5078 pars
2725 5012 2898 5073 urbis,
2949 5027 3073 5066 cum
3115 5015 3363 5067 tabernis
3393 5023 3760 5066 mercatorum

2172 5102 2450 5171 plurimis,
2485 5105 2867 5171 conﬂagravit.
2903 5105 3050 5160 Misit
3080 5108 3245 5159 etiam
3281 5107 3534 5160 sultanus
3557 5105 3763 5159 Alcairi

2170 5193 2406 5262 legatum
2433 5211 2556 5249 cum
2585 5196 2929 5265 amplissimo
2959 5198 3222 5251 comitatu
3253 5199 3318 5250 ad
3343 5199 3621 5251 sultanum
3653 5198 3762 5248 lia-

2167 5286 2414 5355 jazitem.
2464 5286 2767 5341 Referenda
2809 5303 2936 5341 vero
2975 5298 3104 5342 sunt
3150 5291 3266 5342 haec
3321 5289 3386 5343 ad
3423 5306 3624 5343 annum
3653 5288 3764 5341 897

2175 5377 2326 5447 (Chr.
2361 5377 2546 5446 1492;.

2247 5468 2557 5521 Secundum
2589 5469 2676 5523 illa
2714 5468 2974 5526 discessit
3003 5470 3480 5540 ConstantinOpoli
3541 5469 3762 5540 Bajazi-

2178 5567 2281 5622 tes,
2311 5568 2367 5613 et
2394 5559 2840 5630 Hadrianopolim
2879 5563 3183 5632 profectus,
3219 5575 3378 5618 extra
3429 5565 3618 5618 urbem
3669 5578 3765 5616 ea-

2176 5659 2288 5704 slra
2321 5660 2556 5706 metatus
2588 5661 2698 5713 est,
2733 5666 2798 5706 ac
2849 5652 3052 5706 ibidem
3089 5653 3155 5705 ad
3189 5653 3395 5720 aliquot
3419 5652 3541 5705 dies
3574 5644 3758 5698 118$“.

2173 5739 2418 5806 Quodam
2468 5756 2599 5795 vero
2653 5743 2741 5797 die
2781 5742 2986 5797 vezircs
3050 5759 3182 5797 suos
3214 5745 3504 5802 aHOCutus,
3555 5735 3766 5790 habere

2173 5848 2232 5886 se
2267 5833 2321 5887 in
2347 5833 2531 5888 animo
2557 5833 3112 5905 dixitexpcditionem
3135 5829 3427 5898 quamdam
3448 5827 3762 5885 diliicilem:
