4126 6436
383 357 481 420 δςιι

1664 351 2010 413 ΑΝΝΑιιΕΒ
2035 352 2134 412 TU
2151 349 2377 412 RClCI.

3555 345 3662 408 63°)

383 465 684 536 gerendum
711 476 836 516 cum
866 456 1102 528 Ungaris
1131 460 1335 515 bellum
1367 461 1700 534 intelligens.
1731 464 1971 533 Ideoque
2001 463 2046 517 Α
2071 459 2262 526 jussis,
2290 461 2470 513 claves
2508 457 2660 512 urbis
2687 456 2905 512 sullano
2935 453 3161 524 Bajaziti
3197 467 3294 524 per
3337 468 3435 510 eos
3493 469 3660 512 ontu-

383 556 594 611 coactis
629 554 902 608 universis
933 554 1104 622 copiis
1129 554 1266 618 suis,
1289 553 1678 627 lladrianopoli
1710 555 1972 622 Sophiam

385 649 670 718 profectus
699 656 803 703 cst.
845 646 958 701 Non
1011 655 1196 702 tamen
1257 647 1555 717 Ungarium
1617 650 1824 719 ingredi
1875 649 1975 704 fuit

388 755 581 807 ausus,
615 741 708 796 sed
738 731 999 794 Achmete
1030 741 1172 810 bego
1205 758 1327 795 cum
1364 743 1536 798 milite
1565 743 1852 799 Anatolico
1877 742 1977 797 So-

390 834 533 904 phim
564 833 721 902 jusso
753 831 1081 897 subsistere,
1117 819 1358 887 Daudcm
1397 834 1614 890 bassam
1656 850 1779 889 cum
1823 843 1974 902 parte

394 928 672 996 cepiarum
717 924 1008 994 Uscopiam
1044 926 1192 978 misit
1222 943 1234 978 :
1269 926 1385 994 ipse
1413 942 1538 981 cum
1570 925 1760 981 Jochia
1790 925 1971 990 bassa,

389 1017 588 1071 etcum
639 1017 810 1071 milite
842 1015 1144 1078 Romaniae,
1178 1015 1536 1073 Manastirum
1575 1018 1710 1074 abiit
1749 1035 1763 1072 :
1808 1029 1975 1087 atque

388 1113 511 1164 inde
544 1111 596 1162 in
634 1109 949 1174 Alhaniam,
994 1110 1262 1179 ducisque
1314 1108 1543 1164 Joannis
1602 1111 1878 1180 regionem
1914 1125 1974 1165 se

387 1200 640 1255 contulit.
672 1199 956 1270 Expedivit
984 1211 1038 1255 et
1089 1203 1223 1255 mari
1261 1215 1426 1256 naves
1453 1201 1744 1271 quasdam,
1781 1210 1839 1254 ut
1879 1201 1971 1254 ΑΙ-

384 1293 652 1348 banorum
690 1291 883 1346 itinera
917 1291 1412 1361 praeclmlerentur.
1451 1290 1575 1348 Haec
1616 1308 1740 1347 cum
1771 1292 1969 1346 Albani

382 1385 899 1446 animadverterent,
922 1383 989 1438 ad
1021 1392 1232 1438 montes
1255 1398 1314 1437 se
1348 1393 1695 1453 receperunt.
1717 1393 1772 1438 et
1807 1384 1860 1437 in
1888 1383 1970 1438 eis

385 1478 456 1531 ita
490 1493 548 1530 se
579 1477 1046 1542 communierunt,
1115 1487 1175 1530 ut
1215 1491 1468 1545 magnum
1503 1476 1627 1531 inde
1653 1474 1852 1550 Turcis
1878 1475 1973 1530 de-

382 1569 701 1624 trimentum
741 1567 1028 1621 inferrent.
1082 1568 1161 1621 Ad
1213 1573 1524 1622 extremum
1561 1578 1738 1624 tamen
1781 1569 1969 1633 Turei,

381 1660 702 1714 censcensis
727 1658 857 1714 locis
887 1657 1196 1722 altioribus,
1233 1660 1287 1712 in
1318 1676 1414 1715 eos
1445 1661 1722 1716 irruerunl
1762 1676 1774 1720 :
1807 1673 1858 1717 et
1891 1665 1972 1718 vi-

381 1751 460 1806 ris
485 1751 810 1815 interfectis,
846 1751 1104 1804 mulieres
1135 1765 1196 1805 ac
1245 1767 1445 1818 pueros
1483 1751 1756 1808 adduxere
1790 1759 1967 1823 capti-

2087 553 2266 605 lerunt
2298 569 2311 604 :
2346 561 2507 618 atque
2536 551 2639 604 hoc.
2675 550 2833 605 modo
2856 549 3045 603 urbem
3078 547 3248 616 ipsius
3273 551 3522 616 potestati
3545 567 3664 621 per-

2085 647 2303 706 misere,
2335 658 2479 696 anno
2528 641 2634 698 905
2671 642 2825 710 (Chr.
2863 640 3041 710 1499).

2154 736 2366 790 Potitus
2416 733 2719 797 lncbcchti,
2773 733 3084 801 praesidium
3116 733 3239 789 urbi
3275 744 3449 803 captae
3482 735 3662 803 impo-

2081 828 2189 883 suit
2227 835 2326 890 εει
2352 825 2796 894 Hadrianopolim
2836 840 3114 888 reversus,
3153 826 3349 879 ibidem
3403 825 3659 879 hiberna-

2082 922 2178 976 vit.
2215 921 2316 976 Ubi
2377 921 2489 987 jam
2526 931 2689 974 testas
2749 919 3085 988 appetiisset,
3125 918 3332 972 coactis
3383 917 3661 973 Romanis

2080 1014 2455 1082 Anatoliaeque
2511 1012 2868 1069 exercitibus.
2913 1013 3096 1064 denuo
3154 1009 3390 1063 Morcam
3440 1011 3660 1072 invasit,

2083 1123 2278 1174 magna
2314 1106 2476 1160 etiam
2520 1104 2649 1158 tuari
2693 1104 2866 1159 classe
2921 1104 3192 1175 ahlegata,
3248 1101 3664 1170 Methonemque

2083 1201 2320 1253 militum
2374 1215 2576 1253 corona
2644 1197 3025 1252 circumdedit.
3078 1198 3182 1263 Qui
3239 1197 3469 1252 erantin
3527 1196 3662 1250 urbe

2079 1289 2241 1360 335
2282 1287 2608 1352 Christiani,
2671 1288 2811 1342 adeo
2849 1303 2906 1342 se
2955 1286 3247 1341 defendere
3295 1297 3537 1351 strenue,
3579 1295 3661 1340 to-

2082 1382 2189 1436 tius
2222 1388 2280 1434 ut
2314 1379 2518 1434 mensis
2549 1379 2749 1448 spatio,
2786 1379 2921 1432 citra
2955 1377 3446 1439 intermissionem,
3489 1378 3661 1430 inter-

2079 1473 2170 1527 diu
2195 1480 2469 1541 noctuque
2504 1471 2879 1537 dimicaretur,
2901 1471 3072 1526 muris
3102 1470 3232 1539 ipsis
3261 1478 3656 1526 tormentorum

2081 1564 2281 1632 impetu
2316 1563 2582 1631 disjectis.
2617 1549 2815 1618 Videas
2849 1573 3032 1617 autem
3081 1562 3368 1630 Bajazites,
3410 1551 3597 1616 urbem
3630 1576 3658 1613 a

2079 1657 2409 1714 Christianis
2441 1655 2771 1727 propugnari
2808 1673 2820 1709 :
2858 1665 3169 1709 commotus
3204 1655 3306 1718 ira,
3343 1655 3458 1710 suis
3507 1669 3659 1723 spem

2081 1749 2232 1804 urbis
2255 1748 2578 1817 diripiendas
2604 1747 2756 1812 fecit,
2784 1747 3054 1815 siquidem
3082 1745 3172 1828 illa
3197 1746 3524 1816 potirentur.
3549 1744 3663 1801 llac

384 1859 504 1908 vos,
537 1858 867 1914 omnemque
903 1844 1177 1914 regionem
1213 1845 1357 1898 illam
1397 1845 1633 1903 ﬂammis
1661 1856 1966 1904 vastarunt.
2000 1846 2046 1907 Β
2075 1842 2278 1896 sultaui
2315 1857 2446 1896 voce
2489 1836 2687 1896 milites
2718 1827 2927 1904 audita,
2983 1838 3219 1908 quodam
3255 1837 3366 1903 die,
3398 1837 3659 1907 cumjam

384 1935 482 1991 His
516 1937 897 2012 rebus'gestis,
952 1934 1314 1990 Manastirum
1372 1937 1645 2009 Bajazites
1687 1940 1870 2004 rediit,
1914 1956 1978 1997 ac

381 2029 575 2083 diehus
605 2027 812 2097 aliquot
836 2027 909 2081 ibi
939 2026 1209 2082 substitit.
1249 2027 1546 2084 Manastiro
1569 2046 1692 2086 cum
1723 2031 1979 2087 discede-

383 2129 488 2187 ret,
519 2121 740 2175 obvium
779 2121 972 2176 habuit
1007 2122 1058 2174 in
1090 2121 1285 2178 itinere
1335 2119 1642 2178 Dervisium
1681 2125 1972 2194 quemdam

383 2203 703 2278 Turcicum,
730 2214 983 2283 gepeneci
1016 2207 1213 2270 lacinia
1269 2223 1492 2272 tectum.
1532 2217 1578 2272 Is
1625 2227 1680 2272 et
1724 2219 1973 2285 auribus,

385 2313 440 2358 et
483 2302 647 2369 collo,
674 2314 726 2357 et
762 2305 1004 2360 brachiis
1041 2323 1315 2376 appensos
1364 2311 1599 2367 annulos
1651 2311 1857 2368 ferreos
1885 2326 1978 2383 ge'

388 2397 590 2458 stabat.
621 2409 671 2453 et
706 2397 919 2454 illorum
951 2413 1156 2457 sectam
1194 2405 1573 2474 profitebatur,
1613 2423 1750 2477 quos
1777 2409 1972 2463 Calen-

384 2488 542 2547 deres
568 2491 726 2548 Turci
759 2504 978 2554 vocam.
1005 2492 1106 2550 Ubi
1140 2498 1365 2566 propius
1400 2500 1463 2552 ad
1499 2500 1775 2556 sultanmn
1819 2501 1976 2569 Baja-

397 2583 558 2636 z‘item
657 2586 1004 2651 accessisset,
1075 2591 1354 2644 acinacem
1434 2607 1710 2662 gepeneco
1771 2603 1971 2648 lectum

391 2675 637 2742 strinxit,
664 2677 841 2746 ipsum
878 2677 1170 2748 Bajazitem
1210 2683 1523 2740 invasurus.
1558 2684 1692 2738 Cum
1733 2685 1973 2740 limile-

380 2779 482 2822 res.
531 2767 752 2836 quidam
787 2783 817 2822 e
846 2771 1060 2825 Zausiis
1089 2771 1165 2825 illi
1208 2772 1274 2826 de
1297 2772 1382 2827 via
1424 2775 1696 2862 cederent,
1737 2776 1970 2830 liberum

376 2861 490 2931 jam
561 2861 769 2916 scilicet
826 2862 892 2916 ad
928 2861 1223 2932 Bajazitem
1280 2865 1516 2921 habebat
1578 2861 1808 2924 aditum.
1865 2868 1969 2923 Sed

381 2951 673 3006 lschender
707 2952 888 3016 bassa,
926 2956 1020 3023 qui
1066 2971 1308 3024 praesens
1355 2958 1566 3025 aderat,
1593 2974 1657 3014 ea
1688 2960 1738 3013 vi
1779 2962 1970 3029 pusdi-

381 3059 585 3112 ganum
616 3043 668 3097 iu
702 3045 984 3100 hominem
1039 3050 1331 3115 contorsit,
1373 3059 1432 3104 ut
1466 3052 1618 3106 humi
1651 3053 1968 3121 prolabere-

378 3143 489 3189 tur.
535 3134 664 3190 lnde
693 3147 1029 3205 prostratum
1085 3140 1324 3210 aggressi
1385 3143 1636 3211 quidam,
1694 3144 1746 3196 in
1794 3143 1964 3198 frusta

2081 1934 2582 2002 advesperasceret,
2617 1932 3096 1988 vehementissima
3134 1931 3323 1985 urbem
3382 1944 3666 2000 Oppugna-

2082 2026 2227 2080 tiouc
2263 2025 2438 2080 adorti
2478 2031 2742 2094 ceperunt
2777 2041 2792 2078 :
2829 2037 3133 2090 omnesque
3167 2030 3663 2090 mares,quotquot

2079 2120 2450 2181 adoleverant,
2483 2117 2822 2181 occiderunt,
2855 2116 3173 2171 mulieribus
3221 2123 3274 2168 et
3327 2115 3512 2182 pueris
3569 2129 3664 2167 ra-

2081 2212 2208 2279 ptis.
2240 2210 2351 2265 lloc
2371 2209 2534 2265 modo
2561 2210 2777 2265 redacta
2800 2209 2852 2262 in
2879 2217 3200 2278 potestatem
3227 2205 3506 2270 Methone,
3538 2221 3662 2274 pre-

2079 2317 2170 2355 ces
2202 2316 2231 2354 a
2265 2299 2458 2354 Turcis
2490 2300 2542 2354 in
2565 2315 2626 2354 ea
2660 2298 2814 2354 fuere
2844 2303 3143 2368 conceptae,
3165 2313 3282 2367 qua:
3313 2297 3401 2351 die
3431 2281 3660 2350 Veneris

2083 2393 2274 2448 haberi
2337 2392 2531 2448 solent.
2574 2391 2702 2448 lnde
2728 2391 2999 2462 Bajazites
3032 2391 3285 2446 Coronen
3321 2389 3508 2458 cepias
3553 2387 3660 2442 du-

2081 2487 2182 2550 xit,
2227 2495 2286 2540 ut
2319 2485 2467 2538 illam
2499 2499 2719 2554 quoque
2747 2482 3026 2538 civitatem
3056 2482 3358 2542 obsideret,
3396 2488 3450 2534 et
3497 2492 3663 2533 occu-

2078 2590 2252 2649 paret.
2291 2577 2398 2634 Sed
2422 2579 2599 2650 prima
2631 2578 2816 2633 statim
2859 2583 3044 2638 nocte.
3079 2581 3370 2644 postquam
3408 2570 3663 2627 Methone

2075 2677 2423 2737 discesserat,
2493 2679 2763 2726 venerunt
2809 2671 2863 2724 in
2936 2676 3119 2723 castra
3181 2654 3438 2736 Bajazilis
3483 2662 3661 2720 Coro-

2077 2781 2330 2820 nenses:
2394 2764 2704 2832 oblatisque
2772 2761 3017 2816 clavibus
3082 2759 3255 2823 urbis,
3321 2756 3658 2814 deditionem

2078 2859 2349 2921 fecerunt,
2383 2872 2529 2912 anno
2551 2856 2655 2913 906
2685 2856 2841 2928 (Chr.
2873 2854 3053 2925 1500).

2149 2953 2282 3007 Dum
2315 2953 2396 3007 his
2421 2952 2649 3006 urbibus
2677 2950 3056 3020 expugnandis
3085 2948 3332 3005 intentus
3384 2960 3530 3005 esset
3558 2949 3663 3002 Ba-

2070 3045 2288 3116 jazites,
2312 3043 2502 3099 Veneti
2529 3044 2750 3098 auxiliis
2792 3041 3159 3109 Hispanorum
3188 3043 3514 3112 impetratis,
3540 3057 3658 3095 ma-

2075 3152 2177 3204 gna
2221 3137 2394 3192 elasse
2417 3134 2709 3207 Mitylenen
2732 3138 2972 3206 aggressi
3004 3136 3230 3201 sunt,'et
3254 3143 3654 3189 tormentorum

377 3195 783 3283 dissecueruht.
806 3227 1051 3284 Tandem
1072 3195 1342 3300 Ba'j‘azites
1366 3195 1815 3304 lfadriandpolim
1841 3252 1965 3306 pcr-
1997 3195 2040 3254 θ’
2075 3195 2396 3282 bellicorum
2429 3195 2710 3290 vi,inuros
2728 3195 2911 3296 oppidi
2942 3226 3010 3281 ad
3027 3226 3354 3296 quingentas
3379 3227 3536 3282 ulnas
3565 3242 3663 3284 us-

380 3319 548 3374 venit.
605 3323 932 3378 Aceiderunt
976 3323 1090 3378 luec
1144 3341 1289 3380 anno
1329 3327 1434 3382 898
1489 3317 1640 3398 (Chr.
1679 3329 1857 3399 1495).

457 3409 686 3476 Quidam
730 3411 784 3468 id
824 3419 1084 3487 temporis
1124 3419 1436 3484 eunuchus,
1462 3422 1547 3473 cui
1576 3437 1772 3477 nomen
1800 3421 1968 3477 Jacu-

389 3518 486 3572 pes
520 3504 653 3574 Aga,
691 3511 1124 3564 commendatam
1152 3511 1272 3565 lidei
1303 3528 1416 3565 sua:
1451 3510 1806 3567 llozinensem
1843 3531 1970 3584 pro-

388 3595 628 3650 vinciam
684 3600 1118 3658 administrabat.
1160 3605 1260 3658 Hic
1299 3605 1482 3660 missis
1532 3606 1657 3660 hinc
1702 3607 1825 3661 in-le
1875 3624 1970 3676 per

389 3684 713 3742 Romaniam
749 3695 1117 3760 praaconibus,
1144 3697 1474 3767 proclamari
1501 3698 1668 3763 jussit
1701 3718 1714 3752 :
1760 3701 1892 3753 velle
1913 3716 1971 3755 se

381 3793 514 3834 cum
545 3781 730 3836 suisin
773 3781 1065 3854 ngariam
1106 3788 1334 3842 irruere.
1386 3789 1442 3842 Si
1487 3789 1576 3843 cui
1620 3805 1804 3844 serum
1848 3807 1972 3860 pro-

380 3869 555 3923 ﬁcisci
580 3871 808 3937 luberet,
846 3885 906 3928 ut
954 3875 1041 3926 illa
1097 3878 1458 3946 impressione
1513 3894 1625 3932 rem
1669 3879 1888 3943 faceret,
1929 3880 1972 3932 is

382 3961 460 4014 uti
485 3966 891 4032 quamprimum
919 3965 983 4018 ad
1013 3983 1069 4019 se
1097 3970 1328 4022 Veniret.
1367 3966 1480 4022 Hoc
1516 3959 1793 4024 intellecto
1827 3985 1962 4038 prae-

384 4054 568 4118 eunio,
611 4053 978 4109 Acanziorum
1031 4057 1242 4126 aliquot
1287 4059 1454 4112 millia
1514 4076 1572 4115 se
1603 4075 1726 4113 cum
1771 4059 1974 4130 laettpe

384 4146 787 4217 conjunxerunt
825 4165 838 4200 :
882 4149 974 4217 qui
1027 4150 1192 4203 tantis
1215 4160 1409 4204 auctus
1439 4153 1634 4222 capiis,
1665 4151 1973 4223 Ungariam

385 4237 604 4291 invasit.
631 4237 720 4293 Eis
745 4240 987 4294 occurrit
1021 4235 1327 4311 Ungaricus
1351 4242 1562 4308 Banus,
1582 4260 1704 4299 cum
1733 4246 1974 4314 quadra-

383 4329 532 4397 ginta
564 4331 806 4386 millibus
842 4331 1148 4396 hominum,
1187 4351 1494 4406 magnaque
1526 4337 1576 4390 vi
1624 4327 1820 4392 Turcis
1880 4339 1974 4392 ob-

386 4422 548 4476 stitit.
608 4421 853 4477 Tandem
899 4423 1000 4493 ipsi
1036 4425 1424 4482 dissentientes
1473 4429 1614 4482 inter
1645 4445 1704 4485 se
1745 4431 1974 4500 Ungari,

2077 3337 2183 3392 que
2212 3328 2647 3389 prostraverunt.
2695 3318 3083 3389 Mitylenenses
3136 3319 3206 3373 ab
3255 3318 3504 3375 hostibus
3555 3321 3660 3376 ob-

2077 3414 2238 3477 sessi,
2268 3412 2802 3482 ConStanlinopulim
2837 3413 3061 3476 misere,
3099 3414 3195 3483 qui
3255 3428 3414 3481 opem
3470 3430 3661 3480 posce-

2078 3514 2220 3558 rent.
2255 3504 2444 3572 Itaque
2481 3504 2724 3558 collectis
2755 3505 2939 3558 subito
2974 3505 3281 3559 classiariis
3327 3507 3527 3572 copiis,
3575 3506 3666 3558 in-

2075 3596 2249 3665 signis
2279 3595 2555 3649 exercitus
2602 3595 2810 3649 navalis
2857 3597 3158 3650 instructus
3203 3595 3326 3652 fuit.
3374 3595 3658 3665 Nunquau

2077 3697 2204 3739 ante
2239 3689 2339 3740 hoc
2375 3697 2588 3755 tempus
2613 3687 3234 3756 Constantinopolitani,
3259 3688 3342 3742 vel
3373 3690 3660 3757 pecunias.

2077 3779 2158 3832 vel
2189 3778 2409 3842 milites,
2437 3779 2517 3831 vel
2559 3779 2872 3833 classiarios
2912 3777 3164 3832 conferre
3209 3780 3381 3834 coacti
3421 3778 3658 3833 fuerant.

2080 3871 2182 3926 Sed
2202 3871 2464 3940 dungravi
2494 3879 2622 3924 tunc
2650 3879 2875 3939 urgente
2892 3871 3244 3936 necessitate,
3265 3887 3370 3925 non
3393 3872 3661 3928 hiecdulz-

2079 3972 2223 4017 taxat
2253 3965 2320 4016 ab
2349 3964 2430 4017 eis
2466 3971 2656 4016 exacta
2697 3962 2869 4026 fuere,

2082 4065 2254 4124 ptum,
2291 4065 2348 4108 ut
2387 4055 2644 4124 deinceps
2674 4071 2915 4125 quoque,
2969 4055 3132 4110 rebus
3165 4056 3236 4110 ita
3276 4059 3651 4125 poscentibus.

2080 4154 2270 4208 eadem
2300 4154 2367 4205 ah
2420 4153 2553 4221 ipsis
2590 4161 2937 4221 praestentur.
2970 4153 3109 4206 Ante
3147 4168 3309 4222 quam
3349 4154 3539 4208 classis
3569 4155 3657 4209 illa

2079 4245 2561 4312 Constantinopoli
2635 4244 2918 4314 profecta,
2979 4243 3270 4314 Mitylenen
3324 4249 3662 4316 appulisset.

2076 4335 2188 4405 jam
2221 4334 2516 4390 Christiani
2547 4335 2725 4390 decies
2755 4343 2809 4389 et
2833 4336 3003 4390 octies
3035 4337 3294 4404 oppidum
3317 4339 3516 4403 adorti,
3553 4354 3661 4395 non

2081 4437 2265 4482 tamen
2319 4444 2632 4498 expugnare
2677 4438 2990 4498 potuerant.
3031 4428 3219 4497 Itaque
3270 4446 3394 4484 cum
3446 4433 3662 4486 intelle-

389 4525 537 4583 terga
587 4515 908 4571 dederunt:
969 4529 1272 4587 captusque
1334 4518 1633 4575 Direnziles
1688 4522 1866 4578 Banus
1912 4537 1975 4576 ac
2011 4519 2292 4589 Dxisseut
2343 4516 2566 4583 Veneti,
2619 4519 2807 4573 venire
2865 4520 3338 4587 Constantinopoli
3389 4521 3551 4575 talem
3599 4536 3666 4576 ac

386 4601 624 4656 vinculis
649 4604 1004 4672 constrictus,
1037 4609 1101 4660 ad
1132 4607 1406 4661 sultanqu
1433 4607 1732 4678 Bajazitem
1767 4613 1968 4667 missus

385 4694 510 4750 fuit.
549 4695 599 4749 ls
646 4699 721 4750 rei
760 4706 866 4750 lam
904 4699 1043 4751 bene
1088 4708 1253 4766 gestae
1285 4701 1476 4753 nuntio
1535 4704 1763 4754 multum
1819 4703 1973 4756 exhi-

384 4788 615 4850 laratus,
641 4789 706 4842 ad
752 4798 965 4858 tempus
993 4790 1212 4860 aliquod
1243 4791 1715 4862 Constantinopoli
1739 4795 1970 4862 quievit.

388 4879 700 4934 Evenerunt
734 4891 915 4935 autem
948 4882 1062 4936 haec
1084 4898 1230 4936 anno
1259 4883 1362 4937 899
1392 4884 1542 4953 (Chr.
1574 4885 1762 4954 1494).

457 4972 821 5042 Posteaquam
864 4974 1150 5042 Bajazitcs,
1192 4991 1222 5030 a
1273 4978 1438 5030 rebus
1483 4979 1738 5048 gerendis
1800 4979 1973 5032 absti-

385 5066 589 5128 nendo,
617 5070 750 5121 satis
779 5067 868 5120 diu
898 5083 956 5123 se
988 5079 1294 5124 recreasset
1324 5089 1333 5120 :
1365 5071 1608 5125 Collectis
1659 5072 1857 5125 iterum
1887 5088 1976 5124 ro-

387 5159 520 5226 piis,
571 5155 806 5212 Moream
855 5161 1158 5228 ingressus.
1201 5161 1267 5214 ad
1316 5161 1644 5218 lnehechtim
1718 5167 1975 5229 accessit,

385 5251 554 5302 etiam
577 5249 752 5304 classe
772 5253 1066 5319 instructa,
1087 5269 1249 5323 quam
1277 5258 1468 5308 eodem
1492 5258 1767 5325 appellere
1791 5259 1978 5330 jussit.

389 5340 488 5395 llis
506 5359 629 5397 cum
652 5341 835 5398 Italica
867 5347 1066 5402 classis
1092 5347 1452 5414 occurrisset,
1475 5352 1776 5406 commisso
1797 5353 1978 5406 navali

388 5435 604 5501 praelia,
640 5437 857 5490 lamlem
894 5438 1012 5491 Itali
1052 5438 1282 5494 remisso
1305 5442 1577 5511 pugnandi
1615 5443 1832 5509 ardore,
1859 5445 1980 5500 dis-

390 5537 698 5582 cesserunt.
755 5529 942 5600 Itaque
978 5531 1226 5586 videntes
1259 5532 1588 5598 lnebechtii,
1619 5549 1677 5590 se
1702 5545 1848 5590 terra
1880 5553 1978 5606 pa-

399 5616 550 5678 riter,
592 5633 642 5674 et
669 5625 807 5678 mari
860 5625 1136 5691 obsessos,
1175 5625 1498 5696 aliquandiu
1528 5627 1748 5697 quidem
1785 5643 1844 5684 se
1883 5629 1983 5683 de-

397 5709 618 5762 fendere
646 5716 856 5772 fortiter
895 5735 908 5770 :
956 5719 1049 5771 sed
1107 5719 1514 5785 animadverso,
1561 5720 1696 5773 nihil
1747 5721 1981 5790 amplius

399 5802 518 5864 opis
548 5820 608 5857 ac
659 5809 896 5870 praesidii
963 5811 1066 5864 sibi
1099 5811 1390 5874 reliquum,
1430 5812 1758 5872 primatibus
1789 5815 1970 5873 egredi

2079 4620 2284 4665 tantam
2316 4620 2503 4664 contra
2551 4625 2610 4664 se
2661 4612 2891 4666 classem
2943 4626 2959 4664 :
3027 4625 3190 4665 naves
3241 4626 3372 4665 suas
3406 4613 3659 4680 illgreSsi,

2079 4704 2406 4756 discessere.
2438 4699 3030 4769 Constantinopolitani
3060 4713 3192 4752 vero
3236 4697 3524 4769 Mitylenen
3568 4701 3664 4756 de-

2082 4797 2196 4859 lati,
2225 4810 2413 4848 muros
2455 4797 2521 4846 ah
2563 4796 2722 4848 hoste
2771 4794 2983 4847 dirutos
3021 4792 3353 4858 refecerunt,
3391 4801 3556 4862 atque
3588 4795 3658 4847 ita

2080 4888 2303 4940 donmm
2363 4887 2564 4939 reversi
2626 4893 2775 4940 sunt.
2828 4883 2910 4938 Ad
2956 4891 3258 4937 extremum
3308 4898 3374 4937 eo
3431 4885 3661 4939 redactze

2081 4980 2306 5034 fuerunt
2371 4977 2700 5032 Venetorum
2762 4991 2890 5040 res,
2945 4974 3022 5029 uti
3063 4974 3381 5035 muneribus
3425 4975 3666 5029 delenito

2086 5072 2287 5127 suhani
2340 5069 2594 5140 Bajazills
2625 5070 2832 5134 animo,
2875 5083 3065 5138 pacem
3103 5083 3228 5123 cum
3278 5083 3346 5123 eo
3404 5066 3664 5128 facerent,

2082 5175 2228 5213 anno
2285 5159 2388 5214 907
2420 5158 2574 5227 (Chr.
2603 5158 2784 5220 1501).

2161 5253 2434 5323 Bajazites
2465 5269 2496 5307 e
2538 5252 2722 5307 Morca
2757 5253 3296 5325 Constantinopolim
3359 5256 3661 5324 profectus.

2086 5349 2157 5401 ita
2208 5358 2380 5401 tolmn
2417 5361 2476 5400 se
2499 5346 2650 5400 dedit
2701 5347 2859 5410 Otio,
2894 5345 3147 5415 pluribus
3201 5355 3259 5400 ut
3286 5348 3446 5401 annis
3496 5363 3662 5414 espe-

2087 5440 2347 5496 ditionem
2376 5439 2535 5508 plane
2562 5438 2768 5492 nullam
2806 5439 3132 5508 susciperet.

2157 5538 2315 5586 Anno
2359 5529 2637 5599 915(Chr.
2660 5527 2820 5599 1509)
2839 5530 2971 5584 hora
2994 5529 3234 5585 secunda
3272 5532 3450 5583 noctis
3483 5530 3669 5598 Clljlls-

2088 5624 2238 5687 dam,
2269 5622 2458 5676 martis
2484 5621 2625 5675 diem
2650 5635 2878 5688 secutae,
2900 5630 3044 5676 terra
3072 5621 3547 5690 Constantinopoli
3574 5639 3671 5676 “\-

2089 5734 2194 5788 que
2214 5721 2348 5772 adeo
2381 5719 2586 5770 moveri
2623 5717 2788 5785 cepit,
2832 5724 2891 5770 ut
2916 5726 3094 5770 turres
3114 5715 3320 5784 aliquot
3345 5715 3668 5786 templorum

2091 5814 2451 5866 ’l'urcicorum
2529 5819 2876 5876 corruerent,
2929 5810 3288 5880 ipsorumque
3345 5808 3670 5879 templorum

2935 3977 3120 4018 verum
3165 3964 3327 4019 etiam
3357 3981 3456 4020 usu
3507 3982 3657 4020 rcce-
3746 3997 3748 3999 >
