4126 6442
496 383 601 450 5‘23

1755 361 2109 428 ANNALES
2148 357 2476 426 TURCICI.
2501 411 2512 415 -

3647 356 3763 420 δεξι
3837 357 3840 360 ’

498 489 810 548 testudines
838 486 1033 558 partim
1074 485 1242 537 rimas
1275 490 1524 550 agerent,
1551 479 1750 546 partim
1783 479 1935 532 humi
1958 478 2078 532 col-
2109 497 2153 552 Α
2183 475 2486 530 Anatoliam
2522 474 2677 544 petiit
2708 491 2723 536 ;
2759 484 2812 530 et
2842 474 3226 547 beglerbegum
3257 474 3544 542 Anatolius,
3585 475 3762 532 Cara-

498 581 839 638 laberentur.
863 576 1248 632 Ediliciorum
1284 586 1416 627 vero
1467 572 1811 642 privatorum
1875 567 2072 622 camini

501 673 620 728 sive
651 669 978 726 iul‘umibula
1037 666 1247 736 dejecta
1281 672 1428 728 sunt,
1497 670 1552 715 et
1581 660 1819 732 parietes
1871 660 2071 730 partim

500 763 858 833 tissi,partim
896 758 1179 828 prostrati.
1215 755 1403 810 Pinnte
1457 768 1740 808 murorum
1786 753 1936 808 urbis
2005 751 2072 806 ad

499 870 701 914 terram
733 855 1170 927 prarcipitarunt,
1192 851 1419 921 ipsaque
1444 847 1647 903 moenia
1670 862 1793 902 cum
1828 846 2069 900 turribus

501 953 618 1008 suis
645 949 1031 1006 conciderunt.
1070 943 1330 999 Pluribus
1359 943 1595 1011 denique
1619 938 1890 1008 magnifici
1945 953 2076 1007 ope-

498 1046 578 1100 ris
602 1042 846 1097 tediliciis
873 1053 1050 1108 usque
1073 1035 1142 1090 ad
1203 1034 1559 1090 fundamenta
1600 1029 1829 1094 eversis,
1876 1037 2073 1096 magna

421 1193 427 1198 _
501 1137 781 1191 hominum
817 1131 1112 1187 multitudo
1144 1128 1248 1184 sub
1283 1127 1418 1198 ipsis
1440 1124 1708 1181 exstincta
1741 1123 1842 1178 fuit
1863 1121 2071 1176 ruderi-

497 1232 621 1285 bus.
649 1228 770 1295 Quo
790 1240 849 1282 se
872 1223 1175 1288 conferret,
1211 1227 1370 1275 norat
1394 1234 1575 1273 nemo.
1639 1218 1801 1275 Plebs
1858 1216 2070 1270 urbana

498 1323 615 1378 suis
678 1335 743 1375 ex
809 1317 1019 1372 agilibus
1083 1313 1369 1382 migrans,
1436 1310 1633 1380 partim
1701 1309 1753 1362 in
1817 1308 2071 1375 plateas.

501 1416 700 1487 partim
771 1413 827 1466 in
885 1424 1045 1465 areas
1097 1405 1321 1469 aedium,
1373 1403 1569 1473 partim
1632 1403 1685 1455 in
1754 1403 1944 1456 hortos
2020 1415 2078 1454 se

508 1505 806 1576 recipiebat
857 1518 871 1555 :
925 1517 993 1556 ne
1045 1499 1257 1556 scilicet
1318 1513 1347 1550 a
1407 1493 1793 1550 cor-ruentibus
1833 1492 2078 1548 aediﬁciis

509 1599 970 1671 opprimerentur.
1015 1593 1230 1663 Quippe
1287 1601 1455 1647 totam
1504 1589 1650 1643 illam
1691 1598 1906 1642 noctem
1962 1585 2078 1654 pri-

507 1705 653 1745 mam
703 1697 849 1742 terra
889 1694 1125 1741 tremere
1166 1697 1274 1738 non
1318 1680 1496 1736 desiit.
1521 1677 1772 1748 Cumque
1821 1689 2076 1731 somnum

504 1781 683 1838 oculis
709 1794 872 1834 nemo
917 1777 1129 1832 videret
1181 1775 1339 1841 suis,
1395 1787 1586 1828 omnes
1620 1812 1636 1838 ,
1694 1779 1747 1825 et
1812 1767 2076 1832 numinis,

508 1885 562 1930 et
609 1871 939 1928 Mahumetis
998 1884 1154 1940 opem
1184 1869 1326 1924 votis
1388 1865 1629 1920 assiduis
1691 1861 2075 1932 implorabant.
2111 1841 2152 1895 Β

507 1965 693 2022 Terra:
730 1974 910 2019 motus
938 1963 1024 2017 hic
1055 1962 1292 2031 denique
1385 1956 1667 2013 continuis
1716 1953 2078 2025 quadraginta

507 2059 703 2114 diebus
735 2057 787 2111 in
819 2057 982 2110 horas
1001 2047 1246 2124 singulas
1290 2051 1479 2108 sentiri
1513 2047 1710 2114 potuit.
1735 2050 1871 2101 (lum
1895 2054 2079 2099 autem

509 2157 831 2222 remisisset,
866 2151 1138 2218 expeditis
1169 2146 1439 2218 Bajazites
1471 2161 1568 2216 per
1595 2143 1906 2200 universam
1937 2140 2081 2195 Ana-

503 2247 692 2303 toliam
727 2242 1160 2311 Romaniamque
1206 2236 1478 2292 mandatis
1526 2235 1642 2290 suis
1671 2274 1685 2299 ,
1723 2234 1800 2286 uti
1851 2231 2079 2285 sarcbo-

504 2354 617 2405 res,
660 2338 766 2392 hoc
792 2345 896 2399 est,
927 2329 1252 2389 mercenarii
1281 2340 1333 2383 et
1358 2327 1582 2397 cpitices
1611 2324 2079 2391 Constantinopo-

504 2431 600 2486 lim
638 2427 1012 2488 mitterentur,
1074 2420 1267 2477 edixit.
1313 2417 1712 2474 Conﬂuxerunt
1754 2414 1820 2469 ad
1886 2414 2079 2468 urbem

504 2522 812 2584 fabrorum,
841 2525 950 2570 tam
972 2511 1472 2574 casmentariorum,
1511 2523 1675 2579 quam
1698 2505 2080 2575 lignariorum,

505 2610 878 2680 opiﬁcumque
921 2601 1386 2658 mercenariormn
1436 2599 1503 2653 ad
1535 2596 1815 2666 octoginta
1867 2593 2082 2648 millia:

506 2701 708 2770 quibus
737 2698 790 2752 id
825 2697 1010 2750 datum
1051 2693 1282 2762 negotii,
1312 2699 1372 2745 ut
1401 2698 1629 2756 accepta
1660 2683 1936 2745 mercede,
1971 2683 2084 2736 col-

508 2797 662 2864 lapsa
723 2790 880 2848 urbis
930 2786 1160 2842 aedilicia
1213 2783 1496 2838 reticerem
1538 2795 1602 2835 ac
1689 2779 2082 2848 instaurarent.

515 2885 815 2944 Praefectus
850 2898 879 2936 a
905 2879 1146 2950 Bajazite
1201 2877 1304 2933 fuit
1334 2874 1602 2948 operariis
1654 2873 1806 2927 hisce
1850 2865 2088 2924 Jonuzes

512 2995 635 3052 aga,
691 2963 1068 3048 ge‘nizarorum
1123 2972 1422 3027 tribunus:
1461 2969 1554 3036 qui
1596 2975 1650 3021 et
1689 2965 1986 3034 inspector,
2034 2967 2089 3013 et

510 3081 733 3129 θηρίον
765 3083 1078 3140 operarum.
1101 3077 1314 3120 summa
1333 3077 1457 3117 cum
1511 3068 1798 3128 potestate,
1822 3071 1936 3112 Silis
1960 3070 2085 3110 cum

2180 584 2368 638 gosam
2397 567 2614 624 bassam
2679 570 2906 628 adortus
2932 580 3035 628 est.
3059 571 3311 628 Occurrit
3347 571 3556 628 homini
3592 571 3763 626 Cara-

2176 676 2306 732 gosa
2336 677 2460 718 cum
2479 664 2723 719 exercitu
2754 663 3044 729 Anatoliae,
3068 667 3359 737 statimque
3383 664 3519 721 inito
3546 665 3762 736 praelia.

2177 756 2423 812 seditiosi
2447 756 2619 819 victos
2636 772 2694 812 se
2713 758 2994 822 simulare,
3023 773 3088 813 ac
3106 759 3296 829 pedem
3313 759 3558 814 nonnihil
3584 758 3763 814 rel'er-

2176 862 2258 903 re.
2278 846 2416 901 Tum
2443 863 2572 902 vero
2593 847 2758 904 Turci
2783 851 3016 906 desertis
3041 851 3328 906 ordinibus
3357 852 3493 915 suis,
3521 850 3764 904 hostium

2184 938 2578 1008 impedimenta
2613 939 2848 1010 diripere
2877 950 3161 1010 ceperunt.
3184 938 3496 996 Perduelles
3519 953 3670 1000 vero.
3704 937 3761 992 in

2178 1038 2424 1100 tempore
2444 1033 2728 1087 conversis
2773 1032 3026 1098 habenis,
3059 1032 3348 1103 Caragosa:
3381 1033 3568 1103 ropias
3616 1031 3758 1086 ceci-

2177 1121 2378 1176 derunt
2406 1136 2419 1172 :
2447 1122 2734 1191 ipsumque
2782 1133 2995 1194 raptum
3026 1125 3092 1178 ad
3117 1123 3459 1190 metmpolim
3489 1123 3760 1178 Anatoliat

2177 1213 2440 1284 Cutaigen
2482 1215 2848 1281 adduxerunt,
2887 1226 2941 1271 et
2978 1217 3240 1288 Oppidum
3264 1218 3367 1272 sibi
3391 1217 3515 1273 dedi
3560 1223 3746 1286 postu-

2177 1305 2380 1361 larunt.
2413 1304 2466 1359 id
2487 1320 2609 1360 cum
2641 1309 2710 1362 ab
2734 1309 3020 1379 Oppidanis
3053 1310 3347 1380 impetrare
3377 1324 3483 1363 non
3510 1314 3751 1378 possent,

2180 1400 2233 1453 in
2251 1415 2440 1454 eorum
2464 1412 2760 1471 conspectu
2791 1400 3122 1473 Caragosam
3156 1403 3372 1458 bassam
3406 1401 3589 1456 vivum
3627 1397 3750 1470 palo

2180 1493 2529 1548 transﬁxere.
2554 1493 2866 1549 Secundum
2901 1496 3014 1548 haec
3061 1493 3338 1565 proiectus
3367 1492 3608 1548 Manissa
3636 1507 3757 1546 eum

2183 1583 2466 1656 Sangiacis
2517 1588 2848 1656 quibusdam
2897 1588 3154 1642 snltanus
3209 1587 3498 1648 Corcutes.
3561 1583 3758 1640 sultani

2181 1673 2440 1746 Bajazitis
2475 1678 2639 1745 liiins,
2695 1680 2879 1749 copias
2906 1679 2959 1733 in
3016 1678 3308 1734 seditiosos
3365 1677 3532 1732 hosce
3585 1677 3760 1731 duxit.

2183 1768 2384 1822 Verum
2417 1784 2594 1827 cmsus
2622 1779 2675 1826 et
2697 1771 2808 1841 ipse
2841 1786 2962 1826 cum
2998 1770 3135 1836 suis,
3169 1770 3257 1825 vix
3291 1769 3417 1836 iuga
3450 1769 3608 1823 saluti
3634 1784 3761 1822 cnn-

2181 1861 2374 1915 suluit.
2401 1861 2613 1917 Hincin
2646 1865 2760 1918 dics
2793 1864 2968 1920 auctis
2995 1864 3228 1929 viribus,
3264 1863 3573 1918 Anatoliam
3633 1860 3760 1916 Sea-

2182 1953 2429 2010 cboculis
2458 1957 2772 2012 universam
2829 1972 3010 2028 agere,
3079 1957 3240 2020 ferre,
3297 1957 3576 2025 multaque
3619 1955 3759 2009 frtla

2181 2049 2544 2103 committere.
2581 2046 2710 2104 Post
2738 2050 2901 2104 etiam
2943 2065 3265 2122 progressus
3301 2050 3555 2114 ulterius,
3607 2047 3764 2102 Aidi-

2182 2155 2403 2196 nensem
2441 2140 2702 2196 ditionem
2758 2142 2974 2198 invasit.
3010 2142 3273 2198 Corcutes
3309 2139 3457 2208 fuga,
3494 2156 3594 2196 ceu
3649 2140 3782 2194 αῖς..

2183 2239 2294 2285 tum
2319 2239 2424 2298 est,
2451 2230 2696 2301 elapsus,
2743 2248 2960 2287 summa
2991 2231 3269 2288 celeritate
3293 2231 3434 2286 datis
3460 2230 3525 2284 ad
3547 2240 3754 2301 patrem

2181 2322 2397 2390 litteris,
2430 2337 2554 2378 eum
2581 2324 2647 2378 de
2684 2338 2743 2378 re
2760 2332 2869 2378 tota
2909 2325 3195 2379 certiorem
3216 2321 3647 2393 fecit.Bajazites
3663 2335 3761 2376 ex-

2183 2418 2520 2472 candescens
2545 2417 2811 2472 adversus
2835 2415 3047 2471 vezires
3075 2429 3226 2480 suos,
3257 2429 3318 2469 ac
3339 2415 3641 2484 prasertim
3665 2416 3764 2466 ad-

2185 2525 2380 2564 versus
2409 2509 2550 2561 Alim
2575 2508 2812 2572 bassam,
2852 2517 2907 2563 et
2939 2506 3096 2563 ducis
3147 2492 3339 2570 tilium,
3367 2506 3511 2576 quod
3545 2504 3678 2560 nihil
3700 2506 3763 2559 de

2185 2601 2288 2655 hoc
2311 2610 2461 2654 motu
2483 2599 2584 2652 sibi
2611 2597 3014 2667 signiﬁcassent
3042 2616 3054 2652 :
3082 2614 3204 2654 mox
3233 2598 3373 2652 Alim
3398 2599 3611 2653 bassam
3634 2612 3753 2652 cum

2186 2694 2424 2747 exercitu
2450 2692 2502 2745 in
2533 2691 2836 2746 Anatoliam
2855 2691 3146 2761 proﬁcisci,
3188 2707 3251 2747 ac
3285 2692 3593 2748 seditionem
3615 2693 3752 2744 hanc

2187 2799 2556 2855 compescere,
2581 2785 2979 2854 perduellionis
3039 2787 3359 2842 auctoribus
3394 2788 3585 2856 capitis
3633 2800 3755 2854 snp-

2188 2877 2351 2946 plicio
2373 2874 2639 2942 multatis,
2673 2875 2837 2945 jussit
2869 2893 2884 2942 ;
2913 2875 3058 2948 quod
3087 2877 3192 2932 nisi
3228 2877 3470 2942 fecisset,
3527 2878 3762 2948 impera-

2190 2976 2372 3022 turum
2407 2983 2466 3024 se
2487 2966 2734 3023 minatus
2763 2977 2868 3032 est,
2899 2977 2958 3024 ut
2990 2969 3129 3024 cutis
3151 2969 3200 3025 ei
3246 2980 3358 3025 toto
3385 2986 3619 3041 corpore
3676 2977 3768 3025 de-

2191 3060 2518 3115 traheretur.
2556 3059 2898 3131 Quapropter
2927 3061 3060 3126 Alis,
3091 3062 3332 3117 adhibita
3364 3063 3599 3117 maxima
3634 3063 3761 3117 dili-

510 3154 1374 3234 genizaris,esset.lnterimipse,
1393 3152 1593 3223 quietis
1608 3149 1883 3220 capiendae
1899 3163 2085 3214 causa,
2118 3179 2164 3240 α
2197 3153 2394 3222 gentia,
2424 3151 2481 3206 in
2511 3153 2818 3207 Anatoliam
2851 3167 2910 3208 se
2938 3153 3171 3209 contulit
3199 3172 3213 3210 :
3270 3170 3394 3209 cum
3427 3155 3693 3224 Bajazites
3721 3158 3773 3212 ei

512 3263 688 3312 semet
715 3247 1160 3319 Hadrianopolim
1183 3244 1432 3301 contulit.

582 3343 778 3398 Eratid
811 3339 1072 3410 temporis
1095 3339 1148 3392 in
1181 3335 1462 3407 provincia
1479 3326 1735 3388 Tekiensi
1765 3331 1843 3386 vir
1865 3331 2088 3401 quidam

510 3435 826 3507 primarius,
863 3433 950 3488 cui
987 3446 1185 3487 nomen
1217 3430 1496 3507 Cphasanes
1530 3426 1791 3484 Chelifes.
1822 3426 1873 3481 is
1920 3427 2087 3480 lilium

515 3527 775 3593 habebat,
807 3525 898 3594 qui
953 3522 1307 3578 Scachoculis
1344 3520 1652 3591 appellatus
1701 3518 1820 3582 fuit,
1883 3527 1935 3572 et
1963 3519 2090 3574 totis

511 3631 603 3672 sex
622 3617 708 3670 vel
723 3624 924 3685 septem
948 3613 1105 3668 annis
1124 3613 1194 3666 ita
1213 3611 1394 3677 latuit,
1417 3620 1476 3666 ut
1493 3625 1769 3680 nunquam
1793 3609 2088 3679 prodierit:

511 3723 619 3778 qua
649 3707 868 3776 quidem
900 3705 968 3761 de
1023 3718 1189 3759 causa
1223 3703 1327 3758 fuit
1359 3702 1579 3758 habitus
1607 3717 1705 3771 pro
1727 3703 1843 3756 viro
1875 3712 2088 3756 sancto.

511 3800 705 3855 Eidem
738 3798 1009 3869 Bajazites
1032 3796 1328 3866 quotannis
1361 3803 1566 3864 septem
1603 3809 1891 3864 asprorum
1927 3795 2088 3847 millia

511 3907 666 3949 suam
687 3891 742 3946 in
761 3891 1074 3960 speluncam
1105 3887 1317 3942 mittere
1342 3887 1571 3950 solebat,
1613 3903 1736 3940 cum
1787 3885 2084 3956 ignoraret,

511 3999 634 4037 eum
661 3991 716 4037 et
740 3989 902 4036 sectae
929 3979 1174 4045 alterius,
1221 3988 1275 4033 et
1309 3977 1541 4032 Kiselem
1573 3978 1788 4034 bassam
1818 3993 1960 4033 esse.
1993 3977 2089 4032 llic

510 4089 662 4144 ergo,
701 4089 812 4142 quo
841 4082 1083 4140 tempore
1115 4069 1586 4137 Constantinopoli
1609 4079 1829 4125 strenue
1873 4069 2090 4123 labora-

509 4167 670 4221 batur
697 4166 748 4218 in
784 4165 918 4218 urbe
951 4161 1273 4226 reﬁciunda,
1323 4163 1438 4217 suis
1497 4162 1605 4217 illis
1665 4177 1695 4218 e
1754 4163 1977 4217 latebris
2036 4171 2091 4218 et

513 4259 764 4314 cavernis
818 4256 1035 4310 tandem
1112 4253 1338 4325 prodiit,
1390 4263 1445 4308 et
1490 4255 1712 4324 adjutus
1744 4270 1907 4326 opera
1965 4273 2090 4310 suo-

516 4367 637 4406 rum
690 4349 1053 4419 quorumdam
1104 4348 1450 4418 complicum,
1507 4349 1594 4402 die
1653 4349 1887 4417 quodam
1960 4350 2092 4403 solis

515 4445 704 4498 urbem
741 4442 1111 4496 Antaliensem
1142 4441 1425 4511 ingressus
1445 4449 1530 4496 est
1560 4457 1574 4496 :
1609 4443 1754 4510 quod
1786 4457 1850 4496 eo
1875 4440 2089 4496 facilius

2197 3261 2304 3299 non
2339 3245 2587 3316 exiguam
2621 3256 2826 3315 partem
2867 3245 3028 3302 aulici
3049 3247 3131 3304 sui
3167 3249 3480 3316 comitatus,
3509 3259 3565 3305 et
3621 3251 3776 3320 geni-

2195 3353 2472 3405 zarorum,
2498 3339 2870 3408 adjunxissot:
2904 3341 3126 3411 filioque
3186 3350 3448 3411 praeterea
3483 3357 3607 3406 suo,
3663 3345 3779 3399 sul-

2193 3429 2619 3495 tano.Aehmeti,
2648 3433 2804 3501 cujus
2837 3433 3069 3488 Amasiaa
3115 3434 3273 3490 sedes
3301 3445 3402 3500 rat,
3435 3435 3777 3502 mandasset,

2195 3524 2397 3578 tit-suis
2423 3538 2546 3577 cum
2575 3524 2756 3592 cupiis
2783 3523 2866 3577 Ali
2900 3523 3076 3580 bassm
3105 3525 3307 3581 auxilio
3337 3526 3568 3582 veniret.
3627 3529 3778 3585 Acb-

2195 3623 2367 3670 metes
2410 3615 2630 3670 Antasia
2661 3614 2960 3685 prolectus,
2991 3620 3056 3672 ad
3087 3617 3226 3671 Alim
3255 3618 3468 3674 bassam
3492 3621 3729 3678 accessit
3761 3640 3778 3676 :

2194 3710 2286 3778 qni
2323 3724 2449 3763 mox
2486 3709 2631 3764 inter
2695 3725 2755 3764 se
2788 3711 3229 3779 congressi,dies
3253 3713 3457 3782 aliquot
3476 3713 3780 3771 reiiciundo

2196 3799 2353 3853 militi
2383 3799 2674 3865 dederunt,
2717 3799 2894 3867 deque
2921 3800 3060 3854 bello
3103 3803 3341 3872 gerendo
3366 3805 3775 3861 consultarunt.

2192 3888 2413 3947 interea
2478 3906 2606 3946 vero
2663 3907 2786 3946 cum
2840 3893 3012 3963 copiis
3067 3893 3121 3948 in
3177 3893 3557 3952 Caramaniam
3618 3899 3780 3954 irruit

2195 3981 2678 4047 Scachoculis,cui
2709 3981 3049 4039 Caramanite
3093 3985 3276 4051 bassa,
3323 4003 3484 4058 quem
3541 3989 3777 4045 Clieide-

2193 4091 2307 4131 rem
2341 4076 2558 4131 bassam
2587 4078 2873 4138 vocabant,
2900 4087 2952 4131 et
2978 4076 3277 4146 Sangiacus
3305 4080 3528 4148 quidam
3595 4083 3647 4135 in
3681 4098 3776 4136 ea-

2193 4165 2314 4220 dem
2348 4164 2654 4234 provincia,
2685 4165 2876 4220 Zindis
2921 4166 3174 4224 Kemaies
3214 4167 3409 4239 begus,
3434 4171 3647 4227 obviam
3685 4187 3779 4226 ve-

2197 4264 2442 4309 nerunt:
2501 4256 2809 4327 praelioque
2856 4257 3030 4311 Culitn
3089 4257 3288 4324 adorti,
3334 4275 3440 4314 non
3485 4261 3775 4318 inferiores

2197 4347 2360 4400 modo
2396 4346 2701 4402 discessere
2733 4364 2749 4403 :
2780 4363 2970 4403 verum
3024 4350 3185 4403 etiam
3215 4351 3452 4420 utrique,
3485 4370 3582 4422 pro
3603 4369 3776 4414 more.

2191 4448 2403 4491 resecta
2441 4437 2598 4494 fuere
2655 4440 2855 4509 capita.
2885 4441 3142 4497 Seditiosi
3207 4442 3408 4499 deinde
3453 4443 3776 4500 Caramania

512 4543 628 4590 tum
655 4535 768 4588 fieri
801 4534 994 4603 potuit,
1035 4535 1163 4603 quia
1189 4532 1538 4588 commodum
1571 4534 1623 4586 id
1667 4533 1928 4601 temporis
1977 4533 2086 4586 illic
2122 4521 2162 4576 ο
2197 4531 2403 4593 relicta,
2455 4547 2651 4586 versus
2689 4532 2973 4599 planitiem
3012 4533 3322 4590 Zibucciam
3350 4538 3732 4607 proiectisnnt
3764 4557 3777 4592 :

514 4629 907 4683 anniversaria:
951 4629 1208 4682 nundinae
1251 4628 1692 4684 celebrabantur.
1751 4626 1941 4696 itaque
1996 4641 2088 4680 ca-

517 4731 666 4788 ptam
700 4721 978 4775 civitatem
1012 4721 1262 4791 diripuit,
1293 4730 1346 4774 et
1376 4721 1602 4774 Cadium
1629 4720 1750 4789 ejus
1780 4721 1833 4773 in
1856 4729 2092 4790 quatuor

518 4810 693 4862 frusta
761 4809 1048 4873 dissecari,
1116 4823 1179 4862 ac
1230 4808 1344 4876 ipsa
1402 4807 1574 4860 frusta
1641 4807 1913 4861 distinctis
1961 4805 2093 4860 locis

518 4899 776 4969 suspendi
810 4899 1001 4968 jussit.
1060 4897 1194 4952 inde
1224 4897 1404 4953 missis
1434 4899 1486 4952 in
1547 4897 1861 4966 provincias
1911 4899 2093 4966 proxi-

521 5006 636 5045 mas
663 4991 989 5053 quibusdam
1023 5006 1138 5046 suae.
1155 5000 1337 5052 secta’,
1357 5005 1685 5057 suarumque
1711 4989 1947 5058 partium
2002 4989 2096 5042 ho-

520 5084 780 5147 rninibus,
815 5085 1134 5153 proelamari
1167 5085 1425 5154 praecepit
1485 5083 1773 5138 advenisse
1817 5083 1928 5152 jam
1961 5091 2096 5135 tem-

520 5196 642 5249 pus,
667 5177 802 5246 ipsis
825 5185 1215 5246 Opportunum,
1241 5179 1432 5231 saltem
1453 5176 1718 5244 correptis
1734 5175 1924 5238 armis,
1949 5173 2013 5227 ad
2041 5189 2098 5228 se

521 5275 896 5340 properarent.
938 5265 1216 5337 Quotquot
1247 5269 1412 5336 igitur
1444 5268 1587 5319 illam
1613 5274 1817 5319 sectam
1843 5265 2092 5332 amplec-

520 5363 795 5425 tebantur,
821 5368 876 5413 et
912 5357 1142 5412 antehac
1168 5373 1285 5411 eam
1313 5367 1524 5412 secreto
1558 5357 1824 5408 duntaxat
1852 5353 2095 5424 proﬁteri

519 5456 872 5521 cogebantur,
895 5454 958 5507 ad
979 5453 1122 5506 hunc
1140 5467 1204 5504 eo
1222 5465 1449 5504 nurnero
1469 5447 1878 5512 conﬂuxerunt,
1901 5457 1958 5500 ut
1978 5462 2101 5510 per-

521 5545 672 5599 brevi
709 5547 886 5615 spatio
915 5543 1203 5613 temporis.
1252 5543 1536 5596 hominum
1579 5545 1642 5592 ad
1687 5538 1876 5592 decem
1933 5538 2098 5592 millia

520 5651 703 5690 secum
734 5637 786 5691 in
816 5637 979 5708 336
1007 5638 1199 5690 castris
1225 5635 1467 5687 haberet.
1500 5631 1769 5685 Praeterea
1801 5631 2112 5699 complures

520 5725 812 5781 eTekiensi
842 5730 1117 5796 provincia
1139 5743 1259 5782 cum
1277 5727 1393 5792 ipso
1408 5742 1466 5780 se
1483 5725 1904 5792 conjunxerunt.
1927 5725 2115 5793 Itaque

526 5817 662 5873 tales
693 5832 757 5878 ac
779 5825 958 5872 tantas
978 5817 1085 5888 jam
1122 5825 1445 5876 consecutus
1470 5815 1672 5885 copias,
1692 5814 1871 5870 Antali
1907 5815 2114 5880 relicta,

2201 4627 2347 4693 quod
2380 4641 2502 4679 cum
2538 4626 2621 4678 Ali
2679 4626 2855 4682 bassae
2909 4627 3271 4698 signiﬁcatum
3308 4629 3523 4698 luisset,
3555 4647 3786 4702 magno—

2202 4731 2330 4785 pere
2360 4718 2707 4784 perlurbatus
2736 4719 2920 4772 animo
2977 4735 2989 4770 :
3017 4719 3300 4792 Quisquis,
3333 4723 3432 4789 ait,
3479 4739 3564 4779 me
3607 4735 3778 4784 amat.

2203 4808 2406 4876 absque
2436 4825 2588 4862 mora
2616 4812 2951 4865 conscendat
2978 4826 3203 4880 equum,
3234 4815 3555 4885 primusque
3573 4818 3783 4871 caeteris

2203 4897 2452 4963 exemplo
2491 4898 2741 4965 praebito,
2773 4899 3092 4952 conscendit
3146 4915 3346 4968 equum
3385 4917 3400 4955 :
3436 4910 3490 4954 et
3545 4901 3781 4955 vereda-

2207 4985 2410 5038 riorum
2446 4986 2499 5037 in
2534 5001 2741 5038 morem
2764 4985 3025 5040 festinato
3077 4986 3292 5046 itinere.
3350 4987 3660 5053 perduelles
3718 4985 3776 5039 in

2204 5091 2397 5146 campo
2471 5075 2736 5131 Zibnccio
2777 5079 2994 5131 tandem
3055 5088 3341 5132 assecutus
3382 5088 3485 5133 est.
3543 5077 3783 5134 Sracho-

2208 5170 2347 5223 culis
2379 5179 2583 5232 autem,
2605 5168 3023 5223 Osmanicorum
3055 5170 3288 5224 adventu
3307 5173 3548 5239 cognito.
3579 5170 3726 5225 ibide
3752 5191 3780 5220 η

2207 5261 2258 5313 in
2297 5260 2520 5329 planitie
2567 5270 2744 5315 castra
2782 5260 2926 5316 vallo
2956 5263 3339 5328 communivit,
3368 5262 3595 5317 camelis
3619 5263 3784 5316 etiam

2206 5353 2259 5405 in
2291 5353 2522 5405 circuitu
2548 5351 2835 5422 dispositis
2873 5370 2886 5407 :
2921 5363 3121 5407 etcum
3151 5355 3338 5408 animo
3363 5369 3464 5409 suo
3499 5355 3788 5409 constituit

2213 5447 2316 5498 hoc
2345 5446 2462 5498 loco
2492 5444 2680 5498 Martis
2707 5446 2882 5499 aleam
2950 5447 3211 5516 experiri.
3265 5448 3534 5502 Praeterea
3563 5447 3791 5516 quibus-

2214 5539 2338 5590 dam
2375 5545 2685 5590 castrorum
2717 5537 2770 5589 in
2804 5536 2958 5602 locis,
2993 5537 3097 5592 hoc
3121 5539 3281 5593 modo
3311 5539 3559 5602 munitis,
3602 5547 3790 5591 turres

2217 5627 2478 5681 excitavit
2507 5643 2520 5677 :
2550 5627 2617 5682 de
2636 5627 2840 5697 quibus
2855 5627 3086 5696 suisese
3113 5627 3490 5692 defenderent,
3509 5639 3562 5681 et
3579 5609 3810 5679 hostem

2220 5721 2288 5774 ab
2320 5721 2730 5790 oppugnatione
2758 5729 3067 5775 castrorum
3097 5730 3368 5778 arcerent.
3409 5718 3573 5772 Erant
3625 5712 3796 5782 igitur

2223 5813 2273 5866 bi
2293 5812 2507 5888 egregie
2532 5812 2596 5880 ad
2618 5811 2860 5886 praelium
2885 5811 3185 5868 ineundum
3221 5808 3420 5879 parati.
3440 5806 3516 5865 Ex
3539 5807 3800 5888 adverso.
