4126 6432
337 380 442 440 (25

1608 397 1957 458 ANNALES
1997 401 2329 468 TURCICI.

3488 414 3592 478 626

334 492 463 545 licet
490 493 604 544 Alis
629 492 790 547 hassa
832 509 1017 549 secum
1053 505 1108 550 et
1136 497 1251 568 ipse
1283 502 1454 556 multa
1489 504 1659 557 millia
1683 507 1916 561 militum
1952 514 1997 570 Α
2027 510 2080 563 in
2135 510 2454 568 Romaniam
2483 517 2750 572 abiturus.
2779 521 2962 590 Itaque
2980 517 3117 576 Cofe
3137 521 3441 584 discedens.
3463 523 3594 576 Chi-

335 585 701 649 adduxisset,
755 593 934 642 tamen
983 588 1111 657 quia
1147 600 1287 648 totos
1335 594 1452 649 dies
1496 599 1910 665 quatuordccim

335 675 435 728 illo
492 678 688 732 itinere
761 680 1056 737 veredariis
1088 700 1258 754 prope
1306 689 1458 755 paria
1496 687 1727 752 fecerat,
1803 706 1911 744 non

340 768 491 821 viros
521 767 804 832 duntaxat,
838 772 930 825 sed
973 789 1149 843 equos
1174 777 1336 831 etiam
1381 779 1664 835 laboribus
1690 782 1898 836 exhau-

345 872 463 911 stos
505 859 755 914 habebat.
782 862 1154 922 Nihilominus
1189 869 1344 924 hoste
1376 882 1673 940 conspecto
1709 892 1722 928 :
1770 873 1912 928 Tett-

347 951 539 1002 damus
568 951 621 1002 in
654 967 770 1019 eos,
794 955 993 1024 inquit.
1029 958 1132 1013 Sed
1169 972 1288 1014 erat
1323 963 1376 1016 in
1410 965 1652 1019 exercitu
1685 967 1909 1033 quidam

340 1040 685 1106 Caramuses,
717 1047 1198 1113 stipendiariorum
1234 1053 1556 1122 praefectus,
1611 1072 1751 1126 quos
1782 1056 1912 1112 Ulo-

341 1129 482 1185 fezio
519 1133 732 1202 dicunt,
771 1138 856 1192 vir
885 1141 960 1195 rei
1017 1143 1270 1200 militaris
1340 1147 1630 1217 insigniter
1679 1151 1906 1219 peritus.

340 1225 390 1275 is
418 1225 502 1280 Ali
537 1228 713 1284 basste
774 1235 1431 1310 respondens:Exspecta
1465 1243 1738 1310 nonnihil,
1763 1247 1910 1309 ait,o

340 1319 710 1380 hassa,douec
735 1328 1012 1382 exercitus
1037 1329 1126 1382 alii
1153 1345 1212 1384 se
1235 1333 1516 1386 nobiscum
1538 1335 1900 1404 conjungant.

337 1409 477 1463 Fieri
561 1416 771 1483 nequit,
851 1428 909 1472 ut
995 1423 1170 1476 hostis
1259 1439 1290 1478 e
1379 1427 1634 1480 manibus
1704 1436 1908 1486 nostris

331 1502 602 1560 clabatur.
660 1509 742 1560 Ad
776 1525 942 1564 unum
1027 1514 1317 1580 duntaxat,
1375 1518 1680 1574 alterumve
1741 1523 1905 1588 diem,

335 1596 584 1661 prtelium
613 1597 798 1655 did'er.
837 1601 1012 1656 Etiam
1044 1605 1375 1666 Ramasants
1407 1611 1572 1678 ﬁlius,
1593 1613 1906 1670 Adanorum

334 1685 524 1752 hch,
571 1691 728 1746 nobis
759 1695 1007 1751 subsidio
1040 1699 1206 1755 venit.
1233 1700 1390 1768 Sine,
1426 1721 1634 1776 quaeso.
1689 1719 1908 1768 nostras

331 1776 408 1827 uti
437 1778 630 1847 copias
667 1782 900 1838 aliorum
935 1791 1253 1846 accessione
1291 1795 1528 1864 majores
1558 1808 1614 1853 et
1638 1799 1908 1858 ﬁrmiores

329 1869 654 1926 efﬁciamus.
684 1875 800 1930 Alis
818 1887 1001 1934 autem
1026 1881 1184 1938 bassa
1207 1885 1446 1941 vicissim
1473 1906 1486 1941 :
1519 1889 1676 1957 Quis,
1707 1892 1907 1961 inquit,
1939 1862 1982 1918 Β

328 1972 412 2015 est
445 1964 561 2018 Alis
593 1965 774 2032 hassa,
805 1969 998 2034 quisve
1061 1975 1280 2028 tandem
1321 1978 1458 2032 alter
1509 1981 1620 2048 ille,
1653 1983 1812 2038 nobis
1851 1996 1910 2040 ut

329 2055 444 2117 eius
479 2057 551 2108 sit
579 2062 987 2126 exspectandus
1019 2063 1283 2120 adventus
1324 2068 1347 2120 i
1395 2069 1662 2125 Nimirum
1712 2074 1824 2129 Alis
1879 2091 1910 2130 e

333 2155 602 2205 potestate
634 2157 782 2203 totus
811 2153 1042 2208 exierat.
1074 2153 1311 2226 Ideoque
1345 2161 1495 2215 rabie
1531 2164 1768 2232 quadam
1816 2181 1909 2220 ac-

334 2245 428 2291 tus
463 2236 675 2292 hostem
707 2242 936 2297 invasit:
971 2261 1082 2310 quo
1135 2247 1367 2316 factum,
1395 2261 1601 2309 utacre
1658 2258 1905 2326 praelium

336 2329 796 2388 committeretur.
840 2333 915 2387 Eo
944 2339 1129 2404 pra'lio
1155 2341 1440 2400 Chasanes
1473 2348 1740 2418 Chelifes,
1779 2355 1908 2408 Sca-

335 2438 348 2462 σ
366 2421 580 2476 hoculis
601 2433 768 2492 pater,
789 2430 988 2499 sagitta
1016 2434 1352 2503 vulneratus,
1375 2450 1430 2495 et
1470 2445 1634 2512 paulo
1657 2459 1777 2513 post
1810 2464 1907 2504 ex-

333 2514 570 2568 stinctus
587 2513 690 2569 fuit
723 2533 736 2568 :
763 2535 876 2588 quo
901 2532 1141 2590 mortuo,
1161 2531 1433 2586 tumultus
1451 2544 1615 2602 atque
1646 2541 1909 2608 strepitus

332 2605 521 2674 ingens
555 2611 732 2664 audiri
752 2614 896 2681 cepit
928 2615 980 2668 in
1009 2619 1204 2675 castris
1227 2622 1634 2681 seditiosorum.
1657 2605 1904 2702 Qttaproo

329 2707 449 2767 pler
475 2700 592 2758 Alis
654 2702 838 2769 bassa,
861 2709 1138 2765 concitato
1172 2715 1480 2773 calcaribus
1514 2735 1677 2789 equo,
1701 2700 1908 2781 medius

329 2793 383 2844 in
407 2793 594 2850 hostes
613 2796 828 2854 delatus
855 2809 905 2855 et
933 2803 1001 2856 ab
1024 2805 1103 2860 eis
1128 2807 1348 2863 occisus
1371 2823 1476 2865 est.
1498 2812 1654 2878 Quod
1688 2822 1905 2886 quidem

331 2881 508 2946 ipsius
527 2888 828 2955 conspicati
857 2892 1082 2959 milites,
1111 2905 1266 2966 terga
1285 2899 1503 2956 dedere.
1545 2881 1906 2965 Scaelioculis

332 2974 434 3029 hac
465 2979 672 3044 potitus
729 2982 982 3050 victoria,
1026 3002 1219 3045 versus
1276 2989 1563 3052 Parthicos
1601 2997 1737 3054 ﬁnes
1804 3003 1908 3058 iter

327 3070 550 3132 direxit,
615 3070 924 3130 Tebrisium
972 3079 1361 3148 profecturus;
1396 3102 1521 3141 cum
1584 3105 1752 3162 prope
1789 3094 1903 3164 jam

2017 602 2108 655 lim
2139 605 2407 674 navigavit
2435 625 2449 661 :
2486 608 2627 662 Chili
2662 611 3004 679 Beligradum
3035 612 3204 666 venit.
3238 613 3364 680 Ejus
3404 614 3478 668 rei
3512 613 3592 666 fa—

2014 707 2100 746 ma
2119 693 2641 767 Constantinopolim
2668 702 2731 753 ad
2747 701 3024 755 sultanum
3050 703 3344 772 Bajazitem
3364 704 3589 772 perlata,

2015 783 2241 838 Cadium
2279 787 2432 841 urbis
2469 788 2833 858 Sarigresem,
2864 802 2917 846 et
2977 793 3284 860 Seguancm
3350 795 3589 858 bassam,

2014 874 2221 945 legatos
2241 879 2305 932 ad
2335 879 2505 933 ﬁlium
2530 881 2701 944 misit,
2732 899 2965 951 quorum
2996 886 3315 940 etconsiliis
3349 896 3593 940 uteretur

2013 966 2260 1032 Selimes,
2287 979 2342 1023 et
2373 972 2598 1026 monitis
2630 974 3013 1030 instrueretur.
3080 975 3145 1029 Hi
3181 992 3303 1031 cum
3337 976 3402 1030 ad
3454 977 3591 1030 Scli-

2013 1075 2155 1114 mem
2187 1064 2578 1129 pervenissent,
2612 1077 2864 1121 auctores
2883 1067 2930 1129 ei
2956 1066 3194 1132 fuerunt,
3235 1067 3312 1123 uti
3345 1084 3500 1124 suam
3535 1071 3593 1122 in

2011 1151 2268 1208 ditionem
2299 1155 2498 1210 rediret
2526 1175 2540 1210 :
2578 1172 2643 1212 ne
2675 1157 2812 1213 forte
2836 1158 3096 1215 fratribus
3122 1162 3286 1216 etiam
3357 1164 3473 1217 suis
3499 1177 3590 1214 oe-

2013 1246 2288 1300 casionem
2325 1248 2613 1315 praberet,
2651 1251 2962 1305 consimilia
3015 1254 3263 1321 quaedam
3319 1253 3586 1308 tentandi.

2013 1334 2092 1388 Ad
2121 1352 2184 1391 ea
2222 1340 2554 1408 respondens
2582 1340 2813 1398 Selimes
2844 1363 2858 1399 :
2912 1347 3106 1400 Annon
3165 1348 3478 1402 mandatum
3506 1346 3587 1400 di-

2013 1429 2216 1484 vinitus
2250 1441 2350 1496 est,
2384 1433 2582 1501 inquit,
2630 1436 2704 1489 uti
2740 1453 2868 1492 suos
2893 1440 3128 1508 quisque
3153 1450 3402 1508 parentes
3430 1440 3588 1491 tertio

2011 1520 2093 1574 vel
2116 1533 2542 1594 qnartoqnoque
2561 1542 2706 1580 anno
2738 1529 2972 1583 invisat?
3007 1532 3116 1584 Hac
3149 1533 3398 1599 equidem
3421 1547 3587 1585 causa

2011 1628 2209 1678 motus,
2237 1615 2342 1669 iter
2378 1615 2480 1670 hoc
2515 1619 2793 1685 perﬁciam
2827 1639 2838 1684 ;
2873 1632 2925 1674 et
2943 1632 3093 1689 patre
3130 1623 3373 1687 visitata,
3410 1638 3586 1676 meam

2012 1708 2063 1761 in
2093 1707 2350 1762 ditionem
2386 1721 2650 1767 revertar.
2685 1715 2762 1765 Ad
2797 1730 3090 1775 summam,
3126 1718 3194 1769 ab
3215 1717 3592 1770 hucinstiluto

2011 1800 2170 1869 legati
2214 1798 2469 1857 Selimem
2516 1804 2668 1858 nullo
2717 1805 2996 1861 dimovere
3049 1808 3214 1864 modo
3269 1821 3585 1878 potuerunt.

2013 1891 2249 1960 Ideoque
2287 1895 2578 1950 redeuntes
2615 1897 2676 1949 ad
2713 1897 3003 1966 Bajazitem
3057 1899 3153 1953 ﬁlii
3216 1912 3451 1954 nu-ntem
3527 1917 3590 1952 ac

2012 1987 2336 2038 scntcntiatn
2370 1989 2507 2054 patri
2565 1990 2965 2043 renuntiarunt.
3027 1991 3078 2044 ls
3137 1993 3314 2045 dn-nuo
3385 1995 3591 2061 legatos

2012 2077 2146 2130 alios
2175 2076 2240 2130 ad
2266 2077 2522 2132 Selimem
2564 2082 2731 2146 misit,
2765 2098 2827 2134 ac
2868 2083 2974 2134 dici
3005 2083 3113 2134 tilio
3143 2085 3327 2150 jussit,
3356 2085 3435 2137 uti
3493 2083 3590 2136 Sc-

2012 2168 2310 2222 tnendriam
2343 2185 2399 2224 se
2433 2173 2701 2242 reciperet
2741 2191 2752 2225 :
2787 2190 2946 2242 quem
2976 2174 3089 2242 ipse
3106 2175 3477 2242 sangiacatum
3513 2175 3588 2227 illi

2011 2243 2368 2316 attribuisset.
2411 2263 2639 2334 Negavit
2676 2264 2727 2318 id
2770 2280 2829 2320 se
2880 2265 3156 2320 facturum
3190 2266 3354 2334 ﬁlius,
3413 2269 3589 2322 omni-

2012 2369 2190 2424 noque
2217 2369 2275 2408 se
2295 2365 2503 2424 patrem
2531 2359 2683 2428 prius
2722 2359 2997 2414 aditurum
3033 2361 3335 2430 respondit,
3357 2360 3589 2432 ejusque

2012 2462 2208 2501 manus
2239 2448 2639 2518 osculaturum,
2675 2459 2838 2521 atque
2869 2451 2944 2505 ita
2967 2451 3162 2506 deinde
3192 2453 3584 2510 discessurum.

2013 2537 2321 2594 Evenerunt
2343 2543 2456 2596 haec
2492 2557 2635 2597 anno
2651 2543 2780 2600 917.

2085 2631 2396 2686 Secundum
2442 2635 2530 2689 illa
2567 2637 2805 2704 perrexit
2840 2637 2893 2692 in
2950 2637 3146 2693 itinere
3193 2653 3292 2694 suo
3342 2639 3591 2693 sultanus

2013 2724 2268 2789 Selimes,
2301 2737 2354 2780 et
2391 2726 2839 2797 Hadrianopolim
2891 2731 3067 2801 petiit.
3130 2731 3264 2786 inde
3311 2747 3434 2787 cum
3483 2747 3590 2785 non

2010 2815 2199 2882 procul
2226 2817 2467 2882 abesset,
2495 2819 2688 2874 relicta
2715 2820 2986 2890 Bajazites
3027 2821 3438 2890 HadrianOpoli,
3473 2836 3591 2875 ver-

2012 2922 2103 2959 sus
2132 2905 2668 2976 Constantinopolim
2703 2913 2858 2967 abiit.
2905 2912 3150 2967 Habebat
3177 2921 3358 2966 autem
3400 2927 3588 2966 serum

2010 3013 2202 3054 onmes
2234 2999 2452 3056 Vezires
2485 3019 2638 3071 suos,
2667 3017 2723 3061 et
2756 3008 2920 3076 begos
2955 3006 3260 3073 sangiacos,
3283 3015 3335 3060 et
3367 3006 3589 3061 milites.

2011 3089 2222 3159 Quippe
2249 3095 2519 3148 mandatis
2553 3095 2847 3162 publicatis
2877 3096 3143 3164 edixerat,
3183 3097 3260 3150 uti
3312 3113 3496 3150 serum
3528 3113 3595 3148 co

326 3158 597 3216 Parthicis
619 3177 647 3214 a
678 3163 881 3222 ﬁnibus
912 3169 1187 3234 abessent.
1259 3175 1474 3231 obviam
1525 3181 1605 3236 eis
1637 3158 1906 3242 caravana
1933 3197 1978 3260 ρ
2014 3183 2509 3250 proﬁciscerentur.
2548 3188 2663 3253 Qua
2699 3189 2765 3244 de
2805 3205 2970 3244 causa
3000 3201 3312 3246 commotus
3339 3193 3594 3254 Selimes,

328 3256 580 3320 quaedam
603 3258 770 3322 venit,
791 3275 979 3314 secum
1010 3277 1039 3316 e
1058 3261 1274 3318 Parthia
1301 3270 1502 3323 sericas
1527 3282 1575 3325 et
1600 3274 1733 3328 alias
1759 3295 1904 3332 mer-

328 3362 423 3403 ccs
443 3350 666 3406 vehens.
692 3353 820 3408 Eam
845 3370 1169 3412 caravanam
1190 3361 1551 3420 Scachoculis
1576 3367 1825 3436 diripuit.
1854 3381 1906 3424 et

331 3449 605 3510 quotquot
625 3444 766 3502 hanc
792 3448 1198 3505 comitabantur
1233 3455 1504 3518 homines,
1531 3457 1762 3513 interliri
1782 3461 1904 3530 jus-

337 3531 414 3585 sit
441 3550 456 3586 :
490 3548 614 3586 cum
641 3535 935 3603 ignoraret,
969 3555 1090 3596 esse
1119 3557 1249 3610 opes
1270 3543 1658 3602 illaslsmaelis
1682 3550 1902 3619 Scachi,

338 3623 439 3679 hoc
469 3636 553 3681 est
577 3628 718 3697 regis
752 3626 1102 3689 Parthorum.
1129 3633 1232 3691 Ubi
1262 3635 1571 3694 Tehrisium
1604 3645 1903 3707 venissent.

331 3717 540 3771 tribuni
573 3719 830 3787 militum,
871 3726 1167 3796 exterique
1196 3729 1460 3798 prafecti,
1513 3733 1786 3790 Scachum
1833 3737 1907 3792 ls-

328 3809 548 3866 mailem
610 3811 868 3869 adierunt
903 3834 916 3870 :
947 3825 1002 3871 et
1058 3818 1124 3872 ad
1167 3823 1334 3888 pedes
1383 3824 1556 3894 ipsius
1609 3829 1904 3896 provoluti,

326 3905 593 3958 honorem
621 3904 672 3960 ei
731 3923 833 3977 pro
857 3925 1009 3964 more
1043 3913 1286 3981 gentium
1315 3916 1556 3985 illarum,
1582 3897 1903 3979 exhibuere.

326 3993 468 4050 Tum
503 4013 633 4052 vero
673 3997 922 4058 Scachus
947 4002 1132 4058 lsmail
1162 4024 1173 4059 :
1199 4005 1336 4073 Quis
1360 4019 1550 4066 auctor
1581 4013 1740 4068 vobis.
1779 4015 1905 4085 fuit,

331 4090 530 4156 inquit,
567 4100 625 4145 ut
654 4091 918 4162 adoptivo
947 4097 1090 4164 patri
1117 4113 1241 4153 meo
1275 4100 1465 4156 hassas
1496 4113 1550 4158 et
1578 4105 1743 4176 begos
1773 4123 1907 4165 suos

324 4181 677 4248 occideretis,
703 4185 936 4257 ejusque
993 4198 1256 4258 prmterea
1317 4195 1568 4250 subditos
1617 4200 1784 4255 rebus
1842 4218 1906 4258 ac

325 4275 683 4332 tacultatibus
719 4279 837 4334 suis
867 4282 1176 4349 spoliaretis
1197 4284 1220 4337 2
1242 4285 1355 4342 Illis
1415 4289 1906 4359 respondentibus,

324 4367 380 4419 id
405 4368 500 4425 abs
529 4385 584 4424 se
644 4371 874 4438 factum,
907 4386 966 4431 ut
1019 4376 1240 4447 ipsimet
1288 4379 1493 4437 lsmaili
1549 4383 1764 4440 Scacbo
1794 4403 1906 4442 rem

321 4468 532 4527 gratam
561 4462 830 4531 facerent,
872 4477 926 4522 et
972 4468 1228 4526 homines
1260 4486 1289 4525 a
1321 4484 1468 4529 recta
1516 4477 1620 4531 ﬁde
1674 4479 1903 4547 alienos,

2009 3286 2062 3329 et
2095 3278 2444 3334 ccusiliarios
2513 3296 2644 3336 suos
2697 3284 3018 3351 appellans:
3070 3284 3320 3349 Nullum,
3391 3285 3591 3353 inquit,

2009 3369 2220 3423 hostem
2253 3370 2517 3428 habemus
2547 3374 2690 3426 inter
2724 3373 3169 3446 Hadrianopolim
3223 3386 3278 3430 et
3321 3375 3594 3431 Constan-

2011 3462 2314 3531 tinopolim.
2342 3465 2450 3518 Cur
2477 3483 2605 3536 ergo
2623 3475 2698 3521 tot
2727 3483 3002 3535 proceres,
3022 3476 3075 3522 et
3102 3470 3262 3524 talem
3289 3485 3351 3523 ac
3374 3479 3587 3526 tantum

2009 3549 2308 3604 exercitum
2331 3562 2482 3621 pater
2510 3538 2691 3608 scCum
2717 3555 2892 3610 ducit?
2920 3555 3070 3612 Haud
3089 3557 3253 3612 dubie
3277 3560 3407 3612 nihil
3440 3559 3588 3620 aliud

2010 3641 2126 3694 haec
2155 3646 2510 3710 portendunt,
2545 3659 2704 3713 quam
2737 3648 2882 3716 quod
2912 3647 3136 3702 fratrem
3168 3664 3374 3713 meum,
3410 3651 3590 3704 suita-

2010 3749 2140 3787 num
2171 3735 2506 3800 Achmetem,
2540 3752 2722 3791 rerum
2786 3739 3252 3795 administrationi
3317 3744 3591 3811 praeﬁcere

2010 3824 2232 3892 cogitat.
2266 3825 2502 3895 Ideoque
2524 3841 2737 3881 summa
2771 3844 2904 3884 usus
2944 3830 3243 3897 celeritate,
3297 3846 3402 3886 non
3465 3848 3589 3901 pro-

2010 3916 2097 3970 cul
2127 3930 2157 3970 a
2191 3915 2352 3972 Zorlo
2380 3929 2586 3987 patrem
2623 3930 2911 3977 assecutus
2939 3930 3039 3978 est.
3099 3922 3176 3978 lbi
3235 3933 3350 3978 tum
3413 3924 3592 3993 copiis

2011 4009 2269 4079 utrinque
2296 4013 2775 4077 concurrentibus,
2810 4014 2877 4067 ad
2928 4013 3331 4069 dimicationem
3369 4027 3589 4070 ventum

2013 4101 2140 4158 fuit.
2172 4103 2298 4158 Erat
2330 4104 2381 4159 id
2418 4106 2684 4175 temporis
2720 4105 2993 4162 imbecilla
3051 4106 3323 4178 Bajazites
3383 4110 3596 4162 valetu-

2011 4194 2162 4256 dine,
2198 4211 2322 4249 cum
2345 4211 2447 4250 nec
2477 4198 2705 4266 pedibus
2759 4199 2836 4252 uti
2889 4215 2989 4254 nec
3040 4201 3289 4270 equitare
3361 4211 3594 4270 posset:

2011 4301 2184 4356 eaque
2214 4290 2280 4342 de
2309 4303 2473 4344 causa
2505 4303 2673 4344 curru
2703 4291 3030 4357 vehebatur,
3057 4293 3146 4346 cui
3202 4295 3384 4346 velum
3416 4294 3594 4347 obdu-

2011 4391 2190 4443 xerat,
2227 4381 2467 4436 numinis
2513 4382 2755 4444 interim.
2778 4381 3207 4453 Mahumetisque
3227 4385 3309 4438 sui
3331 4385 3595 4438 auxilium

2017 4474 2339 4542 implorans.
2365 4474 2502 4527 Cum
2530 4475 2830 4544 perexiguo
2868 4475 3130 4544 temporis
3167 4475 3458 4528 intervallo
3491 4490 3594 4542 pu-

323 4555 614 4618 harbaros,
645 4556 1009 4623 facinorosos,
1052 4561 1120 4616 de
1179 4563 1359 4619 medio
1384 4566 1638 4622 tollerent
1668 4613 1682 4635 ,
1716 4585 1910 4625 rursus
1943 4555 1995 4611 ι)
2019 4577 2244 4633 gnatum
2280 4576 2426 4622 esset
2479 4567 2655 4622 victus
2717 4563 2974 4630 δειίηιεες
2999 4565 3149 4619 omni
3211 4567 3472 4618 ""393"er
3496 4580 3596 4619 δυο

321 4661 425 4701 eos
448 4651 793 4720 compellans
829 4651 1074 4711 Scachus
1097 4655 1258 4728 337
1287 4657 1573 4715 Parthicus
1606 4679 1619 4713 :
1659 4663 1720 4718 Et
1780 4665 1909 4733 quid

320 4741 571 4808 tandem,
631 4743 886 4813 subjecit,
918 4761 1192 4802 caravana
1210 4749 1670 4818 culpaecommisit
1700 4755 1753 4808 in
1789 4770 1909 4821 vos,

320 4847 435 4902 qua
471 4834 694 4898 irritati,
728 4844 784 4890 et
819 4837 1072 4896 homines
1106 4843 1409 4909 occidistis,
1479 4855 1534 4899 et
1572 4861 1703 4914 opes
1763 4847 1912 4917 ipsas

319 4926 684 4996 diripuistis?
715 4927 796 4983 Ad
820 4947 942 4999 qua:
975 4933 1050 4988 illi
1082 4949 1208 4988 cum
1244 4937 1382 4990 nihil
1411 4938 1698 5003 haberent,
1757 4942 1904 5009 quod

319 5017 411 5070 sui
443 5019 711 5088 purgandi
746 5034 917 5077 causa
961 5024 1019 5078 in
1053 5025 1296 5080 medium
1349 5026 1611 5084 aﬂerreut
1643 5043 1659 5082 :
1688 5046 1909 5086 omnem

322 5109 478 5164 illam
520 5112 814 5168 colluvietn
848 5117 1133 5171 hominum
1166 5121 1238 5172 ita
1270 5120 1524 5175 distribui
1557 5121 1804 5177 Scachus
1839 5123 1914 5178 ls-

322 5202 461 5255 mail
487 5203 674 5272 jussit,
708 5216 771 5262 ut
817 5208 1021 5279 singuli
1090 5210 1420 5269 Parthorum
1485 5230 1743 5284 proceres
1791 5218 1912 5288 ejus

323 5295 592 5350 mandato
620 5298 809 5369 viginti
834 5301 903 5355 ad
954 5317 1014 5358 se
1087 5304 1394 5372 reciperent
1427 5329 1445 5362 .-
1492 5316 1720 5363 caeteros
1783 5324 1912 5363 vero

322 5384 639 5453 praefectos,
709 5401 874 5460 atque
914 5395 1167 5450 tribunos
1226 5398 1498 5467 ipsorum,
1552 5402 1911 5458 trucidandos

319 5478 572 5536 Carinis
597 5482 715 5538 suis
743 5484 966 5554 objecit.
993 5485 1150 5552 Quod
1174 5504 1307 5543 sane
1341 5505 1466 5544 cum
1518 5492 1730 5557 alisque
1758 5509 1910 5548 mora

259 5570 507 5652 ‘tieret,
578 5573 796 5644 dignam
858 5579 1193 5636 facinoribus
1267 5582 1526 5637 admissis
1605 5585 1910 5639 mercedem

317 5661 525 5719 tulere.

413 5753 542 5809 Dum
576 5758 690 5814 haec
724 5761 778 5815 in
812 5761 938 5817 Asia
961 5775 1305 5834 gererentur,
1347 5767 1698 5824 Tarabosane
1732 5768 1913 5838 profc-

324 5854 458 5902 ctus
478 5850 725 5906 Sullanus
764 5853 1016 5919 Selimes,
1042 5858 1262 5922 navigio
1284 5858 1454 5914 Cofcn
1488 5862 1694 5926 appulit
1722 5879 1737 5926 ς
1763 5861 1911 5918 illinc

2019 4660 2226 4726 relicto,
2252 4659 2390 4730 fugae
2419 4675 2477 4714 se
2513 4661 2707 4714 dedit:
2745 4674 2809 4712 ac
2839 4660 3058 4712 tandem
3107 4658 3356 4727 pervenit
3404 4658 3458 4711 in
3518 4660 3596 4712 vi-

2015 4766 2142 4805 cum
2174 4753 2488 4818 quemdam,
2515 4753 2683 4807 situm
2725 4753 2790 4805 ad
2825 4767 2997 4817 mare,
3033 4751 3180 4819 quod
3213 4749 3440 4820 Nigrum
3495 4768 3593 4806 vo-

2016 4855 2162 4901 cant.
2193 4845 2251 4898 Ei
2291 4847 2408 4900 vico
2436 4861 2634 4901 nomen
2663 4855 2743 4900 est
2773 4845 2970 4914 Midge.
3004 4843 3109 4898 llic
3139 4859 3330 4898 navem
3382 4845 3594 4915 ingres-

2017 4952 2133 4999 sns.
2165 4940 2458 4993 tranmisso
2493 4940 2653 5003 mari,
2680 4939 2851 4992 Cofen
2887 4953 2946 4993 se
2981 4937 3234 4991 contulit.
3270 4937 3378 4991 Sed
3405 4939 3595 4992 eadem

2019 5029 2199 5085 hieme
2231 5046 2421 5086 rursus
2452 5032 2504 5084 in
2526 5031 2848 5086 Romaniam
2872 5031 3167 5101 navigavit.
3189 5030 3424 5096 Quidam
3449 5032 3594 5084 enim

2015 5139 2272 5192 proceres
2301 5123 2464 5176 aulici
2497 5132 2680 5192 partes
2706 5123 2912 5177 sultani
2979 5123 3262 5179 Achmetis
3315 5123 3594 5186 fovebant,

2017 5217 2274 5270 nimirum
2297 5216 2414 5285 ipse
2436 5214 2880 5280 Cadilescbcrus,
2918 5225 2972 5269 et
3020 5215 3346 5272 Nischanzis
3409 5215 3595 5277 bassa,

2015 5306 2316 5364 etJonuzes
2348 5309 2525 5375 bassa,
2551 5308 2642 5378 qui
2670 5307 2987 5362 muneribus
3011 5308 3174 5363 etiam
3194 5307 3246 5361 in
3271 5307 3414 5361 hunc
3433 5305 3596 5358 ﬁnem

2017 5401 2244 5466 paratis,
2280 5400 2482 5469 populo
2520 5408 2909 5470 persuaserant
2939 5399 3215 5453 sultanum
3273 5398 3594 5450 Achmetem

2019 5492 2168 5545 brevi
2197 5491 2542 5558 adfuturum,
2570 5499 2624 5544 et
2647 5492 2769 5546 loco
2805 5492 2980 5561 patris
3005 5492 3433 5560 imperaturum.
3498 5487 3596 5544 llic

2017 5593 2201 5638 autem
2235 5593 2464 5638 conatus
2505 5599 2695 5639 eorum
2754 5599 2879 5638 cum
2930 5582 3201 5654 genizaris
3243 5581 3596 5644 innotuisset,

2018 5687 2178 5732 nocte
2196 5678 2431 5747 quadam
2470 5677 2527 5732 in
2549 5679 2693 5734 :edes
2723 5679 2968 5748 ipsorum
2997 5677 3294 5738 irruentes,
3327 5673 3596 5744 Quidquid

2018 5771 2071 5825 in
2105 5771 2186 5826 eis
2222 5781 2498 5840 repertum
2524 5779 2690 5836 esset,
2755 5771 3118 5840 diripuerunt.
3177 5772 3365 5822 Itidem
3435 5784 3597 5822 noctu

2021 5859 2293 5919 Ghasanis
2327 5862 2502 5918 bassac
2538 5863 2757 5918 domum
2784 5865 3047 5923 ρετινυδεὶ.
3076 5863 3218 5918 laede
3241 5860 3546 5924 spoliarunt
3578 5873 3593 5911 :
