4126 6438
526 440 632 500 627

1791 441 2146 501 ANNALES
2198 439 2549 500 TUllClCI.

3696 441 3793 502 628

527 555 772 622 adeoque
803 553 1126 608 seditionem
1149 554 1461 608 excitavere
1501 555 1815 612 maximam.
1863 555 2028 609 Erant
2055 554 2108 609 id
2141 558 2182 612 Α
2214 555 2280 607 ah
2305 553 2384 608 eis
2419 554 2564 607 dicta
2595 543 2850 616 fuissent,
2885 553 3081 620 exigito
3147 554 3408 620 temporis
3470 554 3650 622 spatio
3683 557 3795 608 sul-

530 649 793 715 temporis
833 647 898 699 ad
926 648 1114 700 urbem
1150 645 1348 699 sultani
1379 645 1660 701 Achmetis
1687 647 1846 713 legati
1873 649 1963 716 qui
1999 648 2115 702 fur-

529 744 625 792 tim
676 755 735 794 se
783 739 1109 797 subducere,
1163 737 1439 806 salutique
1495 752 1609 791 sua:
1657 736 1778 809 iuga
1829 740 2120 794 consulere

526 833 700 886 coacti
731 830 967 885 fuerunt.
1004 828 1318 884 Secundum
1358 831 1472 883 hazc
1504 830 1712 899 legatos
1741 832 1806 885 ad
1837 831 2114 888 sultauum

530 926 789 978 Selitnem
815 924 1016 978 misere
1041 922 1416 993 genizari,qui
1440 923 1780 987 nuntiarent,
1817 923 1882 975 ad
1926 925 2114 978 urbem

528 1018 688 1072 modo
720 1019 931 1074 veniret
964 1035 978 1072 :
1009 1034 1066 1072 se
1091 1019 1347 1075 nimirum
1372 1026 1424 1070 et
1449 1017 1782 1072 saltttaturos
1809 1019 1982 1087 ipsum
2019 1019 2120 1072 im-

531 1119 862 1174 peratorem,
927 1118 979 1164 et
1033 1110 1319 1179 agnituros
1363 1124 1464 1178 pro
1528 1110 1776 1165 domino.
1825 1113 2116 1167 Achmetes

527 1201 691 1254 etiam
720 1202 910 1256 eodem
941 1211 1184 1271 tempore
1248 1203 1470 1272 propius
1505 1201 1572 1257 ad
1625 1204 1813 1257 urbem
1875 1221 1932 1259 se
1981 1221 2117 1259 eou-

529 1292 678 1356 tulit,
711 1295 828 1347 suis
857 1310 980 1347 cum
1014 1293 1189 1361 copiis
1222 1295 1286 1348 ad
1313 1295 1652 1359 lscodaram,
1673 1310 1703 1348 ο
1731 1297 1950 1364 regimie
1976 1297 2112 1350 Con-

527 1385 937 1453 stantinOpolis,
957 1395 1134 1440 castra
1157 1395 1421 1443 metatus:
1450 1387 1740 1456 tnissisipte
1771 1390 1909 1457 patri
1930 1391 2116 1445 multis

528 1493 824 1532 aureorum
856 1495 1205 1534 nummorum
1231 1480 1491 1541 millibus.
1525 1499 1636 1552 quo
1677 1496 1898 1538 venerat
1921 1484 2116 1537 itinere

529 1570 813 1626 discessit.
843 1569 1090 1640 Cumque
1131 1572 1436 1642 vectigalia,
1493 1576 1718 1639 tributa,
1781 1587 2116 1644 ca'terosque

533 1664 747 1718 l'ructus
777 1678 840 1716 ac
874 1671 1170 1733 proventus
1201 1666 1438 1734 imperii,
1487 1682 1582 1736 per
1647 1667 1952 1720 Anatoliam
2013 1669 2116 1722 sibi

531 1757 866 1811 vindicasset
892 1772 909 1810 :
935 1756 1202 1810 violenter
1225 1757 1346 1813 illas
1373 1758 1690 1827 provincias
1722 1743 2116 1814 administrare

531 1849 695 1914 repit.
726 1848 803 1901 Ac
825 1849 947 1902 licet
981 1851 1232 1906 sultauus
1259 1850 1424 1906 etiam
1461 1850 1728 1906 Corcutcs
1743 1852 1936 1920 oppida
1968 1867 2119 1922 quae-

2225 657 2382 701 tanus
2417 645 2687 710 Baiazites
2724 660 2782 700 re
2813 659 2938 699 cum
2975 646 3162 699 animo
3193 661 3293 699 suo
3351 645 3672 708 deliberata,
3707 662 3794 699 ca-

2225 737 2526 807 puterigit,
2559 747 2612 790 et
2651 755 2664 790 :
2698 734 2896 790 Rerum
2951 737 3226 806 equidem,
3283 736 3480 806 inquit,
3529 753 3796 792 summam

2226 829 2336 883 [ilio
2369 846 2511 892 tneo,
2545 831 2764 884 sultano
2802 829 2988 884 Selimi
3029 830 3281 883 traditam
3342 831 3652 886 committo.
3679 829 3794 896 Qua

2227 924 2481 995 Bajazitis
2510 926 2757 978 oratione
2786 924 3059 992 genizaris
3102 923 3434 984 renuntiata.
3499 938 3625 978 mox
3661 938 3797 976 una-

2223 1019 2397 1072 nimes
2422 1019 2487 1074 ad
2523 1018 2801 1072 Sttllunllttt
2855 1016 3092 1072 Selimen
3141 1033 3200 1072 se
3251 1018 3622 1072 contulerunt.
3683 1016 3803 1073 [late

2222 1121 2403 1165 autent
2438 1120 2588 1179 gesta
2626 1111 2845 1166 luerunt
2877 1126 3026 1165 anno
3059 1111 3193 1165 l3l8
3220 1110 3370 1178 (Chr.
3410 1110 3590 1177 1512).

2293 1204 2566 1259 Postridie
2599 1204 2850 1259 sultauus
2888 1203 3158 1272 Bajazitcs
3182 1203 3378 1271 cistas,
3411 1205 3614 1273 quibus
3641 1204 3797 1272 impe~

2223 1300 2411 1354 ratorii
2449 1297 2692 1353 thesauri
2721 1297 3174 1362 continebantur,
3208 1297 3430 1352 sultano
3465 1296 3653 1351 Selimi
3694 1296 3800 1350 lilio

2222 1391 2421 1444 misit:
2460 1406 2522 1444 ac
2574 1391 2802 1455 vezires,
2850 1401 3187 1460 caaterosque
3253 1391 3469 1452 bassas.
3523 1389 3799 1444 dominum

2221 1501 2404 1541 suum.
2437 1484 2715 1538 sultauum
2753 1483 3012 1537 Selimetn
3071 1485 3224 1540 adire
3277 1483 3468 1552 jussit,
3539 1483 3699 1549 eique
3729 1480 3800 1537 si-

2222 1576 2481 1643 gniﬁcare
2517 1577 2898 1629 tantummodo
2921 1577 3046 1640 sibi,
3104 1577 3242 1643 patri
3301 1592 3427 1638 suo,
3487 1574 3800 1628 dilationem

2220 1668 2428 1720 dierum
2472 1667 2540 1722 50
2576 1683 2745 1720 couce
2770 1670 2919 1732 leret,
2953 1669 3152 1736 quibus
3203 1668 3434 1730 exactis,
3463 1666 3800 1720 Dimotucum

2221 1758 2497 1822 abiturus,
2526 1769 2580 1812 et
2640 1761 2907 1828 reliquum
2957 1761 3156 1815 ibidem
3185 1762 3310 1816 vitae
3355 1761 3594 1828 spatium
3635 1771 3808 1818 trans-

2223 1847 2398 1903 iturus
2432 1859 2577 1903 esset
2608 1893 2620 1903 .
2657 1850 2871 1902 interim
2895 1849 3129 1905 Selimes
3158 1854 3212 1904 in
3241 1851 3476 1917 hospitio
3498 1849 3806 1906 Genibaxeo

533 1944 659 1995 dam
694 1939 957 1997 Anatolize
990 1943 1093 1998 sibi
1139 1943 1485 2012 subici-isset,
1530 1944 1767 1999 retinere
1825 1954 2003 1999 tamen
2051 1959 2114 2000 ea
2148 1925 2188 1979 Β
2218 1953 2669 1996 commoraretur.
2711 1941 2834 1996 ll.th
2857 1958 2983 1997 eum
3014 1944 3088 1996 illi
3132 1943 3351 1997 sultano
3413 1941 3604 1996 Selimi
3632 1957 3795 2008 expo-

534 2053 643 2090 nou
675 2036 1005 2104 potuit,cuut
1037 2035 1418 2106 prtefeetorttm
1456 2039 1656 2091 sultani
1691 2037 1974 2093 Aclttnetis
2003 2052 2118 2090 ma-

529 2129 680 2198 jores
720 2135 904 2182 essent
953 2128 1332 2195 vires..ltaque
1392 2128 1686 2185 discedens
1751 2145 1814 2182 ex
1867 2129 1934 2183 iis
1983 2129 2119 2187 locis

530 2219 819 2284 tioreutes,
859 2229 1010 2275 trans
1040 2233 1191 2271 mare
1213 2217 1528 2288 Callipolim
1560 2219 1698 2274 abiit
1736 2238 1748 2273 :
1786 2235 1848 2278 ac
1897 2219 2118 2276 duobus

531 2312 800 2364 duntaxat
839 2325 1023 2364 secum
1057 2311 1310 2380 sumptis,
1371 2310 1900 2382 Constantinopolim
1969 2313 2118 2364 navi-

531 2405 702 2470 gavit.
730 2403 805 2456 Eo
837 2418 959 2456 eum
1003 2404 1360 2471 pervenisset,
1389 2402 1646 2471 exiguum
1679 2403 1950 2470 quoddam
1975 2413 2112 2456 tem-

535 2498 682 2564 plum
713 2496 990 2564 ingressus
1017 2505 1119 2558 est,
1159 2495 1302 2549 haud
1331 2495 1519 2564 procul
1550 2510 1577 2547 a
1635 2495 1921 2548 domicilio
1953 2495 2114 2565 geni-

536 2603 813 2644 zarorum.
844 2586 958 2642 lloc
985 2588 1072 2642 tibi
1098 2587 1408 2641 nuntiatum
1465 2585 1700 2640 Sultano
1731 2585 1952 2653 Bajaziti
1986 2587 2116 2638 fuis-

537 2694 666 2745 set,
699 2683 862 2738 aliam
913 2682 962 2736 ei
1022 2683 1243 2736 domum
1292 2679 1346 2734 in
1413 2681 1547 2734 urbe
1601 2680 1768 2749 jussit
1823 2683 2114 2750 assignari,

535 2793 726 2842 quam,
757 2785 1004 2831 remotus
1041 2791 1069 2829 a
1106 2775 1395 2830 Genizaris
1455 2773 1810 2828 inhabitarct.
1864 2773 1921 2827 ln
1976 2774 2116 2825 haue

538 2854 708 2946 igitur
742 2871 834 2924 tthi
875 2871 1316 2940 commigrasset,
1351 2868 1494 2923 bona
1551 2883 1676 2922 cum
1703 2867 1855 2920 venia
1911 2874 2114 2934 patrem

539 2961 674 3016 adiit
708 2979 722 3016 :
764 2962 993 3030 ejuSque
1035 2975 1255 3014 manum
1282 2959 1657 3022 exosculatus,
1707 2959 1760 3011 in
1816 2957 2116 3026 hospitium

539 3071 700 3116 suum
729 3055 988 3109 reductus
1012 3054 1134 3108 fuit.
1170 3052 1402 3107 Zecmen
1431 3052 1481 3105 id
1515 3049 1796 3120 temporis,
1831 3064 1993 3118 quam
2020 3050 2120 3103 mi-

537 3166 724 3203 norem
763 3157 982 3212 vocant,
1019 3139 1274 3203 sultauus
1310 3145 1543 3202 Selimes
1593 3145 1912 3201 advenerat.
1949 3143 2118 3199 Cum-

539 3260 647 3310 que
715 3242 936 3313 propius
1009 3239 1540 3308 Constantinopolim
1599 3238 1905 3302 accederet,
1955 3247 2118 3306 atque

2224 2034 2470 2088 suisscnt
2509 2051 2522 2087 :
2560 2033 2863 2103 Quidquid,
2910 2036 3008 2099 ait,
3077 2037 3217 2103 patri
3280 2045 3336 2089 et
3393 2035 3574 2090 bassis
3636 2035 3809 2090 visum

2223 2124 2390 2180 fuerit
2425 2127 2716 2192 imperare,
2753 2137 2930 2180 ratum
2967 2138 3106 2183 esto.
3157 2125 3266 2181 Res
3315 2127 3463 2180 enim
3521 2127 3702 2181 adhuc
3755 2127 3809 2182 in

2222 2217 2465 2288 ipsorum
2499 2229 2766 2286 potestate
2807 2229 2939 2272 sunt
2969 2228 3023 2271 et
3057 2218 3316 2271 arbitrio.
3357 2217 3634 2272 PoStridie
3665 2217 3812 2276 illius

2229 2310 2336 2361 dici
2370 2320 2588 2376 patrem
2629 2310 2861 2364 Selimes
2891 2311 3049 2375 adiit,
3081 2309 3244 2378 eique
3279 2325 3498 2363 manum
3530 2310 3812 2368 osculatus

2218 2407 2322 2452 est.
2351 2398 2488 2452 Tum
2523 2416 2648 2453 vero
2666 2416 2893 2468 surgens
2915 2410 3066 2470 pater
3093 2417 3107 2454 :
3140 2400 3370 2467 Accede,
3403 2399 3500 2464 illi,
3525 2401 3623 2462 ait.
3652 2412 3810 2472 atque

2221 2489 2325 2542 hoc
2357 2491 2479 2544 loco
2510 2491 2640 2545 sede
2675 2508 2690 2554 ;
2719 2507 3047 2545 cumrerum
3109 2491 3392 2558 dominus,
3447 2507 3538 2547 me
3594 2493 3806 2560 quidem

2220 2583 2496 2648 abdicato,
2543 2593 2596 2636 et
2634 2584 2931 2652 imperator
2959 2585 3138 2639 factus
3177 2587 3275 2641 sis.
3305 2586 3382 2639 Ad
3423 2601 3486 2641 ea
3543 2585 3798 2640 Selimes:

2221 2671 2443 2727 Minime
2480 2690 2626 2739 vero,
2658 2677 2726 2728 nti
2768 2686 2940 2744 pater.
2967 2678 3170 2745 inquit.
3231 2675 3366 2730 Nam
3421 2678 3661 2747 equidem
3694 2677 3790 2730 do-

2228 2765 2387 2826 mini,
2421 2766 2711 2834 patrisque
2763 2769 2867 2822 tnei
2895 2767 3136 2827 famulus
3161 2784 3281 2823 sunt
3325 2789 3338 2824 :
3418 2784 3519 2823 nec
3576 2767 3794 2835 amplius

2221 2858 2523 2927 quidquam
2553 2858 2710 2927 petii,
2743 2873 2908 2928 quam
2937 2871 2996 2913 ut
3021 2861 3154 2914 mihi
3177 2859 3376 2916 faciem
3429 2871 3578 2913 tuam
3612 2856 3803 2912 intueri

2221 2967 2284 3004 :tc
2311 2966 2533 3004 manum
2572 2949 2880 3004 deosculari
2909 2951 3116 3007 liceret.
3147 2951 3204 3006 Id
3229 2968 3352 3006 cum
3386 2949 3807 3021 impetraverim,

2222 3041 2360 3096 bona
2393 3056 2518 3097 cum
2554 3057 2686 3112 pace
2713 3052 2802 3096 tua
2832 3042 2987 3106 mihi,
3020 3041 3226 3097 famulo
3277 3054 3394 3108 tuo,
3458 3058 3605 3096 nunc
3663 3041 3816 3095 abire

2223 3135 2308 3192 fas
2360 3147 2499 3200 esto,
2532 3135 2684 3192 salva
2722 3135 2821 3190 tibi
2855 3151 3037 3190 rerum
3057 3135 3540 3190 administratione
3571 3149 3820 3204 prosper.

2230 3229 2388 3284 rima.
2421 3228 2686 3285 Sultanus
2718 3238 2901 3284 autem
2933 3227 3210 3298 Bajazites
3255 3226 3420 3291 :Fili,
3451 3227 3551 3290 ait,
3583 3234 3697 3280 toto
3729 3240 3824 3295 pe.

542 3337 757 3387 obviam
785 3337 832 3390 ei
860 3334 1100 3404 prodiret
1135 3334 1388 3388 sultauus
1441 3335 1706 3387 Corcutcs
1741 3330 1925 3397 frater,
1963 3328 2123 3394 equis
2151 3299 2197 3360 θ
2229 3332 2380 3378 clore
2413 3334 2576 3392 atque
2622 3326 2804 3376 animo
2865 3320 3158 3391 imperium
3208 3319 3307 3374 tibi
3373 3318 3666 3388 resignari.
3714 3316 3825 3373 Sed

540 3427 686 3484 ins-id
711 3441 870 3489 'ttles,
893 3444 1088 3481 manus
1148 3428 1249 3481 sibi
1280 3437 1473 3489 mutuo
1500 3434 1887 3494 pntrexetunl,
1918 3439 1979 3478 ac
2006 3439 2129 3494 per-

550 3534 798 3584 amauter
826 3523 916 3576 inti
942 3537 966 3576 r
992 3536 1052 3578 se
1079 3520 1333 3576 collocuti
1373 3529 1523 3576 sunt.
1557 3517 1694 3572 Hinc
1712 3517 1898 3572 urbem
1923 3517 2130 3582 ingres-

542 3633 636 3672 sus
667 3617 916 3681 Selimes,
947 3618 998 3674 in
1039 3625 1194 3686 prato
1235 3615 1533 3683 genibaxeo
1555 3612 1786 3666 tentoria
1808 3609 1944 3674 llxit,
1966 3607 2134 3681 333

545 3712 781 3773 Corcnte
811 3727 968 3766 suum
1011 3711 1062 3763 in
1103 3710 1406 3775 ltoSpitium
1466 3707 1752 3763 redeunte.
1801 3704 1940 3758 Tum
1998 3721 2130 3758 vero

543 3809 856 3878 congregati
876 3807 1156 3869 Genizari,
1177 3807 1362 3860 ili-cem
1391 3820 1455 3858 ex
1477 3804 1625 3856 omni
1653 3817 1873 3856 suorum
1903 3815 2133 3854 numero

543 3901 813 3971 delegere,
864 3917 1004 3972 quos
1033 3902 1100 3956 ad
1138 3901 1330 3955 bassas
1362 3899 1664 3967 ablegatos.
1709 3895 1892 3949 dicere
1944 3893 2132 3959 jusse-

543 4002 712 4048 runt:
741 4007 1038 4062 agnoscere
1073 4007 1132 4048 se
1156 4009 1254 4062 pro
1283 3991 1510 4046 domino
1545 4005 1646 4043 suo
1673 3988 1952 4041 sultanum
1989 3983 2132 4038 Seli-

549 4102 714 4150 tpem,
748 4084 1009 4154 Bajazitis
1041 4083 1388 4153 imperatoris
1419 4081 1610 4135 lilium.
1651 4078 1967 4146 Bajazitem,
2003 4091 2135 4144 pro-

545 4190 667 4246 pter
697 4178 978 4236 adversam
1003 4175 1392 4237 valetudinem,
1413 4172 1912 4227 etimbecillitatem
1940 4169 2131 4222 virium

547 4270 790 4340 nonjam
828 4268 1063 4338 amplius
1093 4268 1158 4320 ad
1186 4267 1323 4321 bella
1373 4266 1611 4333 gerenda
1667 4264 1887 4332 prodire
1952 4276 2132 4331 posse.

547 4363 918 4433 Quamobrem
949 4360 1326 4430 signiﬁcarent
1354 4357 1572 4414 sultano
1603 4355 1824 4426 B'ijaziti
1853 4355 2045 4420 bassm,
2076 4362 2138 4407 ut

547 4465 742 4524 sponte
797 4471 953 4511 suam
984 4471 1167 4509 rerum
1221 4451 1748 4508 adminisu'atiouem
1811 4447 1995 4501 Selimi
2078 4444 2136 4498 {i-

551 4555 622 4607 l.o
649 4551 905 4605 traderet.
933 4547 986 4604 Id
1019 4549 1123 4602 nisi
1153 4546 1326 4610 ﬁeret,
1370 4545 1424 4598 in
1456 4544 1604 4614 ipsos
1627 4557 1684 4596 se
1713 4540 2128 4595 animadversu-

2234 3432 2402 3470 unum
2434 3416 2536 3470 hoc
2567 3414 2816 3478 consulo,
2842 3430 2908 3468 ne
2939 3414 3261 3483 sanguinem
3287 3411 3572 3466 innoxium
3601 3410 3826 3476 fundas,

2235 3524 2336 3563 nec
2372 3507 2646 3562 immerito
2669 3521 3002 3576 quemquam
3053 3504 3300 3560 occidas.
3333 3502 3433 3558 Cui
3473 3503 3643 3572 patris
3687 3516 3829 3556 con-

2234 3599 2360 3652 silio
2425 3613 2548 3654 cum
2601 3597 2832 3653 Selimes
2865 3613 2925 3651 se
2984 3596 3294 3666 pariturum
3351 3596 3718 3664 promisisset,
3769 3595 3828 3649 in

2234 3692 2452 3752 hortum
2482 3707 2687 3750 novum
2720 3691 2833 3745 sive
2869 3689 3216 3754 Genibaxcn,
3247 3687 3314 3742 ad
3345 3688 3582 3743 tentoria
3631 3702 3730 3740 sua
3765 3703 3828 3741 se

2234 3783 2466 3852 recepit.
2501 3781 2801 3844 Postridie.
2833 3797 3050 3836 summo
3084 3780 3354 3844 diluculo,
3398 3795 3496 3850 pro
3561 3778 3825 3832 tribunali

2235 3875 2396 3941 sedit,
2431 3885 2485 3928 et
2517 3875 2772 3930 advocari
2833 3874 3226 3929 Geuizarorum
3277 3887 3432 3942 agam
3481 3869 3687 3942 jussit;
3726 3869 3826 3939 qui

2237 3985 2362 4024 mox
2404 3971 2675 4024 universis
2710 3985 2833 4024 cum
2861 3968 3254 4023 Genizarorum
3293 3965 3471 4034 copiis
3519 3979 3703 4018 coram
3756 3976 3829 4016 eo

2236 4078 2295 4116 se
2324 4061 2496 4117 stetit.
2527 4060 2612 4114 lbi
2645 4071 2760 4114 tum
2799 4059 3140 4130 compellatis
3200 4057 3355 4126 ipsis,
3389 4057 3622 4110 Selimes
3660 4055 3833 4108 inter-

2239 4170 2454 4223 rogare,
2491 4170 2621 4207 num
2652 4168 2713 4207 se
2741 4153 2934 4206 vellent
2988 4152 3268 4207 dominum
3320 4163 3370 4204 et
3435 4149 3830 4217 imperatorem

2240 4248 2598 4320 agnoscere?
2629 4246 2859 4307 Cunctis
2908 4246 3240 4300 unanimiter
3272 4242 3732 4306 acclamantibus,
3771 4239 3832 4294 id

2240 4344 2472 4396 omnino
2502 4358 2562 4398 se
2596 4345 2735 4397 velle
2779 4345 2980 4406 facere,
3013 4355 3138 4395 mox
3189 4339 3386 4393 iterum
3449 4337 3680 4392 Selimes
3727 4349 3834 4389 eos

2243 4436 2530 4508 appellans
2565 4455 2578 4490 :
2618 4435 2675 4491 Si
2705 4435 2852 4504 quis,
2912 4433 3014 4498 ait,
3066 4434 3213 4487 inter
3259 4445 3360 4485 vos
3393 4429 3600 4497 aliquid
3651 4427 3838 4497 culpa

2243 4529 2608 4589 commiserit,
2642 4546 2710 4582 an
2753 4545 2849 4596 per
2880 4543 2975 4582 vos
3013 4525 3147 4580 mihi
3178 4524 3383 4588 licebit,
3435 4531 3492 4576 ut
3540 4521 3690 4575 illum
3721 4535 3838 4589 pu-

551 4664 645 4703 ros
679 4657 772 4702 εει
807 4655 1066 4714 μηρία-0³
1101 4658 1197 4712 per
1220 4642 1326 4695 vim
1361 4639 1726 4694 collocatum);
1760 4634 2020 4689 Selimom
2081 4635 2134 4687 in
2173 4657 2217 4712 Β
2249 4626 2393 4677 niam
2422 4620 2683 4677 ?Lirebit
2717 4635 2869 4686 vero,
2903 4620 3242 4674 SllCCIalllalll
3271 4630 3486 4671 omnes.
3507 4613 3648 4684 Ergo
3676 4613 3843 4714 dein-

553 4746 814 4799 thronum
836 4743 1067 4810 regium.
1091 4754 1154 4792 ac
1176 4737 1458 4791 dominum
1499 4744 1552 4786 et
1571 4733 1956 4799 imperatorem
1977 4742 2138 4782 suum

553 4835 944 4888 declaraturus.
979 4831 1100 4885 ιιωε
1122 4845 1248 4884 cum
1273 4828 1460 4883 decem
1509 4825 1581 4879 illi
1621 4824 2002 4891 genizarorum
2065 4817 2142 4872 le-

555 4934 591 4980 ti
624 4927 801 4980 bassis
832 4923 1242 4994 exposuissent,
1279 4921 1453 4976 bassm
1486 4934 1610 4974 cum
1637 4917 1702 4971 iis
1764 4916 1900 4984 ipsis
1950 4912 2140 4967 decem

558 5023 690 5075 \iris
723 5021 1000 5075 sultauum
1055 5017 1344 5084 Bajazitem
1404 5013 1676 5068 adierunt.
1742 5008 1791 5068 ις
1850 5002 2144 5061 intellectis

555 5129 746 5172 eorum
779 5111 1099 5181 postulatis,
1142 5123 1307 5179 quam
1344 5106 1564 5165 cuidem
1595 5103 1688 5158 ditt
1720 5106 2002 5170 superstes
2027 5096 2146 5162 ipse

559 5209 724 5271 foret,
768 5206 1054 5277 imperium
1095 5219 1154 5258 se
1174 5201 1380 5256 nemini
1441 5197 1776 5253 traditurum
1837 5188 2144 5260 respondit.

559 5301 641 5359 Ad
663 5316 725 5355 ea
754 5312 1049 5368 supremus
1082 5294 1250 5350 vezir.
1287 5293 1601 5362 Mustaphas
1661 5288 1821 5341 bassa
1852 5299 1866 5336 :
1899 5281 2026 5335 Vale
2051 5279 2150 5348 igis

562 5414 672 5461 tur,
711 5394 910 5462 inquit,
953 5391 1251 5460 imperator
1280 5386 1540 5441 maxime.
1571 5382 1704 5436 Nam
1744 5394 1892 5442 mox,
1924 5375 2014 5429 tthi
2049 5372 2148 5427 abs

565 5502 620 5544 te
650 5488 882 5562 digressi
917 5485 1207 5547 fuerimus,
1241 5482 1410 5535 vitam
1443 5478 1495 5531 hi
1531 5476 1688 5531 nobis
1717 5471 1981 5526 adiment.
2011 5467 2149 5562 'l‘um

565 5560 815 5640 sultauus
861 5601 872 5633 :
910 5579 1194 5649 Siquidem
1223 5575 1333 5645 jam
1362 5584 1461 5625 nos
1486 5567 1720 5636 imperio
1762 5579 1870 5618 non
1923 5560 2152 5616 abdica-

564 5679 829 5735 serimus.
857 5675 952 5741 ait,
988 5688 1054 5726 an
1087 5671 1327 5723 futurum
1358 5663 1581 5733 putatis,
1636 5659 1712 5714 uti
1747 5673 1846 5712 nos
1895 5672 1924 5710 e
1974 5653 2154 5708 medio

568 5765 809 5820 tollant?
841 5764 1064 5819 Minime
1097 5775 1245 5822 vero,
1279 5755 1581 5825 subjiciunt
1602 5751 1698 5817 illi,
1731 5749 1892 5800 vitam
1923 5744 2156 5814 eripient

571 5857 670 5912 tibi
706 5873 720 5910 :
761 5859 856 5912 sed
886 5856 1102 5925 injectis
1132 5852 1285 5906 uncis
1324 5847 1656 5918 spiculorum
1719 5855 1946 5896 suorum
2007 5836 2139 5891 vesti

577 5964 708 6023 tuae,
734 5951 800 6008 de
831 5950 1028 6005 throno
1054 5943 1406 6018 imperatorio
1438 5949 1491 5998 te
1522 5941 1710 5996 dett-ah
1751 5948 1824 5992 ttt.
1861 5933 1991 6000 Quae
2024 5946 2149 5985 cum

2246 4733 2396 4783 eeps,
2429 4715 2667 4784 subjecit
2703 4713 2961 4779 Selimes,
3006 4713 3298 4782 imperium
3327 4725 3509 4764 meum
3571 4706 3843 4777 auspica-

2245 4808 2363 4863 bor.
2399 4807 2697 4871 Postridie,
2730 4822 2856 4860 cum
2886 4805 3183 4870 illuxisset,
3220 4802 3416 4857 eodem
3473 4801 3528 4854 in
3580 4800 3700 4853 loco
3732 4813 3845 4868 pro

2249 4900 2507 4959 tribunali
2549 4896 2822 4962 consedit,
2855 4896 3132 4950 veziribus
3157 4904 3209 4949 et
3235 4893 3412 4948 bassis
3441 4891 3701 4945 omnibus
3726 4888 3846 4942 huc

2249 4999 2316 5058 ad
2360 4996 2534 5064 ipsum
2567 4991 3050 5050 convenientibus.
3082 4987 3180 5042 Illo
3203 4987 3294 5041 die
3347 4983 3643 5056 quemdam
3683 4983 3850 5048 geni-

2251 5104 2466 5156 zarutn,
2498 5087 2837 5157 quiauream
2886 5083 2942 5137 iu
2995 5084 3180 5152 capite
3233 5077 3478 5150 gestabat
3531 5074 3838 5136 uscul‘tam,

2251 5186 2366 5239 sive
2403 5175 3044 5252 pileutn,comprebcndi
3097 5174 3288 5243 jUSsll,
3342 5179 3396 5224 et
3460 5168 3528 5222 ad
3583 5169 3850 5222 arborem

2253 5273 2549 5344 Suspendi:
2579 5273 2814 5341 quodam
2839 5268 3006 5322 etiam
3039 5269 3107 5320 de
3162 5261 3539 5318 Uloleziorutn
3604 5274 3855 5314 numero

2254 5372 2435 5436 capite
2463 5374 2741 5424 truncato.
2765 5360 3068 5416 Cenizarus
3093 5358 3183 5412 ille
3218 5363 3508 5425 propterea
3535 5351 3856 5420 suspendio

2257 5460 2508 5518 sublatus
2541 5473 2570 5512 e
2609 5455 2789 5511 medio
2807 5453 2936 5515 fuit,
2965 5451 3114 5521 quod
3149 5448 3349 5505 sultani
3407 5443 3688 5500 Achmetis
3755 5457 3853 5497 so-

2257 5569 2351 5614 cer
2382 5559 2558 5606 esset.
2592 5547 2706 5603 iloc
2758 5544 2920 5600 modo
2977 5559 3101 5598 cum
3153 5541 3255 5595 sibi
3301 5537 3554 5594 sultauus
3607 5534 3862 5588 Selimes

2257 5643 2547 5712 imperium
2577 5638 2981 5700 constituisset,
3009 5633 3275 5688 Corcutcs
3298 5640 3598 5684 conscensa
3623 5626 3867 5678 trireme

2258 5735 2579 5795 Mauissatn,
2626 5730 2890 5784 ditionem
2951 5741 3132 5790 suam,
3193 5721 3430 5792 repetiit.
3477 5715 3596 5771 Non
3650 5718 3867 5770 multis

2261 5828 2458 5885 diebus
2491 5819 2821 5892 iuterjcctis,
2873 5811 3354 5882 Constantinopoli
3399 5805 3690 5863 discedens
3739 5803 3872 5858 15a-

2259 5921 2478 5992 jazites,
2510 5915 2849 5978 Dimotucum
2888 5909 3040 5966 abire
3061 5905 3353 5975 cogitabat.
3384 5903 3522 5959 Eum
3581 5901 3870 5964 sultauus
