4126 6430
352 419 469 487 6Ξ9

1627 429 1980 491 ANNALES
2012 434 2355 495 TURCICI.

3516 446 3623 510 60

352 534 588 591 Selimes
632 541 787 591 extra
845 545 1054 607 portam
1106 535 1715 612 lladrianopolitanam.
1773 543 1935 601 ollicii
1962 548 2014 610 Α
2039 543 2229 603 Tantis
2259 565 2382 606 cum
2416 549 2591 622 copiis
2643 551 2696 607 in
2733 548 3009 608 Parthiam
3041 554 3346 624 profectus,
3398 571 3621 613 manum

352 640 547 692 causa,
577 642 701 682 cum
735 627 1045 686 deduceret.
1079 630 1350 703 Bajazites
1386 650 1418 691 e
1472 650 1639 692 curru
1672 651 1795 693 cum
1823 636 1935 692 tilio

357 718 699 789 colloquens,
733 720 800 776 de
822 723 1005 779 multis
1036 739 1161 779 eum
1214 727 1379 783 rebus
1439 727 1749 785 admonuit.
1806 729 1935 786 inde

362 824 552 867 mutuo
585 813 685 868 sibi
716 822 867 880 pater
897 825 1063 885 atque
1098 817 1244 873 ﬁlius
1263 820 1592 876 valedixere.
1628 820 1734 877 Sed
1781 819 1938 893 Baja-

362 903 495 958 zites
523 905 620 958 boe
649 904 843 960 itinere
871 907 1086 965 delatus
1114 911 1168 964 in
1233 913 1413 966 vicum
1472 913 1789 984 quemdam,
1846 915 1933 971 cui

361 1008 554 1048 nomen
594 994 832 1066 Chapse,
857 999 1026 1054 vitam
1057 1016 1180 1055 cum
1216 1012 1392 1059 morte
1418 1006 1801 1063 commutavit.
1831 1004 1937 1062 Rc-

359 1094 543 1142 vcctus
571 1097 753 1143 autem
789 1106 818 1144 a
851 1093 969 1147 suis
1001 1091 1568 1165 Constantinopolim,
1625 1100 1681 1154 in
1709 1101 1935 1170 templo,

352 1180 494 1249 quod
531 1181 645 1248 ipse
668 1191 1085 1246 construxerat,
1125 1188 1385 1243 conditus
1419 1188 1543 1245 fuit.

428 1270 743 1327 Secundum
770 1274 886 1329 [nec
933 1277 1213 1345 profectus
1264 1289 1346 1335 est
1398 1281 1648 1340 sultanus
1705 1282 1937 1341 Selimes

353 1364 623 1420 universis
654 1380 780 1420 cum
809 1369 984 1439 copiis
1017 1372 1072 1424 in
1127 1373 1470 1438 Anatoliarn,
1532 1391 1769 1445 cumque
1820 1378 1935 1449 jam

352 1458 695 1525 pervenisset
715 1458 1005 1529 Engurtm,
1039 1462 1238 1518 fratrer
1269 1463 1408 1533 ejus,
1435 1468 1688 1524 sultanus
1705 1469 1940 1526 Aclnne-

352 1561 456 1615 tes,
493 1551 561 1605 ad
595 1552 731 1608 lines
757 1554 1025 1610 Arabicos
1066 1555 1331 1629 profugit.
1361 1558 1517 1627 Quod
1588 1562 1681 1619 ubi
1708 1564 1945 1621 Selimes

349 1645 672 1712 accepisset,
704 1647 902 1703 itinere
931 1659 1166 1717 mutato,
1206 1650 1438 1710 Prusam
1476 1656 1642 1712 rediit
1680 1674 1698 1712 :
1751 1658 1940 1729 ibique

350 1737 697 1808 Mustapham
734 1740 978 1808 hassam,
1010 1759 1133 1799 cum
1163 1744 1377 1815 aliquot
1440 1745 1672 1804 fratrum
1707 1765 1938 1807 suorum

352 1829 506 1893 ﬁliis,
546 1832 880 1903 strangulari
903 1836 1142 1891 curavit.
1204 1837 1334 1895 lnde
1385 1839 1680 1898 Manissam
1706 1821 1939 1899 .coutra

2039 655 2163 696 cum
2194 640 2409 696 lsmaile
2436 644 2640 701 scacho
2669 659 2962 703 conserere
3001 648 3261 704 decrevit.
3284 646 3465 704 lsmail
3492 664 3622 704 vero

2038 733 2240 788 sultani
2308 733 2527 793 Selimis
2593 738 2845 795 instituto
2907 740 3149 809 cognito,
3212 755 3340 799 cum
3403 739 3625 799 Parthis

2038 825 2153 880 suis
2208 837 2262 881 et
2313 828 2428 897 ipse
2488 829 2630 885 bosu
2689 832 2906 887 obviam
2967 832 3225 902 prodiit;
3273 848 3339 889 ac
3403 833 3623 889 tandem

2037 920 2349 988 congressis
2411 923 2464 976 in
2528 923 2757 993 planitie
2815 926 3073 995 quadam,
3139 942 3261 997 qua:
3320 925 3625 982 Zalderana

2040 1009 2264 1076 dicitur,
2331 1015 2615 1086 utriusque
2667 1017 2837 1086 partis
2895 1019 3253 1083 esercitibus.
3301 1034 3333 1075 a
3381 1018 3626 1075 diluculo

2040 1102 2107 1157 ad
2138 1107 2631 1170 postmeridianum
2667 1126 2842 1185 usque
2875 1119 3089 1182 tempus
3116 1112 3431 1167 dimicatum
3481 1111 3627 1166 inter

2040 1209 2136 1251 eos
2163 1196 2284 1254 fuit.
2324 1197 2557 1254 lsmailis
2588 1203 2773 1257 scaclii
2801 1217 3093 1272 supremus
3116 1203 3240 1259 belli
3272 1204 3409 1269 dux,
3463 1203 3628 1262 Ustao

2045 1288 2215 1345 zelvis
2274 1292 2419 1348 filius
2454 1336 2471 1360 ,
2533 1296 2821 1351 Auatolico
2900 1298 3060 1353 militi
3122 1299 3414 1368 Oppositus
3470 1308 3634 1361 erat;

2042 1377 2324 1439 Romaniae
2350 1384 2540 1454 copias
2585 1385 2821 1455 ipsemet
2849 1389 3084 1444 scachus
3142 1389 3327 1448 lsmail
3382 1389 3487 1447 sibi
3535 1391 3633 1445 de-

2043 1472 2328 1531 bellandas
2390 1486 2717 1548 sumpserat.
2774 1477 2880 1536 Sed
2941 1481 3209 1538 Anatolite
3272 1481 3632 1553 heglerbegus

2042 1568 2180 1623 adeo
2212 1566 2427 1623 fortiter
2452 1570 2597 1626 hosti
2643 1572 2866 1639 restitit,
2919 1583 2979 1629 ut
3045 1574 3263 1631 tandem
3316 1573 3635 1631 Ustazelses

2042 1660 2407 1717 occideretur.
2446 1662 2526 1720 Ah
2567 1664 2736 1720 altero
2766 1681 2986 1737 quoque
3040 1667 3176 1724 aciei
3226 1667 3395 1724 latere
3419 1684 3632 1739 pugna-

2045 1758 2159 1807 tum
2220 1755 2478 1826 utrinque
2522 1762 2768 1826 strenue,
2805 1759 2980 1815 donec
3013 1760 3081 1815 ad
3129 1767 3440 1817 extremum
3489 1761 3633 1816 Cha-

2046 1858 2210 1901 sanes
2241 1846 2426 1915 bassa,
2480 1847 2765 1906 Romaniae
2814 1852 3194 1923 beglerbegus,
3242 1853 3630 1908 occumberet:

352 1925 903 1992 fratrem,sultanum
932 1929 1254 2001 Corcutem,
1291 1934 1457 1992 movit
1501 1954 1519 1993 :
1578 1934 1677 1993 sed
1728 1938 1777 1995 is
1836 1938 1938 1996 Te-
1971 1906 2019 1967 Β
2045 1906 2423 1996 Nihilominus
2460 1937 2676 1998 Thures
2726 1943 2840 2000 Alis
2884 1906 3114 2015 "begins",
3166 1906 3414 2001 ἀίεις-οιίί
3464 1945 3633 2009 filius,

349 2015 592 2072 kiensem
633 2018 689 2074 in
726 2022 1064 2091 provinciam
1097 2025 1233 2080 abiit
1272 2043 1287 2083 :
1346 2043 1457 2098 quo
1516 2033 1758 2101 cognito,
1829 2034 1941 2105 pri-

352 2112 913 2182 mumejanitoribus
949 2117 1086 2179 suis.
1143 2134 1311 2188 quem
1364 2121 1610 2178 Azemim
1663 2122 1937 2182 Casanam

350 2211 524 2271 Agam
548 2209 837 2275 vocabant,
872 2207 1097 2265 fratrem
1124 2225 1153 2266 a
1187 2220 1342 2285 tergo
1365 2217 1621 2286 persequi
1649 2215 1842 2287 jussit.
1888 2218 1943 2275 Is

356 2296 603 2353 adhibita
631 2300 915 2373 diligentia
947 2305 1208 2372 maxima,
1254 2307 1471 2363 tandem
1498 2309 1648 2364 illum
1683 2310 1737 2365 in
1768 2327 1941 2381 specu

357 2395 596 2460 quodam
624 2393 1004 2465 deprehendit,
1036 2406 1090 2452 et
1113 2399 1259 2468 cepit
1290 2412 1305 2454 :
1332 2400 1558 2471 jamque
1623 2412 1845 2472 captum
1873 2403 1940 2460 ad

356 2484 548 2541 herum
570 2503 730 2542 suum
752 2488 1008 2544 Selimem
1045 2491 1557 2560 adducens,obvios
1588 2495 1780 2551 habuit
1805 2514 1943 2552 nun-

352 2582 480 2638 tios.
508 2579 650 2650 apud
701 2580 962 2650 oppidum
1012 2581 1181 2654 339
1217 2581 1496 2655 Egrigos:
1562 2585 1653 2640 ubi
1705 2603 1825 2640 inus
1876 2588 1945 2643 de

351 2671 611 2725 mandato
644 2669 869 2727 Selimis
894 2671 1166 2729 Corcutes
1186 2674 1591 2745 strangulatus,
1623 2686 1676 2731 et
1706 2678 1947 2732 cadaver

348 2767 467 2838 ejus
497 2768 729 2824 Prusam
768 2778 1009 2837 vectum,
1043 2769 1245 2827 ibidem
1307 2782 1665 2829 monumento
1693 2771 1798 2829 fuit
1830 2774 1947 2828 illa-

350 2872 489 2916 tum.

422 2956 563 3011 Cum
625 2964 805 3012 autem
869 2957 1122 3014 sultanus
1187 2958 1422 3016 Selimes
1483 2960 1647 3017 etiam
1712 2961 1945 3017 alterum

350 3046 581 3102 fratrem
629 3063 812 3115 suum,
879 3049 1155 3105 sultanum
1205 3050 1546 3117 Achmetem,
1615 3067 1951 3123 magnopere

347 3151 574 3213 cuperet
601 3143 653 3197 in
707 3150 1033 3213 potestatem
1090 3142 1412 3215 redactum,
1455 3152 1575 3200 astu
1612 3145 1946 3214 excogitato,

2044 2042 2156 2082 una
2180 2043 2304 2083 cum
2330 2028 2499 2086 fratre
2527 2047 2653 2099 suo,
2680 2042 2789 2089 tam
2816 2036 3014 2091 acriter
3046 2037 3148 2092 hoc
3184 2037 3373 2105 pretio
3401 2052 3460 2093 se
3506 2052 3634 2106 ges-

2046 2119 2140 2184 sit,
2195 2131 2255 2176 ut
2300 2122 2552 2183 hostibus
2614 2125 2883 2197 disjectis,
2931 2129 2998 2183 ad
3047 2127 3277 2185 lsmaltis
3325 2129 3632 2187 scachive-

2044 2210 2235 2267 silium
2260 2213 2581 2283 primarium
2636 2227 2943 2288 penetraret
2965 2259 2980 2284 ,
3016 2220 3229 2289 ipsique
3283 2221 3485 2274 scacho
3517 2219 3637 2273 vnl-

2045 2321 2150 2361 nus
2186 2306 2476 2378 inlligeret.
2508 2309 2705 2364 Verum
2734 2326 2763 2364 a
2791 2312 2978 2367 scaclii
3029 2312 3355 2369 satellitibus
3400 2322 3631 2382 uterque

2047 2409 2320 2456 mactatus
2345 2402 2565 2459 cecidit.
2594 2401 2709 2460 Sub
2743 2404 2950 2459 exitum
3004 2405 3110 2459 diei
3142 2403 3318 2460 fessus
3359 2405 3471 2474 jam
3508 2419 3632 2458 cum

2048 2494 2166 2548 suis
2187 2494 2488 2563 praaliando
2519 2495 2774 2562 scachus,
2807 2497 2952 2552 hosti
2983 2498 3171 2560 cessit.
3199 2508 3254 2553 et
3277 2497 3458 2567 fugam
3495 2498 3633 2551 ani.

2049 2584 2473 2654 puitzordaque
2502 2601 2625 2651 sua,
2660 2602 2784 2642 cum
2849 2588 3109 2644 omnibus
3156 2589 3320 2645 rebus
3376 2604 3496 2657 qua:
3546 2588 3635 2643 illa

2049 2675 2498 2743 continebantur,
2528 2679 2701 2734 hostis
2750 2678 2981 2735 arbitrio
3031 2680 3244 2743 relicta,
3323 2680 3636 2737 'l‘ebrisium

2052 2786 2112 2826 se
2138 2770 2364 2838 recepit.
2398 2768 2584 2838 itaque
2612 2769 2807 2828 Turcis
2842 2773 2975 2828 orda
2999 2772 3225 2827 schachi
3254 2772 3449 2843 prmdae
3508 2769 3635 2835 fuit,

2052 2862 2144 2930 qui
2174 2863 2337 2916 etiam
2370 2863 2422 2916 in
2455 2878 2517 2916 ea
2590 2874 2853 2934 ceperunt
2905 2879 3070 2919 unam
3105 2864 3172 2918 de
3228 2862 3411 2919 scacbi
3448 2862 3636 2918 uxori-

2056 2954 2181 3021 bus,
2212 2968 2337 3007 cum
2397 2963 2610 3009 cmterae
2672 2954 2957 3020 mulieres,
3017 2969 3141 3024 quae
3211 2954 3399 3027 illis__in
3440 2954 3641 3010 castris

2054 3044 2292 3110 fuerant,
2322 3046 2531 3116 pedites
2576 3061 2704 3103 cum
2763 3046 2979 3116 reiiquo
3021 3047 3347 3103 Parthorum
3392 3047 3639 3103 exercitu

2055 3135 2364 3194 Tebrisium
2392 3138 2675 3199 abiissent.
2710 3138 2957 3196 Scacltue
2980 3150 3188 3201 autem,
3224 3139 3415 3193 relicto
3441 3138 3638 3193 Tebriv

345 3236 635 3290 bassarum
667 3243 721 3290 et
773 3234 1153 3304 genizarorum
1194 3235 1418 3295 nomine
1473 3235 1682 3291 litteras
1727 3238 1795 3292 ad
1822 3254 1942 3292 eum

2056 3230 2160 3294 sio,
2189 3244 2311 3284 cum
2355 3244 2467 3285 non
2517 3245 2707 3300 magna
2765 3245 2991 3287 suorum
3026 3245 3193 3287 manu
3246 3228 3545 3285 Su’taniam
3579 3246 3641 3285 se

348 3326 615 3396 perscribi
638 3326 829 3397 jussit,
865 3341 1101 3394 quarum
1130 3327 1436 3384 litterarum
1465 3328 1580 3384 liaee
1636 3339 1754 3385 erat
1790 3346 1941 3386 sum-

356 3439 445 3476 ma
473 3443 489 3478 :
517 3425 806 3478 Sultanum
850 3422 1107 3481 Selimem
1145 3425 1443 3480 crudeliter
1478 3424 1533 3489 in
1566 3425 1810 3480 omnium
1839 3439 1941 3480 επ,

348 3518 485 3571 τίη-
511 3516 701 3571 vitam.
730 3516 809 3573 Ea
833 3516 899 3573 de
951 3532 1118 3573 causa
1153 3532 1213 3574 se
1236 3516 1350 3588 jam
1388 3525 1652 3585 pertaesos
1685 3532 1808 3573 esse
1840 3535 1943 3589 pu-

358 3608 604 3664 milionis
662 3609 839 3666 istius.
903 3607 1153 3669 Prodiret
1190 3610 1371 3671 modo
1402 3609 1720 3674 Achmet‘es.
1787 3628 1851 3668 ac
1885 3629 1944 3669 se

354 3703 803 3771 conspiciendum
838 3705 1123 3774 praeberet,
1161 3719 1285 3758 mox
1324 3704 1371 3760 ei
1425 3713 1642 3775 captum
1681 3703 1939 3761 Selimem

350 3796 680 3857 tradituros,
750 3795 880 3852 Data
948 3812 1082 3852 vero
1145 3794 1245 3850 fuit
1298 3812 1488 3867 opera,
1557 3806 1618 3853 ut
1672 3798 1941 3868 ejusmodi

350 3895 664 3946 litterarum
696 3889 944 3959 exempla
973 3888 1045 3951 5Q
1075 3888 1155 3943 vel
1185 3887 1504 3949 60_su|tano
1531 3890 1781 3955 Acbmeti
1820 3891 1943 3946 red-

351 3985 633 4038 derentur.
701 3981 890 4050 Itaque
952 3995 1184 4045 numero
1262 3979 1570 4037 litterarum
1634 3982 1940 4053 deceptus,

355 4076 512 4126 tidem
541 4072 621 4128 eis
676 4064 891 4136 habuit,
939 4081 995 4127 et
1027 4088 1153 4129 cum
1224 4075 1398 4129 milite
1459 4074 1770 4137 Caramano
1826 4078 1943 4134 suis

350 4181 382 4216 e
406 4163 627 4218 latebris
655 4164 707 4218 in
736 4173 987 4234 apertum
1023 4165 1246 4236 prodiit.
1284 4168 1568 4237 Quotquot
1602 4177 1762 4225 erant
1816 4184 1942 4224 cum

350 4272 418 4308 eo
454 4271 726 4324 proceres,
778 4258 921 4312 hanc
960 4255 1352 4327 profectionem
1417 4260 1834 4330 dissuadebam,
1891 4270 1959 4318 et.

352 4348 596 4401 futurum
658 4349 879 4405 aiebant
936 4357 994 4406 ut
1059 4351 1569 4411 circumveniretur.
1631 4355 1740 4413 Sed
1800 4356 1942 4429 ipse,

350 4439 551 4495 litteris
576 4441 685 4496 illis
706 4442 962 4498 exhibitis
983 4459 1047 4499 ac
1072 4444 1361 4514 perlectis:
1388 4445 1610 4511 Demus.
1634 4448 1731 4511 ait.
1763 4464 1949 4505 exem-

352 4531 439 4599 pla
467 4530 656 4602 viginti
682 4532 874 4588 harum
904 4533 1215 4590 litterarum
1263 4550 1386 4591 esse
1420 4534 1557 4591 falsa
1582 4546 1638 4592 et
1666 4552 1944 4593 commen-

2050 3321 2303 3378 contulit.
2362 3321 2570 3379 Interea
2624 3322 2936 3379 Tebrisium
2987 3338 3311 3395 progressus
3375 3321 3633 3387 Selimes,

2046 3431 2240 3471 omnes
2288 3415 2440 3477 urbis
2491 3416 2751 3480 artifices,
2776 3432 2968 3477 omnes
2989 3417 3222 3474 eximios
3250 3415 3473 3486 opifices
3528 3420 3641 3471 col-

2046 3509 2245 3574 lectos,
2299 3508 2834 3577 Constantinopolim
2889 3510 3056 3566 misit.
3100 3509 3353 3580 Cumque
3384 3509 3476 3563 illa
3516 3507 3639 3565 hie-

2047 3617 2138 3658 me
2168 3602 2435 3672 cogitaret
2462 3603 2516 3656 in
2544 3602 2793 3658 hibernis
2839 3602 2906 3657 ad
2959 3600 3303 3672 Carabagum
3366 3601 3626 3659 subsiste-

2047 3711 2132 3760 re,
2164 3711 2275 3750 non
2304 3694 2408 3750 hoc
2436 3710 2560 3749 eum
2590 3694 3015 3757 .tumultuantcs
3070 3693 3254 3748 facere
3287 3695 3428 3762 passi
3486 3693 3638 3748 tuere

2048 3787 2311 3859 genizari.
2346 3788 2687 3857 Quapropter
2744 3786 3029 3842 Amasiam
3087 3786 3316 3841 reducto
3370 3786 3634 3848 exercitu,

2048 3880 2250 3936 ibidem
2286 3878 2610 3945 bibcmavit,
2657 3884 2761 3935 sub
2798 3879 3012 3935 initium
3039 3878 3246 3932 mstatis
3301 3878 3634 3932 Camacbum

2048 3977 2350 4047 profectus,
2372 3992 2490 4031 eam
2519 3976 2797 4032 civitatem
2852 3973 3159 4044 occupavit.
3193 3973 3417 4029 Interim
3476 3973 3634 4027 Sium

2050 4084 2175 4124 nem
2205 4070 2420 4124 bassam
2458 4068 2774 4123 eunuchum
2806 4067 2860 4122 in
2903 4049 3357 4137 Dtilgadircusem
3416 4065 3634 4133 provin-

2049 4165 2189 4218 ciam
2218 4161 2511 4232 ablegavit,
2546 4161 2641 4231 qui
2688 4162 2881 4216 duccm
2934 4159 3058 4230 ejus
3111 4160 3350 4229 regionis
3402 4158 3637 4212 Aladcu-

2049 4256 2155 4311 lem
2190 4256 2331 4311 bello
2361 4256 2662 4311 invaderet.
2694 4254 2742 4310 ls
2766 4252 3115 4323 Dulgadirem
3149 4254 3448 4322 ingressus,
3502 4252 3635 4307 Ala-

2049 4351 2266 4408 deulem
2293 4350 2520 4409 minime
2550 4353 2898 4409 resistentem
2923 4351 3066 4418 cepit
3102 4358 3156 4402 et
3183 4349 3361 4418 capite
3411 4355 3635 4403 trunca—

2050 4447 2148 4510 vit,
2203 4459 2519 4516 quanquam
2588 4443 2699 4507 alii_
2746 4443 2964 4499 tradant
3012 4443 3313 4511 suspendio
3374 4453 3629 4496 necatum

2054 4540 2243 4594 fuisse.
2276 4537 2545 4599 Ditionem
2596 4552 2727 4592 vero
2788 4536 3040 4603 sultanus
3088 4535 3319 4589 Selimes
3364 4534 3449 4589 Ali
3504 4534 3639 4603 brgo

352 4624 511 4685 titia;
565 4640 692 4678 num
736 4624 877 4680 idem
928 4626 996 4682 de
1046 4627 1259 4683 ceteris
1315 4643 1532 4699 quoque
1592 4631 1935 4699 pronuntiari
1973 4644 2016 4699 ι)
2044 4631 2338 4696 concessit,
2369 4630 2558 4698 quid
2589 4627 2867 4682 Aladeulis
2901 4626 3065 4685 fratre
3091 4635 3251 4685 natus
3280 4636 3418 4681 erat.

347 4716 601 4784 oportet?
632 4716 825 4787 Itaque
880 4733 1037 4775 suam
1092 4727 1318 4776 secutus
1372 4721 1711 4791 opinionem,
1756 4723 1942 4793 c0pias

351 4811 405 4863 in
446 4808 672 4864 fratrem
694 4809 873 4865 duxit.
900 4809 1037 4866 Cum
1073 4811 1125 4866 iu
1158 4812 1444 4881 planitiem
1482 4804 1825 4884 pervenisset
1870 4816 1940 4870 ad

348 4900 632 4968 Neapolim
662 4900 1023 4970 Caramaniaa,
1079 4905 1150 4960 ab
1179 4906 1423 4960 exercitu
1456 4905 1659 4961 sultani
1718 4905 1943 4963 Selimis

351 4996 606 5060 obrutus,
644 5012 834 5065 tetrum
874 5013 1005 5053 cum
1056 4999 1170 5053 suis
1200 5005 1424 5056 strenue
1463 5014 1575 5053 rem
1626 4999 1826 5069 gessit:
1880 5015 1945 5058 ac

352 5090 553 5151 victus,
598 5087 737 5158 fuga:
770 5105 830 5145 se
882 5090 1068 5147 dedit:
1112 5094 1163 5145 in
1196 5107 1301 5159 qua
1330 5091 1454 5160 fuga
1488 5098 1683 5160 captus
1714 5092 1944 5146 Acbme-

349 5195 458 5244 tes,
490 5191 544 5234 et
584 5176 959 5252 strangulatus
989 5182 1113 5239 fuit.
1150 5183 1416 5241 Esstincti
1446 5185 1682 5240 cadaver
1714 5184 1940 5239 l'rusam

347 5277 726 5341 deportatum,
751 5285 804 5330 et
830 5277 1027 5333 ibidem
1052 5279 1108 5331 in
1133 5286 1490 5335 monumento
1514 5279 1608 5333 luit
1634 5279 1943 5334 conditum.

351 5366 479 5420 lianc
503 5378 683 5421 autem
728 5370 1045 5445 acciderunt
1071 5386 1214 5424 anno
1251 5371 1356 5426 920
1383 5372 1534 5440 (Chr.
1564 5371 1747 5442 1515).

428 5457 692 5513 Sullanus
714 5478 843 5530 ergo
879 5462 1111 5517 Selimes
1161 5465 1273 5532 jam
1312 5465 1463 5520 solus
1498 5462 1730 5533 imperio
1793 5475 1944 5522 trau-

353 5549 526 5617 quillo
550 5552 770 5618 pomus,
797 5553 858 5608 ad
893 5553 1093 5608 bellum
1127 5556 1422 5623 gerendum
1478 5557 1737 5610 adversus
1774 5556 1945 5611 Isma-

358 5643 507 5703 ilem.
534 5644 792 5699 schacum
821 5643 1174 5710 Parthorum,
1202 5662 1260 5701 se
1289 5647 1625 5716 comparavit
1650 5665 1663 5702 :
1715 5655 1769 5702 et
1815 5663 1947 5704 cur-

358 5735 509 5790 ribus
550 5738 616 5789 ad
648 5739 890 5794 vehenda
932 5747 1223 5801 tormenta.
1285 5739 1605 5811 exterisque
1659 5740 1822 5795 rebus
1852 5756 1947 5796 ne-

359 5829 598 5883 r-essaris
636 5828 961 5895 instructus,
984 5846 1177 5886 omnes
1205 5846 1339 5887 suos
1360 5832 1660 5891 .exercitus
1706 5832 1947 5903 collegit,

358 5919 418 5974 in
452 5921 652 5991 quibus
677 5933 835 5980 erant
869 5923 1154 5982 hominum
1219 5922 1288 5981 ad
1320 5923 1716 5999 quadringenta
1749 5924 1942 5984 millia.

2123 4722 2240 4778 lloc
2277 4730 2530 4791 tempore
2579 4718 2834 4782 Genizari
2889 4732 3112 4788 magnas
3154 4716 3389 4771 Amasis:
3447 4717 3638 4772 turbas

2046 4818 2377 4878 excitavere,
2407 4829 2530 4869 cum
2560 4813 2613 4869 in
2667 4812 2810 4867 Piris
2861 4810 3035 4867 bassat
3065 4818 3245 4863 castra
3292 4825 3385 4878 per
3415 4810 3640 4863 seditio-

2047 4923 2170 4973 nem
2203 4909 2495 4971 irruerent.
2542 4908 2666 4961 Erat
2708 4916 2822 4969 tum
2858 4904 3055 4959 sultani
3105 4902 3325 4956 Sclimis
3357 4904 3633 4957 veziruze-

2049 5015 2188 5063 mes,
2218 5001 2506 5054 Acltmetcs
2551 4999 2732 5063 linsza,
2773 4997 3038 5065 Ducagini
3069 4996 3244 5050 lilius:
3281 4981 3441 5072 quem
3496 4996 3637 5051 Seli-

2049 5108 2161 5146 mes
2201 5090 2432 5151 interfici
2494 5092 2683 5159 jussit,
2737 5091 2932 5145 collata
2980 5089 3032 5143 in
3065 5104 3192 5145 eum
3250 5092 3430 5157 culpa,
3494 5092 3637 5158 quod

2050 5183 2279 5253 hujusce
2312 5183 2693 5251 geuizarorum
2725 5182 3012 5255 seditionis
3043 5192 3099 5235 et
3153 5182 3407 5236 conscius
3443 5187 3496 5233 et
3545 5196 3641 5236 au-

2049 5288 2170 5331 ctor
2203 5278 2524 5333 exstitisset.
2580 5273 2717 5334 illnc
2775 5275 2991 5329 Amasia
3044 5275 3338 5329 discedens
3386 5272 3637 5336 Selimes,

2049 5368 2584 5438 Constantinopolim
2616 5368 2784 5423 abiit:
2812 5368 2901 5422 ubi
2922 5383 3181 5437 generum
3208 5382 3389 5428 suum,
3420 5366 3640 5420 lsclien-

2049 5459 2234 5516 dercm
2290 5461 2673 5525 bassam,una
2723 5476 2848 5514 cum
2908 5458 3176 5514 Tazisade
3231 5459 3637 5522 Cadilesrheru,

2049 5565 2105 5607 et
2167 5554 2281 5610 Bali
2341 5553 2509 5610 Geme
2566 5553 2816 5623 Seguane
2872 5554 3057 5617 bassa,
3111 5553 3383 5621 supplicio
3446 5554 3642 5623 capitis

2049 5644 2266 5709 affecit;
2326 5644 2471 5717 quod
2520 5644 2669 5715 ipsos
2702 5648 2866 5699 etiam
2905 5646 3112 5700 diceret
3160 5645 3439 5699 Amasiani
3492 5646 3644 5714 geni-

2050 5753 2306 5793 zarorum
2366 5737 2631 5793 tumultus
2686 5748 2941 5794 auctores
3016 5737 3207 5794 fuisse.
3276 5736 3640 5808 Contigerunt

2050 5832 2166 5888 harc
2191 5848 2339 5888 anno
2365 5831 2465 5888 921
2500 5832 2649 5891 (Chr.
2679 5833 2866 5902 l5“).

2125 5924 2436 5982 Secundum
2465 5925 2580 5984 haec
2605 5926 2850 5985 collectis
2901 5923 3138 5983 Selimes
3162 5924 3418 5981 omnibus
3464 5920 3636 5991 copiis
