4126 6446
488 373 592 438 6?)

1773 374 2125 437 ANNALES
2160 376 2488 437 TURCICI.

3642 370 3757 434 632

491 491 629 548 suis.
669 488 1138 556 Cnnstan'inopoii
1171 490 1451 559 tronsjccit
1479 491 1529 546 in
1559 492 1892 556 Anatolium,
1940 507 2062 544 cum
2095 494 2142 550 Α
2172 511 2292 545 reos
2347 491 2630 544 trucidari.
2688 486 2998 544 Secundum
3061 486 3174 540 lucc
3231 485 3308 540 Cu
3335 486 3757 540 lsimul:arecum

493 585 721 637 alteram
751 599 808 638 sc
841 592 1028 635 contra
1063 582 1295 637 Parthos
1318 585 1720 652 etpeditionem
1752 584 2066 638 moliturum

494 672 792 727 simularet.
828 671 901 726 De
933 672 1033 728 hac
1083 673 1303 729 Selimis
1347 674 1685 743 profectione
1735 675 1941 729 certior
1984 674 2069 727 ia-

493 773 616 821 ctus
641 763 919 819 Cansaves
956 765 1176 826 Gauris.
1223 767 1472 821 suitanus
1526 766 1749 832 Alcairi,
1801 766 2070 820 maximo-

497 871 625 925 pere
647 871 769 910 cum
794 856 910 912 suis
954 858 1274 927 procerlbus
1317 868 1368 912 et
1419 857 1734 912 Mamelucis
1786 857 2068 927 perturba-

494 960 604 1014 tus,
629 949 832 1003 coactis
861 949 1127 1005 militibus
1148 952 1287 1015 suis,
1314 959 1560 1005 armatus
1580 949 1877 1019 Chalcpum
1915 949 2069 1004 adiit.

491 1040 609 1105 Qua
643 1056 701 1095 re
725 1043 943 1096 sultano
974 1041 1162 1098 Selimi
1195 1043 1468 1108 nuntiata,
1497 1044 1666 1098 misso
1697 1043 1892 1097 itinere
1938 1041 2067 1095 Par-

492 1135 661 1200 thico,
685 1133 738 1187 in
769 1134 1046 1190 sultanum
1095 1134 1466 1192 Alcairensem
1515 1136 1702 1190 movit.
1766 1133 1898 1202 Ejus
1945 1150 2068 1188 cum

496 1225 630 1280 lines
688 1226 981 1297 attigisset,
1037 1243 1101 1283 ac
1149 1229 1423 1283 sultanum
1480 1228 1621 1282 haud
1681 1227 1910 1298 impigre
1965 1225 2070 1280 sil-i

491 1327 867 1372 occurrentem
900 1321 1265 1388 conspiceret,
1342 1320 1493 1389 gravi
1561 1334 1684 1374 cum
1748 1334 1813 1373 eo
1883 1318 2072 1384 praelio

493 1407 758 1474 conﬂixit,
823 1409 878 1464 in
932 1426 1043 1480 quo
1080 1411 1332 1466 sultanus
1385 1412 1502 1481 ipse
1553 1411 1830 1466 Cansaves
1875 1409 2072 1464 Gnuris

493 1513 666 1556 mus
697 1500 818 1567 fuit,
844 1503 1076 1574 ejusque
1103 1505 1273 1574 copiae
1295 1504 1573 1573 dissipatae
1606 1503 1770 1577 340
1794 1503 2068 1573 fugerunt.

497 1591 624 1647 Post
659 1593 802 1647 lianc
827 1609 1065 1663 pugnam
1118 1593 1348 1648 Selimes
1371 1596 1764 1649 victormnnes
1811 1593 2072 1647 munitio—

495 1698 595 1739 nes
620 1693 675 1739 et
701 1699 875 1751 arces,
918 1685 971 1739 in
1003 1685 1204 1740 linibus
1239 1691 1398 1751 sitas,
1432 1686 1724 1748 occupavit
1775 1701 1788 1738 :
1825 1700 1888 1740 ac
1942 1700 2076 1756 pra:-

499 1772 654 1827 sidiis
708 1774 764 1828 in
816 1774 1061 1845 singulas
1112 1775 1407 1844 impositis,
1454 1774 1761 1844 Cbalepum
1810 1777 2070 1846 perrexit.

500 1862 572 1918 lbi
597 1881 722 1920 cum
745 1869 925 1922 omnia
949 1868 1186 1939 Chalepo
1208 1870 1383 1922 vicina
1417 1869 1534 1922 loca
1564 1869 1648 1924 sui
1671 1869 1812 1940 juris
1831 1868 2070 1934 fecissd,

502 1960 666 2026 begos
689 1960 975 2029 sangiacos
1021 1961 1311 2029 provincia:
1355 1960 1620 2031 praefecit.
1670 1963 1912 2030 Chalepo
1968 1961 2074 2016 Da-

501 2065 745 2104 mascum
772 2051 1003 2113 abiit,et
1033 2055 1220 2107 urbem
1265 2067 1392 2107 cum
1439 2054 1587 2107 omni
1640 2069 1773 2118 agro
1819 2055 2072 2118 finitimo,

497 2158 710 2197 suma
730 2143 1010 2199 celeritate
1036 2160 1138 2199 suo
1180 2145 1412 2214 subjecit
1459 2143 1713 2215 imperio.
1766 2144 2070 2212 Mamelnci,

497 2234 591 2300 qui
619 2242 674 2288 et
699 2233 961 2299 Circassi,
992 2235 1264 2289 Alcairum
1287 2234 1413 2305 fuga
1433 2234 1592 2291 delati
1614 2234 2071 2306 Tommambaiin,

498 2327 594 2394 qui
658 2335 776 2381 erat
822 2327 875 2381 id
940 2329 1201 2397 temporis
1266 2327 1370 2384 Ulu
1431 2328 1728 2397 Duveidar,
1789 2333 2072 2387 sultannm

495 2428 775 2476 crearunt.
805 2419 868 2475 Et
899 2418 1000 2475 Ulu
1028 2421 1298 2476 Duveidar
1329 2421 1474 2492 apud
1518 2423 1668 2493 ipsos
1695 2425 1905 2493 primus
1959 2435 2077 2480 erat

501 2516 764 2584 dignitate
797 2521 919 2584 post
960 2513 1263 2570 sultanum.
1305 2513 1516 2569 Potitus
1570 2526 1748 2570 atttem
1808 2516 2077 2572 Damascu

497 2608 748 2671 Selimes,
810 2607 1070 2661 Sinanem
1121 2607 1337 2662 bassam
1405 2622 1530 2662 cum
1595 2609 1792 2664 selecta
1841 2610 2074 2664 militum

498 2716 659 2757 mmu
690 2697 890 2756 Gazam
947 2699 1234 2770 pra-misit.
1273 2699 1498 2770 Aliquot
1534 2701 1659 2757 inde
1709 2702 1902 2758 diebus
1959 2705 2076 2757 ela-

489 2795 634 2861 psis,
670 2793 832 2847 etiam
867 2791 986 2863 ipse
1035 2793 1250 2863 reliquo
1304 2808 1429 2850 cum
1477 2795 1720 2850 exercitu
1748 2799 2077 2851 subsecutus

499 2883 920 2949 t‘nit,Alcairum
952 2886 1240 2940 ducturus.
1273 2882 1351 2939 Es
1385 2885 1552 2941 altera
1575 2897 1728 2957 parte
1751 2888 2074 2943 Damascum

498 2978 906 3035 'l‘ommamhais
936 2977 1242 3034 Meliculem
1277 2976 1564 3042 Umeram,
1595 2979 1700 3034 hoc
1723 2989 1828 3046 est,
1857 2981 2076 3050 begler-

499 3075 690 3141 begum
727 3070 999 3137 Damasci,
1035 3069 1384 3125 Zamberdim
1417 3069 1681 3136 Gasalim,
1740 3087 1865 3126 cum
1924 3083 2079 3142 parte

2177 585 2455 656 profectus
2479 595 2582 652 est,
2611 582 2860 653 Cumque
2884 581 2987 636 sub
3044 593 3324 650 vesperam
3377 594 3443 632 eo
3498 578 3759 638 venisset,

2174 689 2388 732 noctem
2428 677 2572 732 illuni
2626 676 2750 732 istic
2787 689 3010 729 manere
3069 670 3240 726 voluit
3299 685 3362 726 ac
3430 670 3763 740 vespertinis

2176 771 2435 842 precibus
2461 770 2515 824 in
2541 771 2655 826 Ara
2693 769 2940 832 messita,
2972 766 3262 822 nocturnis
3297 766 3352 820 in
3371 763 3525 819 cubei
3579 764 3763 819 Saba-

2176 881 2231 918 ra
2258 865 2512 934 perat-tis,
2542 864 2726 918 omnia
2779 863 2894 916 loca
2951 875 3107 916 sacra
3167 858 3431 914 visitavit.
3485 857 3766 913 Postridie

2174 956 2320 1010 circa
2380 955 2663 1009 meridiem
2721 968 2976 1008 reversus
3038 951 3106 1007 ad
3166 949 3490 1014 exercitum,
3554 947 3762 1003 Gazam

2174 1047 2488 1104 contendit:
2521 1048 2612 1103 ubi
2671 1047 2840 1103 Sinan
2870 1047 3054 1106 bassa.
3079 1027 3310 1113 .potitus
3361 1043 3562 1113 insigni
3588 1043 3767 1098 victo-

2177 1145 2278 1206 ria,
2311 1154 2440 1196 suas
2460 1157 2582 1196 cum
2608 1141 2731 1210 ipso
2754 1141 2942 1208 copias
2973 1137 3279 1206 conjunxit.
3313 1136 3460 1192 Gaza
3513 1134 3768 1190 Bertble-

2179 1236 2390 1288 bemam
2441 1231 2742 1303 profectus,
2802 1230 2894 1284 illo
2944 1246 3162 1299 quoque
3219 1230 3341 1284 loco
3393 1243 3581 1297 preces
3631 1242 3762 1281 suas

2176 1326 2466 1396 concepit:
2528 1325 2731 1396 quibus
2781 1323 3062 1385 absolutis,
3117 1324 3171 1377 in
3227 1322 3472 1376 animum
3525 1321 3760 1383 induxit,

2179 1419 2451 1473 Alcairum
2482 1428 2684 1487 petere.
2717 1416 2986 1471 Pin-emisit
3039 1430 3168 1485 ergo
3224 1414 3483 1469 Sinonem
3519 1413 3759 1476 bassam,

2178 1511 2270 1580 qui
2307 1511 2422 1564 suis
2455 1526 2579 1564 cum
2614 1509 2788 1579 copiis
2856 1511 3125 1577 reliquum
3187 1509 3496 1563 exercitum
3545 1517 3763 1561 antece-

2180 1601 2354 1652 deret.
2407 1599 2620 1670 Quippe
2648 1601 3108 1669 prolimscendum
3140 1599 3218 1652 eis
3242 1613 3339 1667 per
3369 1598 3515 1654 illam
3571 1597 3762 1652 solituo

2179 1692 2360 1745 dinem
2425 1701 2543 1746 erat
2580 1733 2595 1758 ,
2659 1709 2820 1762 quam
2878 1705 3004 1745 ante
3043 1691 3093 1745 id
3163 1693 3428 1761 temporis
3482 1707 3759 1761 nunquam

2181 1795 2290 1839 tam
2319 1800 2645 1839 numeresus
2672 1787 2945 1840 exercitus
2975 1783 3286 1839 transierat.
3335 1784 3398 1838 Et
3432 1783 3593 1836 aliam
3628 1799 3765 1851 quo.

2181 1894 2288 1946 quc
2318 1893 2540 1932 causam
2571 1876 2807 1932 habebat
2834 1893 2934 1932 cur
2981 1893 3105 1932 eum
3168 1877 3561 1944 praemitteret:
3618 1877 3761 1939 quod

2183 1972 2717 2036 verereturscilicet,
2746 1987 2811 2025 ne
2857 1972 2900 2025 si
2933 1980 3081 2024 tanta
3131 1970 3415 2024 hominum
3471 1970 3768 2022 nmltitudo.

2179 2063 2475 2130 conjuncta
2525 2071 2796 2125 maneret,
2831 2061 2934 2116 iter
2964 2061 3096 2115 illud
3143 2076 3236 2130 per
3289 2059 3643 2113 solitudinem
3707 2073 3765 2110 se.

2180 2163 2537 2224 suscepturos
2563 2164 2844 2226 negarent,
2899 2164 3062 2223 atque
3093 2153 3200 2208 hoc
3231 2153 3396 2208 modo
3435 2152 3763 2208 diluuerent.

2183 2247 2456 2302 Sultanini
2521 2249 2737 2319 quidem
2789 2247 2893 2301 hoc
2921 2246 3199 2300 desertum
3263 2260 3479 2315 semper
3534 2243 3768 2299 antehac

2180 2358 2276 2412 pro
2300 2343 2452 2397 urbis
2475 2342 2780 2398 Alcairante
2828 2341 3238 2412 propugnaculo
3293 2340 3532 2410 quodam
3563 2340 3767 2394 habue-

2183 2443 2325 2487 rant.
2384 2432 2579 2487 Vctum
2635 2432 2886 2489 sultanus
2937 2432 3167 2486 Selimes
3220 2430 3391 2498 jattlzt,
3437 2433 3582 2502 quod
3633 2431 3764 2484 dicio

2183 2535 2291 2589 tur,
2342 2526 2480 2588 alea,
2543 2525 2782 2578 militem
2849 2523 3328 2578 cohortationibus
3381 2522 3644 2576 animasis
3695 2522 3758 2573 ad

2181 2617 2580 2689 capcscendum
2610 2617 2714 2670 hoc
2745 2615 2846 2669 iter
2869 2615 3106 2684 impulit.
3133 2612 3237 2668 Ubi
3285 2624 3507 2667 ventum
3552 2613 3615 2665 ad
3641 2612 3744 2678 νεί-

2183 2729 2268 2767 ma
2297 2722 2474 2767 castra
2499 2709 2718 2770 fuisset,
2750 2709 2803 2762 in
2853 2723 3012 2777 pago,
3055 2707 3147 2775 qui
3201 2705 3359 2760 Deire
3390 2715 3622 2765 voratur,
3651 2717 3741 2755 re-

2184 2807 2348 2859 zirem
2398 2817 2584 2868 suum,
2645 2800 2977 2855 Chuseinem
3019 2800 3259 2861 bassam,
3308 2798 3539 2854 interﬁci
3567 2796 3749 2867 jussit,

2182 2897 2326 2970 quod
2355 2896 2560 2951 dixisse
2589 2893 3002 2964 perhiberetur,
3055 2908 3168 2947 non
3230 2901 3433 2946 temere
3486 2906 3585 2962 per
3626 2889 3761 2960 ejus-

2184 2989 2329 3046 modi
2359 2989 2732 3052 solitudinem,
2762 2994 2916 3041 tanto
2946 3002 3068 3040 cum
3096 2984 3360 3050 exercitu,
3416 2982 3771 3054 proﬁciscen-

2184 3085 2335 3140 dum.
2365 3084 2541 3151 Atque
2580 3082 2681 3137 hoc
2717 3080 2877 3135 modo
2935 3078 3285 3134 solitudinem
3339 3079 3624 3146 ingressus
3667 3087 3773 3136 est,

500 3167 582 3220 *“i
616 3165 894 3222 οκθτείίυε
947 3163 1279 3219 miserat-13
1326 3179 1451 3218 cu'“
1507 3177 1537 3217 ³
1569 3163 1713 3217 ῧθῑδ
1774 3179 1940 3234 Prope
1975 3165 2153 3236 iamC
2187 3193 2311 3248 quae
2364 3176 2514 3232 arida
2565 3187 2818 3245 prorsus,
2885 3172 3042 3242 aquis
3097 3170 3433 3226 destituitur.
3501 3170 3635 3223 Cum
3707 3169 3778 3221 ds

501 3263 736 3326 abesset,
766 3261 932 3315 etiam
962 3260 1132 3314 Sinan
1167 3259 1330 3314 bassa
1360 3259 1600 3313 ltendcm
1634 3260 1875 3326 advenit,
1907 3276 2083 3330 eoque

504 3373 621 3409 mt‘o
651 3368 830 3410 castra
866 3363 1106 3408 metatus
1163 3362 1268 3408 est.
1334 3352 1584 3423 Cumque
1642 3354 1846 3408 certior
1904 3353 2082 3411 factus

505 3451 721 3504 luisset.
779 3463 904 3502 esse
953 3447 1194 3502 Gasalim
1255 3459 1380 3500 cum
1441 3446 1687 3500 exercitu
1744 3447 1797 3501 in
1859 3447 2080 3512 vicinia,

504 3553 667 3598 noctu
729 3541 996 3596 militibus
1054 3541 1258 3596 indicta
1326 3540 1688 3608 profectione,
1757 3549 1904 3595 tanta
1957 3557 2082 3595 cum

507 3635 891 3706 properatione
940 3635 1006 3689 ad
1054 3634 1271 3690 hostem
1301 3635 1556 3698 accessit,
1613 3643 1669 3687 ut
1732 3633 1906 3702 prima
1958 3648 2083 3688 cum

509 3735 628 3786 tnce
655 3729 870 3786 Gasalis
899 3729 1089 3800 copias
1132 3735 1439 3789 assecutus,
1495 3737 1600 3780 neu
1632 3727 1794 3782 modo
1827 3743 1949 3782 cum
2007 3728 2086 3780 eis

507 3823 859 3891 confligeret:
899 3836 1087 3875 verum
1147 3821 1310 3874 etiam
1361 3819 1588 3873 victoria
1637 3819 1922 3888 potiretur,
1975 3832 2088 3872 ma-

507 3931 784 3985 gnumque
805 3913 1237 3969 Mamclucorum
1295 3913 1411 3967 sive
1454 3913 1833 3968 Circassorum
1897 3926 2091 3966 nume-

508 4023 631 4063 rum
661 4006 1032 4061 internecione
1081 4005 1313 4069 deleret,
1372 4002 1758 4072 superstitibus
1797 4002 1918 4071 luga
1951 4003 2089 4056 dila-

512 4103 643 4171 psis,
675 4110 729 4155 et
757 4101 811 4155 in
842 4098 1165 4154 solitudines
1193 4097 1411 4152 illorum
1446 4097 1688 4150 locorum
1725 4104 1896 4150 semet
1951 4096 2090 4150 reci-

511 4193 807 4261 pientibus.
860 4189 1074 4257 Quibus
1125 4190 1291 4244 rebus
1340 4188 1553 4259 gestis,
1607 4187 1814 4258 placuit
1876 4188 2092 4244 sultano

511 4285 699 4340 Sclimi
733 4285 964 4352 legatum
989 4282 1057 4336 ad
1087 4278 1526 4336 Tommambaim
1586 4282 1826 4339 mittere.
1881 4281 2093 4351 Quippe

514 4380 871 4434 domesticum
899 4375 1190 4448 quemdam
1216 4375 1471 4441 habebat,
1499 4377 1722 4433 natione
1747 4377 2090 4443 Circassum,

517 4488 680 4537 quem
708 4470 869 4542 vulgo
921 4469 1186 4525 Muratem
1245 4468 1558 4525 Circassum
1617 4471 1982 4542 appellabant.
2042 4473 2094 4527 ls

514 4565 583 4620 ad
613 4565 888 4620 sultanum
921 4563 1000 4617 ire
1042 4563 1254 4633 jussus,
1317 4563 1611 4631 impetrare
1654 4579 1762 4619 non
1817 4565 1998 4635 potuit
2038 4578 2097 4620 ut

513 4676 543 4711 a
601 4657 980 4713 Tommambai
1025 4658 1109 4712 vel
1157 4656 1212 4711 in
1275 4669 1632 4728 conspectum
1692 4657 2096 4723 admitteretur,

517 4750 599 4804 vei
627 4751 944 4804 audiretur:
981 4749 1233 4818 adeoque
1253 4763 1380 4804 cum
1411 4750 1480 4805 iis
1519 4764 1662 4818 quos
1684 4749 1896 4804 itineris
1930 4749 2100 4804 contio

520 4857 600 4898 tes
651 4857 842 4898 secum
909 4843 1234 4906 adduxerat,
1291 4841 1454 4906 jussu
1516 4841 1926 4898 Tommambais
1997 4842 2104 4898 fuit

520 4934 865 4989 interfectus.
897 4934 1015 5000 Qua
1048 4935 1206 5004 legati
1248 4934 1333 4988 sui
1382 4934 1533 4989 caede
1583 4943 1883 5004 comperta,
1938 4933 2103 4990 metis

523 5027 752 5083 Sclimcs
783 5029 979 5083 castris
1012 5027 1254 5084 [tetulem
1287 5027 1461 5098 petiit.
1492 5026 1570 5081 Eo
1591 5043 1713 5084 cum
1743 5027 2102 5096 pervenisset,

522 5122 887 5194 signiﬁcatum
921 5122 997 5175 illi
1021 5121 1123 5176 fuit
1147 5121 1297 5177 cives
1329 5120 1647 5176 Remlenses
1699 5119 1750 5174 id
1814 5120 2102 5189 temporis,

524 5227 635 5284 quo
664 5215 832 5272 Sinan
861 5213 1021 5270 bassa
1057 5213 1248 5270 Remle
1313 5223 1585 5269 nocturno
1641 5211 1836 5267 itinere
1902 5211 2107 5266 disces-

525 5318 672 5364 serat
736 5317 796 5364 ut
847 5306 1164 5363 Zamberdis
1235 5305 1450 5364 Gasalis
1502 5307 1693 5376 copias
1749 5303 2106 5369 adoriretur,

527 5402 800 5470 sparsisse
861 5416 1140 5456 rumorem
1209 5400 1278 5456 de
1354 5401 1478 5470 luga
1541 5397 2012 5455 Osmanicorum:
2057 5409 2112 5451 et

525 5504 798 5566 ,μιοιίιυοῑ
836 5493 892 5548 in
945 5493 1147 5548 castris
1201 5491 1423 5546 Sinanis
1481 5491 1657 5546 bassae
1714 5499 2114 5548 remamseraut

533 5602 637 5640 μου
663 5587 839 5642 solum
871 5597 1165 5651 mactasse,
1193 5600 1380 5639 verum
1409 5583 1571 5637 etiam
1603 5583 1910 5638 occisorum
1949 5585 2112 5638 cada-

525 5694 653 5732 vera
704 5679 909 5747 passim
965 5680 1021 5734 iu
1056 5687 1249 5750 puteos
1279 5687 1333 5731 et
1382 5679 1558 5732 fossas
1618 5675 1939 5745 projecisse.
1993 5677 2114 5742 Quo

535 5771 909 5828 ltcmlensium
942 5773 1218 5828 intellecto
1249 5773 1514 5833 lacinore,
1540 5770 1772 5826 Selimes
1804 5779 1856 5823 et
1883 5785 2110 5838 congre-

541 5863 656 5942 gari
717 5863 883 5936 jussit
932 5868 1254 5939 oppidanos,
1318 5879 1368 5922 ct
1450 5882 1642 5923 omnes
1690 5865 1836 5922 illius
1894 5864 2117 5921 sceleris

2185 3273 2274 3326 die
2319 3269 2372 3323 in
2423 3269 2567 3322 diem
2615 3265 3033 3336 progrederetur
3089 3263 3342 3328 ulterius,
3404 3264 3608 3333 placuit
3666 3261 3781 3315 Deo

2189 3361 2369 3432 largiri
2396 3360 2634 3430 pluviam
2665 3375 2678 3412 :
2705 3373 2816 3427 quo
2870 3356 3070 3410 factum
3107 3365 3166 3409 ut
3219 3355 3487 3412 universa:
3541 3354 3646 3408 illae
3678 3370 3778 3408 co-

2188 3455 2290 3523 pia:
2319 3452 2466 3506 nulla
2523 3459 2904 3520 premerentur
2958 3462 3114 3515 aqua:
3157 3446 3406 3514 penuria.
3465 3444 3566 3500 Ubi
3619 3445 3786 3498 Sala-

2190 3544 2387 3614 cliigen
2428 3551 2748 3613 perventqu
2822 3539 3039 3602 fuisset,
3085 3537 3196 3608 jam
3253 3537 3502 3593 vicerant
3547 3537 3782 3603 scilicet,

2189 3641 2444 3699 superata
2508 3629 2826 3686 solitudine.
2896 3627 3244 3696 Quapropter
3325 3627 3569 3683 Oneratis
3631 3644 3778 3696 aqua

2191 3723 2412 3795 potabili
2463 3721 2750 3790 jumentis,
2811 3719 3088 3775 Alcairum
3148 3728 3528 3788 perrexerunt.
3569 3719 3786 3775 Interra

2191 3813 2602 3871 Tommambais
2633 3811 3124 3876 Alcairisultanus,
3163 3810 3281 3865 suis
3328 3819 3384 3866 et
3429 3811 3546 3881 ipse
3605 3813 3788 3881 copiis

2193 3916 2518 3981 instructus,
2545 3929 2612 3968 ex
2657 3914 2793 3967 urbe
2835 3911 3062 3966 militem
3117 3910 3338 3965 eduxit:
3389 3923 3568 3979 eoque
3617 3909 3792 3962 modo

2193 4018 2371 4063 castra
2399 4016 2658 4074 metatus,
2690 4014 2746 4059 ut
2774 4006 2964 4059 urbem
3013 4021 3040 4058 a
3072 4012 3225 4072 tergo
3278 4001 3530 4067 haberet,
3579 3999 3789 4056 ibidem

2194 4099 2460 4157 substitit.
2491 4098 2757 4163 Coegerat
2785 4097 2930 4152 enim
2980 4096 3282 4149 maximum
3339 4094 3670 4157 exercitum,
3729 4093 3789 4144 in

2193 4209 2305 4263 quo
2359 4190 2669 4246 militabant
2717 4187 3030 4258 Ethiopes,
3083 4203 3206 4243 cum
3275 4187 3397 4241 aliis
3449 4186 3788 4239 nationibus.

2196 4285 2512 4342 Tormentis
2533 4283 2698 4338 etiam
2750 4281 2960 4337 bellicis
3018 4295 3082 4334 ea
3133 4279 3537 4336 communierat
3568 4278 3788 4343 itinera,
3851 4352 3862 4360 -

2197 4380 2400 4450 quibus
2425 4379 2599 4434 hostis
2627 4385 2893 4433 venturus
2946 4373 3398 4445 exspectabatur.
3447 4369 3554 4426 Sed
3607 4382 3796 4426 trans-

2202 4476 2324 4542 fuga
2339 4472 2561 4543 quidam
2597 4485 2664 4524 ex
2687 4467 2888 4527 castris
2915 4465 3091 4538 ipsius
3118 4465 3184 4520 ad
3211 4464 3490 4541 sultanum
3523 4462 3793 4517 Selimem

2204 4583 2262 4624 se
2291 4564 2544 4628 contulit,
2581 4562 2742 4633 eique
2770 4560 3000 4615 consilia
3031 4567 3085 4612 et
3117 4556 3348 4612 insidias
3375 4555 3612 4610 hostium
3640 4554 3799 4610 dete-

2206 4659 2306 4714 xit.
2331 4655 2542 4725 Quibus
2579 4653 2810 4711 Selimes
2862 4651 3120 4724 cognitis,
3186 4649 3404 4703 diverso
3443 4647 3640 4704 itinere
3699 4661 3803 4701 co-

2208 4752 2326 4822 pias
2353 4750 2632 4806 Alcairum
2667 4748 2842 4803 duxit.
2875 4747 3003 4800 Hac
3033 4753 3184 4816 gesta
3245 4741 3466 4798 fuerunt
3495 4754 3641 4797 anno
3685 4737 3804 4796 922

2209 4844 2360 4916 (Chr.
2403 4843 2591 4912 1515).

2281 4934 2380 4990 Die
2408 4935 2480 4990 28
2516 4931 2722 4988 mensis
2761 4929 3037 4996 Silchizis,
3088 4938 3212 4982 ante
3248 4925 3563 4998 prandium,
3604 4925 3804 4994 ingens

2209 5038 2264 5084 et
2325 5036 2612 5082 cruentum
2666 5024 2914 5096 prtelium
2973 5023 3329 5077 commissum
3393 5021 3519 5086 fuit,
3576 5036 3685 5089 quo
3740 5019 3802 5073 in

2214 5121 2404 5191 prtclio
2432 5119 2602 5172 Sinan
2640 5119 2821 5180 bassa,
2855 5130 3030 5172 caesus
3064 5115 3119 5170 in
3157 5114 3351 5168 dextro
3402 5128 3598 5175 cornu,
3631 5124 3806 5164 occu-

2214 5209 2618 5266 buit.Taudem
2684 5218 2868 5262 tamen
2929 5205 3238 5268 Mameluci,
3271 5204 3365 5274 qui
3425 5212 3480 5257 et
3531 5201 3803 5265 Circassi,

2213 5301 2461 5372 dissipati
2542 5297 2968 5370 proﬂigatique,
3049 5295 3248 5367 partim
3307 5310 3502 5350 versus
3562 5304 3806 5355 montes,

2216 5394 2501 5466 partimin
2555 5390 2932 5455 solitudinem,
2987 5391 3186 5460 partim
3251 5388 3320 5444 ad
3379 5388 3554 5458 ipsam
3613 5387 3808 5441 urbem

2218 5487 2534 5558 profugere.
2571 5483 2774 5538 Verum
2811 5484 2899 5539 ubi
2955 5497 3078 5536 mox
3129 5480 3416 5536 Selimiani
3472 5480 3676 5534 milites
3711 5495 3815 5532 ur-

2221 5585 2339 5634 bem
2367 5586 2758 5648 ocwpasseut,
2811 5575 3052 5644 reliquiae
3093 5574 3474 5629 Circassorum
3517 5583 3570 5626 et
3604 5571 3818 5625 Mame-

2220 5674 2496 5738 lucorum,
2558 5671 2692 5726 urbe
2747 5670 2984 5735 deserta,
3048 5669 3100 5722 in
3161 5667 3436 5734 regionem
3497 5665 3816 5720 Saitenseru

2222 5786 2278 5823 sc
2339 5782 2612 5836 recepere.
2674 5765 2904 5818 Sclimes
2954 5772 3176 5832 propter
3231 5759 3442 5826 urbem,
3505 5761 3572 5814 ad
3622 5757 3819 5812 Nilum

2223 5861 2472 5926 ﬂuvium,
2538 5859 2734 5916 casttia
2790 5857 2969 5915 locum
3012 5857 3191 5926 cepit;
3240 5872 3349 5926 quo
3397 5855 3450 5908 in
3499 5855 3618 5908 loco
3680 5850 3823 5912 'Juiu
