  <div class='ocr_page' id='page_1' title='image "/cluster/home/n/w/nwhite01/storage/ocr_20150623/159/coo.31924054870641/324.png"; bbox 0 0 4126 6444; ppageno 0'>
   <div class='ocr_carea' id='block_1_1' title="bbox 389 392 491 452">
    <p class='ocr_par' dir='ltr' id='par_1_1' title="bbox 389 392 491 452">
     <span class='ocr_line' id='line_1_1' title="bbox 389 392 491 452; baseline -0.059 0"><span class='ocrx_word' id='word_1_1' title='bbox 389 392 491 452; x_wconf 63' lang='lat'><strong>83.1</strong></span> 
     </span>
    </p>
   </div>
   <div class='ocr_carea' id='block_1_2' title="bbox 1664 389 2416 451">
    <p class='ocr_par' dir='ltr' id='par_1_2' title="bbox 1664 389 2416 451">
     <span class='ocr_line' id='line_1_2' title="bbox 1664 389 2416 451; baseline 0.009 -7"><span class='ocrx_word' id='word_1_2' title='bbox 1664 389 2021 448; x_wconf 57' lang='lat' dir='ltr'><strong>AXNALCS</strong></span> <span class='ocrx_word' id='word_1_3' title='bbox 2066 391 2416 451; x_wconf 67' lang='lat' dir='ltr'><strong>&#39;I‘URCICI.</strong></span> 
     </span>
    </p>
   </div>
   <div class='ocr_carea' id='block_1_3' title="bbox 3569 397 3682 461">
    <p class='ocr_par' dir='ltr' id='par_1_3' title="bbox 3569 397 3682 461">
     <span class='ocr_line' id='line_1_3' title="bbox 3569 397 3682 461; baseline -0.035 1"><span class='ocrx_word' id='word_1_4' title='bbox 3569 397 3682 461; x_wconf 63' lang='lat' dir='ltr'><strong>613i</strong></span> 
     </span>
    </p>
   </div>
   <div class='ocr_carea' id='block_1_4' title="bbox 388 489 3680 574">
    <p class='ocr_par' dir='ltr' id='par_1_4' title="bbox 388 489 3680 574">
     <span class='ocr_line' id='line_1_4' title="bbox 388 489 3680 574; baseline 0.004 -25"><span class='ocrx_word' id='word_1_5' title='bbox 388 502 501 566; x_wconf 42' lang='lat' dir='ltr'><strong>ipsi:</strong></span> <span class='ocrx_word' id='word_1_6' title='bbox 525 492 780 564; x_wconf 57' lang='lat' dir='ltr'><strong>quit-wit,</strong></span> <span class='ocrx_word' id='word_1_7' title='bbox 808 489 994 544; x_wconf 73' lang='lat' dir='ltr'><strong>m&#39;ssis</strong></span> <span class='ocrx_word' id='word_1_8' title='bbox 1044 490 1455 550; x_wconf 79' lang='lat' dir='ltr'><strong>Totnmambais</strong></span> <span class='ocrx_word' id='word_1_9' title='bbox 1515 497 1978 565; x_wconf 79' lang='lat' dir='ltr'><strong>speculatorilnts,</strong></span> <span class='ocrx_word' id='word_1_10' title='bbox 2013 509 2056 560; x_wconf 75' lang='grc' dir='ltr'>Α</span> <span class='ocrx_word' id='word_1_11' title='bbox 2087 503 2341 557; x_wconf 85' lang='lat' dir='ltr'><strong>sultanus</strong></span> <span class='ocrx_word' id='word_1_12' title='bbox 2375 504 2782 559; x_wconf 81' lang='lat' dir='ltr'><strong>&#39;I&#39;oninmnbais</strong></span> <span class='ocrx_word' id='word_1_13' title='bbox 2817 506 3118 574; x_wconf 81' lang='lat' dir='ltr'><strong>suspendio</strong></span> <span class='ocrx_word' id='word_1_14' title='bbox 3149 516 3375 562; x_wconf 68' lang='lat' dir='ltr'><strong>necatus</strong></span> <span class='ocrx_word' id='word_1_15' title='bbox 3433 508 3555 563; x_wconf 91' lang='lat' dir='ltr'><strong>fuit.</strong></span> <span class='ocrx_word' id='word_1_16' title='bbox 3579 512 3680 564; x_wconf 81' lang='lat' dir='ltr'><strong>At-</strong></span> 
     </span>
    </p>
   </div>
   <div class='ocr_carea' id='block_1_5' title="bbox 389 583 1986 654">
    <p class='ocr_par' dir='ltr' id='par_1_5' title="bbox 389 583 1986 654">
     <span class='ocr_line' id='line_1_5' title="bbox 389 583 1986 654; baseline -0.001 -8"><span class='ocrx_word' id='word_1_17' title='bbox 389 605 516 646; x_wconf 84' lang='lat' dir='ltr'><strong>com</strong></span> <span class='ocrx_word' id='word_1_18' title='bbox 541 587 672 654; x_wconf 84' lang='lat' dir='ltr'><strong>alia,</strong></span> <span class='ocrx_word' id='word_1_19' title='bbox 725 593 842 639; x_wconf 92' lang='lat' dir='ltr'><strong>tum</strong></span> <span class='ocrx_word' id='word_1_20' title='bbox 899 583 1064 638; x_wconf 87' lang='lat' dir='ltr'><strong>etiam</strong></span> <span class='ocrx_word' id='word_1_21' title='bbox 1117 585 1280 640; x_wconf 88' lang='lat' dir='ltr'><strong>situm</strong></span> <span class='ocrx_word' id='word_1_22' title='bbox 1333 596 1642 644; x_wconf 88' lang='lat' dir='ltr'><strong>castrorum</strong></span> <span class='ocrx_word' id='word_1_23' title='bbox 1705 590 1986 645; x_wconf 76' lang='lat' dir='ltr'><strong>hostilium</strong></span> 
     </span>
    </p>
   </div>
   <div class='ocr_carea' id='block_1_6' title="bbox 392 677 1987 754">
    <p class='ocr_par' dir='ltr' id='par_1_6' title="bbox 392 677 1987 754">
     <span class='ocr_line' id='line_1_6' title="bbox 392 677 1987 754; baseline -0.001 -15"><span class='ocrx_word' id='word_1_24' title='bbox 392 680 737 754; x_wconf 74' lang='lat' dir='ltr'><strong>exploravit,</strong></span> <span class='ocrx_word' id='word_1_25' title='bbox 773 677 916 750; x_wconf 88' lang='lat' dir='ltr'><strong>quod</strong></span> <span class='ocrx_word' id='word_1_26' title='bbox 959 691 1024 731; x_wconf 89' lang='lat' dir='ltr'><strong>ea</strong></span> <span class='ocrx_word' id='word_1_27' title='bbox 1061 690 1329 735; x_wconf 88' lang='lat' dir='ltr'><strong>nocturna</strong></span> <span class='ocrx_word' id='word_1_28' title='bbox 1369 680 1737 752; x_wconf 81' lang='lat' dir='ltr'><strong>impressione</strong></span> <span class='ocrx_word' id='word_1_29' title='bbox 1795 699 1987 754; x_wconf 77' lang='lat' dir='ltr'><strong>aggre-</strong></span> 
     </span>
    </p>
   </div>
   <div class='ocr_carea' id='block_1_7' title="bbox 397 769 1991 845">
    <p class='ocr_par' dir='ltr' id='par_1_7' title="bbox 397 769 1991 845">
     <span class='ocr_line' id='line_1_7' title="bbox 397 769 1991 845; baseline 0.001 -19"><span class='ocrx_word' id='word_1_30' title='bbox 397 776 472 836; x_wconf 75' lang='lat' dir='ltr'><strong>di.</strong></span> <span class='ocrx_word' id='word_1_31' title='bbox 523 788 626 828; x_wconf 89' lang='lat' dir='ltr'><strong>suo</strong></span> <span class='ocrx_word' id='word_1_32' title='bbox 671 786 795 827; x_wconf 85' lang='lat' dir='ltr'><strong>cum</strong></span> <span class='ocrx_word' id='word_1_33' title='bbox 843 769 1031 825; x_wconf 82' lang='lat' dir='ltr'><strong>animo</strong></span> <span class='ocrx_word' id='word_1_34' title='bbox 1083 771 1488 827; x_wconf 72' lang='lat' dir='ltr'><strong>constituisset.</strong></span> <span class='ocrx_word' id='word_1_35' title='bbox 1562 771 1722 845; x_wconf 67' lang='grc'><strong>34],</strong></span> <span class='ocrx_word' id='word_1_36' title='bbox 1810 772 1991 828; x_wconf 77' lang='lat' dir='ltr'><strong>Rebus</strong></span> 
     </span>
    </p>
   </div>
   <div class='ocr_carea' id='block_1_8' title="bbox 399 861 1986 935">
    <p class='ocr_par' dir='ltr' id='par_1_8' title="bbox 399 861 1986 935">
     <span class='ocr_line' id='line_1_8' title="bbox 399 861 1986 935; baseline 0.001 -16"><span class='ocrx_word' id='word_1_37' title='bbox 399 865 652 920; x_wconf 79' lang='lat' dir='ltr'><strong>omnibus</strong></span> <span class='ocrx_word' id='word_1_38' title='bbox 705 861 1116 932; x_wconf 71' lang='lat' dir='ltr'><strong>exploratorum</strong></span> <span class='ocrx_word' id='word_1_39' title='bbox 1177 877 1342 933; x_wconf 80' lang='lat' dir='ltr'><strong>opera</strong></span> <span class='ocrx_word' id='word_1_40' title='bbox 1395 865 1565 934; x_wconf 83' lang='lat' dir='ltr'><strong>probe</strong></span> <span class='ocrx_word' id='word_1_41' title='bbox 1630 865 1986 935; x_wconf 82' lang='lat' dir='ltr'><strong>perquisitis,</strong></span> 
     </span>
    </p>
   </div>
   <div class='ocr_carea' id='block_1_9' title="bbox 402 959 1989 1031">
    <p class='ocr_par' dir='ltr' id='par_1_9' title="bbox 402 959 1989 1031">
     <span class='ocr_line' id='line_1_9' title="bbox 402 959 1989 1031; baseline 0.001 -16"><span class='ocrx_word' id='word_1_42' title='bbox 402 961 588 1016; x_wconf 81' lang='lat' dir='ltr'><strong>urbem</strong></span> <span class='ocrx_word' id='word_1_43' title='bbox 632 969 793 1014; x_wconf 89' lang='lat' dir='ltr'><strong>noctu</strong></span> <span class='ocrx_word' id='word_1_44' title='bbox 820 975 943 1013; x_wconf 84' lang='lat' dir='ltr'><strong>cum</strong></span> <span class='ocrx_word' id='word_1_45' title='bbox 971 961 1090 1014; x_wconf 81' lang='lat' dir='ltr'><strong>suis</strong></span> <span class='ocrx_word' id='word_1_46' title='bbox 1134 959 1437 1031; x_wconf 80' lang='lat' dir='ltr'><strong>ingressus,</strong></span> <span class='ocrx_word' id='word_1_47' title='bbox 1492 961 1766 1031; x_wconf 89' lang='lat' dir='ltr'><strong>plurimos</strong></span> <span class='ocrx_word' id='word_1_48' title='bbox 1793 978 1858 1015; x_wconf 86' lang='lat' dir='ltr'><strong>ex</strong></span> <span class='ocrx_word' id='word_1_49' title='bbox 1889 961 1989 1017; x_wconf 89' lang='lat' dir='ltr'><strong>Se-</strong></span> 
     </span>
    </p>
   </div>
   <div class='ocr_carea' id='block_1_10' title="bbox 396 1049 1988 1121">
    <p class='ocr_par' dir='ltr' id='par_1_10' title="bbox 396 1049 1988 1121">
     <span class='ocr_line' id='line_1_10' title="bbox 396 1049 1988 1121; baseline 0.001 -13"><span class='ocrx_word' id='word_1_50' title='bbox 396 1051 632 1108; x_wconf 82' lang='lat' dir='ltr'><strong>limianis</strong></span> <span class='ocrx_word' id='word_1_51' title='bbox 662 1054 716 1105; x_wconf 91' lang='lat' dir='ltr'><strong>in</strong></span> <span class='ocrx_word' id='word_1_52' title='bbox 745 1057 880 1105; x_wconf 85' lang='lat' dir='ltr'><strong>urbe</strong></span> <span class='ocrx_word' id='word_1_53' title='bbox 909 1049 1183 1121; x_wconf 76' lang='lat' dir='ltr'><strong>oppressit</strong></span> <span class='ocrx_word' id='word_1_54' title='bbox 1242 1061 1296 1106; x_wconf 93' lang='lat' dir='ltr'><strong>ct</strong></span> <span class='ocrx_word' id='word_1_55' title='bbox 1327 1053 1640 1108; x_wconf 79' lang='lat' dir='ltr'><strong>trucidavit.</strong></span> <span class='ocrx_word' id='word_1_56' title='bbox 1704 1052 1811 1109; x_wconf 88' lang='lat' dir='ltr'><strong>Sed</strong></span> <span class='ocrx_word' id='word_1_57' title='bbox 1863 1071 1988 1109; x_wconf 78' lang='lat' dir='ltr'><strong>cum</strong></span> 
     </span>
    </p>
   </div>
   <div class='ocr_carea' id='block_1_11' title="bbox 394 1143 1990 1216">
    <p class='ocr_par' dir='ltr' id='par_1_11' title="bbox 394 1143 1990 1216">
     <span class='ocr_line' id='line_1_11' title="bbox 394 1143 1990 1216; baseline 0.004 -21"><span class='ocrx_word' id='word_1_58' title='bbox 394 1144 634 1212; x_wconf 80' lang='lat' dir='ltr'><strong>primum</strong></span> <span class='ocrx_word' id='word_1_59' title='bbox 690 1144 795 1199; x_wconf 84' lang='lat' dir='ltr'><strong>hoc</strong></span> <span class='ocrx_word' id='word_1_60' title='bbox 816 1143 1333 1201; x_wconf 88' lang='lat' dir='ltr'><strong>Seliminuntiatum</strong></span> <span class='ocrx_word' id='word_1_61' title='bbox 1355 1145 1569 1213; x_wconf 88' lang='lat' dir='ltr'><strong>fuisset,</strong></span> <span class='ocrx_word' id='word_1_62' title='bbox 1604 1147 1776 1216; x_wconf 79' lang='lat' dir='ltr'><strong>jussis</strong></span> <span class='ocrx_word' id='word_1_63' title='bbox 1835 1163 1990 1201; x_wconf 81' lang='lat' dir='ltr'><strong>arma</strong></span> 
     </span>
    </p>
   </div>
   <div class='ocr_carea' id='block_1_12' title="bbox 393 1236 1987 1308">
    <p class='ocr_par' dir='ltr' id='par_1_12' title="bbox 393 1236 1987 1308">
     <span class='ocr_line' id='line_1_12' title="bbox 393 1236 1987 1308; baseline 0 -16"><span class='ocrx_word' id='word_1_64' title='bbox 393 1238 670 1303; x_wconf 53' lang='lat' dir='ltr'><strong>corripere</strong></span> <span class='ocrx_word' id='word_1_65' title='bbox 694 1236 980 1302; x_wconf 83' lang='lat' dir='ltr'><strong>militibus,</strong></span> <span class='ocrx_word' id='word_1_66' title='bbox 1006 1236 1148 1292; x_wconf 87' lang='lat' dir='ltr'><strong>hosti</strong></span> <span class='ocrx_word' id='word_1_67' title='bbox 1184 1247 1358 1292; x_wconf 85' lang='lat' dir='ltr'><strong>semet</strong></span> <span class='ocrx_word' id='word_1_68' title='bbox 1388 1241 1680 1308; x_wconf 82' lang='lat' dir='ltr'><strong>Opposuit:</strong></span> <span class='ocrx_word' id='word_1_69' title='bbox 1745 1249 1987 1293; x_wconf 86' lang='lat' dir='ltr'><strong>tormen-</strong></span> 
     </span>
    </p>
   </div>
   <div class='ocr_carea' id='block_1_13' title="bbox 395 1333 1991 1406">
    <p class='ocr_par' dir='ltr' id='par_1_13' title="bbox 395 1333 1991 1406">
     <span class='ocr_line' id='line_1_13' title="bbox 395 1333 1991 1406; baseline 0 -16"><span class='ocrx_word' id='word_1_70' title='bbox 395 1337 573 1404; x_wconf 81' lang='lat' dir='ltr'><strong>tisque</strong></span> <span class='ocrx_word' id='word_1_71' title='bbox 603 1333 816 1392; x_wconf 79' lang='lat' dir='ltr'><strong>bellicis</strong></span> <span class='ocrx_word' id='word_1_72' title='bbox 852 1335 906 1388; x_wconf 94' lang='lat' dir='ltr'><strong>in</strong></span> <span class='ocrx_word' id='word_1_73' title='bbox 931 1348 993 1388; x_wconf 86' lang='lat' dir='ltr'><strong>ea</strong></span> <span class='ocrx_word' id='word_1_74' title='bbox 1024 1333 1142 1390; x_wconf 88' lang='lat' dir='ltr'><strong>loca</strong></span> <span class='ocrx_word' id='word_1_75' title='bbox 1179 1335 1519 1402; x_wconf 88' lang='lat' dir='ltr'><strong>constitutis,</strong></span> <span class='ocrx_word' id='word_1_76' title='bbox 1553 1336 1604 1391; x_wconf 92' lang='lat' dir='ltr'><strong>in</strong></span> <span class='ocrx_word' id='word_1_77' title='bbox 1639 1352 1760 1406; x_wconf 71' lang='lat' dir='ltr'><strong>qua:</strong></span> <span class='ocrx_word' id='word_1_78' title='bbox 1813 1334 1991 1390; x_wconf 91' lang='lat' dir='ltr'><strong>factu-</strong></span> 
     </span>
    </p>
   </div>
   <div class='ocr_carea' id='block_1_14' title="bbox 398 1426 1989 1497">
    <p class='ocr_par' dir='ltr' id='par_1_14' title="bbox 398 1426 1989 1497">
     <span class='ocr_line' id='line_1_14' title="bbox 398 1426 1989 1497; baseline 0.001 -17"><span class='ocrx_word' id='word_1_79' title='bbox 398 1444 489 1480; x_wconf 59' lang='lat' dir='ltr'><strong>rus-</strong></span> <span class='ocrx_word' id='word_1_80' title='bbox 534 1427 798 1495; x_wconf 91' lang='lat' dir='ltr'><strong>impetum</strong></span> <span class='ocrx_word' id='word_1_81' title='bbox 851 1426 1176 1482; x_wconf 83' lang='lat' dir='ltr'><strong>credebatur</strong></span> <span class='ocrx_word' id='word_1_82' title='bbox 1229 1428 1423 1494; x_wconf 90' lang='lat' dir='ltr'><strong>hostis,</strong></span> <span class='ocrx_word' id='word_1_83' title='bbox 1489 1429 1558 1483; x_wconf 88' lang='lat' dir='ltr'><strong>ab</strong></span> <span class='ocrx_word' id='word_1_84' title='bbox 1630 1428 1777 1484; x_wconf 89' lang='lat' dir='ltr'><strong>omni</strong></span> <span class='ocrx_word' id='word_1_85' title='bbox 1834 1436 1989 1497; x_wconf 88' lang='lat' dir='ltr'><strong>parte</strong></span> 
     </span>
    </p>
   </div>
   <div class='ocr_carea' id='block_1_15' title="bbox 398 1528 784 1582">
    <p class='ocr_par' dir='ltr' id='par_1_15' title="bbox 398 1528 784 1582">
     <span class='ocr_line' id='line_1_15' title="bbox 398 1528 784 1582; baseline 0.021 -15"><span class='ocrx_word' id='word_1_86' title='bbox 398 1529 622 1582; x_wconf 75' lang='lat' dir='ltr'><strong>p-iratus</strong></span> <span class='ocrx_word' id='word_1_87' title='bbox 646 1528 784 1575; x_wconf 80' lang='lat' dir='ltr'><strong>erat.</strong></span> 
     </span>
    </p>
   </div>
   <div class='ocr_carea' id='block_1_16' title="bbox 468 1610 1991 1682">
    <p class='ocr_par' dir='ltr' id='par_1_16' title="bbox 468 1610 1991 1682">
     <span class='ocr_line' id='line_1_16' title="bbox 468 1610 1991 1682; baseline 0.003 -18"><span class='ocrx_word' id='word_1_88' title='bbox 468 1613 626 1664; x_wconf 83' lang='lat' dir='ltr'><strong>Anno</strong></span> <span class='ocrx_word' id='word_1_89' title='bbox 662 1611 767 1666; x_wconf 74' lang='lat'><strong>923</strong></span> <span class='ocrx_word' id='word_1_90' title='bbox 799 1610 953 1681; x_wconf 86' lang='lat' dir='ltr'><strong>(Chr.</strong></span> <span class='ocrx_word' id='word_1_91' title='bbox 990 1611 1175 1681; x_wconf 78' lang='grc'><strong>1516),</strong></span> <span class='ocrx_word' id='word_1_92' title='bbox 1235 1619 1432 1682; x_wconf 83' lang='lat' dir='ltr'><strong>quarto</strong></span> <span class='ocrx_word' id='word_1_93' title='bbox 1483 1612 1572 1668; x_wconf 89' lang='lat' dir='ltr'><strong>die</strong></span> <span class='ocrx_word' id='word_1_94' title='bbox 1618 1613 1826 1670; x_wconf 83' lang='lat' dir='ltr'><strong>mensis</strong></span> <span class='ocrx_word' id='word_1_95' title='bbox 1869 1613 1991 1668; x_wconf 82' lang='lat' dir='ltr'><strong>Mu-</strong></span> 
     </span>
    </p>
   </div>
   <div class='ocr_carea' id='block_1_17' title="bbox 398 1703 1991 1769">
    <p class='ocr_par' dir='ltr' id='par_1_17' title="bbox 398 1703 1991 1769">
     <span class='ocr_line' id='line_1_17' title="bbox 398 1703 1991 1769; baseline 0.005 -13"><span class='ocrx_word' id='word_1_96' title='bbox 398 1703 678 1769; x_wconf 81' lang='lat' dir='ltr'><strong>rherenis,</strong></span> <span class='ocrx_word' id='word_1_97' title='bbox 711 1706 920 1760; x_wconf 88' lang='lat' dir='ltr'><strong>missus</strong></span> <span class='ocrx_word' id='word_1_98' title='bbox 955 1706 1005 1758; x_wconf 93' lang='lat' dir='ltr'><strong>in</strong></span> <span class='ocrx_word' id='word_1_99' title='bbox 1063 1706 1252 1759; x_wconf 83' lang='lat' dir='ltr'><strong>urbem</strong></span> <span class='ocrx_word' id='word_1_100' title='bbox 1309 1707 1412 1762; x_wconf 92' lang='lat' dir='ltr'><strong>fuit</strong></span> <span class='ocrx_word' id='word_1_101' title='bbox 1443 1724 1471 1760; x_wconf 86' lang='lat' dir='ltr'><strong>a</strong></span> <span class='ocrx_word' id='word_1_102' title='bbox 1523 1707 1743 1763; x_wconf 89' lang='lat' dir='ltr'><strong>sultano</strong></span> <span class='ocrx_word' id='word_1_103' title='bbox 1792 1708 1991 1764; x_wconf 87' lang='lat' dir='ltr'><strong>Selime</strong></span> 
     </span>
    </p>
   </div>
   <div class='ocr_carea' id='block_1_18' title="bbox 395 1795 1990 1870">
    <p class='ocr_par' dir='ltr' id='par_1_18' title="bbox 395 1795 1990 1870">
     <span class='ocr_line' id='line_1_18' title="bbox 395 1795 1990 1870; baseline 0.003 -21"><span class='ocrx_word' id='word_1_104' title='bbox 395 1795 634 1852; x_wconf 79' lang='lat' dir='ltr'><strong>Jonuzes</strong></span> <span class='ocrx_word' id='word_1_105' title='bbox 678 1796 860 1862; x_wconf 85' lang='lat' dir='ltr'><strong>bassa,</strong></span> <span class='ocrx_word' id='word_1_106' title='bbox 897 1812 1020 1850; x_wconf 85' lang='lat' dir='ltr'><strong>cum</strong></span> <span class='ocrx_word' id='word_1_107' title='bbox 1056 1797 1444 1867; x_wconf 80' lang='lat' dir='ltr'><strong>genizarorum</strong></span> <span class='ocrx_word' id='word_1_108' title='bbox 1473 1814 1638 1853; x_wconf 83' lang='lat' dir='ltr'><strong>manu</strong></span> <span class='ocrx_word' id='word_1_109' title='bbox 1676 1818 1689 1854; x_wconf 90' lang='lat'><strong>:</strong></span> <span class='ocrx_word' id='word_1_110' title='bbox 1723 1800 1815 1869; x_wconf 89' lang='lat' dir='ltr'><strong>qui</strong></span> <span class='ocrx_word' id='word_1_111' title='bbox 1863 1800 1990 1870; x_wconf 90' lang='lat' dir='ltr'><strong>qui-</strong></span> 
     </span>
    </p>
   </div>
   <div class='ocr_carea' id='block_1_19' title="bbox 2095 597 3684 668">
    <p class='ocr_par' dir='ltr' id='par_1_19' title="bbox 2095 597 3684 668">
     <span class='ocr_line' id='line_1_19' title="bbox 2095 597 3684 668; baseline 0.008 -22"><span class='ocrx_word' id='word_1_112' title='bbox 2095 611 2202 662; x_wconf 84' lang='lat' dir='ltr'><strong>que</strong></span> <span class='ocrx_word' id='word_1_113' title='bbox 2239 597 2341 649; x_wconf 92' lang='lat' dir='ltr'><strong>hoc</strong></span> <span class='ocrx_word' id='word_1_114' title='bbox 2392 597 2552 650; x_wconf 88' lang='lat' dir='ltr'><strong>modo</strong></span> <span class='ocrx_word' id='word_1_115' title='bbox 2601 597 2866 652; x_wconf 83' lang='lat' dir='ltr'><strong>radicitus</strong></span> <span class='ocrx_word' id='word_1_116' title='bbox 2911 599 3232 668; x_wconf 79' lang='lat' dir='ltr'><strong>exstirpatis</strong></span> <span class='ocrx_word' id='word_1_117' title='bbox 3287 598 3568 656; x_wconf 81' lang='lat' dir='ltr'><strong>Circassis</strong></span> <span class='ocrx_word' id='word_1_118' title='bbox 3619 617 3684 658; x_wconf 74' lang='lat' dir='ltr'><strong>ac</strong></span> 
     </span>
    </p>
   </div>
   <div class='ocr_carea' id='block_1_20' title="bbox 2095 681 3684 763">
    <p class='ocr_par' dir='ltr' id='par_1_20' title="bbox 2095 681 3684 763">
     <span class='ocr_line' id='line_1_20' title="bbox 2095 681 3684 763; baseline 0.002 -21"><span class='ocrx_word' id='word_1_119' title='bbox 2095 681 2434 755; x_wconf 78' lang='lat' dir='ltr'><strong>Mamelucis,</strong></span> <span class='ocrx_word' id='word_1_120' title='bbox 2463 690 2779 744; x_wconf 80' lang='lat' dir='ltr'><strong>universum</strong></span> <span class='ocrx_word' id='word_1_121' title='bbox 2813 689 2946 744; x_wconf 90' lang='lat' dir='ltr'><strong>illud</strong></span> <span class='ocrx_word' id='word_1_122' title='bbox 2978 691 3684 763; x_wconf 68' lang='lat' dir='ltr'><strong>sultaninunuEgyptiutn-</strong></span> 
     </span>
    </p>
   </div>
   <div class='ocr_carea' id='block_1_21' title="bbox 2093 783 3681 853">
    <p class='ocr_par' dir='ltr' id='par_1_21' title="bbox 2093 783 3681 853">
     <span class='ocr_line' id='line_1_21' title="bbox 2093 783 3681 853; baseline 0.005 -19"><span class='ocrx_word' id='word_1_123' title='bbox 2093 799 2158 836; x_wconf 89' lang='lat' dir='ltr'><strong>ve</strong></span> <span class='ocrx_word' id='word_1_124' title='bbox 2203 800 2430 852; x_wconf 76' lang='lat' dir='ltr'><strong>regnum</strong></span> <span class='ocrx_word' id='word_1_125' title='bbox 2493 799 2595 839; x_wconf 92' lang='lat' dir='ltr'><strong>suo</strong></span> <span class='ocrx_word' id='word_1_126' title='bbox 2651 783 2884 840; x_wconf 85' lang='lat' dir='ltr'><strong>Selimes</strong></span> <span class='ocrx_word' id='word_1_127' title='bbox 2935 785 3168 853; x_wconf 88' lang='lat' dir='ltr'><strong>imperio</strong></span> <span class='ocrx_word' id='word_1_128' title='bbox 3204 786 3468 850; x_wconf 82' lang='lat' dir='ltr'><strong>subdidit,</strong></span> <span class='ocrx_word' id='word_1_129' title='bbox 3518 798 3572 843; x_wconf 93' lang='lat' dir='ltr'><strong>et</strong></span> <span class='ocrx_word' id='word_1_130' title='bbox 3627 790 3681 842; x_wconf 90' lang='lat' dir='ltr'><strong>in</strong></span> 
     </span>
    </p>
   </div>
   <div class='ocr_carea' id='block_1_22' title="bbox 2095 875 3682 946">
    <p class='ocr_par' dir='ltr' id='par_1_22' title="bbox 2095 875 3682 946">
     <span class='ocr_line' id='line_1_22' title="bbox 2095 875 3682 946; baseline 0.003 -16"><span class='ocrx_word' id='word_1_131' title='bbox 2095 875 2458 946; x_wconf 76' lang='lat' dir='ltr'><strong>Sangiacatus</strong></span> <span class='ocrx_word' id='word_1_132' title='bbox 2497 877 2686 932; x_wconf 85' lang='lat' dir='ltr'><strong>divisit</strong></span> <span class='ocrx_word' id='word_1_133' title='bbox 2719 915 2733 940; x_wconf 90' lang='lat'><strong>,</strong></span> <span class='ocrx_word' id='word_1_134' title='bbox 2770 893 2892 932; x_wconf 92' lang='lat' dir='ltr'><strong>cum</strong></span> <span class='ocrx_word' id='word_1_135' title='bbox 2951 878 3141 931; x_wconf 84' lang='lat' dir='ltr'><strong>urbem</strong></span> <span class='ocrx_word' id='word_1_136' title='bbox 3200 880 3550 934; x_wconf 85' lang='lat' dir='ltr'><strong>Alcairanam</strong></span> <span class='ocrx_word' id='word_1_137' title='bbox 3585 881 3682 935; x_wconf 83' lang='lat' dir='ltr'><strong>Jo-</strong></span> 
     </span>
    </p>
   </div>
   <div class='ocr_carea' id='block_1_23' title="bbox 2092 971 3683 1041">
    <p class='ocr_par' dir='ltr' id='par_1_23' title="bbox 2092 971 3683 1041">
     <span class='ocr_line' id='line_1_23' title="bbox 2092 971 3683 1041; baseline 0.003 -17"><span class='ocrx_word' id='word_1_138' title='bbox 2092 971 2218 1024; x_wconf 85' lang='lat' dir='ltr'><strong>nuzi</strong></span> <span class='ocrx_word' id='word_1_139' title='bbox 2275 972 2451 1025; x_wconf 65' lang='lat' dir='ltr'><strong>hassae</strong></span> <span class='ocrx_word' id='word_1_140' title='bbox 2507 971 2800 1041; x_wconf 80' lang='lat' dir='ltr'><strong>regendam</strong></span> <span class='ocrx_word' id='word_1_141' title='bbox 2850 973 3246 1027; x_wconf 74' lang='lat' dir='ltr'><strong>commisisset.</strong></span> <span class='ocrx_word' id='word_1_142' title='bbox 3305 974 3435 1027; x_wconf 86' lang='lat' dir='ltr'><strong>Inde</strong></span> <span class='ocrx_word' id='word_1_143' title='bbox 3521 976 3683 1028; x_wconf 85' lang='lat' dir='ltr'><strong>rebus</strong></span> 
     </span>
    </p>
   </div>
   <div class='ocr_carea' id='block_1_24' title="bbox 2091 1062 3680 1131">
    <p class='ocr_par' dir='ltr' id='par_1_24' title="bbox 2091 1062 3680 1131">
     <span class='ocr_line' id='line_1_24' title="bbox 2091 1062 3680 1131; baseline 0.001 -16"><span class='ocrx_word' id='word_1_144' title='bbox 2091 1062 2350 1116; x_wconf 89' lang='lat' dir='ltr'><strong>omnibus</strong></span> <span class='ocrx_word' id='word_1_145' title='bbox 2385 1067 2607 1131; x_wconf 85' lang='lat' dir='ltr'><strong>egregie</strong></span> <span class='ocrx_word' id='word_1_146' title='bbox 2661 1065 2980 1118; x_wconf 85' lang='lat' dir='ltr'><strong>constitutis</strong></span> <span class='ocrx_word' id='word_1_147' title='bbox 3030 1065 3416 1129; x_wconf 80' lang='lat' dir='ltr'><strong>etordinatis,</strong></span> <span class='ocrx_word' id='word_1_148' title='bbox 3463 1067 3680 1120; x_wconf 81' lang='lat' dir='ltr'><strong>Aleairo</strong></span> 
     </span>
    </p>
   </div>
   <div class='ocr_carea' id='block_1_25' title="bbox 2093 1152 3680 1223">
    <p class='ocr_par' dir='ltr' id='par_1_25' title="bbox 2093 1152 3680 1223">
     <span class='ocr_line' id='line_1_25' title="bbox 2093 1152 3680 1223; baseline 0.003 -17"><span class='ocrx_word' id='word_1_149' title='bbox 2093 1153 2366 1220; x_wconf 84' lang='lat' dir='ltr'><strong>discessit,</strong></span> <span class='ocrx_word' id='word_1_150' title='bbox 2402 1152 2604 1208; x_wconf 82' lang='lat' dir='ltr'><strong>Gazam</strong></span> <span class='ocrx_word' id='word_1_151' title='bbox 2646 1154 2947 1210; x_wconf 87' lang='lat' dir='ltr'><strong>rediturus.</strong></span> <span class='ocrx_word' id='word_1_152' title='bbox 2988 1155 3120 1210; x_wconf 85' lang='lat' dir='ltr'><strong>Erat</strong></span> <span class='ocrx_word' id='word_1_153' title='bbox 3145 1164 3324 1210; x_wconf 88' lang='lat' dir='ltr'><strong>autem</strong></span> <span class='ocrx_word' id='word_1_154' title='bbox 3357 1157 3582 1223; x_wconf 86' lang='lat' dir='ltr'><strong>quidam</strong></span> <span class='ocrx_word' id='word_1_155' title='bbox 3613 1173 3680 1212; x_wconf 88' lang='lat' dir='ltr'><strong>ex</strong></span> 
     </span>
    </p>
   </div>
   <div class='ocr_carea' id='block_1_26' title="bbox 2092 1246 3681 1317">
    <p class='ocr_par' dir='ltr' id='par_1_26' title="bbox 2092 1246 3681 1317">
     <span class='ocr_line' id='line_1_26' title="bbox 2092 1246 3681 1317; baseline 0.003 -17"><span class='ocrx_word' id='word_1_156' title='bbox 2092 1247 2411 1310; x_wconf 85' lang='lat' dir='ltr'><strong>sultaninis,</strong></span> <span class='ocrx_word' id='word_1_157' title='bbox 2458 1246 2625 1301; x_wconf 89' lang='lat' dir='ltr'><strong>Cheir</strong></span> <span class='ocrx_word' id='word_1_158' title='bbox 2655 1247 2856 1315; x_wconf 77' lang='lat' dir='ltr'><strong>begus,</strong></span> <span class='ocrx_word' id='word_1_159' title='bbox 2905 1248 2998 1317; x_wconf 91' lang='lat' dir='ltr'><strong>qui</strong></span> <span class='ocrx_word' id='word_1_160' title='bbox 3052 1247 3286 1303; x_wconf 88' lang='lat' dir='ltr'><strong>sultanis</strong></span> <span class='ocrx_word' id='word_1_161' title='bbox 3336 1249 3444 1303; x_wconf 90' lang='lat' dir='ltr'><strong>illis</strong></span> <span class='ocrx_word' id='word_1_162' title='bbox 3499 1250 3681 1304; x_wconf 90' lang='lat' dir='ltr'><strong>adhuc</strong></span> 
     </span>
    </p>
   </div>
   <div class='ocr_carea' id='block_1_27' title="bbox 2092 1337 3682 1408">
    <p class='ocr_par' dir='ltr' id='par_1_27' title="bbox 2092 1337 3682 1408">
     <span class='ocr_line' id='line_1_27' title="bbox 2092 1337 3682 1408; baseline 0.003 -18"><span class='ocrx_word' id='word_1_163' title='bbox 2092 1351 2276 1391; x_wconf 87' lang='lat' dir='ltr'><strong>rerum</strong></span> <span class='ocrx_word' id='word_1_164' title='bbox 2337 1337 2680 1408; x_wconf 89' lang='lat' dir='ltr'><strong>potientibus</strong></span> <span class='ocrx_word' id='word_1_165' title='bbox 2715 1337 2938 1404; x_wconf 80' lang='lat' dir='ltr'><strong>Chalepi</strong></span> <span class='ocrx_word' id='word_1_166' title='bbox 2987 1339 3159 1406; x_wconf 72' lang='grc' dir='ltr'><strong>οοιιίἰε</strong></span> <span class='ocrx_word' id='word_1_167' title='bbox 3207 1339 3530 1408; x_wconf 74' lang='lat' dir='ltr'><strong>prazfuerat;</strong></span> <span class='ocrx_word' id='word_1_168' title='bbox 3585 1341 3682 1394; x_wconf 85' lang='lat' dir='ltr'><strong>sed</strong></span> 
     </span>
    </p>
   </div>
   <div class='ocr_carea' id='block_1_28' title="bbox 2093 1431 3678 1501">
    <p class='ocr_par' dir='ltr' id='par_1_28' title="bbox 2093 1431 3678 1501">
     <span class='ocr_line' id='line_1_28' title="bbox 2093 1431 3678 1501; baseline 0.003 -18"><span class='ocrx_word' id='word_1_169' title='bbox 2093 1443 2285 1495; x_wconf 79' lang='lat' dir='ltr'><strong>sponte</strong></span> <span class='ocrx_word' id='word_1_170' title='bbox 2321 1446 2416 1484; x_wconf 90' lang='lat' dir='ltr'><strong>sua</strong></span> <span class='ocrx_word' id='word_1_171' title='bbox 2455 1431 2657 1484; x_wconf 88' lang='lat' dir='ltr'><strong>sultani</strong></span> <span class='ocrx_word' id='word_1_172' title='bbox 2691 1431 2913 1486; x_wconf 72' lang='lat' dir='ltr'><strong>Selimis</strong></span> <span class='ocrx_word' id='word_1_173' title='bbox 2948 1431 3200 1500; x_wconf 81' lang='lat' dir='ltr'><strong>potestati</strong></span> <span class='ocrx_word' id='word_1_174' title='bbox 3238 1447 3297 1486; x_wconf 92' lang='lat' dir='ltr'><strong>se</strong></span> <span class='ocrx_word' id='word_1_175' title='bbox 3332 1433 3678 1501; x_wconf 83' lang='lat' dir='ltr'><strong>permiserat.</strong></span> 
     </span>
    </p>
   </div>
   <div class='ocr_carea' id='block_1_29' title="bbox 2091 1521 3682 1594">
    <p class='ocr_par' dir='ltr' id='par_1_29' title="bbox 2091 1521 3682 1594">
     <span class='ocr_line' id='line_1_29' title="bbox 2091 1521 3682 1594; baseline 0.002 -19"><span class='ocrx_word' id='word_1_176' title='bbox 2091 1521 2194 1577; x_wconf 83' lang='lat' dir='ltr'><strong>Hic</strong></span> <span class='ocrx_word' id='word_1_177' title='bbox 2226 1541 2254 1578; x_wconf 92' lang='lat' dir='ltr'><strong>a</strong></span> <span class='ocrx_word' id='word_1_178' title='bbox 2309 1524 2538 1586; x_wconf 88' lang='lat' dir='ltr'><strong>Selime,</strong></span> <span class='ocrx_word' id='word_1_179' title='bbox 2594 1537 2789 1594; x_wconf 63' lang='lat' dir='ltr'><strong>praeter</strong></span> <span class='ocrx_word' id='word_1_180' title='bbox 2821 1523 3089 1579; x_wconf 87' lang='lat' dir='ltr'><strong>Jonuzem</strong></span> <span class='ocrx_word' id='word_1_181' title='bbox 3121 1525 3364 1590; x_wconf 89' lang='lat' dir='ltr'><strong>bassam,</strong></span> <span class='ocrx_word' id='word_1_182' title='bbox 3405 1526 3469 1578; x_wconf 88' lang='lat' dir='ltr'><strong>ad</strong></span> <span class='ocrx_word' id='word_1_183' title='bbox 3501 1525 3682 1578; x_wconf 80' lang='lat' dir='ltr'><strong>Alcai-</strong></span> 
     </span>
    </p>
   </div>
   <div class='ocr_carea' id='block_1_30' title="bbox 2093 1616 3676 1686">
    <p class='ocr_par' dir='ltr' id='par_1_30' title="bbox 2093 1616 3676 1686">
     <span class='ocr_line' id='line_1_30' title="bbox 2093 1616 3676 1686; baseline -0.001 -15"><span class='ocrx_word' id='word_1_184' title='bbox 2093 1633 2214 1671; x_wconf 87' lang='lat' dir='ltr'><strong>rnm</strong></span> <span class='ocrx_word' id='word_1_185' title='bbox 2249 1619 2497 1682; x_wconf 79' lang='lat' dir='ltr'><strong>reltetus,</strong></span> <span class='ocrx_word' id='word_1_186' title='bbox 2543 1618 2753 1672; x_wconf 91' lang='lat' dir='ltr'><strong>litteras</strong></span> <span class='ocrx_word' id='word_1_187' title='bbox 2788 1619 2854 1670; x_wconf 89' lang='lat' dir='ltr'><strong>ad</strong></span> <span class='ocrx_word' id='word_1_188' title='bbox 2889 1633 3013 1670; x_wconf 90' lang='lat' dir='ltr'><strong>eum</strong></span> <span class='ocrx_word' id='word_1_189' title='bbox 3046 1616 3158 1686; x_wconf 91' lang='lat' dir='ltr'><strong>jam</strong></span> <span class='ocrx_word' id='word_1_190' title='bbox 3189 1616 3314 1670; x_wconf 86' lang='lat' dir='ltr'><strong>inde</strong></span> <span class='ocrx_word' id='word_1_191' title='bbox 3347 1619 3676 1684; x_wconf 85' lang='lat' dir='ltr'><strong>digressum,</strong></span> 
     </span>
    </p>
   </div>
   <div class='ocr_carea' id='block_1_31' title="bbox 2094 1706 3682 1779">
    <p class='ocr_par' dir='ltr' id='par_1_31' title="bbox 2094 1706 3682 1779">
     <span class='ocr_line' id='line_1_31' title="bbox 2094 1706 3682 1779; baseline -0.001 -15"><span class='ocrx_word' id='word_1_192' title='bbox 2094 1709 2244 1764; x_wconf 84' lang='lat' dir='ltr'><strong>misit</strong></span> <span class='ocrx_word' id='word_1_193' title='bbox 2274 1711 2591 1778; x_wconf 84' lang='lat' dir='ltr'><strong>obsignatas</strong></span> <span class='ocrx_word' id='word_1_194' title='bbox 2627 1709 2876 1779; x_wconf 84' lang='lat' dir='ltr'><strong>:quibus</strong></span> <span class='ocrx_word' id='word_1_195' title='bbox 2905 1710 2958 1762; x_wconf 91' lang='lat' dir='ltr'><strong>in</strong></span> <span class='ocrx_word' id='word_1_196' title='bbox 3001 1708 3199 1762; x_wconf 87' lang='lat' dir='ltr'><strong>litteris</strong></span> <span class='ocrx_word' id='word_1_197' title='bbox 3252 1706 3518 1763; x_wconf 81' lang='lat' dir='ltr'><strong>Jonuzem</strong></span> <span class='ocrx_word' id='word_1_198' title='bbox 3554 1709 3682 1762; x_wconf 89' lang='lat' dir='ltr'><strong>bas-</strong></span> 
     </span>
    </p>
   </div>
   <div class='ocr_carea' id='block_1_32' title="bbox 2095 1800 3682 1872">
    <p class='ocr_par' dir='ltr' id='par_1_32' title="bbox 2095 1800 3682 1872">
     <span class='ocr_line' id='line_1_32' title="bbox 2095 1800 3682 1872; baseline -0.001 -15"><span class='ocrx_word' id='word_1_199' title='bbox 2095 1817 2210 1858; x_wconf 87' lang='lat' dir='ltr'><strong>sam</strong></span> <span class='ocrx_word' id='word_1_200' title='bbox 2261 1817 2554 1866; x_wconf 86' lang='lat' dir='ltr'><strong>accusans,</strong></span> <span class='ocrx_word' id='word_1_201' title='bbox 2603 1801 3002 1870; x_wconf 82' lang='lat' dir='ltr'><strong>perscripserat</strong></span> <span class='ocrx_word' id='word_1_202' title='bbox 3047 1800 3338 1870; x_wconf 55' lang='lat' dir='ltr'><strong>Aithiopes</strong></span> <span class='ocrx_word' id='word_1_203' title='bbox 3376 1814 3430 1856; x_wconf 89' lang='lat' dir='ltr'><strong>et</strong></span> <span class='ocrx_word' id='word_1_204' title='bbox 3471 1803 3682 1872; x_wconf 78' lang='lat' dir='ltr'><strong>plebem</strong></span> 
     </span>
    </p>
   </div>
   <div class='ocr_carea' id='block_1_33' title="bbox 395 1889 3684 1963">
    <p class='ocr_par' dir='ltr' id='par_1_33' title="bbox 395 1889 3684 1963">
     <span class='ocr_line' id='line_1_33' title="bbox 395 1889 3684 1963; baseline 0.002 -22"><span class='ocrx_word' id='word_1_205' title='bbox 395 1891 523 1942; x_wconf 88' lang='lat' dir='ltr'><strong>dem</strong></span> <span class='ocrx_word' id='word_1_206' title='bbox 551 1889 604 1942; x_wconf 92' lang='lat' dir='ltr'><strong>in</strong></span> <span class='ocrx_word' id='word_1_207' title='bbox 639 1889 774 1956; x_wconf 87' lang='lat' dir='ltr'><strong>ipsis</strong></span> <span class='ocrx_word' id='word_1_208' title='bbox 805 1889 1000 1958; x_wconf 85' lang='lat' dir='ltr'><strong>plateis</strong></span> <span class='ocrx_word' id='word_1_209' title='bbox 1030 1899 1083 1943; x_wconf 92' lang='lat' dir='ltr'><strong>et</strong></span> <span class='ocrx_word' id='word_1_210' title='bbox 1117 1891 1253 1946; x_wconf 85' lang='lat' dir='ltr'><strong>vicis</strong></span> <span class='ocrx_word' id='word_1_211' title='bbox 1286 1891 1438 1946; x_wconf 89' lang='lat' dir='ltr'><strong>urbis</strong></span> <span class='ocrx_word' id='word_1_212' title='bbox 1470 1891 1740 1947; x_wconf 82' lang='lat' dir='ltr'><strong>adversus</strong></span> <span class='ocrx_word' id='word_1_213' title='bbox 1773 1890 1992 1947; x_wconf 86' lang='lat' dir='ltr'><strong>Circas-</strong></span> <span class='ocrx_word' id='word_1_214' title='bbox 2025 1889 2064 1944; x_wconf 85' lang='grc' dir='ltr'>Β</span> <span class='ocrx_word' id='word_1_215' title='bbox 2096 1894 2358 1948; x_wconf 84' lang='lat' dir='ltr'><strong>urbanam</strong></span> <span class='ocrx_word' id='word_1_216' title='bbox 2407 1892 2600 1948; x_wconf 84' lang='lat' dir='ltr'><strong>Jonuzi</strong></span> <span class='ocrx_word' id='word_1_217' title='bbox 2656 1893 2834 1948; x_wconf 71' lang='lat' dir='ltr'><strong>bassa:</strong></span> <span class='ocrx_word' id='word_1_218' title='bbox 2889 1895 3092 1947; x_wconf 79' lang='lat' dir='ltr'><strong>sultani</strong></span> <span class='ocrx_word' id='word_1_219' title='bbox 3149 1896 3391 1949; x_wconf 90' lang='lat' dir='ltr'><strong>tribuere</strong></span> <span class='ocrx_word' id='word_1_220' title='bbox 3441 1895 3684 1963; x_wconf 85' lang='lat' dir='ltr'><strong>titulum,</strong></span> 
     </span>
    </p>
   </div>
   <div class='ocr_carea' id='block_1_34' title="bbox 401 1979 1994 2052">
    <p class='ocr_par' dir='ltr' id='par_1_34' title="bbox 401 1979 1994 2052">
     <span class='ocr_line' id='line_1_34' title="bbox 401 1979 1994 2052; baseline 0.003 -17"><span class='ocrx_word' id='word_1_221' title='bbox 401 1996 497 2036; x_wconf 84' lang='lat' dir='ltr'><strong>sos</strong></span> <span class='ocrx_word' id='word_1_222' title='bbox 541 1991 596 2036; x_wconf 87' lang='lat' dir='ltr'><strong>et</strong></span> <span class='ocrx_word' id='word_1_223' title='bbox 648 1979 986 2038; x_wconf 82' lang='lat' dir='ltr'><strong>Mamelucos</strong></span> <span class='ocrx_word' id='word_1_224' title='bbox 1014 1984 1287 2038; x_wconf 86' lang='lat' dir='ltr'><strong>acerrime</strong></span> <span class='ocrx_word' id='word_1_225' title='bbox 1319 1983 1676 2039; x_wconf 87' lang='lat' dir='ltr'><strong>dimicarunt.</strong></span> <span class='ocrx_word' id='word_1_226' title='bbox 1712 1982 1826 2038; x_wconf 84' lang='lat' dir='ltr'><strong>Hoc</strong></span> <span class='ocrx_word' id='word_1_227' title='bbox 1855 2001 1994 2052; x_wconf 71' lang='lat' dir='ltr'><strong>pra:-</strong></span> 
     </span>
    </p>
   </div>
   <div class='ocr_carea' id='block_1_35' title="bbox 399 2067 1994 2148">
    <p class='ocr_par' dir='ltr' id='par_1_35' title="bbox 399 2067 1994 2148">
     <span class='ocr_line' id='line_1_35' title="bbox 399 2067 1994 2148; baseline 0.004 -19"><span class='ocrx_word' id='word_1_228' title='bbox 399 2077 474 2130; x_wconf 89' lang='lat' dir='ltr'><strong>lio</strong></span> <span class='ocrx_word' id='word_1_229' title='bbox 508 2075 708 2147; x_wconf 77' lang='lat' dir='ltr'><strong>sagitta</strong></span> <span class='ocrx_word' id='word_1_230' title='bbox 743 2075 983 2132; x_wconf 80' lang='lat' dir='ltr'><strong>Jonuzes</strong></span> <span class='ocrx_word' id='word_1_231' title='bbox 1023 2080 1184 2133; x_wconf 87' lang='lat' dir='ltr'><strong>bassa</strong></span> <span class='ocrx_word' id='word_1_232' title='bbox 1235 2085 1346 2133; x_wconf 84' lang='lat' dir='ltr'><strong>tam</strong></span> <span class='ocrx_word' id='word_1_233' title='bbox 1402 2067 1643 2148; x_wconf 68' lang='lat' dir='ltr'><strong>grav&#39;iter</strong></span> <span class='ocrx_word' id='word_1_234' title='bbox 1676 2079 1994 2136; x_wconf 86' lang='lat' dir='ltr'><strong>vulneratus</strong></span> 
     </span>
    </p>
   </div>
   <div class='ocr_carea' id='block_1_36' title="bbox 398 2168 1996 2242">
    <p class='ocr_par' dir='ltr' id='par_1_36' title="bbox 398 2168 1996 2242">
     <span class='ocr_line' id='line_1_36' title="bbox 398 2168 1996 2242; baseline 0.006 -23"><span class='ocrx_word' id='word_1_235' title='bbox 398 2168 528 2230; x_wconf 87' lang='lat' dir='ltr'><strong>fuit,</strong></span> <span class='ocrx_word' id='word_1_236' title='bbox 560 2178 621 2222; x_wconf 92' lang='lat' dir='ltr'><strong>ut</strong></span> <span class='ocrx_word' id='word_1_237' title='bbox 652 2183 682 2223; x_wconf 88' lang='lat' dir='ltr'><strong>a</strong></span> <span class='ocrx_word' id='word_1_238' title='bbox 710 2168 828 2224; x_wconf 87' lang='lat' dir='ltr'><strong>suis</strong></span> <span class='ocrx_word' id='word_1_239' title='bbox 881 2169 1158 2237; x_wconf 83' lang='lat' dir='ltr'><strong>sublatus,</strong></span> <span class='ocrx_word' id='word_1_240' title='bbox 1192 2185 1224 2225; x_wconf 88' lang='lat' dir='ltr'><strong>e</strong></span> <span class='ocrx_word' id='word_1_241' title='bbox 1261 2171 1439 2225; x_wconf 90' lang='lat' dir='ltr'><strong>media</strong></span> <span class='ocrx_word' id='word_1_242' title='bbox 1473 2187 1652 2242; x_wconf 80' lang='lat' dir='ltr'><strong>pugna</strong></span> <span class='ocrx_word' id='word_1_243' title='bbox 1681 2181 1996 2242; x_wconf 79' lang='lat' dir='ltr'><strong>exportare-</strong></span> 
     </span>
    </p>
   </div>
   <div class='ocr_carea' id='block_1_37' title="bbox 403 2259 1993 2336">
    <p class='ocr_par' dir='ltr' id='par_1_37' title="bbox 403 2259 1993 2336">
     <span class='ocr_line' id='line_1_37' title="bbox 403 2259 1993 2336; baseline 0.005 -24"><span class='ocrx_word' id='word_1_244' title='bbox 403 2269 516 2314; x_wconf 87' lang='lat' dir='ltr'><strong>tur.</strong></span> <span class='ocrx_word' id='word_1_245' title='bbox 545 2259 602 2315; x_wconf 90' lang='lat' dir='ltr'><strong>Id</strong></span> <span class='ocrx_word' id='word_1_246' title='bbox 622 2263 977 2332; x_wconf 87' lang='lat' dir='ltr'><strong>conspicatus</strong></span> <span class='ocrx_word' id='word_1_247' title='bbox 1009 2261 1243 2336; x_wconf 77' lang='lat' dir='ltr'><strong>Selimes</strong></span> <span class='ocrx_word' id='word_1_248' title='bbox 1307 2279 1486 2335; x_wconf 88' lang='lat' dir='ltr'><strong>usque</strong></span> <span class='ocrx_word' id='word_1_249' title='bbox 1512 2264 1651 2319; x_wconf 84' lang='lat' dir='ltr'><strong>adeo</strong></span> <span class='ocrx_word' id='word_1_250' title='bbox 1677 2266 1993 2333; x_wconf 75' lang='lat' dir='ltr'><strong>excanduit,</strong></span> 
     </span>
    </p>
   </div>
   <div class='ocr_carea' id='block_1_38' title="bbox 406 2354 1996 2430">
    <p class='ocr_par' dir='ltr' id='par_1_38' title="bbox 406 2354 1996 2430">
     <span class='ocr_line' id='line_1_38' title="bbox 406 2354 1996 2430; baseline 0.006 -23"><span class='ocrx_word' id='word_1_251' title='bbox 406 2366 465 2408; x_wconf 75' lang='lat' dir='ltr'><strong>ut</strong></span> <span class='ocrx_word' id='word_1_252' title='bbox 492 2354 690 2410; x_wconf 82' lang='lat' dir='ltr'><strong>milites</strong></span> <span class='ocrx_word' id='word_1_253' title='bbox 734 2370 797 2408; x_wconf 81' lang='lat' dir='ltr'><strong>ex</strong></span> <span class='ocrx_word' id='word_1_254' title='bbox 827 2355 984 2425; x_wconf 87' lang='lat' dir='ltr'><strong>equis</strong></span> <span class='ocrx_word' id='word_1_255' title='bbox 1016 2356 1350 2412; x_wconf 83' lang='lat' dir='ltr'><strong>descendere</strong></span> <span class='ocrx_word' id='word_1_256' title='bbox 1401 2357 1642 2427; x_wconf 88' lang='lat' dir='ltr'><strong>juberet,</strong></span> <span class='ocrx_word' id='word_1_257' title='bbox 1681 2375 1745 2414; x_wconf 90' lang='lat' dir='ltr'><strong>ac</strong></span> <span class='ocrx_word' id='word_1_258' title='bbox 1787 2361 1996 2430; x_wconf 83' lang='lat' dir='ltr'><strong>pedites</strong></span> 
     </span>
    </p>
   </div>
   <div class='ocr_carea' id='block_1_39' title="bbox 413 2449 1994 2523">
    <p class='ocr_par' dir='ltr' id='par_1_39' title="bbox 413 2449 1994 2523">
     <span class='ocr_line' id='line_1_39' title="bbox 413 2449 1994 2523; baseline 0.004 -24"><span class='ocrx_word' id='word_1_259' title='bbox 413 2449 530 2502; x_wconf 80' lang='lat' dir='ltr'><strong>suis</strong></span> <span class='ocrx_word' id='word_1_260' title='bbox 553 2453 829 2518; x_wconf 82' lang='lat' dir='ltr'><strong>suppetias</strong></span> <span class='ocrx_word' id='word_1_261' title='bbox 861 2449 1024 2504; x_wconf 89' lang='lat' dir='ltr'><strong>ferre.</strong></span> <span class='ocrx_word' id='word_1_262' title='bbox 1055 2451 1208 2516; x_wconf 76' lang='lat' dir='ltr'><strong>Quod</strong></span> <span class='ocrx_word' id='word_1_263' title='bbox 1241 2467 1365 2506; x_wconf 89' lang='lat' dir='ltr'><strong>cum</strong></span> <span class='ocrx_word' id='word_1_264' title='bbox 1393 2451 1604 2523; x_wconf 85' lang='lat' dir='ltr'><strong>absque</strong></span> <span class='ocrx_word' id='word_1_265' title='bbox 1638 2468 1791 2508; x_wconf 89' lang='lat' dir='ltr'><strong>mora</strong></span> <span class='ocrx_word' id='word_1_266' title='bbox 1823 2454 1994 2520; x_wconf 84' lang='lat' dir='ltr'><strong>fieret,</strong></span> 
     </span>
    </p>
   </div>
   <div class='ocr_carea' id='block_1_40' title="bbox 405 2539 1996 2613">
    <p class='ocr_par' dir='ltr' id='par_1_40' title="bbox 405 2539 1996 2613">
     <span class='ocr_line' id='line_1_40' title="bbox 405 2539 1996 2613; baseline 0.005 -21"><span class='ocrx_word' id='word_1_267' title='bbox 405 2549 460 2592; x_wconf 88' lang='lat' dir='ltr'><strong>et</strong></span> <span class='ocrx_word' id='word_1_268' title='bbox 499 2539 573 2593; x_wconf 88' lang='lat' dir='ltr'><strong>illi</strong></span> <span class='ocrx_word' id='word_1_269' title='bbox 617 2541 840 2607; x_wconf 81' lang='lat' dir='ltr'><strong>milites,</strong></span> <span class='ocrx_word' id='word_1_270' title='bbox 888 2543 979 2611; x_wconf 88' lang='lat' dir='ltr'><strong>qui</strong></span> <span class='ocrx_word' id='word_1_271' title='bbox 1025 2543 1362 2612; x_wconf 71' lang='lat' dir='ltr'><strong>cretei-equiti</strong></span> <span class='ocrx_word' id='word_1_272' title='bbox 1409 2559 1473 2599; x_wconf 79' lang='lat' dir='ltr'><strong>ex</strong></span> <span class='ocrx_word' id='word_1_273' title='bbox 1526 2545 1683 2613; x_wconf 89' lang='lat' dir='ltr'><strong>equis</strong></span> <span class='ocrx_word' id='word_1_274' title='bbox 1734 2545 1996 2600; x_wconf 90' lang='lat' dir='ltr'><strong>dimicare</strong></span> 
     </span>
    </p>
   </div>
   <div class='ocr_carea' id='block_1_41' title="bbox 404 2630 1996 2706">
    <p class='ocr_par' dir='ltr' id='par_1_41' title="bbox 404 2630 1996 2706">
     <span class='ocr_line' id='line_1_41' title="bbox 404 2630 1996 2706; baseline 0.006 -24"><span class='ocrx_word' id='word_1_275' title='bbox 404 2630 674 2696; x_wconf 72' lang='lat' dir='ltr'><strong>solebant,</strong></span> <span class='ocrx_word' id='word_1_276' title='bbox 742 2633 949 2700; x_wconf 91' lang='lat' dir='ltr'><strong>pedites</strong></span> <span class='ocrx_word' id='word_1_277' title='bbox 1019 2633 1210 2689; x_wconf 85' lang='lat' dir='ltr'><strong>urbem</strong></span> <span class='ocrx_word' id='word_1_278' title='bbox 1275 2635 1695 2704; x_wconf 77' lang='lat' dir='ltr'><strong>ingrederentur</strong></span> <span class='ocrx_word' id='word_1_279' title='bbox 1751 2655 1765 2688; x_wconf 72' lang='grc' dir='ltr'>ε</span> <span class='ocrx_word' id='word_1_280' title='bbox 1829 2653 1996 2706; x_wconf 81' lang='lat' dir='ltr'><strong>prope</strong></span> 
     </span>
    </p>
   </div>
   <div class='ocr_carea' id='block_1_42' title="bbox 399 2721 1993 2796">
    <p class='ocr_par' dir='ltr' id='par_1_42' title="bbox 399 2721 1993 2796">
     <span class='ocr_line' id='line_1_42' title="bbox 399 2721 1993 2796; baseline 0.004 -20"><span class='ocrx_word' id='word_1_281' title='bbox 399 2721 665 2791; x_wconf 77' lang='lat' dir='ltr'><strong>templum</strong></span> <span class='ocrx_word' id='word_1_282' title='bbox 703 2725 1031 2788; x_wconf 88' lang='lat' dir='ltr'><strong>maximum,</strong></span> <span class='ocrx_word' id='word_1_283' title='bbox 1083 2727 1230 2796; x_wconf 85' lang='lat' dir='ltr'><strong>quod</strong></span> <span class='ocrx_word' id='word_1_284' title='bbox 1265 2727 1534 2783; x_wconf 87' lang='lat' dir='ltr'><strong>Chasanis</strong></span> <span class='ocrx_word' id='word_1_285' title='bbox 1575 2728 1726 2784; x_wconf 85' lang='lat' dir='ltr'><strong>Zami</strong></span> <span class='ocrx_word' id='word_1_286' title='bbox 1773 2741 1993 2794; x_wconf 69' lang='lat' dir='ltr'><strong>vorant,</strong></span> 
     </span>
    </p>
   </div>
   <div class='ocr_carea' id='block_1_43' title="bbox 400 2814 1992 2880">
    <p class='ocr_par' dir='ltr' id='par_1_43' title="bbox 400 2814 1992 2880">
     <span class='ocr_line' id='line_1_43' title="bbox 400 2814 1992 2880; baseline 0.004 -12"><span class='ocrx_word' id='word_1_287' title='bbox 400 2831 526 2869; x_wconf 78' lang='lat' dir='ltr'><strong>cum</strong></span> <span class='ocrx_word' id='word_1_288' title='bbox 561 2815 834 2871; x_wconf 80' lang='lat' dir='ltr'><strong>Circassis</strong></span> <span class='ocrx_word' id='word_1_289' title='bbox 882 2824 936 2870; x_wconf 88' lang='lat' dir='ltr'><strong>et</strong></span> <span class='ocrx_word' id='word_1_290' title='bbox 981 2814 1300 2874; x_wconf 79' lang='lat' dir='ltr'><strong>IlIamelucis</strong></span> <span class='ocrx_word' id='word_1_291' title='bbox 1347 2833 1570 2873; x_wconf 90' lang='lat' dir='ltr'><strong>manum</strong></span> <span class='ocrx_word' id='word_1_292' title='bbox 1619 2835 1992 2880; x_wconf 90' lang='lat' dir='ltr'><strong>conseruere:</strong></span> 
     </span>
    </p>
   </div>
   <div class='ocr_carea' id='block_1_44' title="bbox 404 2911 1997 2984">
    <p class='ocr_par' dir='ltr' id='par_1_44' title="bbox 404 2911 1997 2984">
     <span class='ocr_line' id='line_1_44' title="bbox 404 2911 1997 2984; baseline 0.006 -24"><span class='ocrx_word' id='word_1_293' title='bbox 404 2926 512 2977; x_wconf 75' lang='lat' dir='ltr'><strong>qua</strong></span> <span class='ocrx_word' id='word_1_294' title='bbox 545 2924 723 2980; x_wconf 83' lang='lat' dir='ltr'><strong>pugna</strong></span> <span class='ocrx_word' id='word_1_295' title='bbox 757 2917 839 2964; x_wconf 90' lang='lat' dir='ltr'><strong>tot</strong></span> <span class='ocrx_word' id='word_1_296' title='bbox 883 2911 950 2963; x_wconf 91' lang='lat' dir='ltr'><strong>ab</strong></span> <span class='ocrx_word' id='word_1_297' title='bbox 980 2919 1213 2980; x_wconf 91' lang='lat' dir='ltr'><strong>utraque</strong></span> <span class='ocrx_word' id='word_1_298' title='bbox 1237 2920 1392 2981; x_wconf 89' lang='lat' dir='ltr'><strong>parte</strong></span> <span class='ocrx_word' id='word_1_299' title='bbox 1423 2912 1549 2968; x_wconf 69' lang='lat' dir='ltr'><strong>caesi</strong></span> <span class='ocrx_word' id='word_1_300' title='bbox 1581 2923 1728 2975; x_wconf 90' lang='lat' dir='ltr'><strong>sunt,</strong></span> <span class='ocrx_word' id='word_1_301' title='bbox 1778 2922 1837 2968; x_wconf 93' lang='lat' dir='ltr'><strong>ut</strong></span> <span class='ocrx_word' id='word_1_302' title='bbox 1876 2929 1997 2984; x_wconf 87' lang='lat' dir='ltr'><strong>pas-</strong></span> 
     </span>
    </p>
   </div>
   <div class='ocr_carea' id='block_1_45' title="bbox 407 3000 1996 3072">
    <p class='ocr_par' dir='ltr' id='par_1_45' title="bbox 407 3000 1996 3072">
     <span class='ocr_line' id='line_1_45' title="bbox 407 3000 1996 3072; baseline 0.003 -18"><span class='ocrx_word' id='word_1_303' title='bbox 407 3017 510 3054; x_wconf 73' lang='lat' dir='ltr'><strong>sm</strong></span> <span class='ocrx_word' id='word_1_304' title='bbox 550 3015 644 3070; x_wconf 90' lang='lat' dir='ltr'><strong>per</strong></span> <span class='ocrx_word' id='word_1_305' title='bbox 698 3000 908 3068; x_wconf 85' lang='lat' dir='ltr'><strong>plateas</strong></span> <span class='ocrx_word' id='word_1_306' title='bbox 964 3001 1120 3069; x_wconf 85' lang='lat' dir='ltr'><strong>plena</strong></span> <span class='ocrx_word' id='word_1_307' title='bbox 1161 3016 1573 3072; x_wconf 88' lang='lat' dir='ltr'><strong>peremptorum</strong></span> <span class='ocrx_word' id='word_1_308' title='bbox 1636 3005 1996 3059; x_wconf 81' lang='lat' dir='ltr'><strong>cadaveribus</strong></span> 
     </span>
    </p>
   </div>
   <div class='ocr_carea' id='block_1_46' title="bbox 402 3092 1993 3153">
    <p class='ocr_par' dir='ltr' id='par_1_46' title="bbox 402 3092 1993 3153">
     <span class='ocr_line' id='line_1_46' title="bbox 402 3092 1993 3153; baseline 0.003 -5"><span class='ocrx_word' id='word_1_309' title='bbox 402 3101 589 3148; x_wconf 70' lang='lat' dir='ltr'><strong>essent</strong></span> <span class='ocrx_word' id='word_1_310' title='bbox 636 3095 843 3148; x_wconf 87' lang='lat' dir='ltr'><strong>omnia.</strong></span> <span class='ocrx_word' id='word_1_311' title='bbox 889 3092 1132 3147; x_wconf 82' lang='lat' dir='ltr'><strong>Tandem</strong></span> <span class='ocrx_word' id='word_1_312' title='bbox 1191 3092 1478 3150; x_wconf 84' lang='lat' dir='ltr'><strong>Selimiani</strong></span> <span class='ocrx_word' id='word_1_313' title='bbox 1533 3098 1714 3151; x_wconf 87' lang='lat' dir='ltr'><strong>denuo</strong></span> <span class='ocrx_word' id='word_1_314' title='bbox 1767 3098 1993 3153; x_wconf 89' lang='lat' dir='ltr'><strong>victoria</strong></span> 
     </span>
    </p>
   </div>
   <div class='ocr_carea' id='block_1_47' title="bbox 2099 1984 3684 2056">
    <p class='ocr_par' dir='ltr' id='par_1_47' title="bbox 2099 1984 3684 2056">
     <span class='ocr_line' id='line_1_47' title="bbox 2099 1984 3684 2056; baseline -0.001 -13"><span class='ocrx_word' id='word_1_315' title='bbox 2099 1997 2152 2043; x_wconf 90' lang='lat' dir='ltr'><strong>et</strong></span> <span class='ocrx_word' id='word_1_316' title='bbox 2183 1987 2365 2040; x_wconf 89' lang='lat' dir='ltr'><strong>omnia</strong></span> <span class='ocrx_word' id='word_1_317' title='bbox 2401 1987 2609 2056; x_wconf 81' lang='lat' dir='ltr'><strong>precari</strong></span> <span class='ocrx_word' id='word_1_318' title='bbox 2648 1986 2825 2040; x_wconf 73' lang='lat' dir='ltr'><strong>fausta</strong></span> <span class='ocrx_word' id='word_1_319' title='bbox 2861 1984 3176 2054; x_wconf 84' lang='lat' dir='ltr'><strong>feliciaque,</strong></span> <span class='ocrx_word' id='word_1_320' title='bbox 3212 1988 3490 2042; x_wconf 84' lang='lat' dir='ltr'><strong>nonnullis</strong></span> <span class='ocrx_word' id='word_1_321' title='bbox 3518 1989 3684 2042; x_wconf 85' lang='lat' dir='ltr'><strong>etiam</strong></span> 
     </span>
    </p>
   </div>
   <div class='ocr_carea' id='block_1_48' title="bbox 2100 2077 3689 2148">
    <p class='ocr_par' dir='ltr' id='par_1_48' title="bbox 2100 2077 3689 2148">
     <span class='ocr_line' id='line_1_48' title="bbox 2100 2077 3689 2148; baseline -0.002 -12"><span class='ocrx_word' id='word_1_322' title='bbox 2100 2081 2426 2136; x_wconf 82' lang='lat' dir='ltr'><strong>criminibus</strong></span> <span class='ocrx_word' id='word_1_323' title='bbox 2458 2080 2660 2134; x_wconf 87' lang='lat' dir='ltr'><strong>aliisin</strong></span> <span class='ocrx_word' id='word_1_324' title='bbox 2709 2094 2830 2132; x_wconf 91' lang='lat' dir='ltr'><strong>eum</strong></span> <span class='ocrx_word' id='word_1_325' title='bbox 2871 2081 3168 2148; x_wconf 78' lang='lat' dir='ltr'><strong>congestis.</strong></span> <span class='ocrx_word' id='word_1_326' title='bbox 3219 2077 3314 2134; x_wconf 83' lang='lat' dir='ltr'><strong>llis</strong></span> <span class='ocrx_word' id='word_1_327' title='bbox 3349 2080 3689 2135; x_wconf 83' lang='lat' dir='ltr'><strong>territuslit-</strong></span> 
     </span>
    </p>
   </div>
   <div class='ocr_carea' id='block_1_49' title="bbox 2103 2169 3685 2235">
    <p class='ocr_par' dir='ltr' id='par_1_49' title="bbox 2103 2169 3685 2235">
     <span class='ocr_line' id='line_1_49' title="bbox 2103 2169 3685 2235; baseline 0 -7"><span class='ocrx_word' id='word_1_328' title='bbox 2103 2173 2231 2228; x_wconf 89' lang='lat' dir='ltr'><strong>teris</strong></span> <span class='ocrx_word' id='word_1_329' title='bbox 2268 2171 2519 2235; x_wconf 89' lang='lat' dir='ltr'><strong>Selimes,</strong></span> <span class='ocrx_word' id='word_1_330' title='bbox 2557 2187 2683 2224; x_wconf 88' lang='lat' dir='ltr'><strong>mox</strong></span> <span class='ocrx_word' id='word_1_331' title='bbox 2724 2171 2860 2224; x_wconf 80' lang='lat' dir='ltr'><strong>alias</strong></span> <span class='ocrx_word' id='word_1_332' title='bbox 2893 2171 2958 2225; x_wconf 91' lang='lat' dir='ltr'><strong>ad</strong></span> <span class='ocrx_word' id='word_1_333' title='bbox 2993 2169 3256 2225; x_wconf 84' lang='lat' dir='ltr'><strong>Jonuzem</strong></span> <span class='ocrx_word' id='word_1_334' title='bbox 3312 2173 3530 2228; x_wconf 81' lang='lat' dir='ltr'><strong>bassam</strong></span> <span class='ocrx_word' id='word_1_335' title='bbox 3567 2173 3685 2228; x_wconf 88' lang='lat' dir='ltr'><strong>dari</strong></span> 
     </span>
    </p>
   </div>
   <div class='ocr_carea' id='block_1_50' title="bbox 2095 2260 3686 2335">
    <p class='ocr_par' dir='ltr' id='par_1_50' title="bbox 2095 2260 3686 2335">
     <span class='ocr_line' id='line_1_50' title="bbox 2095 2260 3686 2335; baseline 0 -19"><span class='ocrx_word' id='word_1_336' title='bbox 2095 2263 2262 2335; x_wconf 85' lang='lat' dir='ltr'><strong>jussit</strong></span> <span class='ocrx_word' id='word_1_337' title='bbox 2294 2280 2309 2316; x_wconf 87' lang='lat'><strong>:</strong></span> <span class='ocrx_word' id='word_1_338' title='bbox 2346 2263 2548 2332; x_wconf 85' lang='lat' dir='ltr'><strong>quibus</strong></span> <span class='ocrx_word' id='word_1_339' title='bbox 2579 2264 2628 2315; x_wconf 90' lang='lat' dir='ltr'><strong>ei</strong></span> <span class='ocrx_word' id='word_1_340' title='bbox 2667 2260 3041 2327; x_wconf 84' lang='lat' dir='ltr'><strong>mandaretur,</strong></span> <span class='ocrx_word' id='word_1_341' title='bbox 3088 2262 3166 2316; x_wconf 90' lang='lat' dir='ltr'><strong>uti</strong></span> <span class='ocrx_word' id='word_1_342' title='bbox 3209 2263 3442 2316; x_wconf 78' lang='lat' dir='ltr'><strong>maxima</strong></span> <span class='ocrx_word' id='word_1_343' title='bbox 3490 2263 3686 2318; x_wconf 89' lang='lat' dir='ltr'><strong>celeri—</strong></span> 
     </span>
    </p>
   </div>
   <div class='ocr_carea' id='block_1_51' title="bbox 2101 2351 3687 2410">
    <p class='ocr_par' dir='ltr' id='par_1_51' title="bbox 2101 2351 3687 2410">
     <span class='ocr_line' id='line_1_51' title="bbox 2101 2351 3687 2410; baseline 0.001 -1"><span class='ocrx_word' id='word_1_344' title='bbox 2101 2366 2209 2409; x_wconf 72' lang='lat' dir='ltr'><strong>tate</strong></span> <span class='ocrx_word' id='word_1_345' title='bbox 2267 2363 2438 2409; x_wconf 70' lang='lat' dir='ltr'><strong>semet</strong></span> <span class='ocrx_word' id='word_1_346' title='bbox 2493 2354 2560 2409; x_wconf 89' lang='lat' dir='ltr'><strong>ad</strong></span> <span class='ocrx_word' id='word_1_347' title='bbox 2601 2353 2882 2408; x_wconf 86' lang='lat' dir='ltr'><strong>sultanum</strong></span> <span class='ocrx_word' id='word_1_348' title='bbox 2938 2351 3193 2409; x_wconf 87' lang='lat' dir='ltr'><strong>Sclimem</strong></span> <span class='ocrx_word' id='word_1_349' title='bbox 3236 2355 3530 2409; x_wconf 86' lang='lat' dir='ltr'><strong>conferret.</strong></span> <span class='ocrx_word' id='word_1_350' title='bbox 3579 2353 3687 2410; x_wconf 86' lang='lat' dir='ltr'><strong>Ea-</strong></span> 
     </span>
    </p>
   </div>
   <div class='ocr_carea' id='block_1_52' title="bbox 2099 2447 3686 2518">
    <p class='ocr_par' dir='ltr' id='par_1_52' title="bbox 2099 2447 3686 2518">
     <span class='ocr_line' id='line_1_52' title="bbox 2099 2447 3686 2518; baseline 0 -16"><span class='ocrx_word' id='word_1_351' title='bbox 2099 2449 2222 2502; x_wconf 87' lang='lat' dir='ltr'><strong>dem</strong></span> <span class='ocrx_word' id='word_1_352' title='bbox 2273 2447 2458 2503; x_wconf 88' lang='lat' dir='ltr'><strong>Cheiri</strong></span> <span class='ocrx_word' id='word_1_353' title='bbox 2514 2449 2648 2516; x_wconf 86' lang='lat' dir='ltr'><strong>bego</strong></span> <span class='ocrx_word' id='word_1_354' title='bbox 2703 2447 2868 2502; x_wconf 89' lang='lat' dir='ltr'><strong>scribi</strong></span> <span class='ocrx_word' id='word_1_355' title='bbox 2924 2447 3134 2512; x_wconf 79' lang='lat' dir='ltr'><strong>Voluit,</strong></span> <span class='ocrx_word' id='word_1_356' title='bbox 3168 2458 3222 2504; x_wconf 88' lang='lat' dir='ltr'><strong>et</strong></span> <span class='ocrx_word' id='word_1_357' title='bbox 3284 2447 3472 2502; x_wconf 87' lang='lat' dir='ltr'><strong>urbem</strong></span> <span class='ocrx_word' id='word_1_358' title='bbox 3511 2448 3686 2518; x_wconf 79' lang='lat' dir='ltr'><strong>ipsius</strong></span> 
     </span>
    </p>
   </div>
   <div class='ocr_carea' id='block_1_53' title="bbox 2060 2540 3686 2610">
    <p class='ocr_par' dir='ltr' id='par_1_53' title="bbox 2060 2540 3686 2610">
     <span class='ocr_line' id='line_1_53' title="bbox 2060 2540 3686 2610; baseline -0.001 -14"><span class='ocrx_word' id='word_1_359' title='bbox 2060 2542 2252 2607; x_wconf 79' lang='lat' dir='ltr'><strong>‘lidei,</strong></span> <span class='ocrx_word' id='word_1_360' title='bbox 2321 2555 2415 2610; x_wconf 88' lang='lat' dir='ltr'><strong>per</strong></span> <span class='ocrx_word' id='word_1_361' title='bbox 2472 2541 2776 2596; x_wconf 88' lang='lat' dir='ltr'><strong>absentiam</strong></span> <span class='ocrx_word' id='word_1_362' title='bbox 2844 2540 3044 2604; x_wconf 61' lang='lat' dir='ltr'><strong>bassat,</strong></span> <span class='ocrx_word' id='word_1_363' title='bbox 3098 2540 3520 2596; x_wconf 83' lang='lat' dir='ltr'><strong>commendavit.</strong></span> <span class='ocrx_word' id='word_1_364' title='bbox 3583 2540 3686 2596; x_wconf 89' lang='lat' dir='ltr'><strong>Ubi</strong></span> 
     </span>
    </p>
   </div>
   <div class='ocr_carea' id='block_1_54' title="bbox 2101 2631 3688 2713">
    <p class='ocr_par' dir='ltr' id='par_1_54' title="bbox 2101 2631 3688 2713">
     <span class='ocr_line' id='line_1_54' title="bbox 2101 2631 3688 2713; baseline -0.004 -21"><span class='ocrx_word' id='word_1_365' title='bbox 2101 2653 2260 2692; x_wconf 85' lang='lat' dir='ltr'><strong>somn</strong></span> <span class='ocrx_word' id='word_1_366' title='bbox 2293 2639 2360 2692; x_wconf 89' lang='lat' dir='ltr'><strong>ad</strong></span> <span class='ocrx_word' id='word_1_367' title='bbox 2412 2635 2629 2713; x_wconf 60' lang='lat' dir='ltr'><strong>herum,</strong></span> <span class='ocrx_word' id='word_1_368' title='bbox 2667 2636 2945 2690; x_wconf 87' lang='lat' dir='ltr'><strong>sultanum</strong></span> <span class='ocrx_word' id='word_1_369' title='bbox 2990 2634 3272 2698; x_wconf 82' lang='lat' dir='ltr'><strong>Selimetn,</strong></span> <span class='ocrx_word' id='word_1_370' title='bbox 3306 2632 3360 2686; x_wconf 90' lang='lat' dir='ltr'><strong>in</strong></span> <span class='ocrx_word' id='word_1_371' title='bbox 3392 2633 3508 2701; x_wconf 78' lang='lat' dir='ltr'><strong>ipsa</strong></span> <span class='ocrx_word' id='word_1_372' title='bbox 3558 2631 3688 2686; x_wconf 83' lang='lat' dir='ltr'><strong>soli-</strong></span> 
     </span>
    </p>
   </div>
   <div class='ocr_carea' id='block_1_55' title="bbox 2102 2724 3688 2796">
    <p class='ocr_par' dir='ltr' id='par_1_55' title="bbox 2102 2724 3688 2796">
     <span class='ocr_line' id='line_1_55' title="bbox 2102 2724 3688 2796; baseline -0.007 -13"><span class='ocrx_word' id='word_1_373' title='bbox 2102 2728 2292 2784; x_wconf 88' lang='lat' dir='ltr'><strong>tudine</strong></span> <span class='ocrx_word' id='word_1_374' title='bbox 2329 2727 2570 2782; x_wconf 82' lang='lat' dir='ltr'><strong>Jonuzes</strong></span> <span class='ocrx_word' id='word_1_375' title='bbox 2615 2729 2774 2782; x_wconf 86' lang='lat' dir='ltr'><strong>hassa</strong></span> <span class='ocrx_word' id='word_1_376' title='bbox 2815 2727 3198 2796; x_wconf 87' lang='lat' dir='ltr'><strong>pervenisset,</strong></span> <span class='ocrx_word' id='word_1_377' title='bbox 3251 2726 3410 2794; x_wconf 88' lang='lat' dir='ltr'><strong>equis</strong></span> <span class='ocrx_word' id='word_1_378' title='bbox 3448 2724 3688 2779; x_wconf 85' lang='lat' dir='ltr'><strong>insiden-</strong></span> 
     </span>
    </p>
   </div>
   <div class='ocr_carea' id='block_1_56' title="bbox 2103 2817 3689 2888">
    <p class='ocr_par' dir='ltr' id='par_1_56' title="bbox 2103 2817 3689 2888">
     <span class='ocr_line' id='line_1_56' title="bbox 2103 2817 3689 2888; baseline -0.004 -12"><span class='ocrx_word' id='word_1_379' title='bbox 2103 2835 2205 2888; x_wconf 90' lang='lat' dir='ltr'><strong>tes,</strong></span> <span class='ocrx_word' id='word_1_380' title='bbox 2248 2823 2390 2877; x_wconf 84' lang='lat' dir='ltr'><strong>inter</strong></span> <span class='ocrx_word' id='word_1_381' title='bbox 2444 2838 2503 2877; x_wconf 91' lang='lat' dir='ltr'><strong>se</strong></span> <span class='ocrx_word' id='word_1_382' title='bbox 2559 2821 2814 2876; x_wconf 90' lang='lat' dir='ltr'><strong>collocuti</strong></span> <span class='ocrx_word' id='word_1_383' title='bbox 2848 2828 2976 2875; x_wconf 91' lang='lat' dir='ltr'><strong>sunt</strong></span> <span class='ocrx_word' id='word_1_384' title='bbox 3030 2821 3210 2874; x_wconf 91' lang='lat' dir='ltr'><strong>ambo.</strong></span> <span class='ocrx_word' id='word_1_385' title='bbox 3268 2817 3468 2872; x_wconf 74' lang='lat' dir='ltr'><strong>Verum</strong></span> <span class='ocrx_word' id='word_1_386' title='bbox 3505 2817 3689 2872; x_wconf 88' lang='lat' dir='ltr'><strong>subito</strong></span> 
     </span>
    </p>
   </div>
   <div class='ocr_carea' id='block_1_57' title="bbox 2103 2912 3689 2983">
    <p class='ocr_par' dir='ltr' id='par_1_57' title="bbox 2103 2912 3689 2983">
     <span class='ocr_line' id='line_1_57' title="bbox 2103 2912 3689 2983; baseline -0.006 -11"><span class='ocrx_word' id='word_1_387' title='bbox 2103 2915 2335 2972; x_wconf 87' lang='lat' dir='ltr'><strong>Selimes</strong></span> <span class='ocrx_word' id='word_1_388' title='bbox 2359 2915 2544 2969; x_wconf 89' lang='lat' dir='ltr'><strong>furore</strong></span> <span class='ocrx_word' id='word_1_389' title='bbox 2568 2924 2875 2983; x_wconf 83' lang='lat' dir='ltr'><strong>correptus,</strong></span> <span class='ocrx_word' id='word_1_390' title='bbox 2906 2912 3170 2969; x_wconf 80' lang='lat' dir='ltr'><strong>Jonuzem</strong></span> <span class='ocrx_word' id='word_1_391' title='bbox 3203 2913 3423 2965; x_wconf 86' lang='lat' dir='ltr'><strong>hassam</strong></span> <span class='ocrx_word' id='word_1_392' title='bbox 3447 2925 3514 2963; x_wconf 80' lang='lat' dir='ltr'><strong>ex</strong></span> <span class='ocrx_word' id='word_1_393' title='bbox 3548 2924 3689 2978; x_wconf 80' lang='lat' dir='ltr'><strong>equo</strong></span> 
     </span>
    </p>
   </div>
   <div class='ocr_carea' id='block_1_58' title="bbox 2101 3001 3687 3080">
    <p class='ocr_par' dir='ltr' id='par_1_58' title="bbox 2101 3001 3687 3080">
     <span class='ocr_line' id='line_1_58' title="bbox 2101 3001 3687 3080; baseline -0.005 -17"><span class='ocrx_word' id='word_1_394' title='bbox 2101 3009 2261 3080; x_wconf 70' lang='lat' dir='ltr'><strong>dejiei</strong></span> <span class='ocrx_word' id='word_1_395' title='bbox 2306 3009 2494 3080; x_wconf 82' lang='lat' dir='ltr'><strong>jussit,</strong></span> <span class='ocrx_word' id='word_1_396' title='bbox 2551 3017 2605 3062; x_wconf 92' lang='lat' dir='ltr'><strong>et</strong></span> <span class='ocrx_word' id='word_1_397' title='bbox 2673 3005 3036 3062; x_wconf 85' lang='lat' dir='ltr'><strong>SolachOrum</strong></span> <span class='ocrx_word' id='word_1_398' title='bbox 3081 3003 3339 3076; x_wconf 70' lang='lat' dir='ltr'><strong>praefecto</strong></span> <span class='ocrx_word' id='word_1_399' title='bbox 3384 3001 3687 3065; x_wconf 83' lang='lat' dir='ltr'><strong>mandavit,</strong></span> 
     </span>
    </p>
   </div>
   <div class='ocr_carea' id='block_1_59' title="bbox 2101 3094 3692 3171">
    <p class='ocr_par' dir='ltr' id='par_1_59' title="bbox 2101 3094 3692 3171">
     <span class='ocr_line' id='line_1_59' title="bbox 2101 3094 3692 3171; baseline -0.004 -14"><span class='ocrx_word' id='word_1_400' title='bbox 2101 3112 2162 3157; x_wconf 87' lang='lat' dir='ltr'><strong>ut</strong></span> <span class='ocrx_word' id='word_1_401' title='bbox 2195 3119 2318 3157; x_wconf 89' lang='lat' dir='ltr'><strong>eum</strong></span> <span class='ocrx_word' id='word_1_402' title='bbox 2371 3109 2581 3157; x_wconf 83' lang='lat' dir='ltr'><strong>resecto</strong></span> <span class='ocrx_word' id='word_1_403' title='bbox 2617 3103 2796 3171; x_wconf 81' lang='lat' dir='ltr'><strong>capite</strong></span> <span class='ocrx_word' id='word_1_404' title='bbox 2841 3099 3140 3171; x_wconf 83' lang='lat' dir='ltr'><strong>jugularet.</strong></span> <span class='ocrx_word' id='word_1_405' title='bbox 3175 3096 3334 3164; x_wconf 84' lang='lat' dir='ltr'><strong>Quod</strong></span> <span class='ocrx_word' id='word_1_406' title='bbox 3370 3095 3554 3151; x_wconf 82' lang='lat' dir='ltr'><strong>statim</strong></span> <span class='ocrx_word' id='word_1_407' title='bbox 3613 3094 3692 3150; x_wconf 81' lang='lat' dir='ltr'><strong>fa-</strong></span> 
     </span>
    </p>
   </div>
   <div class='ocr_carea' id='block_1_60' title="bbox 405 3187 3689 3288">
    <p class='ocr_par' dir='ltr' id='par_1_60' title="bbox 405 3187 3689 3288">
     <span class='ocr_line' id='line_1_60' title="bbox 405 3187 3689 3288; baseline 0.001 -49"><span class='ocrx_word' id='word_1_408' title='bbox 405 3188 562 3258; x_wconf 76' lang='lat' dir='ltr'><strong>potlti</strong></span> <span class='ocrx_word' id='word_1_409' title='bbox 602 3188 846 3250; x_wconf 81' lang='lat' dir='ltr'><strong>fuerunt,</strong></span> <span class='ocrx_word' id='word_1_410' title='bbox 886 3199 939 3242; x_wconf 91' lang='lat' dir='ltr'><strong>et</strong></span> <span class='ocrx_word' id='word_1_411' title='bbox 970 3187 1385 3244; x_wconf 84' lang='lat' dir='ltr'><strong>Totnmambais</strong></span> <span class='ocrx_word' id='word_1_412' title='bbox 1434 3190 1635 3245; x_wconf 87' lang='lat' dir='ltr'><strong>iterum</strong></span> <span class='ocrx_word' id='word_1_413' title='bbox 1686 3207 1808 3246; x_wconf 89' lang='lat' dir='ltr'><strong>cum</strong></span> <span class='ocrx_word' id='word_1_414' title='bbox 1858 3207 2068 3288; x_wconf 74' lang='lat' dir='ltr'><strong>non-c</strong></span> <span class='ocrx_word' id='word_1_415' title='bbox 2104 3205 2251 3251; x_wconf 87' lang='lat' dir='ltr'><strong>ctmn</strong></span> <span class='ocrx_word' id='word_1_416' title='bbox 2321 3211 2446 3251; x_wconf 89' lang='lat' dir='ltr'><strong>cum</strong></span> <span class='ocrx_word' id='word_1_417' title='bbox 2513 3195 2731 3260; x_wconf 81' lang='lat' dir='ltr'><strong>fuisset,</strong></span> <span class='ocrx_word' id='word_1_418' title='bbox 2787 3194 3021 3248; x_wconf 82' lang='lat' dir='ltr'><strong>Selimes</strong></span> <span class='ocrx_word' id='word_1_419' title='bbox 3081 3193 3278 3247; x_wconf 90' lang='lat' dir='ltr'><strong>itinere</strong></span> <span class='ocrx_word' id='word_1_420' title='bbox 3342 3191 3689 3253; x_wconf 88' lang='lat' dir='ltr'><strong>continuato,</strong></span> 
     </span>
    </p>
   </div>
   <div class='ocr_carea' id='block_1_61' title="bbox 405 3279 1996 3356">
    <p class='ocr_par' dir='ltr' id='par_1_61' title="bbox 405 3279 1996 3356">
     <span class='ocr_line' id='line_1_61' title="bbox 405 3279 1996 3356; baseline 0.004 -22"><span class='ocrx_word' id='word_1_421' title='bbox 405 3280 574 3336; x_wconf 82' lang='lat' dir='ltr'><strong>nullis</strong></span> <span class='ocrx_word' id='word_1_422' title='bbox 631 3295 861 3342; x_wconf 77' lang='lat' dir='ltr'><strong>suorum</strong></span> <span class='ocrx_word' id='word_1_423' title='bbox 924 3279 979 3333; x_wconf 91' lang='lat' dir='ltr'><strong>in</strong></span> <span class='ocrx_word' id='word_1_424' title='bbox 1021 3280 1299 3348; x_wconf 75' lang='lat' dir='ltr'><strong>regionem</strong></span> <span class='ocrx_word' id='word_1_425' title='bbox 1365 3280 1673 3338; x_wconf 89' lang='lat' dir='ltr'><strong>Saitensem</strong></span> <span class='ocrx_word' id='word_1_426' title='bbox 1734 3284 1996 3356; x_wconf 73' lang='lat' dir='ltr'><strong>profugit.</strong></span> 
     </span>
    </p>
   </div>
   <div class='ocr_carea' id='block_1_62' title="bbox 411 3371 1237 3428">
    <p class='ocr_par' dir='ltr' id='par_1_62' title="bbox 411 3371 1237 3428">
     <span class='ocr_line' id='line_1_62' title="bbox 411 3371 1237 3428; baseline -0.002 0"><span class='ocrx_word' id='word_1_427' title='bbox 411 3373 741 3428; x_wconf 57' lang='lat' dir='ltr'><strong>acciderunt</strong></span> <span class='ocrx_word' id='word_1_428' title='bbox 773 3373 889 3426; x_wconf 70' lang='lat' dir='ltr'><strong>haec</strong></span> <span class='ocrx_word' id='word_1_429' title='bbox 925 3387 1069 3426; x_wconf 89' lang='lat' dir='ltr'><strong>anno</strong></span> <span class='ocrx_word' id='word_1_430' title='bbox 1111 3371 1237 3428; x_wconf 73' lang='lat'><strong>925.</strong></span> 
     </span>
    </p>
   </div>
   <div class='ocr_carea' id='block_1_63' title="bbox 489 3469 2003 3529">
    <p class='ocr_par' dir='ltr' id='par_1_63' title="bbox 489 3469 2003 3529">
     <span class='ocr_line' id='line_1_63' title="bbox 489 3469 2003 3529; baseline 0.005 -8"><span class='ocrx_word' id='word_1_431' title='bbox 489 3469 618 3523; x_wconf 64' lang='lat' dir='ltr'><strong>Post</strong></span> <span class='ocrx_word' id='word_1_432' title='bbox 647 3469 736 3522; x_wconf 88' lang='lat' dir='ltr'><strong>illa</strong></span> <span class='ocrx_word' id='word_1_433' title='bbox 773 3484 892 3524; x_wconf 84' lang='lat' dir='ltr'><strong>cum</strong></span> <span class='ocrx_word' id='word_1_434' title='bbox 922 3469 1074 3524; x_wconf 90' lang='lat' dir='ltr'><strong>omni</strong></span> <span class='ocrx_word' id='word_1_435' title='bbox 1120 3470 1366 3524; x_wconf 90' lang='lat' dir='ltr'><strong>exercitu</strong></span> <span class='ocrx_word' id='word_1_436' title='bbox 1401 3470 1633 3527; x_wconf 84' lang='lat' dir='ltr'><strong>Selimes</strong></span> <span class='ocrx_word' id='word_1_437' title='bbox 1673 3473 1861 3528; x_wconf 88' lang='lat' dir='ltr'><strong>urbem</strong></span> <span class='ocrx_word' id='word_1_438' title='bbox 1921 3473 2003 3529; x_wconf 87' lang='lat' dir='ltr'><strong>in-</strong></span> 
     </span>
    </p>
   </div>
   <div class='ocr_carea' id='block_1_64' title="bbox 418 3560 2002 3630">
    <p class='ocr_par' dir='ltr' id='par_1_64' title="bbox 418 3560 2002 3630">
     <span class='ocr_line' id='line_1_64' title="bbox 418 3560 2002 3630; baseline 0.006 -19"><span class='ocrx_word' id='word_1_439' title='bbox 418 3575 657 3629; x_wconf 71' lang='lat' dir='ltr'><strong>gressus,</strong></span> <span class='ocrx_word' id='word_1_440' title='bbox 693 3560 746 3613; x_wconf 91' lang='lat' dir='ltr'><strong>in</strong></span> <span class='ocrx_word' id='word_1_441' title='bbox 780 3560 896 3629; x_wconf 88' lang='lat' dir='ltr'><strong>ipso</strong></span> <span class='ocrx_word' id='word_1_442' title='bbox 929 3561 1132 3630; x_wconf 85' lang='lat' dir='ltr'><strong>paiatio</strong></span> <span class='ocrx_word' id='word_1_443' title='bbox 1174 3562 1455 3616; x_wconf 87' lang='lat' dir='ltr'><strong>sultanino</strong></span> <span class='ocrx_word' id='word_1_444' title='bbox 1483 3563 1723 3618; x_wconf 83' lang='lat' dir='ltr'><strong>divertit.</strong></span> <span class='ocrx_word' id='word_1_445' title='bbox 1760 3563 2002 3620; x_wconf 88' lang='lat' dir='ltr'><strong>Fuerant</strong></span> 
     </span>
    </p>
   </div>
   <div class='ocr_carea' id='block_1_65' title="bbox 417 3654 2002 3727">
    <p class='ocr_par' dir='ltr' id='par_1_65' title="bbox 417 3654 2002 3727">
     <span class='ocr_line' id='line_1_65' title="bbox 417 3654 2002 3727; baseline 0.004 -21"><span class='ocrx_word' id='word_1_446' title='bbox 417 3657 470 3707; x_wconf 88' lang='lat' dir='ltr'><strong>in</strong></span> <span class='ocrx_word' id='word_1_447' title='bbox 503 3667 590 3719; x_wconf 89' lang='lat' dir='ltr'><strong>eo,</strong></span> <span class='ocrx_word' id='word_1_448' title='bbox 624 3668 784 3721; x_wconf 85' lang='lat' dir='ltr'><strong>quem</strong></span> <span class='ocrx_word' id='word_1_449' title='bbox 811 3654 1070 3719; x_wconf 78' lang='lat' dir='ltr'><strong>diximus,</strong></span> <span class='ocrx_word' id='word_1_450' title='bbox 1092 3655 1351 3711; x_wconf 83' lang='lat' dir='ltr'><strong>conflictu</strong></span> <span class='ocrx_word' id='word_1_451' title='bbox 1384 3657 1528 3726; x_wconf 88' lang='lat' dir='ltr'><strong>capti</strong></span> <span class='ocrx_word' id='word_1_452' title='bbox 1555 3657 1636 3712; x_wconf 91' lang='lat' dir='ltr'><strong>bis</strong></span> <span class='ocrx_word' id='word_1_453' title='bbox 1665 3657 1815 3712; x_wconf 90' lang='lat' dir='ltr'><strong>mille</strong></span> <span class='ocrx_word' id='word_1_454' title='bbox 1843 3659 2002 3727; x_wconf 83' lang='lat' dir='ltr'><strong>quin-</strong></span> 
     </span>
    </p>
   </div>
   <div class='ocr_carea' id='block_1_66' title="bbox 411 3747 2002 3820">
    <p class='ocr_par' dir='ltr' id='par_1_66' title="bbox 411 3747 2002 3820">
     <span class='ocr_line' id='line_1_66' title="bbox 411 3747 2002 3820; baseline 0.004 -20"><span class='ocrx_word' id='word_1_455' title='bbox 411 3748 556 3815; x_wconf 72' lang='lat' dir='ltr'><strong>genti</strong></span> <span class='ocrx_word' id='word_1_456' title='bbox 597 3747 833 3804; x_wconf 83' lang='lat' dir='ltr'><strong>Cirrassi</strong></span> <span class='ocrx_word' id='word_1_457' title='bbox 862 3765 925 3805; x_wconf 88' lang='lat' dir='ltr'><strong>ac</strong></span> <span class='ocrx_word' id='word_1_458' title='bbox 953 3747 1241 3804; x_wconf 79' lang='lat' dir='ltr'><strong>MameIuci</strong></span> <span class='ocrx_word' id='word_1_459' title='bbox 1273 3766 1288 3806; x_wconf 86' lang='lat'><strong>:</strong></span> <span class='ocrx_word' id='word_1_460' title='bbox 1320 3762 1556 3820; x_wconf 84' lang='lat' dir='ltr'><strong>quorum</strong></span> <span class='ocrx_word' id='word_1_461' title='bbox 1591 3751 1656 3806; x_wconf 84' lang='lat' dir='ltr'><strong>ad</strong></span> <span class='ocrx_word' id='word_1_462' title='bbox 1683 3751 1794 3806; x_wconf 90' lang='lat' dir='ltr'><strong>duo</strong></span> <span class='ocrx_word' id='word_1_463' title='bbox 1831 3752 2002 3807; x_wconf 84' lang='lat' dir='ltr'><strong>millia</strong></span> 
     </span>
    </p>
   </div>
   <div class='ocr_carea' id='block_1_67' title="bbox 408 3842 2002 3915">
    <p class='ocr_par' dir='ltr' id='par_1_67' title="bbox 408 3842 2002 3915">
     <span class='ocr_line' id='line_1_67' title="bbox 408 3842 2002 3915; baseline 0.003 -19"><span class='ocrx_word' id='word_1_464' title='bbox 408 3861 434 3896; x_wconf 81' lang='lat' dir='ltr'><strong>s</strong></span> <span class='ocrx_word' id='word_1_465' title='bbox 461 3845 665 3898; x_wconf 71' lang='lat' dir='ltr'><strong>iltanus</strong></span> <span class='ocrx_word' id='word_1_466' title='bbox 710 3842 941 3898; x_wconf 86' lang='lat' dir='ltr'><strong>Selimes</strong></span> <span class='ocrx_word' id='word_1_467' title='bbox 966 3844 1234 3915; x_wconf 86' lang='lat' dir='ltr'><strong>jugulari,</strong></span> <span class='ocrx_word' id='word_1_468' title='bbox 1265 3843 1600 3914; x_wconf 79' lang='lat' dir='ltr'><strong>quingentos</strong></span> <span class='ocrx_word' id='word_1_469' title='bbox 1651 3844 1892 3915; x_wconf 90' lang='lat' dir='ltr'><strong>reliquos</strong></span> <span class='ocrx_word' id='word_1_470' title='bbox 1947 3845 2002 3900; x_wconf 88' lang='lat' dir='ltr'><strong>in</strong></span> 
     </span>
    </p>
   </div>
   <div class='ocr_carea' id='block_1_68' title="bbox 406 3934 2002 4006">
    <p class='ocr_par' dir='ltr' id='par_1_68' title="bbox 406 3934 2002 4006">
     <span class='ocr_line' id='line_1_68' title="bbox 406 3934 2002 4006; baseline 0.004 -22"><span class='ocrx_word' id='word_1_471' title='bbox 406 3935 675 3995; x_wconf 78' lang='lat' dir='ltr'><strong>custodiis</strong></span> <span class='ocrx_word' id='word_1_472' title='bbox 716 3934 910 3990; x_wconf 84' lang='lat' dir='ltr'><strong>haberi</strong></span> <span class='ocrx_word' id='word_1_473' title='bbox 946 3934 1139 4002; x_wconf 84' lang='lat' dir='ltr'><strong>jussit.</strong></span> <span class='ocrx_word' id='word_1_474' title='bbox 1172 3936 1270 3990; x_wconf 83' lang='lat' dir='ltr'><strong>His</strong></span> <span class='ocrx_word' id='word_1_475' title='bbox 1317 3937 1486 4006; x_wconf 79' lang='lat' dir='ltr'><strong>gestis</strong></span> <span class='ocrx_word' id='word_1_476' title='bbox 1542 3934 1729 4000; x_wconf 90' lang='lat' dir='ltr'><strong>rebus,</strong></span> <span class='ocrx_word' id='word_1_477' title='bbox 1775 3935 2002 3991; x_wconf 87' lang='lat' dir='ltr'><strong>adactus</strong></span> 
     </span>
    </p>
   </div>
   <div class='ocr_carea' id='block_1_69' title="bbox 411 4025 2001 4098">
    <p class='ocr_par' dir='ltr' id='par_1_69' title="bbox 411 4025 2001 4098">
     <span class='ocr_line' id='line_1_69' title="bbox 411 4025 2001 4098; baseline 0.003 -20"><span class='ocrx_word' id='word_1_478' title='bbox 411 4041 659 4082; x_wconf 65' lang='lat' dir='ltr'><strong>extrema</strong></span> <span class='ocrx_word' id='word_1_479' title='bbox 689 4029 1042 4084; x_wconf 84' lang='lat' dir='ltr'><strong>’necessitate</strong></span> <span class='ocrx_word' id='word_1_480' title='bbox 1090 4025 1528 4089; x_wconf 85' lang='lat' dir='ltr'><strong>Tommambais.</strong></span> <span class='ocrx_word' id='word_1_481' title='bbox 1565 4036 1620 4082; x_wconf 92' lang='lat' dir='ltr'><strong>ot</strong></span> <span class='ocrx_word' id='word_1_482' title='bbox 1669 4043 1856 4098; x_wconf 85' lang='lat' dir='ltr'><strong>pacem</strong></span> <span class='ocrx_word' id='word_1_483' title='bbox 1907 4043 2001 4096; x_wconf 86' lang='lat' dir='ltr'><strong>pe-</strong></span> 
     </span>
    </p>
   </div>
   <div class='ocr_carea' id='block_1_70' title="bbox 411 4119 2001 4191">
    <p class='ocr_par' dir='ltr' id='par_1_70' title="bbox 411 4119 2001 4191">
     <span class='ocr_line' id='line_1_70' title="bbox 411 4119 2001 4191; baseline -0.002 -18"><span class='ocrx_word' id='word_1_484' title='bbox 411 4131 579 4186; x_wconf 76' lang='lat' dir='ltr'><strong>teret,</strong></span> <span class='ocrx_word' id='word_1_485' title='bbox 625 4121 897 4190; x_wconf 78' lang='lat' dir='ltr'><strong>insignem</strong></span> <span class='ocrx_word' id='word_1_486' title='bbox 936 4120 1259 4191; x_wconf 74' lang='lat' dir='ltr'><strong>legationem</strong></span> <span class='ocrx_word' id='word_1_487' title='bbox 1313 4119 1381 4174; x_wconf 89' lang='lat' dir='ltr'><strong>ad</strong></span> <span class='ocrx_word' id='word_1_488' title='bbox 1415 4121 1695 4175; x_wconf 88' lang='lat' dir='ltr'><strong>sultanum</strong></span> <span class='ocrx_word' id='word_1_489' title='bbox 1744 4119 2001 4174; x_wconf 87' lang='lat' dir='ltr'><strong>Selimem</strong></span> 
     </span>
    </p>
   </div>
   <div class='ocr_carea' id='block_1_71' title="bbox 417 4211 2004 4282">
    <p class='ocr_par' dir='ltr' id='par_1_71' title="bbox 417 4211 2004 4282">
     <span class='ocr_line' id='line_1_71' title="bbox 417 4211 2004 4282; baseline 0 -17"><span class='ocrx_word' id='word_1_490' title='bbox 417 4214 585 4268; x_wconf 87' lang='lat' dir='ltr'><strong>misit.</strong></span> <span class='ocrx_word' id='word_1_491' title='bbox 624 4213 755 4268; x_wconf 82' lang='lat' dir='ltr'><strong>Eam</strong></span> <span class='ocrx_word' id='word_1_492' title='bbox 795 4211 1030 4268; x_wconf 86' lang='lat' dir='ltr'><strong>Selimes</strong></span> <span class='ocrx_word' id='word_1_493' title='bbox 1058 4228 1190 4268; x_wconf 87' lang='lat' dir='ltr'><strong>sane</strong></span> <span class='ocrx_word' id='word_1_494' title='bbox 1220 4229 1382 4282; x_wconf 84' lang='lat' dir='ltr'><strong>quam</strong></span> <span class='ocrx_word' id='word_1_495' title='bbox 1418 4213 1729 4268; x_wconf 88' lang='lat' dir='ltr'><strong>humaniter</strong></span> <span class='ocrx_word' id='word_1_496' title='bbox 1766 4213 2004 4282; x_wconf 79' lang='lat' dir='ltr'><strong>excepit,</strong></span> 
     </span>
    </p>
   </div>
   <div class='ocr_carea' id='block_1_72' title="bbox 414 4307 2004 4378">
    <p class='ocr_par' dir='ltr' id='par_1_72' title="bbox 414 4307 2004 4378">
     <span class='ocr_line' id='line_1_72' title="bbox 414 4307 2004 4378; baseline -0.001 -16"><span class='ocrx_word' id='word_1_497' title='bbox 414 4325 476 4366; x_wconf 76' lang='lat' dir='ltr'><strong>ar</strong></span> <span class='ocrx_word' id='word_1_498' title='bbox 510 4308 806 4378; x_wconf 89' lang='lat' dir='ltr'><strong>postulatis</strong></span> <span class='ocrx_word' id='word_1_499' title='bbox 837 4308 1100 4364; x_wconf 90' lang='lat' dir='ltr'><strong>omnibus</strong></span> <span class='ocrx_word' id='word_1_500' title='bbox 1133 4321 1422 4374; x_wconf 80' lang='lat' dir='ltr'><strong>assensus,</strong></span> <span class='ocrx_word' id='word_1_501' title='bbox 1459 4323 1566 4361; x_wconf 90' lang='lat' dir='ltr'><strong>non</strong></span> <span class='ocrx_word' id='word_1_502' title='bbox 1613 4307 1778 4361; x_wconf 90' lang='lat' dir='ltr'><strong>modo</strong></span> <span class='ocrx_word' id='word_1_503' title='bbox 1835 4307 2004 4361; x_wconf 87' lang='lat' dir='ltr'><strong>Tom-</strong></span> 
     </span>
    </p>
   </div>
   <div class='ocr_carea' id='block_1_73' title="bbox 414 4396 2003 4470">
    <p class='ocr_par' dir='ltr' id='par_1_73' title="bbox 414 4396 2003 4470">
     <span class='ocr_line' id='line_1_73' title="bbox 414 4396 2003 4470; baseline -0.002 -16"><span class='ocrx_word' id='word_1_504' title='bbox 414 4400 653 4456; x_wconf 81' lang='lat' dir='ltr'><strong>mambai</strong></span> <span class='ocrx_word' id='word_1_505' title='bbox 683 4399 991 4470; x_wconf 81' lang='lat' dir='ltr'><strong>rescripsit,</strong></span> <span class='ocrx_word' id='word_1_506' title='bbox 1034 4415 1221 4455; x_wconf 90' lang='lat' dir='ltr'><strong>verum</strong></span> <span class='ocrx_word' id='word_1_507' title='bbox 1274 4401 1439 4454; x_wconf 87' lang='lat' dir='ltr'><strong>etiam</strong></span> <span class='ocrx_word' id='word_1_508' title='bbox 1471 4413 1601 4454; x_wconf 91' lang='lat' dir='ltr'><strong>suos</strong></span> <span class='ocrx_word' id='word_1_509' title='bbox 1633 4398 1886 4453; x_wconf 87' lang='lat' dir='ltr'><strong>homines</strong></span> <span class='ocrx_word' id='word_1_510' title='bbox 1937 4396 2003 4451; x_wconf 89' lang='lat' dir='ltr'><strong>ad</strong></span> 
     </span>
    </p>
   </div>
   <div class='ocr_carea' id='block_1_74' title="bbox 416 4491 2005 4563">
    <p class='ocr_par' dir='ltr' id='par_1_74' title="bbox 416 4491 2005 4563">
     <span class='ocr_line' id='line_1_74' title="bbox 416 4491 2005 4563; baseline 0 -18"><span class='ocrx_word' id='word_1_511' title='bbox 416 4496 592 4560; x_wconf 77' lang='lat' dir='ltr'><strong>ipsum</strong></span> <span class='ocrx_word' id='word_1_512' title='bbox 656 4492 902 4549; x_wconf 83' lang='lat' dir='ltr'><strong>vicissim</strong></span> <span class='ocrx_word' id='word_1_513' title='bbox 959 4492 1256 4563; x_wconf 88' lang='lat' dir='ltr'><strong>ablegavit,</strong></span> <span class='ocrx_word' id='word_1_514' title='bbox 1312 4492 1407 4561; x_wconf 88' lang='lat' dir='ltr'><strong>qui</strong></span> <span class='ocrx_word' id='word_1_515' title='bbox 1463 4492 1610 4562; x_wconf 88' lang='lat' dir='ltr'><strong>pacis</strong></span> <span class='ocrx_word' id='word_1_516' title='bbox 1648 4491 1697 4546; x_wconf 89' lang='lat' dir='ltr'><strong>ei</strong></span> <span class='ocrx_word' id='word_1_517' title='bbox 1752 4500 2005 4545; x_wconf 90' lang='lat' dir='ltr'><strong>auctores</strong></span> 
     </span>
    </p>
   </div>
   <div class='ocr_carea' id='block_1_75' title="bbox 2105 3279 3689 3357">
    <p class='ocr_par' dir='ltr' id='par_1_75' title="bbox 2105 3279 3689 3357">
     <span class='ocr_line' id='line_1_75' title="bbox 2105 3279 3689 3357; baseline -0.004 -17"><span class='ocrx_word' id='word_1_518' title='bbox 2105 3288 2320 3342; x_wconf 82' lang='lat' dir='ltr'><strong>laudent</strong></span> <span class='ocrx_word' id='word_1_519' title='bbox 2343 3285 2882 3357; x_wconf 79' lang='lat' dir='ltr'><strong>ConstantinOpolim</strong></span> <span class='ocrx_word' id='word_1_520' title='bbox 2911 3300 3198 3348; x_wconf 87' lang='lat' dir='ltr'><strong>reversus,</strong></span> <span class='ocrx_word' id='word_1_521' title='bbox 3223 3282 3396 3353; x_wconf 80' lang='lat' dir='ltr'><strong>quieti</strong></span> <span class='ocrx_word' id='word_1_522' title='bbox 3429 3297 3488 3336; x_wconf 88' lang='lat' dir='ltr'><strong>se</strong></span> <span class='ocrx_word' id='word_1_523' title='bbox 3517 3279 3689 3334; x_wconf 87' lang='lat' dir='ltr'><strong>dedit.</strong></span> 
     </span>
    </p>
   </div>
   <div class='ocr_carea' id='block_1_76' title="bbox 2177 3374 3691 3451">
    <p class='ocr_par' dir='ltr' id='par_1_76' title="bbox 2177 3374 3691 3451">
     <span class='ocr_line' id='line_1_76' title="bbox 2177 3374 3691 3451; baseline -0.005 -16"><span class='ocrx_word' id='word_1_524' title='bbox 2177 3381 2293 3435; x_wconf 80' lang='lat' dir='ltr'><strong>Non</strong></span> <span class='ocrx_word' id='word_1_525' title='bbox 2327 3382 2526 3451; x_wconf 83' lang='lat' dir='ltr'><strong>exiguo</strong></span> <span class='ocrx_word' id='word_1_526' title='bbox 2571 3381 2839 3449; x_wconf 89' lang='lat' dir='ltr'><strong>temporis</strong></span> <span class='ocrx_word' id='word_1_527' title='bbox 2894 3378 3186 3433; x_wconf 89' lang='lat' dir='ltr'><strong>intervallo</strong></span> <span class='ocrx_word' id='word_1_528' title='bbox 3225 3374 3480 3447; x_wconf 84' lang='lat' dir='ltr'><strong>gerendis</strong></span> <span class='ocrx_word' id='word_1_529' title='bbox 3515 3389 3546 3427; x_wconf 89' lang='lat' dir='ltr'><strong>a</strong></span> <span class='ocrx_word' id='word_1_530' title='bbox 3599 3387 3691 3428; x_wconf 87' lang='lat' dir='ltr'><strong>re-</strong></span> 
     </span>
    </p>
   </div>
   <div class='ocr_carea' id='block_1_77' title="bbox 2104 3464 3698 3539">
    <p class='ocr_par' dir='ltr' id='par_1_77' title="bbox 2104 3464 3698 3539">
     <span class='ocr_line' id='line_1_77' title="bbox 2104 3464 3698 3539; baseline -0.006 -12"><span class='ocrx_word' id='word_1_531' title='bbox 2104 3473 2206 3529; x_wconf 85' lang='lat' dir='ltr'><strong>bus</strong></span> <span class='ocrx_word' id='word_1_532' title='bbox 2258 3473 2565 3538; x_wconf 88' lang='lat' dir='ltr'><strong>abstinens,</strong></span> <span class='ocrx_word' id='word_1_533' title='bbox 2622 3486 2767 3525; x_wconf 85' lang='lat' dir='ltr'><strong>anno</strong></span> <span class='ocrx_word' id='word_1_534' title='bbox 2833 3470 3071 3539; x_wconf 85' lang='lat' dir='ltr'><strong>denique</strong></span> <span class='ocrx_word' id='word_1_535' title='bbox 3133 3468 3240 3523; x_wconf 74' lang='grc'><strong>926</strong></span> <span class='ocrx_word' id='word_1_536' title='bbox 3298 3467 3452 3538; x_wconf 72' lang='lat' dir='ltr'><strong>(Chr.</strong></span> <span class='ocrx_word' id='word_1_537' title='bbox 3509 3464 3698 3530; x_wconf 64' lang='lat'><strong>1520),</strong></span> 
     </span>
    </p>
   </div>
   <div class='ocr_carea' id='block_1_78' title="bbox 2105 3555 3696 3630">
    <p class='ocr_par' dir='ltr' id='par_1_78' title="bbox 2105 3555 3696 3630">
     <span class='ocr_line' id='line_1_78' title="bbox 2105 3555 3696 3630; baseline -0.005 -12"><span class='ocrx_word' id='word_1_538' title='bbox 2105 3581 2290 3619; x_wconf 86' lang='lat' dir='ltr'><strong>mense</strong></span> <span class='ocrx_word' id='word_1_539' title='bbox 2333 3563 2663 3629; x_wconf 81' lang='lat' dir='ltr'><strong>Bemasane,</strong></span> <span class='ocrx_word' id='word_1_540' title='bbox 2720 3560 3204 3630; x_wconf 88' lang='lat' dir='ltr'><strong>Constantinopoli</strong></span> <span class='ocrx_word' id='word_1_541' title='bbox 3248 3559 3557 3628; x_wconf 85' lang='lat' dir='ltr'><strong>digressus,</strong></span> <span class='ocrx_word' id='word_1_542' title='bbox 3589 3555 3696 3610; x_wconf 83' lang='lat' dir='ltr'><strong>Ila-</strong></span> 
     </span>
    </p>
   </div>
   <div class='ocr_carea' id='block_1_79' title="bbox 2104 3653 3690 3726">
    <p class='ocr_par' dir='ltr' id='par_1_79' title="bbox 2104 3653 3690 3726">
     <span class='ocr_line' id='line_1_79' title="bbox 2104 3653 3690 3726; baseline -0.007 -13"><span class='ocrx_word' id='word_1_543' title='bbox 2104 3656 2470 3726; x_wconf 87' lang='lat' dir='ltr'><strong>drianopolim</strong></span> <span class='ocrx_word' id='word_1_544' title='bbox 2512 3667 2697 3726; x_wconf 89' lang='lat' dir='ltr'><strong>petere</strong></span> <span class='ocrx_word' id='word_1_545' title='bbox 2735 3655 3045 3711; x_wconf 80' lang='lat' dir='ltr'><strong>constituit.</strong></span> <span class='ocrx_word' id='word_1_546' title='bbox 3081 3654 3194 3708; x_wconf 84' lang='lat' dir='ltr'><strong>Hoc</strong></span> <span class='ocrx_word' id='word_1_547' title='bbox 3232 3657 3286 3706; x_wconf 88' lang='lat' dir='ltr'><strong>in</strong></span> <span class='ocrx_word' id='word_1_548' title='bbox 3315 3653 3513 3707; x_wconf 85' lang='lat' dir='ltr'><strong>itinere</strong></span> <span class='ocrx_word' id='word_1_549' title='bbox 3561 3665 3690 3705; x_wconf 88' lang='lat' dir='ltr'><strong>cum</strong></span> 
     </span>
    </p>
   </div>
   <div class='ocr_carea' id='block_1_80' title="bbox 2105 3745 3690 3818">
    <p class='ocr_par' dir='ltr' id='par_1_80' title="bbox 2105 3745 3690 3818">
     <span class='ocr_line' id='line_1_80' title="bbox 2105 3745 3690 3818; baseline -0.005 -13"><span class='ocrx_word' id='word_1_550' title='bbox 2105 3751 2332 3806; x_wconf 85' lang='lat' dir='ltr'><strong>Inznam</strong></span> <span class='ocrx_word' id='word_1_551' title='bbox 2361 3750 2627 3816; x_wconf 86' lang='lat' dir='ltr'><strong>venisset,</strong></span> <span class='ocrx_word' id='word_1_552' title='bbox 2661 3749 2917 3804; x_wconf 89' lang='lat' dir='ltr'><strong>balneum</strong></span> <span class='ocrx_word' id='word_1_553' title='bbox 2967 3748 3218 3818; x_wconf 85' lang='lat' dir='ltr'><strong>ingresso</strong></span> <span class='ocrx_word' id='word_1_554' title='bbox 3247 3756 3432 3801; x_wconf 90' lang='lat' dir='ltr'><strong>tumor</strong></span> <span class='ocrx_word' id='word_1_555' title='bbox 3465 3745 3690 3814; x_wconf 89' lang='lat' dir='ltr'><strong>quidam</strong></span> 
     </span>
    </p>
   </div>
   <div class='ocr_carea' id='block_1_81' title="bbox 2108 3837 3696 3914">
    <p class='ocr_par' dir='ltr' id='par_1_81' title="bbox 2108 3837 3696 3914">
     <span class='ocr_line' id='line_1_81' title="bbox 2108 3837 3696 3914; baseline -0.006 -14"><span class='ocrx_word' id='word_1_556' title='bbox 2108 3861 2138 3900; x_wconf 88' lang='lat' dir='ltr'><strong>a</strong></span> <span class='ocrx_word' id='word_1_557' title='bbox 2188 3853 2338 3914; x_wconf 80' lang='lat' dir='ltr'><strong>tergo</strong></span> <span class='ocrx_word' id='word_1_558' title='bbox 2390 3844 2540 3912; x_wconf 90' lang='lat' dir='ltr'><strong>cepit</strong></span> <span class='ocrx_word' id='word_1_559' title='bbox 2590 3841 2744 3905; x_wconf 90' lang='lat' dir='ltr'><strong>oriri,</strong></span> <span class='ocrx_word' id='word_1_560' title='bbox 2786 3840 2879 3910; x_wconf 86' lang='lat' dir='ltr'><strong>qui</strong></span> <span class='ocrx_word' id='word_1_561' title='bbox 2930 3855 3121 3894; x_wconf 86' lang='lat' dir='ltr'><strong>revera</strong></span> <span class='ocrx_word' id='word_1_562' title='bbox 3170 3837 3543 3893; x_wconf 87' lang='lat' dir='ltr'><strong>carbunculus</strong></span> <span class='ocrx_word' id='word_1_563' title='bbox 3600 3851 3696 3905; x_wconf 87' lang='lat' dir='ltr'><strong>pe-</strong></span> 
     </span>
    </p>
   </div>
   <div class='ocr_carea' id='block_1_82' title="bbox 2105 3926 3696 3993">
    <p class='ocr_par' dir='ltr' id='par_1_82' title="bbox 2105 3926 3696 3993">
     <span class='ocr_line' id='line_1_82' title="bbox 2105 3926 3696 3993; baseline -0.009 -1"><span class='ocrx_word' id='word_1_564' title='bbox 2105 3937 2300 3992; x_wconf 89' lang='lat' dir='ltr'><strong>stilens</strong></span> <span class='ocrx_word' id='word_1_565' title='bbox 2341 3943 2480 3989; x_wconf 84' lang='lat' dir='ltr'><strong>erat.</strong></span> <span class='ocrx_word' id='word_1_566' title='bbox 2525 3932 2813 3988; x_wconf 87' lang='lat' dir='ltr'><strong>Profectus</strong></span> <span class='ocrx_word' id='word_1_567' title='bbox 2849 3943 3036 3986; x_wconf 90' lang='lat' dir='ltr'><strong>autem</strong></span> <span class='ocrx_word' id='word_1_568' title='bbox 3069 3930 3319 3993; x_wconf 87' lang='lat' dir='ltr'><strong>ulterius,</strong></span> <span class='ocrx_word' id='word_1_569' title='bbox 3350 3937 3404 3982; x_wconf 94' lang='lat' dir='ltr'><strong>et</strong></span> <span class='ocrx_word' id='word_1_570' title='bbox 3429 3927 3579 3981; x_wconf 90' lang='lat' dir='ltr'><strong>illum</strong></span> <span class='ocrx_word' id='word_1_571' title='bbox 3627 3926 3696 3979; x_wconf 88' lang='lat' dir='ltr'><strong>ad</strong></span> 
     </span>
    </p>
   </div>
   <div class='ocr_carea' id='block_1_83' title="bbox 2109 4013 3699 4092">
    <p class='ocr_par' dir='ltr' id='par_1_83' title="bbox 2109 4013 3699 4092">
     <span class='ocr_line' id='line_1_83' title="bbox 2109 4013 3699 4092; baseline -0.008 -12"><span class='ocrx_word' id='word_1_572' title='bbox 2109 4028 2291 4080; x_wconf 83' lang='lat' dir='ltr'><strong>locum</strong></span> <span class='ocrx_word' id='word_1_573' title='bbox 2345 4024 2584 4091; x_wconf 91' lang='lat' dir='ltr'><strong>delatus,</strong></span> <span class='ocrx_word' id='word_1_574' title='bbox 2629 4022 2721 4076; x_wconf 91' lang='lat' dir='ltr'><strong>ubi</strong></span> <span class='ocrx_word' id='word_1_575' title='bbox 2773 4021 3071 4092; x_wconf 88' lang='lat' dir='ltr'><strong>aliquando</strong></span> <span class='ocrx_word' id='word_1_576' title='bbox 3127 4034 3251 4073; x_wconf 89' lang='lat' dir='ltr'><strong>cum</strong></span> <span class='ocrx_word' id='word_1_577' title='bbox 3304 4027 3458 4088; x_wconf 87' lang='lat' dir='ltr'><strong>patre</strong></span> <span class='ocrx_word' id='word_1_578' title='bbox 3508 4013 3699 4069; x_wconf 86' lang='lat' dir='ltr'><strong>confli-</strong></span> 
     </span>
    </p>
   </div>
   <div class='ocr_carea' id='block_1_84' title="bbox 2109 4108 3693 4185">
    <p class='ocr_par' dir='ltr' id='par_1_84' title="bbox 2109 4108 3693 4185">
     <span class='ocr_line' id='line_1_84' title="bbox 2109 4108 3693 4185; baseline -0.009 -11"><span class='ocrx_word' id='word_1_579' title='bbox 2109 4127 2284 4183; x_wconf 86' lang='lat' dir='ltr'><strong>xerat,</strong></span> <span class='ocrx_word' id='word_1_580' title='bbox 2327 4125 2558 4185; x_wconf 77' lang='lat' dir='ltr'><strong>urgente</strong></span> <span class='ocrx_word' id='word_1_581' title='bbox 2602 4115 2956 4180; x_wconf 85' lang='lat' dir='ltr'><strong>necessitate,</strong></span> <span class='ocrx_word' id='word_1_582' title='bbox 3012 4112 3133 4167; x_wconf 80' lang='lat' dir='ltr'><strong>fixis</strong></span> <span class='ocrx_word' id='word_1_583' title='bbox 3169 4110 3370 4166; x_wconf 87' lang='lat' dir='ltr'><strong>ibidem</strong></span> <span class='ocrx_word' id='word_1_584' title='bbox 3420 4108 3693 4169; x_wconf 86' lang='lat' dir='ltr'><strong>tentoriis,</strong></span> 
     </span>
    </p>
   </div>
   <div class='ocr_carea' id='block_1_85' title="bbox 2108 4203 3700 4272">
    <p class='ocr_par' dir='ltr' id='par_1_85' title="bbox 2108 4203 3700 4272">
     <span class='ocr_line' id='line_1_85' title="bbox 2108 4203 3700 4272; baseline -0.008 -6"><span class='ocrx_word' id='word_1_585' title='bbox 2108 4212 2375 4267; x_wconf 84' lang='lat' dir='ltr'><strong>substitit.</strong></span> <span class='ocrx_word' id='word_1_586' title='bbox 2413 4209 2626 4264; x_wconf 84' lang='lat' dir='ltr'><strong>Interea</strong></span> <span class='ocrx_word' id='word_1_587' title='bbox 2668 4223 2823 4272; x_wconf 91' lang='lat' dir='ltr'><strong>vero,</strong></span> <span class='ocrx_word' id='word_1_588' title='bbox 2854 4207 2982 4261; x_wconf 89' lang='lat' dir='ltr'><strong>dum</strong></span> <span class='ocrx_word' id='word_1_589' title='bbox 3027 4207 3116 4261; x_wconf 86' lang='lat' dir='ltr'><strong>hic</strong></span> <span class='ocrx_word' id='word_1_590' title='bbox 3163 4206 3358 4260; x_wconf 90' lang='lat' dir='ltr'><strong>morbo</strong></span> <span class='ocrx_word' id='word_1_591' title='bbox 3395 4203 3568 4272; x_wconf 90' lang='lat' dir='ltr'><strong>ipsius</strong></span> <span class='ocrx_word' id='word_1_592' title='bbox 3603 4216 3700 4255; x_wconf 87' lang='lat' dir='ltr'><strong>cu-</strong></span> 
     </span>
    </p>
   </div>
   <div class='ocr_carea' id='block_1_86' title="bbox 2108 4298 3700 4365">
    <p class='ocr_par' dir='ltr' id='par_1_86' title="bbox 2108 4298 3700 4365">
     <span class='ocr_line' id='line_1_86' title="bbox 2108 4298 3700 4365; baseline -0.009 -6"><span class='ocrx_word' id='word_1_593' title='bbox 2108 4306 2282 4359; x_wconf 87' lang='lat' dir='ltr'><strong>rando</strong></span> <span class='ocrx_word' id='word_1_594' title='bbox 2334 4319 2394 4358; x_wconf 91' lang='lat' dir='ltr'><strong>se</strong></span> <span class='ocrx_word' id='word_1_595' title='bbox 2449 4312 2595 4357; x_wconf 89' lang='lat' dir='ltr'><strong>totos</strong></span> <span class='ocrx_word' id='word_1_596' title='bbox 2649 4300 2848 4356; x_wconf 85' lang='lat' dir='ltr'><strong>medici</strong></span> <span class='ocrx_word' id='word_1_597' title='bbox 2911 4298 3140 4365; x_wconf 86' lang='lat' dir='ltr'><strong>dabant,</strong></span> <span class='ocrx_word' id='word_1_598' title='bbox 3207 4298 3584 4358; x_wconf 84' lang='lat' dir='ltr'><strong>Defterdaros,</strong></span> <span class='ocrx_word' id='word_1_599' title='bbox 3643 4305 3700 4346; x_wconf 83' lang='lat' dir='ltr'><strong>et</strong></span> 
     </span>
    </p>
   </div>
   <div class='ocr_carea' id='block_1_87' title="bbox 2110 4381 3769 4463">
    <p class='ocr_par' dir='ltr' id='par_1_87' title="bbox 2110 4381 3769 4463">
     <span class='ocr_line' id='line_1_87' title="bbox 2110 4381 3769 4463; baseline -0.008 -12"><span class='ocrx_word' id='word_1_600' title='bbox 2110 4396 2301 4463; x_wconf 84' lang='lat' dir='ltr'><strong>Pirim,</strong></span> <span class='ocrx_word' id='word_1_601' title='bbox 2341 4395 2777 4463; x_wconf 80' lang='lat' dir='ltr'><strong>Acbmetemque</strong></span> <span class='ocrx_word' id='word_1_602' title='bbox 2808 4391 3026 4455; x_wconf 89' lang='lat' dir='ltr'><strong>bassas,</strong></span> <span class='ocrx_word' id='word_1_603' title='bbox 3073 4388 3519 4459; x_wconf 86' lang='lat' dir='ltr'><strong>Hadrianopolim</strong></span> <span class='ocrx_word' id='word_1_604' title='bbox 3569 4401 3706 4456; x_wconf 83' lang='lat' dir='ltr'><strong>prae—</strong></span> <span class='ocrx_word' id='word_1_605' title='bbox 3755 4381 3769 4397; x_wconf 82' lang='lat'><strong><em>&#39;</em></strong></span> 
     </span>
    </p>
   </div>
   <div class='ocr_carea' id='block_1_88' title="bbox 2111 4473 3706 4552">
    <p class='ocr_par' dir='ltr' id='par_1_88' title="bbox 2111 4473 3706 4552">
     <span class='ocr_line' id='line_1_88' title="bbox 2111 4473 3706 4552; baseline -0.009 -12"><span class='ocrx_word' id='word_1_606' title='bbox 2111 4487 2282 4552; x_wconf 89' lang='lat' dir='ltr'><strong>misit,</strong></span> <span class='ocrx_word' id='word_1_607' title='bbox 2332 4495 2392 4540; x_wconf 87' lang='lat' dir='ltr'><strong>ut</strong></span> <span class='ocrx_word' id='word_1_608' title='bbox 2443 4485 2631 4539; x_wconf 87' lang='lat' dir='ltr'><strong>omnia</strong></span> <span class='ocrx_word' id='word_1_609' title='bbox 2674 4480 3012 4537; x_wconf 89' lang='lat' dir='ltr'><strong>solemnitati</strong></span> <span class='ocrx_word' id='word_1_610' title='bbox 3073 4477 3311 4532; x_wconf 89' lang='lat' dir='ltr'><strong>Bairami</strong></span> <span class='ocrx_word' id='word_1_611' title='bbox 3363 4473 3706 4530; x_wconf 67' lang='lat' dir='ltr'><strong>celebranda:</strong></span> 
     </span>
    </p>
   </div>
   <div class='ocr_carea' id='block_1_89' title="bbox 410 4567 3681 4658">
    <p class='ocr_par' dir='ltr' id='par_1_89' title="bbox 410 4567 3681 4658">
     <span class='ocr_line' id='line_1_89' title="bbox 410 4567 3681 4658; baseline -0.008 -16"><span class='ocrx_word' id='word_1_612' title='bbox 410 4596 615 4642; x_wconf 57' lang='lat' dir='ltr'><strong>essent.</strong></span> <span class='ocrx_word' id='word_1_613' title='bbox 652 4585 764 4643; x_wconf 81' lang='lat' dir='ltr'><strong>Hos</strong></span> <span class='ocrx_word' id='word_1_614' title='bbox 796 4586 864 4642; x_wconf 89' lang='lat' dir='ltr'><strong>ad</strong></span> <span class='ocrx_word' id='word_1_615' title='bbox 909 4602 968 4642; x_wconf 87' lang='lat' dir='ltr'><strong>se</strong></span> <span class='ocrx_word' id='word_1_616' title='bbox 1009 4589 1172 4658; x_wconf 85' lang='lat' dir='ltr'><strong>jussu</strong></span> <span class='ocrx_word' id='word_1_617' title='bbox 1219 4586 1444 4642; x_wconf 88' lang='lat' dir='ltr'><strong>Selimis</strong></span> <span class='ocrx_word' id='word_1_618' title='bbox 1501 4586 1803 4649; x_wconf 88' lang='lat' dir='ltr'><strong>venientes,</strong></span> <span class='ocrx_word' id='word_1_619' title='bbox 1837 4583 2004 4638; x_wconf 85' lang='lat' dir='ltr'><strong>Tom-</strong></span> <span class='ocrx_word' id='word_1_620' title='bbox 2039 4582 2080 4638; x_wconf 83' lang='lat' dir='ltr'>D</span> <span class='ocrx_word' id='word_1_621' title='bbox 2114 4576 2427 4632; x_wconf 87' lang='lat' dir='ltr'><strong>necessaria</strong></span> <span class='ocrx_word' id='word_1_622' title='bbox 2461 4583 2860 4647; x_wconf 70' lang='lat' dir='ltr'><strong>praepararent,</strong></span> <span class='ocrx_word' id='word_1_623' title='bbox 2911 4571 3030 4626; x_wconf 89' lang='lat' dir='ltr'><strong>solo</strong></span> <span class='ocrx_word' id='word_1_624' title='bbox 3077 4567 3312 4623; x_wconf 83' lang='lat' dir='ltr'><strong>Ferhate</strong></span> <span class='ocrx_word' id='word_1_625' title='bbox 3362 4567 3521 4618; x_wconf 87' lang='lat' dir='ltr'><strong>hassa</strong></span> <span class='ocrx_word' id='word_1_626' title='bbox 3561 4577 3681 4658; x_wconf 73' lang='lat' dir='ltr'><strong>eum</strong></span> 
     </span>
    </p>
   </div>
   <div class='ocr_carea' id='block_1_90' title="bbox 417 4677 2003 4743">
    <p class='ocr_par' dir='ltr' id='par_1_90' title="bbox 417 4677 2003 4743">
     <span class='ocr_line' id='line_1_90' title="bbox 417 4677 2003 4743; baseline -0.004 -11"><span class='ocrx_word' id='word_1_627' title='bbox 417 4678 686 4733; x_wconf 83' lang='lat' dir='ltr'><strong>mambais</strong></span> <span class='ocrx_word' id='word_1_628' title='bbox 730 4677 968 4733; x_wconf 85' lang='lat' dir='ltr'><strong>interfici</strong></span> <span class='ocrx_word' id='word_1_629' title='bbox 1005 4679 1222 4733; x_wconf 86' lang='lat' dir='ltr'><strong>curavit</strong></span> <span class='ocrx_word' id='word_1_630' title='bbox 1271 4678 1580 4732; x_wconf 89' lang='lat' dir='ltr'><strong>universos.</strong></span> <span class='ocrx_word' id='word_1_631' title='bbox 1637 4677 2003 4743; x_wconf 87' lang='lat' dir='ltr'><strong>Quamobrem</strong></span> 
     </span>
    </p>
   </div>
   <div class='ocr_carea' id='block_1_91' title="bbox 412 4769 2009 4840">
    <p class='ocr_par' dir='ltr' id='par_1_91' title="bbox 412 4769 2009 4840">
     <span class='ocr_line' id='line_1_91' title="bbox 412 4769 2009 4840; baseline -0.002 -16"><span class='ocrx_word' id='word_1_632' title='bbox 412 4785 769 4840; x_wconf 83' lang='lat' dir='ltr'><strong>summopere</strong></span> <span class='ocrx_word' id='word_1_633' title='bbox 813 4781 1134 4826; x_wconf 88' lang='lat' dir='ltr'><strong>commotus</strong></span> <span class='ocrx_word' id='word_1_634' title='bbox 1165 4771 1423 4826; x_wconf 89' lang='lat' dir='ltr'><strong>sultanus</strong></span> <span class='ocrx_word' id='word_1_635' title='bbox 1476 4769 1732 4834; x_wconf 89' lang='lat' dir='ltr'><strong>Selimes,</strong></span> <span class='ocrx_word' id='word_1_636' title='bbox 1791 4769 2009 4823; x_wconf 85' lang='lat' dir='ltr'><strong>Circas—</strong></span> 
     </span>
    </p>
   </div>
   <div class='ocr_carea' id='block_1_92' title="bbox 415 4861 2010 4932">
    <p class='ocr_par' dir='ltr' id='par_1_92' title="bbox 415 4861 2010 4932">
     <span class='ocr_line' id='line_1_92' title="bbox 415 4861 2010 4932; baseline -0.003 -14"><span class='ocrx_word' id='word_1_637' title='bbox 415 4879 512 4918; x_wconf 77' lang='lat' dir='ltr'><strong>sos</strong></span> <span class='ocrx_word' id='word_1_638' title='bbox 547 4863 673 4918; x_wconf 89' lang='lat' dir='ltr'><strong>illos</strong></span> <span class='ocrx_word' id='word_1_639' title='bbox 703 4878 918 4928; x_wconf 89' lang='lat' dir='ltr'><strong>omnes,</strong></span> <span class='ocrx_word' id='word_1_640' title='bbox 961 4878 1102 4932; x_wconf 89' lang='lat' dir='ltr'><strong>quos</strong></span> <span class='ocrx_word' id='word_1_641' title='bbox 1144 4863 1199 4917; x_wconf 91' lang='lat' dir='ltr'><strong>in</strong></span> <span class='ocrx_word' id='word_1_642' title='bbox 1251 4863 1502 4918; x_wconf 89' lang='lat' dir='ltr'><strong>custodia</strong></span> <span class='ocrx_word' id='word_1_643' title='bbox 1543 4861 1774 4916; x_wconf 87' lang='lat' dir='ltr'><strong>detineri</strong></span> <span class='ocrx_word' id='word_1_644' title='bbox 1811 4877 2010 4930; x_wconf 79' lang='lat' dir='ltr'><strong>praece-</strong></span> 
     </span>
    </p>
   </div>
   <div class='ocr_carea' id='block_1_93' title="bbox 416 4953 2009 5024">
    <p class='ocr_par' dir='ltr' id='par_1_93' title="bbox 416 4953 2009 5024">
     <span class='ocr_line' id='line_1_93' title="bbox 416 4953 2009 5024; baseline 0 -17"><span class='ocrx_word' id='word_1_645' title='bbox 416 4964 594 5024; x_wconf 86' lang='lat' dir='ltr'><strong>perat,</strong></span> <span class='ocrx_word' id='word_1_646' title='bbox 628 4970 754 5010; x_wconf 85' lang='lat' dir='ltr'><strong>mox</strong></span> <span class='ocrx_word' id='word_1_647' title='bbox 782 4955 853 5009; x_wconf 90' lang='lat' dir='ltr'><strong>ita</strong></span> <span class='ocrx_word' id='word_1_648' title='bbox 880 4956 1048 5024; x_wconf 90' lang='lat' dir='ltr'><strong>jussit</strong></span> <span class='ocrx_word' id='word_1_649' title='bbox 1077 4955 1280 5019; x_wconf 84' lang='lat' dir='ltr'><strong>occidi,</strong></span> <span class='ocrx_word' id='word_1_650' title='bbox 1317 4955 1596 5010; x_wconf 87' lang='lat' dir='ltr'><strong>neminem</strong></span> <span class='ocrx_word' id='word_1_651' title='bbox 1633 4965 1693 5007; x_wconf 88' lang='lat' dir='ltr'><strong>ut</strong></span> <span class='ocrx_word' id='word_1_652' title='bbox 1742 4953 1829 5008; x_wconf 88' lang='lat' dir='ltr'><strong>sui</strong></span> <span class='ocrx_word' id='word_1_653' title='bbox 1881 4953 2009 5008; x_wconf 83' lang='lat' dir='ltr'><strong>reli-</strong></span> 
     </span>
    </p>
   </div>
   <div class='ocr_carea' id='block_1_94' title="bbox 413 5032 2011 5118">
    <p class='ocr_par' dir='ltr' id='par_1_94' title="bbox 413 5032 2011 5118">
     <span class='ocr_line' id='line_1_94' title="bbox 413 5032 2011 5118; baseline 0.002 -20"><span class='ocrx_word' id='word_1_654' title='bbox 413 5061 585 5114; x_wconf 75' lang='lat' dir='ltr'><strong>quum</strong></span> <span class='ocrx_word' id='word_1_655' title='bbox 616 5045 884 5102; x_wconf 89' lang='lat' dir='ltr'><strong>facerent.</strong></span> <span class='ocrx_word' id='word_1_656' title='bbox 916 5046 990 5100; x_wconf 85' lang='lat' dir='ltr'><strong>Ea</strong></span> <span class='ocrx_word' id='word_1_657' title='bbox 1037 5063 1098 5102; x_wconf 93' lang='lat' dir='ltr'><strong>re</strong></span> <span class='ocrx_word' id='word_1_658' title='bbox 1128 5056 1343 5118; x_wconf 85' lang='lat' dir='ltr'><strong>patrata</strong></span> <span class='ocrx_word' id='word_1_659' title='bbox 1396 5032 1548 5101; x_wconf 86' lang='lat' dir='ltr'><strong>trans</strong></span> <span class='ocrx_word' id='word_1_660' title='bbox 1580 5044 1764 5100; x_wconf 80' lang='lat' dir='ltr'><strong>Nilum</strong></span> <span class='ocrx_word' id='word_1_661' title='bbox 1821 5048 2011 5114; x_wconf 84' lang='lat' dir='ltr'><strong>cepias</strong></span> 
     </span>
    </p>
   </div>
   <div class='ocr_carea' id='block_1_95' title="bbox 413 5138 2014 5212">
    <p class='ocr_par' dir='ltr' id='par_1_95' title="bbox 413 5138 2014 5212">
     <span class='ocr_line' id='line_1_95' title="bbox 413 5138 2014 5212; baseline 0.001 -23"><span class='ocrx_word' id='word_1_662' title='bbox 413 5141 594 5201; x_wconf 78' lang='lat' dir='ltr'><strong>duxit,</strong></span> <span class='ocrx_word' id='word_1_663' title='bbox 651 5138 1094 5200; x_wconf 82' lang='lat' dir='ltr'><strong>Tommambaim</strong></span> <span class='ocrx_word' id='word_1_664' title='bbox 1137 5141 1496 5212; x_wconf 75' lang='lat' dir='ltr'><strong>quaesiturus,</strong></span> <span class='ocrx_word' id='word_1_665' title='bbox 1548 5156 1658 5211; x_wconf 87' lang='lat' dir='ltr'><strong>quo</strong></span> <span class='ocrx_word' id='word_1_666' title='bbox 1708 5140 1796 5194; x_wconf 89' lang='lat' dir='ltr'><strong>ille</strong></span> <span class='ocrx_word' id='word_1_667' title='bbox 1847 5154 2014 5195; x_wconf 87' lang='lat' dir='ltr'><strong>com-</strong></span> 
     </span>
    </p>
   </div>
   <div class='ocr_carea' id='block_1_96' title="bbox 415 5229 2010 5303">
    <p class='ocr_par' dir='ltr' id='par_1_96' title="bbox 415 5229 2010 5303">
     <span class='ocr_line' id='line_1_96' title="bbox 415 5229 2010 5303; baseline 0 -21"><span class='ocrx_word' id='word_1_668' title='bbox 415 5241 573 5301; x_wconf 62' lang='lat' dir='ltr'><strong>porto</strong></span> <span class='ocrx_word' id='word_1_669' title='bbox 625 5230 812 5301; x_wconf 85' lang='lat' dir='ltr'><strong>fugam</strong></span> <span class='ocrx_word' id='word_1_670' title='bbox 863 5231 1126 5303; x_wconf 88' lang='lat' dir='ltr'><strong>arripuit.</strong></span> <span class='ocrx_word' id='word_1_671' title='bbox 1185 5231 1423 5288; x_wconf 82' lang='lat' dir='ltr'><strong>Selimes</strong></span> <span class='ocrx_word' id='word_1_672' title='bbox 1484 5230 1768 5284; x_wconf 77' lang='lat' dir='ltr'><strong>Romaniae</strong></span> <span class='ocrx_word' id='word_1_673' title='bbox 1833 5229 2010 5298; x_wconf 81' lang='lat' dir='ltr'><strong>copiis</strong></span> 
     </span>
    </p>
   </div>
   <div class='ocr_carea' id='block_1_97' title="bbox 417 5322 2013 5396">
    <p class='ocr_par' dir='ltr' id='par_1_97' title="bbox 417 5322 2013 5396">
     <span class='ocr_line' id='line_1_97' title="bbox 417 5322 2013 5396; baseline -0.004 -19"><span class='ocrx_word' id='word_1_674' title='bbox 417 5322 674 5390; x_wconf 80' lang='lat' dir='ltr'><strong>injunxit,</strong></span> <span class='ocrx_word' id='word_1_675' title='bbox 721 5338 780 5378; x_wconf 89' lang='lat' dir='ltr'><strong>ut</strong></span> <span class='ocrx_word' id='word_1_676' title='bbox 807 5339 933 5380; x_wconf 90' lang='lat' dir='ltr'><strong>eum</strong></span> <span class='ocrx_word' id='word_1_677' title='bbox 961 5340 991 5378; x_wconf 91' lang='lat' dir='ltr'><strong>a</strong></span> <span class='ocrx_word' id='word_1_678' title='bbox 1016 5335 1168 5396; x_wconf 81' lang='lat' dir='ltr'><strong>tergo</strong></span> <span class='ocrx_word' id='word_1_679' title='bbox 1202 5333 1690 5394; x_wconf 89' lang='lat' dir='ltr'><strong>persequerentur.</strong></span> <span class='ocrx_word' id='word_1_680' title='bbox 1742 5322 1847 5374; x_wconf 86' lang='lat' dir='ltr'><strong>Sed</strong></span> <span class='ocrx_word' id='word_1_681' title='bbox 1880 5322 2013 5373; x_wconf 88' lang='lat' dir='ltr'><strong>Ara-</strong></span> 
     </span>
    </p>
   </div>
   <div class='ocr_carea' id='block_1_98' title="bbox 420 5415 2016 5488">
    <p class='ocr_par' dir='ltr' id='par_1_98' title="bbox 420 5415 2016 5488">
     <span class='ocr_line' id='line_1_98' title="bbox 420 5415 2016 5488; baseline -0.005 -14"><span class='ocrx_word' id='word_1_682' title='bbox 420 5419 540 5481; x_wconf 78' lang='lat' dir='ltr'><strong>bes,</strong></span> <span class='ocrx_word' id='word_1_683' title='bbox 601 5417 697 5488; x_wconf 88' lang='lat' dir='ltr'><strong>qui</strong></span> <span class='ocrx_word' id='word_1_684' title='bbox 748 5427 803 5473; x_wconf 86' lang='lat' dir='ltr'><strong>et</strong></span> <span class='ocrx_word' id='word_1_685' title='bbox 838 5416 1152 5488; x_wconf 67' lang='lat' dir='ltr'><strong>Ethiopes,</strong></span> <span class='ocrx_word' id='word_1_686' title='bbox 1212 5418 1506 5473; x_wconf 89' lang='lat' dir='ltr'><strong>itineribus</strong></span> <span class='ocrx_word' id='word_1_687' title='bbox 1556 5415 1784 5486; x_wconf 79' lang='lat' dir='ltr'><strong>fugienti</strong></span> <span class='ocrx_word' id='word_1_688' title='bbox 1850 5415 2016 5468; x_wconf 88' lang='lat' dir='ltr'><strong>&#39;I‘om-</strong></span> 
     </span>
    </p>
   </div>
   <div class='ocr_carea' id='block_1_99' title="bbox 425 5510 2018 5579">
    <p class='ocr_par' dir='ltr' id='par_1_99' title="bbox 425 5510 2018 5579">
     <span class='ocr_line' id='line_1_99' title="bbox 425 5510 2018 5579; baseline -0.003 -16"><span class='ocrx_word' id='word_1_689' title='bbox 425 5510 664 5564; x_wconf 71' lang='lat' dir='ltr'><strong>tuumbai</strong></span> <span class='ocrx_word' id='word_1_690' title='bbox 741 5511 1050 5579; x_wconf 66' lang='lat' dir='ltr'><strong>praeclusis,</strong></span> <span class='ocrx_word' id='word_1_691' title='bbox 1107 5510 1390 5565; x_wconf 83' lang='lat' dir='ltr'><strong>hominem</strong></span> <span class='ocrx_word' id='word_1_692' title='bbox 1454 5510 1892 5578; x_wconf 88' lang='lat' dir='ltr'><strong>interceperunt,</strong></span> <span class='ocrx_word' id='word_1_693' title='bbox 1965 5512 2018 5560; x_wconf 90' lang='lat' dir='ltr'><strong>et</strong></span> 
     </span>
    </p>
   </div>
   <div class='ocr_carea' id='block_1_100' title="bbox 424 5603 1490 5672">
    <p class='ocr_par' dir='ltr' id='par_1_100' title="bbox 424 5603 1490 5672">
     <span class='ocr_line' id='line_1_100' title="bbox 424 5603 1490 5672; baseline 0.004 -20"><span class='ocrx_word' id='word_1_694' title='bbox 424 5613 646 5669; x_wconf 76' lang='lat' dir='ltr'><strong>captent</strong></span> <span class='ocrx_word' id='word_1_695' title='bbox 683 5604 750 5658; x_wconf 90' lang='lat' dir='ltr'><strong>ad</strong></span> <span class='ocrx_word' id='word_1_696' title='bbox 787 5603 1048 5659; x_wconf 82' lang='lat' dir='ltr'><strong>Selimem</strong></span> <span class='ocrx_word' id='word_1_697' title='bbox 1088 5604 1490 5672; x_wconf 81' lang='lat' dir='ltr'><strong>perduxerunt.</strong></span> 
     </span>
    </p>
   </div>
   <div class='ocr_carea' id='block_1_101' title="bbox 497 5690 2018 5766">
    <p class='ocr_par' dir='ltr' id='par_1_101' title="bbox 497 5690 2018 5766">
     <span class='ocr_line' id='line_1_101' title="bbox 497 5690 2018 5766; baseline -0.002 -18"><span class='ocrx_word' id='word_1_698' title='bbox 497 5696 656 5750; x_wconf 82' lang='lat' dir='ltr'><strong>Anno</strong></span> <span class='ocrx_word' id='word_1_699' title='bbox 684 5697 790 5752; x_wconf 65' lang='lat'><strong>9‘13</strong></span> <span class='ocrx_word' id='word_1_700' title='bbox 825 5695 978 5766; x_wconf 86' lang='lat' dir='ltr'><strong>(Chr.</strong></span> <span class='ocrx_word' id='word_1_701' title='bbox 1027 5697 1214 5765; x_wconf 76' lang='grc'><strong>1517),</strong></span> <span class='ocrx_word' id='word_1_702' title='bbox 1247 5697 1335 5751; x_wconf 88' lang='lat' dir='ltr'><strong>die</strong></span> <span class='ocrx_word' id='word_1_703' title='bbox 1365 5694 1584 5750; x_wconf 87' lang='lat' dir='ltr'><strong>decimo</strong></span> <span class='ocrx_word' id='word_1_704' title='bbox 1620 5701 1777 5749; x_wconf 79' lang='lat' dir='ltr'><strong>sexto</strong></span> <span class='ocrx_word' id='word_1_705' title='bbox 1811 5690 2018 5746; x_wconf 79' lang='lat' dir='ltr'><strong>nicusis</strong></span> 
     </span>
    </p>
   </div>
   <div class='ocr_carea' id='block_1_102' title="bbox 428 5782 2020 5853">
    <p class='ocr_par' dir='ltr' id='par_1_102' title="bbox 428 5782 2020 5853">
     <span class='ocr_line' id='line_1_102' title="bbox 428 5782 2020 5853; baseline -0.003 -14"><span class='ocrx_word' id='word_1_706' title='bbox 428 5788 752 5853; x_wconf 66' lang='lat' dir='ltr'><strong>Itehuilulae,</strong></span> <span class='ocrx_word' id='word_1_707' title='bbox 801 5788 1064 5843; x_wconf 86' lang='lat' dir='ltr'><strong>mandato</strong></span> <span class='ocrx_word' id='word_1_708' title='bbox 1120 5789 1323 5844; x_wconf 89' lang='lat' dir='ltr'><strong>sultani</strong></span> <span class='ocrx_word' id='word_1_709' title='bbox 1363 5786 1608 5852; x_wconf 88' lang='lat' dir='ltr'><strong>Selimis,</strong></span> <span class='ocrx_word' id='word_1_710' title='bbox 1645 5787 1699 5839; x_wconf 90' lang='lat' dir='ltr'><strong>in</strong></span> <span class='ocrx_word' id='word_1_711' title='bbox 1759 5782 2020 5838; x_wconf 87' lang='lat' dir='ltr'><strong>umbilico</strong></span> 
     </span>
    </p>
   </div>
   <div class='ocr_carea' id='block_1_103' title="bbox 428 5878 2016 5954">
    <p class='ocr_par' dir='ltr' id='par_1_103' title="bbox 428 5878 2016 5954">
     <span class='ocr_line' id='line_1_103' title="bbox 428 5878 2016 5954; baseline -0.005 -16"><span class='ocrx_word' id='word_1_712' title='bbox 428 5881 578 5946; x_wconf 69' lang='lat' dir='ltr'><strong>urbis</strong></span> <span class='ocrx_word' id='word_1_713' title='bbox 619 5881 975 5949; x_wconf 63' lang='grc' dir='ltr'><strong>Αιυςιίγωιιςτε,</strong></span> <span class='ocrx_word' id='word_1_714' title='bbox 1036 5898 1098 5938; x_wconf 86' lang='lat' dir='ltr'><strong>eo</strong></span> <span class='ocrx_word' id='word_1_715' title='bbox 1135 5882 1272 5953; x_wconf 88' lang='lat' dir='ltr'><strong>Ioco,</strong></span> <span class='ocrx_word' id='word_1_716' title='bbox 1315 5882 1406 5954; x_wconf 86' lang='lat' dir='ltr'><strong>qui</strong></span> <span class='ocrx_word' id='word_1_717' title='bbox 1441 5880 1761 5937; x_wconf 82' lang='lat' dir='ltr'><strong>Babsubcile</strong></span> <span class='ocrx_word' id='word_1_718' title='bbox 1794 5878 2016 5943; x_wconf 79' lang='lat' dir='ltr'><strong>dicitur,</strong></span> 
     </span>
    </p>
   </div>
   <div class='ocr_carea' id='block_1_104' title="bbox 2109 4655 3705 4726">
    <p class='ocr_par' dir='ltr' id='par_1_104' title="bbox 2109 4655 3705 4726">
     <span class='ocr_line' id='line_1_104' title="bbox 2109 4655 3705 4726; baseline -0.012 0"><span class='ocrx_word' id='word_1_719' title='bbox 2109 4687 2174 4726; x_wconf 90' lang='lat' dir='ltr'><strong>eo</strong></span> <span class='ocrx_word' id='word_1_720' title='bbox 2231 4677 2506 4723; x_wconf 82' lang='lat' dir='ltr'><strong>manente.</strong></span> <span class='ocrx_word' id='word_1_721' title='bbox 2561 4667 2668 4722; x_wconf 89' lang='lat' dir='ltr'><strong>Sed</strong></span> <span class='ocrx_word' id='word_1_722' title='bbox 2704 4681 2830 4720; x_wconf 91' lang='lat' dir='ltr'><strong>eum</strong></span> <span class='ocrx_word' id='word_1_723' title='bbox 2891 4663 3086 4718; x_wconf 90' lang='lat' dir='ltr'><strong>tnedici</strong></span> <span class='ocrx_word' id='word_1_724' title='bbox 3141 4660 3334 4713; x_wconf 91' lang='lat' dir='ltr'><strong>morbo</strong></span> <span class='ocrx_word' id='word_1_725' title='bbox 3397 4655 3705 4710; x_wconf 90' lang='lat' dir='ltr'><strong>remedium</strong></span> 
     </span>
    </p>
   </div>
   <div class='ocr_carea' id='block_1_105' title="bbox 2115 4746 3706 4828">
    <p class='ocr_par' dir='ltr' id='par_1_105' title="bbox 2115 4746 3706 4828">
     <span class='ocr_line' id='line_1_105' title="bbox 2115 4746 3706 4828; baseline -0.01 -14"><span class='ocrx_word' id='word_1_726' title='bbox 2115 4762 2365 4816; x_wconf 88' lang='lat' dir='ltr'><strong>invenire</strong></span> <span class='ocrx_word' id='word_1_727' title='bbox 2414 4774 2524 4814; x_wconf 89' lang='lat' dir='ltr'><strong>non</strong></span> <span class='ocrx_word' id='word_1_728' title='bbox 2581 4766 2832 4828; x_wconf 86' lang='lat' dir='ltr'><strong>possent,</strong></span> <span class='ocrx_word' id='word_1_729' title='bbox 2889 4771 2956 4810; x_wconf 88' lang='lat' dir='ltr'><strong>eo</strong></span> <span class='ocrx_word' id='word_1_730' title='bbox 3003 4753 3122 4823; x_wconf 90' lang='lat' dir='ltr'><strong>ipso</strong></span> <span class='ocrx_word' id='word_1_731' title='bbox 3158 4757 3410 4804; x_wconf 89' lang='lat' dir='ltr'><strong>mortuus</strong></span> <span class='ocrx_word' id='word_1_732' title='bbox 3442 4755 3528 4802; x_wconf 87' lang='lat' dir='ltr'><strong>est</strong></span> <span class='ocrx_word' id='word_1_733' title='bbox 3561 4746 3706 4808; x_wconf 80' lang='lat' dir='ltr'><strong>loco,</strong></span> 
     </span>
    </p>
   </div>
   <div class='ocr_carea' id='block_1_106' title="bbox 2113 4834 3758 4920">
    <p class='ocr_par' dir='ltr' id='par_1_106' title="bbox 2113 4834 3758 4920">
     <span class='ocr_line' id='line_1_106' title="bbox 2113 4834 3758 4920; baseline -0.012 -15"><span class='ocrx_word' id='word_1_734' title='bbox 2113 4852 2166 4905; x_wconf 87' lang='lat' dir='ltr'><strong>in</strong></span> <span class='ocrx_word' id='word_1_735' title='bbox 2218 4865 2328 4920; x_wconf 92' lang='lat' dir='ltr'><strong>quo</strong></span> <span class='ocrx_word' id='word_1_736' title='bbox 2379 4865 2502 4904; x_wconf 92' lang='lat' dir='ltr'><strong>cum</strong></span> <span class='ocrx_word' id='word_1_737' title='bbox 2558 4837 2714 4918; x_wconf 78' lang='lat' dir='ltr'><strong>patre</strong></span> <span class='ocrx_word' id='word_1_738' title='bbox 2765 4859 2949 4916; x_wconf 77' lang='lat' dir='ltr'><strong>pugna</strong></span> <span class='ocrx_word' id='word_1_739' title='bbox 3002 4853 3330 4911; x_wconf 84' lang='lat' dir='ltr'><strong>congressus</strong></span> <span class='ocrx_word' id='word_1_740' title='bbox 3377 4836 3576 4897; x_wconf 87' lang='lat' dir='ltr'><strong>fuerat.</strong></span> <span class='ocrx_word' id='word_1_741' title='bbox 3617 4834 3708 4888; x_wconf 89' lang='lat' dir='ltr'><strong>die</strong></span> <span class='ocrx_word' id='word_1_742' title='bbox 3754 4834 3758 4838; x_wconf 74' lang='grc'><strong>’</strong></span> 
     </span>
    </p>
   </div>
   <div class='ocr_carea' id='block_1_107' title="bbox 2113 4929 3704 5014">
    <p class='ocr_par' dir='ltr' id='par_1_107' title="bbox 2113 4929 3704 5014">
     <span class='ocr_line' id='line_1_107' title="bbox 2113 4929 3704 5014; baseline -0.011 -14"><span class='ocrx_word' id='word_1_743' title='bbox 2113 4945 2349 5014; x_wconf 83' lang='lat' dir='ltr'><strong>Septimo</strong></span> <span class='ocrx_word' id='word_1_744' title='bbox 2403 4942 2607 4998; x_wconf 89' lang='lat' dir='ltr'><strong>mensis</strong></span> <span class='ocrx_word' id='word_1_745' title='bbox 2638 4939 2944 5004; x_wconf 81' lang='lat' dir='ltr'><strong>Schebalis,</strong></span> <span class='ocrx_word' id='word_1_746' title='bbox 2991 4950 3138 4990; x_wconf 91' lang='lat' dir='ltr'><strong>anno</strong></span> <span class='ocrx_word' id='word_1_747' title='bbox 3176 4933 3280 4989; x_wconf 71' lang='grc'><strong>926</strong></span> <span class='ocrx_word' id='word_1_748' title='bbox 3314 4932 3464 5004; x_wconf 87' lang='lat' dir='ltr'><strong>(Chr.</strong></span> <span class='ocrx_word' id='word_1_749' title='bbox 3518 4929 3704 4991; x_wconf 69' lang='lat' dir='ltr'><strong>I520).</strong></span> 
     </span>
    </p>
   </div>
   <div class='ocr_carea' id='block_1_108' title="bbox 2116 5022 3708 5105">
    <p class='ocr_par' dir='ltr' id='par_1_108' title="bbox 2116 5022 3708 5105">
     <span class='ocr_line' id='line_1_108' title="bbox 2116 5022 3708 5105; baseline -0.009 -15"><span class='ocrx_word' id='word_1_750' title='bbox 2116 5037 2411 5105; x_wconf 86' lang='lat' dir='ltr'><strong>Imperavit</strong></span> <span class='ocrx_word' id='word_1_751' title='bbox 2467 5033 2629 5089; x_wconf 89' lang='lat' dir='ltr'><strong>annis</strong></span> <span class='ocrx_word' id='word_1_752' title='bbox 2678 5041 2913 5100; x_wconf 88' lang='lat' dir='ltr'><strong>septem,</strong></span> <span class='ocrx_word' id='word_1_753' title='bbox 2973 5027 3259 5082; x_wconf 87' lang='lat' dir='ltr'><strong>mensibus</strong></span> <span class='ocrx_word' id='word_1_754' title='bbox 3307 5034 3458 5091; x_wconf 91' lang='lat' dir='ltr'><strong>octo,</strong></span> <span class='ocrx_word' id='word_1_755' title='bbox 3515 5022 3708 5077; x_wconf 90' lang='lat' dir='ltr'><strong>diebus</strong></span> 
     </span>
    </p>
   </div>
   <div class='ocr_carea' id='block_1_109' title="bbox 2115 5113 3713 5194">
    <p class='ocr_par' dir='ltr' id='par_1_109' title="bbox 2115 5113 3713 5194">
     <span class='ocr_line' id='line_1_109' title="bbox 2115 5113 3713 5194; baseline -0.008 -12"><span class='ocrx_word' id='word_1_756' title='bbox 2115 5139 2260 5182; x_wconf 90' lang='lat' dir='ltr'><strong>octo.</strong></span> <span class='ocrx_word' id='word_1_757' title='bbox 2320 5125 2465 5180; x_wconf 82' lang='lat' dir='ltr'><strong>Nihil</strong></span> <span class='ocrx_word' id='word_1_758' title='bbox 2501 5134 2845 5194; x_wconf 88' lang='lat' dir='ltr'><strong>compertum</strong></span> <span class='ocrx_word' id='word_1_759' title='bbox 2901 5121 3004 5176; x_wconf 89' lang='lat' dir='ltr'><strong>fuit</strong></span> <span class='ocrx_word' id='word_1_760' title='bbox 3062 5122 3130 5176; x_wconf 89' lang='lat' dir='ltr'><strong>de</strong></span> <span class='ocrx_word' id='word_1_761' title='bbox 3183 5120 3360 5191; x_wconf 88' lang='lat' dir='ltr'><strong>ipsius</strong></span> <span class='ocrx_word' id='word_1_762' title='bbox 3396 5117 3552 5172; x_wconf 89' lang='lat' dir='ltr'><strong>obitu</strong></span> <span class='ocrx_word' id='word_1_763' title='bbox 3584 5113 3713 5169; x_wconf 84' lang='lat' dir='ltr'><strong>totis</strong></span> 
     </span>
    </p>
   </div>
   <div class='ocr_carea' id='block_1_110' title="bbox 2115 5207 3713 5276">
    <p class='ocr_par' dir='ltr' id='par_1_110' title="bbox 2115 5207 3713 5276">
     <span class='ocr_line' id='line_1_110' title="bbox 2115 5207 3713 5276; baseline -0.011 -1"><span class='ocrx_word' id='word_1_764' title='bbox 2115 5221 2312 5275; x_wconf 80' lang='lat' dir='ltr'><strong>diebus</strong></span> <span class='ocrx_word' id='word_1_765' title='bbox 2335 5219 2546 5276; x_wconf 81' lang='lat' dir='ltr'><strong>decem.</strong></span> <span class='ocrx_word' id='word_1_766' title='bbox 2585 5221 2798 5274; x_wconf 87' lang='lat' dir='ltr'><strong>Interea</strong></span> <span class='ocrx_word' id='word_1_767' title='bbox 2829 5224 3044 5271; x_wconf 89' lang='lat' dir='ltr'><strong>secreto</strong></span> <span class='ocrx_word' id='word_1_768' title='bbox 3085 5213 3352 5268; x_wconf 85' lang='lat' dir='ltr'><strong>Ferhates</strong></span> <span class='ocrx_word' id='word_1_769' title='bbox 3397 5213 3560 5265; x_wconf 85' lang='lat' dir='ltr'><strong>bassa</strong></span> <span class='ocrx_word' id='word_1_770' title='bbox 3601 5207 3713 5276; x_wconf 74' lang='lat' dir='ltr'><strong>pni-</strong></span> 
     </span>
    </p>
   </div>
   <div class='ocr_carea' id='block_1_111' title="bbox 2116 5300 3710 5382">
    <p class='ocr_par' dir='ltr' id='par_1_111' title="bbox 2116 5300 3710 5382">
     <span class='ocr_line' id='line_1_111' title="bbox 2116 5300 3710 5382; baseline -0.011 -14"><span class='ocrx_word' id='word_1_771' title='bbox 2116 5312 2351 5368; x_wconf 88' lang='lat' dir='ltr'><strong>marium</strong></span> <span class='ocrx_word' id='word_1_772' title='bbox 2379 5311 2679 5382; x_wconf 86' lang='lat' dir='ltr'><strong>janitorcm</strong></span> <span class='ocrx_word' id='word_1_773' title='bbox 2709 5324 2832 5364; x_wconf 90' lang='lat' dir='ltr'><strong>cum</strong></span> <span class='ocrx_word' id='word_1_774' title='bbox 2880 5307 3081 5362; x_wconf 89' lang='lat' dir='ltr'><strong>litteris</strong></span> <span class='ocrx_word' id='word_1_775' title='bbox 3115 5304 3278 5377; x_wconf 64' lang='grc'><strong>342</strong></span> <span class='ocrx_word' id='word_1_776' title='bbox 3309 5301 3604 5356; x_wconf 85' lang='lat' dir='ltr'><strong>Manissam</strong></span> <span class='ocrx_word' id='word_1_777' title='bbox 3640 5300 3710 5351; x_wconf 89' lang='lat' dir='ltr'><strong>ad</strong></span> 
     </span>
    </p>
   </div>
   <div class='ocr_carea' id='block_1_112' title="bbox 2118 5399 3710 5468">
    <p class='ocr_par' dir='ltr' id='par_1_112' title="bbox 2118 5399 3710 5468">
     <span class='ocr_line' id='line_1_112' title="bbox 2118 5399 3710 5468; baseline -0.011 -6"><span class='ocrx_word' id='word_1_778' title='bbox 2118 5408 2400 5462; x_wconf 89' lang='lat' dir='ltr'><strong>sultanum</strong></span> <span class='ocrx_word' id='word_1_779' title='bbox 2463 5403 2837 5458; x_wconf 84' lang='lat' dir='ltr'><strong>Soleimanem</strong></span> <span class='ocrx_word' id='word_1_780' title='bbox 2895 5401 3070 5465; x_wconf 88' lang='lat' dir='ltr'><strong>misit,</strong></span> <span class='ocrx_word' id='word_1_781' title='bbox 3129 5399 3220 5468; x_wconf 90' lang='lat' dir='ltr'><strong>qui</strong></span> <span class='ocrx_word' id='word_1_782' title='bbox 3277 5410 3404 5451; x_wconf 90' lang='lat' dir='ltr'><strong>eum</strong></span> <span class='ocrx_word' id='word_1_783' title='bbox 3460 5399 3710 5446; x_wconf 90' lang='lat' dir='ltr'><strong>moneret</strong></span> 
     </span>
    </p>
   </div>
   <div class='ocr_carea' id='block_1_113' title="bbox 2047 5482 3711 5569">
    <p class='ocr_par' dir='ltr' id='par_1_113' title="bbox 2047 5482 3711 5569">
     <span class='ocr_line' id='line_1_113' title="bbox 2047 5482 3711 5569; baseline -0.011 -14"><span class='ocrx_word' id='word_1_784' title='bbox 2047 5501 2052 5505; x_wconf 78' lang='grc'><em>’</em></span> <span class='ocrx_word' id='word_1_785' title='bbox 2121 5501 2195 5554; x_wconf 89' lang='lat' dir='ltr'><strong>uti</strong></span> <span class='ocrx_word' id='word_1_786' title='bbox 2238 5499 2650 5569; x_wconf 86' lang='lat' dir='ltr'><strong>quamprimum</strong></span> <span class='ocrx_word' id='word_1_787' title='bbox 2706 5495 2837 5550; x_wconf 90' lang='lat' dir='ltr'><strong>illuc</strong></span> <span class='ocrx_word' id='word_1_788' title='bbox 2886 5501 3230 5566; x_wconf 83' lang='lat' dir='ltr'><strong>preperaret.</strong></span> <span class='ocrx_word' id='word_1_789' title='bbox 3281 5486 3389 5542; x_wconf 83' lang='lat' dir='ltr'><strong>Sed</strong></span> <span class='ocrx_word' id='word_1_790' title='bbox 3432 5485 3577 5556; x_wconf 89' lang='lat' dir='ltr'><strong>quod</strong></span> <span class='ocrx_word' id='word_1_791' title='bbox 3623 5482 3711 5537; x_wconf 83' lang='lat' dir='ltr'><strong>his</strong></span> 
     </span>
    </p>
   </div>
   <div class='ocr_carea' id='block_1_114' title="bbox 2121 5578 3711 5660">
    <p class='ocr_par' dir='ltr' id='par_1_114' title="bbox 2121 5578 3711 5660">
     <span class='ocr_line' id='line_1_114' title="bbox 2121 5578 3711 5660; baseline -0.012 -10"><span class='ocrx_word' id='word_1_792' title='bbox 2121 5595 2592 5651; x_wconf 86' lang='lat' dir='ltr'><strong>nihillitterarum</strong></span> <span class='ocrx_word' id='word_1_793' title='bbox 2640 5590 2864 5660; x_wconf 79' lang='lat' dir='ltr'><strong>reliquis</strong></span> <span class='ocrx_word' id='word_1_794' title='bbox 2895 5605 2922 5642; x_wconf 90' lang='lat' dir='ltr'><strong>a</strong></span> <span class='ocrx_word' id='word_1_795' title='bbox 2969 5587 3150 5641; x_wconf 86' lang='lat' dir='ltr'><strong>bassis</strong></span> <span class='ocrx_word' id='word_1_796' title='bbox 3195 5584 3516 5654; x_wconf 88' lang='lat' dir='ltr'><strong>adjunctum</strong></span> <span class='ocrx_word' id='word_1_797' title='bbox 3572 5578 3711 5632; x_wconf 73' lang='grc' dir='ltr'><strong>[υἱε-</strong></span> 
     </span>
    </p>
   </div>
   <div class='ocr_carea' id='block_1_115' title="bbox 2121 5670 3713 5755">
    <p class='ocr_par' dir='ltr' id='par_1_115' title="bbox 2121 5670 3713 5755">
     <span class='ocr_line' id='line_1_115' title="bbox 2121 5670 3713 5755; baseline -0.014 -10"><span class='ocrx_word' id='word_1_798' title='bbox 2121 5698 2225 5755; x_wconf 83' lang='lat' dir='ltr'><strong>set,</strong></span> <span class='ocrx_word' id='word_1_799' title='bbox 2275 5687 2481 5743; x_wconf 89' lang='lat' dir='ltr'><strong>veritus</strong></span> <span class='ocrx_word' id='word_1_800' title='bbox 2523 5695 2607 5740; x_wconf 87' lang='lat' dir='ltr'><strong>est</strong></span> <span class='ocrx_word' id='word_1_801' title='bbox 2659 5685 2839 5739; x_wconf 89' lang='lat' dir='ltr'><strong>itineri</strong></span> <span class='ocrx_word' id='word_1_802' title='bbox 2892 5697 2952 5737; x_wconf 92' lang='lat' dir='ltr'><strong>se</strong></span> <span class='ocrx_word' id='word_1_803' title='bbox 2995 5683 3125 5737; x_wconf 87' lang='lat' dir='ltr'><strong>dare</strong></span> <span class='ocrx_word' id='word_1_804' title='bbox 3173 5677 3542 5733; x_wconf 89' lang='lat' dir='ltr'><strong>Soleimanes.</strong></span> <span class='ocrx_word' id='word_1_805' title='bbox 3581 5670 3713 5725; x_wconf 89' lang='lat' dir='ltr'><strong>Inde</strong></span> 
     </span>
    </p>
   </div>
   <div class='ocr_carea' id='block_1_116' title="bbox 2123 5766 3703 5847">
    <p class='ocr_par' dir='ltr' id='par_1_116' title="bbox 2123 5766 3703 5847">
     <span class='ocr_line' id='line_1_116' title="bbox 2123 5766 3703 5847; baseline -0.015 -11"><span class='ocrx_word' id='word_1_806' title='bbox 2123 5781 2307 5836; x_wconf 88' lang='lat' dir='ltr'><strong>bassis</strong></span> <span class='ocrx_word' id='word_1_807' title='bbox 2368 5779 2604 5840; x_wconf 75' lang='lat' dir='ltr'><strong>czetcris,</strong></span> <span class='ocrx_word' id='word_1_808' title='bbox 2635 5777 2728 5847; x_wconf 86' lang='lat' dir='ltr'><strong>qui</strong></span> <span class='ocrx_word' id='word_1_809' title='bbox 2791 5769 3187 5842; x_wconf 83' lang='lat' dir='ltr'><strong>Hadrianopoli</strong></span> <span class='ocrx_word' id='word_1_810' title='bbox 3238 5766 3534 5839; x_wconf 76' lang='lat' dir='ltr'><strong>degebant.</strong></span> <span class='ocrx_word' id='word_1_811' title='bbox 3591 5777 3703 5816; x_wconf 87' lang='lat' dir='ltr'><strong>rem</strong></span> 
     </span>
    </p>
   </div>
   <div class='ocr_carea' id='block_1_117' title="bbox 2125 5863 3706 5942">
    <p class='ocr_par' dir='ltr' id='par_1_117' title="bbox 2125 5863 3706 5942">
     <span class='ocr_line' id='line_1_117' title="bbox 2125 5863 3706 5942; baseline -0.011 -12"><span class='ocrx_word' id='word_1_812' title='bbox 2125 5888 2340 5930; x_wconf 87' lang='lat' dir='ltr'><strong>omnem</strong></span> <span class='ocrx_word' id='word_1_813' title='bbox 2376 5870 2638 5927; x_wconf 67' lang='lat' dir='ltr'><strong>Fct‘hatcs</strong></span> <span class='ocrx_word' id='word_1_814' title='bbox 2665 5872 2821 5926; x_wconf 80' lang='lat' dir='ltr'><strong>bassa</strong></span> <span class='ocrx_word' id='word_1_815' title='bbox 2857 5866 3113 5942; x_wconf 76' lang='lat' dir='ltr'><strong>patefecit</strong></span> <span class='ocrx_word' id='word_1_816' title='bbox 3145 5886 3154 5920; x_wconf 89' lang='lat'><strong><em>:</em></strong></span> <span class='ocrx_word' id='word_1_817' title='bbox 3193 5863 3285 5938; x_wconf 81' lang='lat' dir='ltr'><strong>qui</strong></span> <span class='ocrx_word' id='word_1_818' title='bbox 3321 5877 3444 5919; x_wconf 83' lang='lat' dir='ltr'><strong>mox</strong></span> <span class='ocrx_word' id='word_1_819' title='bbox 3483 5873 3547 5915; x_wconf 90' lang='lat' dir='ltr'><strong>eo</strong></span> <span class='ocrx_word' id='word_1_820' title='bbox 3580 5869 3706 5927; x_wconf 87' lang='lat' dir='ltr'><strong>pro-</strong></span> 
     </span>
    </p>
   </div>
  </div>
