4126 6492
469 434 577 497 635

1737 435 1836 494 ΑΝ
1849 436 1943 495 ΝΑ
1958 436 2099 496 [.ES
2139 437 2474 498 TURCICI.

3634 425 3745 485 636

469 545 622 610 fecti,
658 560 782 601 cum
824 561 933 616 quo
965 560 1052 600 res
1087 557 1274 601 essent
1302 550 1422 604 loco
1474 560 1787 617 cernerent,
1843 552 2045 607 litteris
2077 574 2127 635 Α
2153 553 2299 608 unde
2346 566 2457 606 non
2491 560 2693 622 magno
2722 564 2789 604 ax
2824 545 3112 605 intervallo
3135 546 3190 600 in
3243 544 3496 599 Rhodum
3552 551 3745 596 trans-

467 651 524 695 et
570 640 675 710 ipsi
710 641 1049 710 perscriptis.
1087 643 1403 711 praefectum
1440 642 1817 712 lspachiorum
1859 646 1925 700 ad
1951 646 2054 701 So-
2151 645 2371 717 jicitur.
2435 644 2625 713 ltaque
2678 640 2947 699 militibus
2983 638 3111 694 hinc
3145 638 3199 692 in
3249 636 3504 690 Rhodum
3553 645 3745 689 trans-

444 730 761 791 _leimanem
821 731 1112 787 Manissam
1157 732 1518 801 ablegarnnt,
1565 734 1960 803 significantes,
1995 745 2056 790 ut

474 825 681 894 absque
712 839 860 878 mora
913 825 1127 880 veniret
1184 829 1507 896 priusquam
1564 827 1631 882 de
1675 829 1851 898 patris
1900 829 2055 883 obitu

469 919 711 988 gunizari
748 919 1039 989 exterique
1092 921 1270 976 Portae
1324 922 1550 986 milites,
1590 923 1845 992 quiddam
1891 923 2050 978 inau—

466 1010 699 1072 disserit,
733 1024 802 1065 ne
838 1010 979 1066 finde
1022 1012 1288 1081 direptam
1326 1012 1519 1068 urbem
1569 1014 1786 1068 excidio
1836 1013 2050 1069 darent.

468 1101 658 1171 Itaque
695 1101 1055 1171 Solcimanes,
1103 1120 1162 1159 re
1201 1113 1312 1160 tota
1366 1106 1585 1175 penitus
1622 1106 1866 1176 cognita,
1914 1123 2054 1161 con-

470 1192 652 1248 festim
686 1207 858 1250 semet
902 1198 1143 1252 accinxit
1183 1198 1368 1274 itineri
1404 1217 1418 1252 :
1456 1214 1556 1253 nec
1586 1198 1694 1255 ulla
1731 1200 1813 1255 vel
1861 1210 2051 1268 noctu,

473 1285 557 1339 vel
610 1286 850 1342 interdiu
900 1288 1089 1358 quiete
1145 1291 1491 1361 interposita,
1544 1292 1796 1361 pervenit
1833 1290 2053 1348 lscoda-

466 1366 585 1429 ram
631 1395 659 1431 e
694 1379 921 1447 regione
969 1380 1480 1452 Constantinopolis
1537 1384 1721 1439 sitam.
1783 1382 1899 1439 Hoc
1947 1381 2052 1438 loci

466 1463 726 1523 tribunus
767 1471 1156 1538 genizarorum
1191 1472 1258 1527 ad
1284 1472 1463 1542 ipsum
1504 1475 1676 1539 venit,
1703 1489 1815 1544 quo
1856 1474 2055 1530 comite

472 1559 749 1613 triremem
814 1560 1122 1630 ingressus,
1153 1562 1684 1635 Constantinopolim
1732 1565 2049 1635 transjecit,

472 1649 528 1702 in
585 1665 877 1708 occursum
942 1653 1344 1724 prodeuntibus
1417 1657 1694 1730 genizaris
1757 1656 2050 1713 universis.

475 1741 515 1794 E
565 1744 773 1800 triremi
818 1762 943 1801 cum
1010 1748 1422 1813 exscendisset,
1472 1751 1854 1819 genizarorum
1915 1765 2051 1820 aga,

471 1851 607 1893 suos
645 1840 983 1909 compellans
1024 1842 1313 1909 genizaros
1349 1860 1362 1897 :
1398 1842 1497 1897 llic
1543 1843 1801 1899 dominus
1846 1854 2050 1911 vester,

2158 738 2415 806 portatis,
2451 735 2671 791 tandem
2714 742 2769 789 et
2802 736 2921 804 ipse
2953 747 3056 789 suo
3101 745 3228 787 cum
3259 730 3524 785 comitatu
3557 737 3748 781 trans-

2157 840 2349 884 vectus
2389 829 2444 883 in
2486 828 2747 893 insulam,
2793 827 2946 897 gravi
2978 826 3170 880 urbem
3207 824 3499 880 obsidione
3541 822 3744 876 cinxit.

2155 920 2379 977 Obsessi
2409 919 2719 976 Christiani
2767 934 2956 973 muros
2992 918 3195 988 pannis
3246 931 3414 973 cocco
3452 915 3658 977 tinctis,
3691 923 3747 966 (ι

2156 1012 2372 1072 sericis.
2408 1020 2465 1065 et
2490 1024 2627 1065 auro
2666 1010 2999 1077 intertextis,
3044 1007 3455 1071 ornabant,.ac
3484 1002 3745 1075 plurimis

2157 1104 2212 1157 in
2243 1103 2382 1159 urbe
2411 1102 2556 1157 ludis
2594 1112 2647 1156 et
2685 1100 3044 1171 spectaculis,
3099 1100 3165 1154 ad
3211 1100 3573 1155 oblectandos
3622 1095 3745 1148 aui-

2156 1209 2299 1261 mos,
2351 1194 2672 1249 utebantur.
2716 1192 2853 1250 Cum
2892 1195 3041 1249 serio
3091 1193 3328 1261 denique
3359 1204 3742 1261 oppugnaren-

2154 1295 2267 1351 tur,
2326 1287 2489 1357 longo
2542 1285 2810 1356 temporis
2862 1285 3039 1356 spatio
3090 1299 3147 1339 se
3177 1283 3545 1339 defendebant
3583 1294 3740 1336 acer-

2155 1378 2294 1433 rime
2314 1420 2332 1445 ,
2372 1376 2519 1447 quod
2547 1376 2736 1432 urbem
2761 1376 2829 1432 ab
2857 1376 3010 1431 hoste
3043 1375 3195 1430 nullo
3225 1374 3387 1430 modo
3417 1374 3538 1443 capi
3574 1387 3739 1442 posse

2155 1472 2261 1526 sibi
2317 1472 2755 1540 persuasissent.
2806 1471 2886 1526 Ac
2941 1469 3276 1524 Soleimanis
3339 1481 3473 1522 sane
3531 1481 3616 1519 res
3668 1478 3737 1517 eo

2156 1563 2368 1618 tandem
2402 1564 2506 1619 loci
2541 1563 2774 1619 redacta:
2814 1562 3051 1629 fuerant,
3087 1571 3146 1617 ut
3196 1575 3434 1632 quanam
3465 1559 3532 1613 ad
3561 1572 3735 1626 expu-

2156 1653 2426 1723 gnandam
2491 1653 2770 1708 civitatem
2834 1653 2919 1708 via
2976 1654 3235 1723 deinceps
3292 1651 3731 1721 progrederetur,

2156 1745 2457 1817 ignoraret.
2496 1745 2637 1812 Quia
2677 1755 2860 1802 tamen
2892 1761 3049 1802 mons
3081 1746 3305 1817 quidam
3348 1743 3494 1799 baud
3543 1741 3734 1813 procul

2155 1841 2222 1895 ab
2291 1842 2427 1896 urbe
2455 1841 2718 1906 distabat,
2767 1857 2831 1896 ex
2867 1856 2933 1897 eo
2986 1853 3187 1896 terram
3241 1841 3370 1912 peti,
3424 1853 3533 1908 qua
3582 1838 3735 1892 urbis

472 1930 567 1985 hic
621 1935 923 2001 imperator
952 1943 1057 1998 est,
1093 1936 1193 1989 ait.
1231 1935 1346 2003 Qua
1383 1935 1460 1990 illi
1502 1951 1636 1992 voce
1670 1937 1880 1999 audita,
1926 1952 2053 1991 mox
2088 1931 2133 1994 Β
2162 1930 2321 1988 fossa:
2360 1935 2866 2003 complanarentur,
2907 1933 3101 1989 edixit.
3134 1932 3293 1987 Actis
3322 1939 3586 2002 praeterea
3641 1944 3738 1984 cu-

468 2025 661 2079 ordine
694 2038 925 2081 ceteros
958 2028 1290 2097 antegressi,
1329 2028 1606 2083 sultanum
1637 2042 1798 2083 suum
1844 2027 1911 2081 ad
1953 2027 2057 2081 im-

473 2127 787 2186 peratorum
848 2118 1101 2175 Saraium
1159 2120 1531 2176 deduxerunt.
1589 2119 1731 2176 Hinc
1788 2119 2053 2188 largiores

473 2224 742 2269 annonas.
791 2220 845 2267 et
882 2212 1141 2268 douativa
1194 2214 1402 2278 petiere
1434 2230 1448 2268 :
1483 2212 1703 2269 sultano
1743 2210 2055 2267 Soleimane

472 2302 764 2371 prtslulatis
791 2304 1036 2373 ipsorum
1065 2312 1364 2360 annuente.
1397 2304 1663 2360 Postridie
1712 2306 1888 2375 prima
1934 2305 2055 2361 luce

470 2391 639 2446 funus
664 2390 883 2449 Selimis
920 2394 973 2449 in
1011 2394 1204 2449 urbem
1239 2394 1537 2450 deductum
1571 2394 1694 2461 fuit,
1731 2396 1892 2465 eique
1912 2395 2054 2450 cele-

472 2485 654 2540 bratae
712 2486 766 2540 in
808 2487 1011 2556 templo
1055 2488 1172 2543 sive
1221 2503 1382 2542 zuma
1434 2487 1638 2543 sultani
1691 2486 2089 2559 Muchcmetis,

465 2576 762 2646 exsequiae.
821 2577 996 2634 Pedes
1032 2588 1159 2634 ante
1196 2589 1491 2650 paternum
1542 2578 1712 2634 funus
1766 2578 2054 2636 incedebat

469 2669 726 2725 sultauus
772 2668 1141 2737 Soleimanes,
1197 2670 1365 2741 idque
1414 2670 1785 2727 comitabatur
1834 2670 1901 2726 ad
1955 2686 2053 2726 zu-

469 2775 611 2815 mam
674 2763 742 2816 ab
788 2761 909 2832 ipso
959 2761 1161 2819 Selime
1209 2763 1511 2828 conditam,
1560 2765 1651 2820 ubi
1699 2772 2054 2819 monumento

469 2867 569 2906 suo
604 2851 708 2906 fuit
743 2852 953 2910 illatus.
984 2854 1116 2910 inde
1165 2852 1512 2911 Soleimanes
1547 2855 1616 2910 ad
1650 2854 1916 2924 palatium
1969 2869 2053 2908 re-

470 2937 681 3009 versus,
741 2946 795 2999 in
852 2950 1108 3001 thronum
1149 2946 1565 3012 imperatorium
1622 2963 1681 3002 se
1736 2946 2049 3014 collocavit,

471 3044 527 3091 et
576 3037 725 3107 regni
768 3036 1311 3095 administrationem
1364 3039 1689 3109 auspicatus
1740 3048 1847 3105 est,
1905 3053 2052 3094 anno

468 3128 574 3184 920
602 3127 757 3199 (Chr.
802 3129 989 3201 i520),
1019 3130 1109 3186 die
1143 3130 1354 3186 decima
1379 3131 1611 3202 septima
1636 3131 1844 3186 mensis
1873 3131 2047 3187 Sebe-

471 3224 629 3279 balis.
1042 3290 1047 3301 ς

542 3315 741 3372 Factus
780 3316 892 3383 jam
943 3319 1100 3388 plene
1137 3333 1317 3373 rerum
1377 3318 1635 3375 dominus
1680 3316 2039 3383 Soleimanes,

469 3406 673 3476 elapsis
707 3408 923 3474 aliquot
965 3406 1272 3471 mensibus,
1306 3422 1501 3462 omnes
1531 3422 1662 3461 suos
1686 3406 1890 3461 milites
1917 3421 2047 3460 con-

470 3499 657 3553 venire
689 3497 880 3568 jussit,
916 3506 973 3553 et
1021 3513 1147 3553 cum
1192 3498 1274 3555 eis
1310 3514 1503 3554 versus
1557 3499 1752 3555 Albam
1799 3498 2041 3553 Graecam

467 3588 747 3661 profectus
766 3599 873 3654 est,
905 3606 1051 3646 anno
1081 3592 1188 3649 927
1235 3591 1390 3664 (Chr.
1433 3592 1615 3663 l52l).

537 3682 674 3737 Cum
707 3698 875 3753 prope
900 3685 1012 3755 jam
1045 3687 1262 3741 abesset
1309 3685 1379 3740 ab
1398 3685 1555 3752 Alba,
1589 3686 1824 3742 vezirem
1861 3701 2043 3751 suum,

467 3776 786 3832 Aebmetem
814 3779 1054 3845 bassam,
1077 3793 1203 3833 cum
1227 3778 1509 3836 Romaniae
1527 3780 1700 3851 cepiis
1720 3782 1785 3835 ad
1805 3779 2045 3850 But-gur-

467 3870 624 3925 deleo
671 3875 753 3927 ire
797 3866 985 3941 jussit.
1043 3874 1091 3929 ls
1157 3872 1289 3929 illuc
1323 3873 1415 3928 ubi
1449 3878 1706 3938 venisset,
1757 3874 2047 3928 tormentis

472 3963 678 4019 bellicis
713 3966 913 4020 mcenia
945 3965 1186 4033 disjeeit,
1233 3966 1461 4020 militem
1510 3966 1757 4031 immisit,
1799 3974 1853 4019 et
1895 3965 2052 4035 oppi-

470 4057 603 4112 dum
642 4056 809 4127 cepit.
833 4057 987 4111 Multi
1015 4067 1197 4110 tamen
1234 4056 1288 4109 in
1316 4058 1438 4126 ejus
1470 4057 1875 4128 expugnatione
1907 4056 2050 4111 Tur-

469 4154 517 4206 ci
550 4151 703 4204 fuere
733 4149 1015 4214 trucidati,
1041 4163 1104 4204 ac
1134 4147 1379 4203 vicissim
1411 4148 1704 4202 Achmetes
1745 4147 1906 4202 bassa
1939 4147 2053 4202 sul.

472 4255 601 4296 tano
660 4238 963 4295 Soleimani
1029 4255 1295 4293 caesorum
1352 4220 1798 4293 Christianorum
1848 4237 2048 4310 capita,

472 4350 595 4389 cum
623 4332 953 4400 quibusdam
983 4332 1217 4400 captivis
1248 4339 1303 4386 et
1328 4330 1669 4396 vulneratis,
1703 4331 1872 4386 misit.

545 4424 858 4481 Secundum
916 4424 1007 4478 illa
1054 4424 1223 4478 Pirim
1279 4424 1499 4478 bassam
1530 4422 1837 4492 praecedere
1888 4421 2055 4492 jussit

475 4517 843 4579 Soleimanes,
888 4518 981 4586 qui
1039 4516 1192 4571 Albae
1224 4514 1427 4571 Graecae
1476 4515 1643 4570 situm
1697 4529 1763 4569 ac
1799 4515 2057 4569 munitio-

478 4627 621 4677 nem,
673 4610 1030 4664 circumfusis
1089 4607 1285 4677 copiis,
1344 4607 1722 4676 specularetur
1769 4623 1783 4660 :

475 4718 582 4772 que
623 4701 792 4755 Pii-im
837 4709 1082 4766 secutus,
1131 4701 1452 4754 universum
1503 4699 1807 4752 exercitum
1866 4698 2060 4752 mteni-

481 4797 580 4848 hus
621 4792 890 4857 admovit,
929 4802 1110 4847 castra
1143 4790 1291 4845 vallo
1323 4790 1579 4855 munivit,
1616 4798 1889 4845 tormenta
1938 4788 2060 4859 jus-

480 4886 551 4940 sit
592 4885 855 4954 cxpediri,
896 4899 1087 4939 muros
1122 4896 1345 4938 eversos
1375 4882 1493 4936 solo
1524 4882 1781 4951 aequavit,
1825 4896 1893 4936 ac
1938 4890 2064 4935 tau-

484 4982 604 5032 dem
634 4976 824 5030 Albam
847 4973 1183 5045 expugnavit
1208 4975 1296 5028 die
1329 4972 1595 5028 vicesima
1627 4974 1821 5042 quinta
1854 4972 2063 5027 mensis

485 5070 833 5133 Remazanis,
892 5084 1034 5122 anno
1094 5067 1199 5122 927
1259 5066 1413 5138 (Chr.
1478 5065 1643 5136 1521)
1697 5079 1806 5136 qua
1854 5066 2064 5135 potitus

483 5161 1022 5229 Constantinopolim
1049 5160 1232 5214 rediit.

557 5259 716 5311 Anno
750 5255 998 5325 sequenti
1045 5255 1300 5325 proximo
1327 5253 1433 5310 99.8
1464 5252 1620 5323 (Chr.
1653 5251 1816 5320 1522)
1851 5251 1939 5306 die
1982 5251 2063 5305 vi-

479 5350 683 5405 cesima
732 5347 941 5402 mensis
971 5346 1230 5411 l'tezebis,
1268 5345 1470 5400 lterum
1507 5344 1852 5399 Soleimanes
1903 5356 2065 5412 expe-

485 5444 691 5497 ditione
735 5449 1012 5510 suscepta,
1054 5440 1246 5509 copias
1306 5439 1599 5493 universas
1651 5435 1704 5488 in
1748 5434 2062 5486 Anatoliam

487 5539 822 5602 transduxit,
853 5535 1046 5591 Rhodo
1082 5535 1287 5591 bellum
1314 5535 1588 5588 illaturus.
1623 5531 1741 5583 Jam
1781 5540 1908 5583 ante
1933 5542 2067 5582 vero

485 5625 829 5697 Mustapbam
877 5629 1096 5683 bassam
1137 5626 1344 5694 insigni
1405 5638 1532 5679 cum
1576 5624 1753 5676 classe
1808 5618 2063 5675 Rhodum

485 5719 746 5787 navigare
794 5720 1054 5786 iusserat.
1115 5720 1233 5788 ipse
1295 5732 1418 5772 cum
1484 5714 1829 5786 pedestribus
1895 5712 2067 5783 ecpiis

489 5812 802 5867 Anatolium
837 5812 1142 5880 ingressus,
1167 5811 1219 5864 in
1258 5811 1513 5880 oppidum
1542 5807 1821 5879 quoddam
1855 5806 2065 5861 Mente-

494 5901 664 5961 sinum
716 5901 971 5971 ditionis,
997 5902 1086 5958 cui
1141 5916 1338 5958 nomen
1365 5900 1650 5970 ilcrmerc,
1690 5915 1747 5957 se
1776 5899 2015 5956 contulit
2049 5917 2063 5955 :

2159 2025 2380 2092 niculis,
2419 2025 2637 2083 suil‘ossi
2674 2024 2829 2081 luere
2878 2026 3017 2081 muri
3041 2065 3058 2091 ,
3092 2033 3485 2081 tormentorum
3515 2036 3737 2092 quoque

2157 2120 2206 2173 vi
2249 2133 2444 2190 magna
2470 2135 2536 2173 ex
2573 2129 2727 2190 parte
2756 2119 2947 2173 diruti.
3001 2115 3342 2187 Quapropter
3366 2115 3637 2169 exhausto
3663 2115 3738 2165 la-

2159 2211 2388 2267 boribus
2429 2228 2494 2267 ac
2521 2210 2791 2268 molestiis
2829 2210 3272 2265 Christianorum
3303 2207 3580 2277 praesidio,
3613 2221 3737 2260 cum

2157 2303 2347 2360 urbem
2384 2318 2496 2358 non
2531 2303 2704 2359 multo
2732 2314 2855 2373 post
2884 2302 2941 2356 in
2975 2302 3212 2355 hostium
3240 2308 3565 2369 potestatem
3610 2313 3737 2351 reu-

2156 2406 2336 2450 turam
2388 2396 2594 2451 nemini
2643 2396 2872 2450 dubium
2911 2405 3106 2449 esset:
3159 2394 3405 2463 ipsorum
3460 2392 3731 2460 princeps,

2154 2501 2319 2558 quem
2349 2486 2599 2555 Megalon
2630 2487 2867 2541 Mastora
2899 2487 3188 2546 vocabant,
3227 2483 3503 2547 inducias.
3522 2491 3725 2551 pactus.

2157 2581 2351 2635 urbem
2427 2594 2487 2633 se
2567 2578 2881 2633 deditorum
2954 2576 3306 2647 signiﬁcavit,
3381 2574 3543 2628 modo
3601 2574 3719 2643 ipsis

2156 2672 2393 2726 abeundi
2439 2680 2685 2742 potestas
2719 2671 2894 2735 fieret,
2931 2671 3100 2726 salvis
3132 2669 3487 2725 facultatibus
3517 2669 3637 2730 suis,
3662 2674 3717 2720 et

2154 2762 2600 2818 Christianorum
2655 2779 2854 2817 uxores
2889 2776 3053 2832 atque
3107 2764 3262 2818 liberi
3306 2762 3441 2816 nulli
3491 2758 3720 2815 servituti

2154 2857 2627 2924 manciparemur.
2652 2854 2707 2910 ln
2750 2870 2844 2909 eas
2881 2856 3232 2909 conditiones
3270 2854 3524 2909 sultanus
3558 2849 3726 2906 Solei-

2157 2963 2345 3003 manes
2383 2948 2591 3016 alisque
2622 2963 2774 3002 mora
2811 2950 3114 3023 consensit.
3152 2948 3341 3017 Itaque
3368 2962 3495 3000 cum
3526 2943 3733 3000 obsessi

2154 3056 2382 3095 munera
2417 3043 2636 3094 sultauo
2675 3040 2950 3109 quaedam,
2989 3039 3043 3094 in
3076 3041 3196 3109 ejus
3235 3047 3589 3108 conspectum
3635 3038 3734 3091 ad-

2154 3134 2334 3196 missi,
2398 3135 2753 3197 obtulissent,
2813 3148 2939 3186 cum
3001 3133 3166 3188 rebus
3226 3146 3288 3184 ac
3357 3128 3739 3192 facultatibus,

2159 3242 2280 3281 cum
2313 3226 2500 3279 liberis
2525 3234 2577 3278 el
2610 3226 2878 3279 uxoribus
2915 3226 3033 3278 suis
3084 3238 3251 3277 naves
3275 3221 3531 3291 ingressi,
3571 3220 3738 3274 Turci

2158 3318 2349 3374 Rhodo
2384 3330 2694 3384 cesserunt,
2747 3328 2819 3372 et
2856 3318 2907 3370 in
2943 3316 3149 3370 italiam
3185 3316 3530 3385 navigarunt.
3571 3319 3745 3379 Quot-

2152 3423 2287 3484 quot
2315 3422 2471 3466 erant
2506 3413 2560 3466 in
2609 3413 2742 3467 urbe
2785 3409 2983 3480 captivi
3013 3408 3201 3475 Turci,
3252 3409 3491 3464 libertati
3543 3407 3746 3479 pristi-

2153 3521 2236 3561 nat
2263 3507 2506 3562 restituti
2547 3505 2722 3562 fuere.
2754 3506 2921 3575 Capta
2949 3520 3077 3558 vero
3105 3504 3210 3557 fuit
3239 3502 3459 3557 Rhodus
3503 3503 3591 3557 die
3628 3512 3744 3556 tera

2155 3600 2232 3654 tio
2282 3599 2488 3675 mensis
2540 3597 2789 3660 Seil‘eris.
2846 3613 2990 3654 anno
3036 3595 3160 3651 999.
3199 3596 3372 3651 Simul
3409 3595 3572 3651 etiam
3609 3610 3740 3650 cum

2158 3690 2352 3746 Rhodo
2403 3690 2566 3747 Turci
2618 3707 2800 3747 arcem
2849 3690 3133 3755 Stancoin,
3165 3699 3221 3744 et
3276 3687 3536 3753 Bedrum,
3572 3688 3738 3741 aliam

2159 3799 2339 3838 arcem
2386 3783 2439 3837 in
2479 3782 2729 3838 Anatolia
2762 3784 2944 3847 sitam.
2987 3788 3040 3840 in
3079 3790 3404 3854 potestatem
3455 3781 3737 3850 rcdegere,

2160 3872 2502 3932 Soleimanes
2553 3875 2680 3931 inde
2738 3874 3270 3946 Constantinopolim
3325 3888 3580 3928 reversus
3630 3881 3741 3926 est.

2231 3966 2502 4022 Caeterum
2535 3982 2642 4036 quo
2703 3976 2946 4038 tempore
2988 3966 3056 4021 ad
3086 3965 3444 4021 obsidendam
3484 3962 3738 4017 Rhodum

2159 4056 2437 4127 proﬁcisci
2497 4057 2798 4127 cogitabat,
2860 4055 3151 4112 Ferhatem
3202 4055 3419 4110 bassam
3478 4053 3742 4108 adversus

2160 4149 2303 4204 Alim
2346 4148 2569 4218 begum,
2601 4146 2796 4203 Scachi
2832 4147 3127 4205 Suareusis
3165 4147 3364 4212 lilium,
3395 4145 3493 4218 qui
3545 4159 3741 4216 peran-

2162 4242 2314 4311 tiquo
2346 4242 2615 4313 majorum
2650 4257 2876 4296 suorum
2905 4241 3028 4313 jure
3058 4241 3473 4311 Dulgadirensis
3502 4237 3743 4308 regionis

2163 4333 2273 4389 dux
2333 4343 2470 4396 erat,
2530 4348 2655 4388 cum
2709 4333 2885 4404 copiis
2916 4333 3207 4405 ablegavit.
3241 4333 3377 4388 Nam
3417 4331 3551 4385 falso
3592 4329 3743 4384 dcla-

2164 4436 2252 4481 tus
2304 4427 2350 4481 is
2389 4426 2569 4480 fuerat
2615 4424 2776 4503 343
2823 4426 2965 4495 apud
3018 4426 3297 4481 sultanum
3349 4424 3741 4485 Soleimanem,

2164 4529 2219 4575 et
2252 4520 2547 4574 accedebat
2572 4520 2678 4572 alia
2726 4534 2918 4583 causa,
2951 4518 3099 4588 quod
3128 4516 3440 4576 Osmaniilae
3466 4518 3742 4572 neminem

1838 4606 2056 4661 statim-
2086 4635 2140 4697 Ι)
2167 4613 2336 4668 veteri
2389 4620 2579 4665 natum
2618 4609 2827 4664 familia
2864 4625 2967 4665 suo
2993 4610 3044 4663 in
3080 4609 3310 4680 imperio
3344 4610 3575 4663 tolerare
3620 4623 3745 4673 pos-

2166 4715 2319 4762 sunt.
2359 4702 2459 4759 Ubi
2495 4705 2607 4774 jam
2647 4718 2814 4774 prope
2852 4701 3112 4759 Ferhates
3143 4704 3331 4757 aberat
3365 4703 3432 4755 ab
3466 4702 3580 4755 Alis
3624 4701 3740 4770 hegi

2166 4798 2394 4861 ditione,
2448 4796 2714 4851 insidioso
2771 4806 2893 4850 astu
2941 4795 3222 4851 hominem
3279 4795 3346 4851 ad
3392 4811 3450 4850 se
3499 4794 3740 4863 pellexit.

2166 4887 2379 4959 Quippe
2416 4889 2667 4942 morbum
2708 4888 2997 4952 simulans,
3043 4887 3342 4959 signiﬁcari
3374 4887 3511 4956 bego
3534 4886 3692 4957 jussit
3724 4929 3739 4952 ,

2167 4980 2305 5034 velle
2351 4993 2410 5035 se
2450 4986 2838 5032 testamentum
2890 4977 3148 5041 condere,
3206 4986 3370 5048 atque
3406 4978 3586 5047 'ipsius
3618 4974 3740 5029 ﬁdei

2166 5073 2467 5128 exercitum
2522 5071 2888 5127 committere.
2925 5071 3042 5138 Qua
3083 5071 3358 5125 voluntate
3386 5068 3631 5125 Fet-haus
3662 5070 3747 5123 in-

2168 5164 2407 5227 tellecta,
2463 5177 2590 5216 mox
2621 5162 2738 5217 Alis
2774 5162 2969 5234 begus,
3019 5161 3152 5215 nihil
3188 5161 3254 5216 ab
3284 5161 3593 5216 Osmanicis
3650 5176 3744 5229 pe-

2170 5256 2329 5312 riculi
2381 5257 2615 5320 veritus,
2655 5254 2857 5322 quibus
2913 5253 3041 5309 inde
3087 5268 3257 5322 usque
3303 5266 3331 5305 a
3364 5254 3540 5322 prima
3587 5262 3748 5305 aetate

2169 5348 2309 5404 ﬁdus
2342 5348 2457 5418 ipse
2481 5345 2682 5410 fuerat,
2718 5360 2840 5399 cum
2872 5355 3107 5413 utroque
3156 5343 3265 5397 (ilio
3299 5343 3514 5397 bassam
3564 5342 3694 5395 adiit
3723 5358 3739 5396 :

2169 5439 2350 5509 quiet
2397 5446 2628 5507 patrem,
2660 5445 2713 5490 el.
2750 5436 2915 5495 ﬁlios.
2960 5435 3280 5489 innocentes
3335 5435 3511 5488 occidi
3556 5433 3745 5503 ju~sit.

2171 5534 2285 5585 Hoc
2341 5530 2584 5584 facinore
2635 5537 2871 5598 patrato,
2906 5526 3171 5583 Ferlntes
3208 5527 3271 5580 ad
3308 5528 3584 5581 sultanqu
3639 5525 3747 5581 So-

2171 5622 2487 5685 leimancm,
2539 5619 2794 5673 Rhodum
2835 5619 3205 5679 obsidentem,
3258 5619 3454 5672 llbedo
3510 5619 3742 5673 necdum

2171 5726 2351 5784 capta,
2383 5729 2637 5768 reversus
2663 5723 2766 5767 est.
3200 5764 3205 5769 ,

2241 5808 2377 5863 Cum
2417 5817 2597 5862 autent
2633 5807 2880 5861 confecto
2917 5806 3055 5860 bello
3087 5804 3321 5870 Rhodio,
3357 5806 3754 5861 Constantino-

2173 5902 2282 5972 poli
2348 5899 2687 5959 Sulcimaucs
2745 5900 2966 5969 quietus
3022 5897 3278 5965 degeret,
3349 5898 3603 5953 Genizari
3662 5902 3755 5957 die
