4126 6468
473 437 579 502 637

1748 442 2099 503 ANNALES
2128 445 2473 509 TUIiCICI.

3617 452 3722 513 6‘33

475 564 740 617 vicesimo
783 561 939 616 tertio
975 561 1183 618 mensis
1237 561 1468 617 Rezebis
1502 562 1826 618 seditionem
1864 578 2050 617 move-
2078 563 2121 619 Δ
2150 579 2275 631 pars
2316 572 2617 618 rorrueret.
2669 562 2743 617 Ea
2789 580 2846 619 re
2883 566 3145 634 perfecta,
3195 566 3377 621 subito
3422 583 3545 623 cum
3602 570 3728 624 nive

478 666 632 719 runt,
668 662 725 708 et
774 651 985 721 Aigasis
1039 651 1232 717 bassze,
1288 652 1641 721 supremique
1697 653 2050 713 thesaurarii.

477 745 858 803 Abduselantis
888 743 1034 799 mdes
1063 728 1408 811 clpugnatas
1441 744 1807 813 diripuerunt.
1842 745 2051 800 Postri-

481 841 608 905 die,
657 837 745 906 qui
785 836 1036 890 Mercurii
1081 834 1199 890 dies
1244 844 1402 897 erat.
1460 845 1621 889 noctu
1669 835 1956 890 lbrahimis
1988 852 2053 891 ac

479 931 775 998 Mustapbm
833 930 1113 983 bassarum
1169 927 1361 981 domos
1420 928 1607 982 itidem
1679 927 1921 981 adhibita
1999 928 2046 981 vi

476 1037 757 1091 aperuere:
812 1020 907 1076 sed
965 1036 1028 1075 ea
1084 1034 1207 1073 cum
1268 1018 1674 1083 moderatione,
1734 1020 1935 1075 nullam
1993 1029 2051 1075 ut

475 1115 599 1168 inde
640 1112 877 1182 praedam
907 1110 1206 1165 auferrent.
1227 1109 1537 1178 Composito
1571 1110 1804 1179 denique
1835 1112 2053 1179 geniza-

474 1219 658 1260 rorum
689 1202 923 1257 tumultu
950 1240 965 1263 ,
997 1200 1337 1256 Soleimanes
1367 1203 1420 1254 in
1456 1199 1748 1270 Ungariam
1781 1201 2049 1269 proficisci

474 1295 700 1351 statuit:
740 1303 794 1347 et
821 1293 1062 1349 collectis
1095 1292 1447 1362 quiquaginta
1477 1293 1556 1347 vel
1602 1295 1879 1362 sexaginta
1927 1294 2049 1348 mil-

474 1388 619 1443 libus
679 1394 1057 1449 armatorunt,
1123 1384 1382 1454 pontibus
1446 1383 1689 1448 Savum,
1748 1383 2043 1444 Dravum.

479 1480 877 1547 Danubiumque
927 1477 1151 1531 ﬂumina
1200 1475 1419 1544 junxit:
1455 1485 1510 1532 et
1538 1476 1864 1531 Varadinum
1900 1476 2048 1531 Perri

473 1588 596 1626 cum
629 1572 750 1626 aliis
783 1571 919 1624 locis
965 1568 1193 1623 munitis
1243 1568 1570 1638 occupavit,
1620 1568 1825 1623 Budam
1876 1569 2047 1637 ipsam

473 1678 595 1722 cum
629 1662 872 1717 exercitu
909 1662 1195 1729 petiturus.
1236 1659 1306 1714 Ea
1340 1658 1667 1716 Soleimanis
1699 1661 2043 1729 expeditione

473 1755 714 1822 cognita,
745 1769 805 1807 se
832 1768 1048 1823 quoque
1079 1769 1170 1807 rex
1207 1752 1459 1819 Ungarus
1490 1753 1556 1806 ad
1583 1753 1783 1808 bellum
1816 1754 2046 1822 paravit;

472 1852 528 1896 et
565 1858 689 1898 cum
737 1842 909 1897 milite
949 1857 1070 1907 suo,
1111 1841 1204 1910 qui
1248 1840 1393 1896 ferro
1434 1850 1580 1897 totus
1619 1853 1866 1899 armatus
1894 1853 2042 1910 erat,

471 1933 692 1989 obvium
730 1947 789 1986 se
833 1932 1049 1987 sultano
1096 1909 1396 1987 Soleimani
1444 1931 1612 1987 dedit.
1662 1932 1758 1988 Die
1806 1909 2045 2001 quodam
2081 1909 2120 1964 Β

471 2022 769 2087 Mercurii,
819 2024 969 2077 circa
1034 2033 1250 2093 tempus
1307 2023 1516 2089 lkitidi,
1578 2004 1843 2095 urrinque
1893 2034 2044 2081 tanto

469 2127 873 2174 concurrerunt
894 2117 1170 2172 exercitus
1204 2118 1427 2186 impetu,
1473 2118 1641 2172 multa
1674 2128 1728 2172 ot
1759 2118 2041 2172 hominum

472 2212 642 2265 millia
690 2211 758 2266 ab
808 2220 1035 2280 utraque
1090 2219 1242 2281 parte
1286 2225 1427 2265 caesa
1476 2211 1770 2277 caderent,
1824 2212 2045 2282 plurimi

474 2303 909 2359 vulnerarentur.
942 2300 1041 2356 Diu
1075 2309 1372 2372 pugnatum
1404 2316 1529 2356 cum
1560 2302 1787 2364 fuisset,
1826 2301 2039 2354 tandem

477 2405 655 2449 tamen
689 2394 861 2449 victus
896 2410 992 2450 rex
1035 2392 1311 2463 Ungarus,
1343 2393 1509 2448 etiam
1538 2394 1652 2462 ipse
1681 2392 1863 2462 periit.
1895 2392 2046 2446 Actis

470 2498 654 2542 autem
687 2487 741 2540 in
772 2485 955 2556 fugam
990 2484 1223 2556 Ungaris
1245 2523 1262 2549 .
1310 2483 1475 2540 Turci
1506 2486 1715 2540 hostem
1750 2486 2045 2554 persecuti,

470 2578 641 2633 multa
695 2577 939 2646 ipsorum
988 2577 1155 2631 millia
1205 2577 1348 2632 inter
1398 2575 1713 2646 fugiendum
1764 2577 2046 2632 contruci-

465 2671 685 2727 darunt.
741 2669 1079 2725 Soleimanes
1131 2682 1188 2723 re
1231 2669 1367 2723 bene
1419 2676 1608 2738 gesta,
1657 2667 1865 2723 Budam
1915 2683 2045 2723 suos

465 2760 658 2827 duxit,
699 2766 754 2814 et
787 2758 921 2814 urbe
958 2757 1076 2814 sine
1104 2759 1371 2827 sanguine
1406 2758 1613 2829 potitus
1651 2767 1766 2827 est,
1802 2758 2046 2827 cujusvis

470 2869 638 2906 sexus
659 2863 712 2905 et
737 2852 914 2907 aetatis
962 2850 1276 2905 hominibus
1309 2850 1365 2904 in
1408 2852 1726 2906 servitutem
1761 2851 1996 2906 redactis
2020 2894 2035 2918 ,

470 2959 616 3005 anno
654 2942 758 2999 932
806 2943 939 2997 Chr.
988 2941 1196 3011 (1526).
1249 2941 1380 2997 Post
1429 2954 1749 3012 ot-cupatam
1795 2942 2042 3009 Budam,

470 3050 722 3093 reversus
751 3044 835 3091 est
865 3032 1332 3105 Hadrianopolim,
1366 3043 1421 3090 et
1449 3036 1516 3088 ad
1552 3041 1770 3106 tempus
1820 3035 2042 3107 aliquod

467 3144 527 3184 se
554 3127 721 3196 quieti
752 3126 923 3180 dedit.

2156 653 2326 721 frigus
2360 653 2495 707 adeo
2526 654 2817 709 vehemens
2840 655 3047 718 incidit,
3079 666 3134 709 ut
3161 656 3209 709 ei
3238 656 3520 711 tolerando
3551 672 3728 726 neque

2156 746 2377 809 milites,
2416 762 2590 815 neque
2618 747 2863 815 iumenta
2890 746 3218 801 sufficerent.
3244 744 3477 817 Ideoque
3504 749 3734 803 destitu-

2156 845 2242 891 tus
2287 840 2433 890 omni
2476 852 2571 906 spe
2599 835 2807 892 Vienna
2832 838 3096 903 potiundi.
3127 837 3467 893 obsidionem
3523 839 3734 893 solvere

2153 940 2376 985 coactus
2418 930 2562 985 fuit:
2606 928 3202 997 etConstantinopolim
3247 945 3501 985 reversus
3532 931 3599 983 ad
3632 933 3733 985 ali-

2153 1017 2298 1087 quod
2331 1027 2543 1087 tempus
2579 1034 2607 1071 a
2643 1018 2798 1072 bellis
2824 1016 3104 1071 abstinuit.
3138 1016 3300 1072 Gesta
3337 1034 3465 1074 vero
3507 1019 3728 1074 fuerunt

2152 1110 2267 1163 haec
2300 1124 2443 1162 anno
2490 1108 2595 1163 935
2627 1109 2782 1181 (ειη.
2819 1108 3001 1180 1529).

2225 1203 2359 1255 Dum
2404 1202 2879 1270 Constantinopoli
2932 1203 3153 1271 quietus
3218 1202 3423 1268 haeret,
3485 1200 3729 1258 invitatis

2150 1311 2349 1365 magna
2375 1296 2720 1349 solemnitate
2744 1294 2919 1350 bassis
2948 1294 3205 1349 omnibus
3229 1304 3281 1348 et
3305 1296 3646 1365 proceribus,
3675 1305 3731 1349 et

2152 1398 2461 1442 exterarum
2516 1386 2825 1457 principum
2896 1386 3127 1456 legatis,
3204 1387 3459 1455 omnique
3526 1401 3723 1456 genere

2152 1480 2586 1549 spectaculorum
2619 1479 2672 1534 in
2697 1476 3025 1533 Atmindane
3061 1477 3527 1547 Constantinopoli
3571 1479 3731 1533 exhi-

2153 1575 2286 1640 bito,
2348 1574 2484 1628 tilios
2512 1590 2677 1638 suos,
2727 1572 3003 1626 sultanum
3069 1569 3394 1640 Mustapha,
3441 1571 3722 1623 sultanum

2151 1664 2541 1718 Muchemctem
2570 1705 2584 1728 ,
2628 1674 2682 1719 et
2729 1663 3006 1718 sultanum
3067 1660 3325 1715 Solimetn
3401 1659 3724 1715 circumcidi

2152 1755 2405 1819 curavit,
2440 1768 2586 1809 anno
2618 1754 2723 1810 938
2755 1752 2907 1823 (Chr.
2943 1751 3127 1822 1552).

2223 1842 2423 1899 Eodem
2475 1861 2618 1899 anno
2676 1845 2880 1900 mensis
2937 1843 3261 1899 Remasanis
3317 1844 3407 1899 die
3463 1842 3723 1897 vicesimo

2150 1944 2365 2002 octavo,
2392 1935 2861 2008 Constantinopoli
2893 1935 3182 2001 discessit,
3233 1935 3474 2004 Hispano
3521 1932 3723 1987 bellum

2151 2027 2423 2081 illaturus.
2478 2027 2723 2096 Cumque
2799 2027 3142 2097 pervenisset
3220 2026 3274 2080 in
3341 2024 3725 2087 Alamaniam,

2148 2118 2378 2173 duorum
2412 2118 2677 2173 mensium
2711 2120 2887 2188 spatio
2929 2119 3117 2188 copias
3153 2117 3283 2171 hinc
3328 2116 3449 2171 inde
3484 2117 3727 2170 circum-

2148 2213 2337 2279 duxit,
2370 2211 2511 2267 ferro
2539 2220 2591 2266 et
2626 2210 2734 2283 igni
2763 2219 2956 2271 cuncta
2987 2221 3206 2267 vastans
3235 2218 3397 2276 atque
3429 2207 3712 2277 diripiens.

2147 2307 2345 2362 Nullus
2390 2322 2421 2362 a
2464 2304 2787 2360 Christianis
2833 2303 3116 2374 oppositus
3158 2302 3209 2357 ei
3255 2301 3357 2356 fuit
3405 2300 3719 2363 exercitus,

2149 2415 2420 2470 nusquam
2453 2414 2641 2454 eorum
2674 2405 2980 2468 conspecta:
3010 2396 3181 2460 acies,
3219 2394 3288 2449 ab
3318 2404 3553 2462 utroque
3579 2391 3724 2445 dun-

2150 2500 2298 2546 taxat
2323 2490 2492 2545 latere
2520 2488 2849 2545 Soleimanis
2879 2488 3095 2558 agmina
3127 2486 3455 2555 carpebant,
3487 2499 3551 2537 ac
3580 2481 3724 2535 mul-

2149 2590 2234 2637 tos
2293 2582 2624 2651 interceptos
2678 2582 2760 2635 vel
2816 2579 3180 2641 occidebant,
3245 2576 3327 2632 vel
3378 2573 3724 2630 abducebaut

2146 2669 2409 2738 captivos.
2440 2669 2583 2723 Misit
2611 2678 2791 2723 autem
2818 2668 3066 2724 sultanus
3096 2665 3458 2728 Soleimanes,
3491 2662 3718 2717 ductore

2145 2760 2354 2816 Casane
2390 2761 2647 2825 Vaivoda,
2672 2764 2763 2833 qui
2803 2761 3084 2818 Michaelis
3135 2758 3257 2831 begi
3292 2758 3436 2812 filius
3467 2763 3618 2818 erat,
3666 2764 3724 2809 et

2151 2852 2409 2920 Vaivoda,
2437 2854 2723 2909 duodecim
2756 2854 2920 2908 millia
2957 2854 3211 2915 militum,
3241 2851 3512 2922 adjuuetis
3539 2849 3716 2903 eidem

2145 2944 2439 3010 Acanziis,
2495 2945 2591 3017 qui
2644 2935 2893 3017 regiones
2944 2945 3063 3000 illas
3094 2943 3323 2999 ulterius
3343 2939 3609 2996 incendiis
3665 2948 3721 2993 et

2146 3039 2351 3108 rapinis
2409 3038 2909 3108 depopularentur,
2973 3049 3134 3106 atque
3192 3035 3394 3091 incolas
3464 3032 3717 3089 servituti

2148 3134 2494 3202 mancipatus
2514 3131 2811 3202 abigerent.
2836 3128 2990 3197 Quod
3015 3144 3138 3184 cum
3158 3128 3235 3182 illi
3258 3129 3519 3192 facerent,
3537 3127 3718 3197 opima

537 3215 668 3271 Erat
720 3226 848 3270 tunc
909 3213 1128 3284 quidam
1182 3215 1236 3269 in
1284 3215 1563 3328 fuatolia‘:
1625 3216 1721 3286 qui
1776 3215 2044 3328 rCalendel'
2070 3269 2111 3328 ο
2149 3223 2304 3292 potiti
2340 3224 2491 3279 fuere
2523 3223 2724 3293 praeda.
2771 3222 2971 3277 Verum
3000 3221 3057 3275 in
3086 3220 3265 3276 reditu
3312 3218 3450 3273 forte
3497 3217 3718 3273 fortuna

464 3309 679 3375 Zelebis
728 3309 1139 3380 appellabatur,
1188 3322 1257 3363 ex
1287 3307 1491 3363 familia
1525 3307 1724 3365 Chazis
1773 3307 2039 3369 Bectasis.

467 3400 665 3460 Colunt
692 3410 873 3456 autem
906 3399 1069 3457 Turci
1098 3399 1322 3457 Chazim
1364 3399 1671 3465 Bectasem,
1718 3416 1818 3456 ceu
1846 3401 2032 3477 divum

472 3494 966 3564 quemdam,atque
990 3494 1152 3549 etiam
1190 3496 1466 3551 invocant.
1492 3493 1590 3548 llic
1623 3507 1752 3564 ergo
1773 3492 2040 3547 Calender

472 3583 685 3648 Zelebis
740 3587 1001 3642 seditione
1063 3596 1244 3650 mota,
1301 3600 1424 3640 cum
1488 3601 1594 3639 non
1653 3600 1851 3656 magno
1908 3581 2039 3639 Der-

474 3678 735 3733 visiorum
772 3694 1019 3746 numero,
1056 3677 1351 3749 Sangiacos
1385 3678 1595 3748 aliquot
1628 3677 1801 3742 fudit,
1835 3686 1888 3732 et
1918 3677 2039 3731 uoi-

466 3788 678 3827 versam
713 3770 1024 3827 Anatoliam
1054 3772 1119 3827 ad
1152 3787 1311 3830 arma
1341 3771 1657 3827 concitavit.
1691 3770 2032 3825 Soleimaues

460 3874 687 3934 accepto
718 3874 899 3919 motus
927 3863 1155 3933 hujusce
1188 3865 1404 3925 nuntio,
1433 3863 1760 3917 lbrahimem
1794 3864 2034 3926 hassam,

460 3954 656 4025 insigni
702 3971 824 4011 cum
871 3957 1137 4022 exercitu,
1185 3955 1355 4018 misit,
1410 3954 1490 4009 uti
1536 3954 1886 4010 Calenderem
1932 3952 2036 4009 Ze-

459 4046 621 4105 lebim
684 4047 828 4102 bello
883 4063 1218 4117 aggressus,
1291 4047 1347 4101 iu
1432 4048 1679 4102 ordinem
1732 4046 2026 4115 redigeret.

460 4138 760 4195 lbrahimes
794 4140 1151 4203 Calenderem
1180 4154 1302 4194 cum
1333 4139 1507 4208 cepiis
1536 4146 1844 4201 assecutus,
1896 4153 2032 4208 pra:-

457 4231 589 4288 lium
622 4232 902 4302 iniittquo
923 4231 1239 4291 dimicatum
1261 4232 1328 4289 ab
1353 4239 1584 4300 utraque
1611 4239 1766 4302 parte
1792 4230 2029 4295 fortiter,

455 4338 521 4380 co
574 4333 752 4379 tamen
815 4334 1060 4389 eventu,
1108 4323 1377 4381 Calender
1430 4335 1490 4379 ut
1568 4323 1688 4395 ipse
1743 4339 1844 4381 sua
1906 4338 2031 4378 cum

461 4417 697 4473 factione
731 4418 906 4472 victus
934 4418 1304 4473 occumberet.

523 4507 854 4577 Compositis
900 4508 1166 4564 Anatoliae
1217 4507 1429 4570 turbis,
1482 4508 1550 4563 ad
1605 4506 1765 4562 aliam
1823 4521 1883 4561 se
1934 4505 2035 4561 So-

2146 3321 2200 3374 in
2232 3319 2667 3377 Christianorum
2699 3317 2939 3375 incidere
2962 3316 3176 3387 copias,
3206 3329 3329 3369 cum
3358 3313 3558 3385 quibus
3588 3311 3718 3369 licet

2147 3411 2414 3467 acerrime
2439 3410 2763 3465 dimicarent
2791 3450 2807 3475 ,
2828 3424 2891 3463 ac
2923 3407 3137 3463 fortiter
3166 3405 3310 3461 hosti
3353 3405 3672 3460 resisterent
3696 3446 3714 3471 ,

2146 3503 2359 3556 tandem
2380 3500 2642 3557 tamenfad
2661 3501 3107 3564 internecionem,
3131 3497 3298 3570 344
3313 3497 3506 3567 majori
3525 3496 3716 3551 saltem

2142 3610 2206 3649 ex
2238 3603 2411 3664 parte,
2447 3608 2569 3649 cum
2601 3592 2721 3661 ipso
2747 3591 2958 3644 Casane
3024 3588 3282 3656 Vaivoda,
3310 3592 3433 3644 cassi
3462 3589 3719 3658 captique

2144 3688 2383 3742 fuerunt.
2416 3687 2480 3742 Et
2514 3690 2733 3758 quando
2757 3688 2868 3757 jam
2903 3690 3078 3742 luems
3137 3684 3464 3756 appetebat,
3509 3690 3720 3735 mutato

2145 3780 2486 3836 Soleimanes
2523 3780 2754 3846 itinere,
2808 3779 3338 3848 Constantinopolim
3390 3775 3572 3832 rediit:
3619 3773 3717 3835 ubi

2139 3888 2263 3929 cum
2297 3872 2361 3926 ad
2395 3882 2606 3941 tempus
2639 3872 2859 3940 aliquod
2896 3874 3222 3939 quiesceret,
3257 3870 3477 3922 sultano
3507 3867 3712 3922 Masta-

2139 3963 2259 4033 pba:
2284 3961 2393 4016 tilio
2417 3961 2710 4015 Manissam
2756 3961 3025 4026 attrilmit,
3052 3974 3194 4014 anno
3218 3958 3322 4014 958
3347 3956 3496 4029 (Chr.
3528 3954 3711 4025 1552).

2210 4053 2422 4109 Interea
2451 4069 2580 4110 vero
2626 4055 2756 4108 dum
2794 4052 3216 4122 aberatperegre
3248 4051 3495 4106 sultauus
3525 4048 3700 4103 Solei-

2140 4163 2349 4214 manes,
2379 4149 2433 4201 in
2463 4147 2744 4202 Alamania
2800 4147 2999 4203 bellum
3038 4159 3254 4217 gerens,
3284 4158 3575 4215 supremus
3618 4140 3711 4195 lli-

2137 4239 2293 4309 spani
2316 4239 2509 4295 classis
2537 4236 2844 4307 praefectus,
2870 4237 3115 4291 Andreas
3142 4236 3325 4296 Doria.
3348 4248 3473 4288 cum
3505 4229 3711 4302 Megan

2138 4328 2411 4394 Mastore,
2457 4329 2551 4399 qui
2584 4328 2962 4398 superioribus
2994 4328 3158 4382 annis
3200 4326 3393 4381 Rhodo
3426 4335 3667 4379 cesserat
3696 4364 3712 4385 ,

2138 4421 2439 4491 corrogatis
2462 4430 2785 4476 czeterorum
2816 4436 3033 4489 quoque
3062 4420 3367 4491 principum
3401 4417 3710 4470 ltalicorum

2143 4510 2384 4578 auxiliis,
2418 4526 2670 4581 magnam
2706 4511 2843 4566 mari
2873 4512 3107 4566 classem
3145 4509 3329 4563 eduxit
3353 4548 3368 4572 ,
3399 4523 3504 4576 qua
3541 4520 3712 4561 naves

450 4601 716 4665 leimanes
765 4603 1165 4672 espeditionem
1208 4602 1451 4673 paravit,
1510 4600 1798 4673 Ungariam
1840 4616 2031 4657 rursus
2062 4621 2107 4676 ο
2136 4603 2534 4674 quinquaginta
2584 4602 2844 4673 majores.
2903 4611 2958 4656 et
3009 4599 3400 4670 quinquaginta
3458 4597 3712 4651 triremes

451 4694 768 4749 invasurus:
804 4695 1034 4764 ideoque
1064 4695 1290 4749 militem
1314 4735 1328 4759 ,
1369 4694 1661 4764 publicatis
1696 4694 1921 4760 edictis,
1955 4694 2022 4748 ad

449 4784 640 4847 Albam
690 4783 936 4839 Gratcam
980 4784 1275 4839 convenire
1311 4784 1508 4854 jussit,
1557 4800 1666 4848 quo
1713 4783 1931 4854 quidem
1976 4793 2032 4839 et

449 4873 566 4943 ipse
597 4890 656 4931 se
694 4877 945 4931 contulit.
987 4874 1190 4931 Budam
1235 4876 1358 4930 inde
1394 4883 1766 4946 perrecturus.
1830 4873 1943 4930 lloc
1974 4874 2026 4929 in

449 4969 646 5023 itinere
671 4969 801 5023 dum
837 4979 1003 5043 esset,
1036 4968 1233 5024 Erdelii
1268 4968 1450 5023 Banus
1478 4969 1542 5024 ad
1575 4984 1696 5024 cum
1728 4967 1896 5034 venit,
1928 4966 2030 5022 de-

449 5059 682 5130 latisque
705 5064 820 5118 suis
862 5063 1136 5133 obsequiis
1157 5106 1170 5128 ,
1204 5062 1531 5119 Soleimanis
1557 5063 1787 5130 imperio
1815 5076 1874 5117 se
1902 5061 2031 5117 sub-

450 5154 619 5218 misit,
653 5170 777 5209 cuut
812 5165 866 5210 et
899 5170 1127 5210 munera
1159 5172 1342 5212 secum
1376 5156 1541 5212 ferret
1573 5157 1937 5226 amplissima,
1977 5166 2031 5211 et

448 5262 667 5305 manum
700 5250 820 5320 ejus
850 5250 1290 5307 exoscularetur.
1341 5249 1473 5316 Qua:
1504 5250 1726 5320 quidem
1774 5264 1861 5303 res
1891 5248 2029 5304 adeo

446 5350 600 5411 grata
654 5340 950 5403 Soleimani
1007 5342 1241 5405 accidit,
1300 5350 1360 5396 ut
1410 5356 1532 5396 eum
1596 5356 1716 5396 mox
1781 5339 2029 5410 Ungariae

446 5436 915 5500 regem’crearet.
971 5432 1288 5490 Secundum
1340 5434 1433 5488 illa
1481 5433 1687 5488 Budant
1742 5433 2027 5502 profectus

444 5537 564 5595 est,
617 5542 727 5597 qua
777 5538 1080 5598 occupata,
1127 5525 1392 5581 Viennam
1446 5525 1747 5580 contendit.
1798 5523 1873 5576 Eo
1902 5538 2024 5577 cum

445 5621 808 5689 pervenisset,
841 5621 1099 5677 Germani
1126 5662 1142 5687 ,
1189 5621 1281 5690 qui
1345 5636 1405 5675 se
1464 5620 1605 5673 intra
1638 5621 1838 5672 mteuia
1870 5626 2022 5672 tene-

446 5715 595 5781 bant,
621 5715 815 5769 urbem
855 5716 1277 5769 communiere:
1324 5729 1488 5782 quam
1527 5711 1788 5766 Sullanus
1861 5710 2028 5766 Sol’ei-

447 5821 636 5862 manes
665 5805 957 5861 tormentis
982 5804 1193 5862 bellicis
1217 5806 1281 5860 ad
1312 5806 1499 5876 viginti
1526 5804 1643 5860 dies
1672 5803 2024 5874 oppugnavit,

448 5898 586 5965 actis
620 5898 783 5957 etiam
814 5898 1002 5957 subter
1029 5912 1216 5955 muros
1257 5895 1525 5954 cuniculis
1546 5936 1561 5964 ,
1607 5895 1779 5953 donec
1819 5909 2007 5951 eorum

2134 4694 2576 4749 continebantur.
2609 4690 2676 4746 Et
2707 4700 2860 4748 erant
2893 4692 2945 4744 itt
2979 4692 3064 4745 his
3090 4690 3324 4743 militum
3351 4688 3414 4741 ad
3441 4687 3710 4756 quinqua-

2132 4787 2279 4857 ginta
2309 4786 2500 4839 millia.
2532 4784 2654 4851 Quo
2684 4800 2806 4840 cum
2859 4785 3098 4838 exercitu
3146 4780 3380 4835 Moream
3431 4778 3712 4848 inopinato

2135 4878 2311 4933 adorti
2345 4878 2521 4948 primo
2565 4877 2838 4933 Coronam
2883 4874 3070 4929 urbem
3121 4887 3250 4927 cum
3300 4887 3448 4936 arce,
3508 4869 3711 4924 deinde

2134 4969 2371 5024 insulam
2406 4970 2559 5034 Balu,
2589 4981 2641 5025 et
2668 4969 2901 5023 Badram
2937 4966 3195 5037 oppidum
3218 5008 3236 5034 ,
3277 4982 3398 5020 cum
3432 4962 3551 5018 aliis
3582 4962 3706 5034 qui.

2136 5061 2365 5115 busdam
2398 5060 2633 5115 castellis
2663 5067 2971 5129 ceperunt:
3007 5066 3061 5112 et
3117 5058 3378 5111 immissis
3431 5056 3482 5109 in
3533 5056 3707 5124 ipsam

2134 5150 2410 5220 regionem
2442 5151 2785 5222 pedestribus
2816 5148 3274 5217 equestribusque
3325 5145 3500 5217 copiis
3522 5186 3538 5211 ,
3576 5145 3701 5198 uni-

2134 5259 2348 5300 versam
2379 5242 2687 5313 depopulati
2718 5251 2868 5306 sunt,
2921 5241 3121 5312 ingenti
3175 5240 3428 5304 marium,
3481 5236 3712 5292 femina-

2139 5352 2282 5399 rum,
2315 5350 2718 5407 puerorumque
2749 5334 3098 5390 multitudine
3123 5347 3306 5389 secum
3334 5330 3388 5385 iu
3420 5329 3709 5400 captivita-

2136 5440 2245 5483 tem
2276 5432 2532 5484 abducta.

2206 5520 2594 5591 Superioribus
2630 5519 2790 5574 annis
2825 5517 3045 5588 quidam
3090 5528 3251 5573 natus
3294 5517 3345 5569 in
3379 5516 3555 5569 insula
3606 5513 3705 5567 Mi—

2134 5617 2332 5685 tylene,
2387 5613 2473 5666 cui
2534 5626 2730 5666 nomen
2761 5609 3140 5675 Chairadines,
3182 5611 3464 5680 insigniter
3503 5609 3709 5663 navalis

2132 5708 2337 5760 militia:
2391 5704 2599 5773 peritus
2665 5709 2960 5757 evaserat:
2998 5716 3062 5756 ac
3112 5702 3394 5771 plratiram
3441 5688 3708 5755 exercens

2134 5795 2407 5853 multoties
2460 5794 2597 5846 mari
2646 5807 2770 5848 cum
2824 5792 3149 5850 Christianis
3202 5791 3540 5846 conflixerat.
3602 5786 3704 5843 Ubi

2128 5890 2241 5961 jam
2265 5901 2378 5941 rem
2401 5883 2646 5952 fecisset,
2676 5899 2840 5943 naves
2862 5884 3066 5956 aliquot
3097 5882 3387 5950 instruxit;
3423 5881 3699 5937 adiuncto-
