4126 6446
458 349 566 413 O39

1727 349 2082 410 ANNALES
2116 347 2449 408 TURCICI.

3605 337 3724 400 ΜΟ

460 482 567 531 quo
612 465 711 517 sibi
761 464 1009 516 sodalitio
1041 462 1402 531 quorumdam
1455 463 1799 532 egrcgiorum
1848 465 2020 518 homi-
2056 470 2100 526 Α
2131 464 2320 534 begus,
2366 462 2561 514 bclhtm
2598 459 2771 513 intulit
2810 473 3024 526 :eoque
3057 459 3396 524 interempto,
3448 453 3712 508 ditionem

460 572 612 619 num,
647 563 700 609 et
731 554 965 608 neminis
989 555 1330 608 addictorum
1373 555 1602 623 imperio
1629 596 1642 618 ,
1677 571 1798 609 cum
1839 555 2033 609 iisdem

461 649 517 702 in
545 647 858 701 Barbariam
893 646 1190 716 profectus,
1222 647 1409 701 urbem
1435 647 1708 702 Cesairem
1733 647 2034 715 occupavit,

459 755 522 794 ac
553 740 653 792 sibi
693 739 940 793 retinuit.

533 829 650 895 Qua
679 831 898 898 quidem
933 845 989 883 re
1019 828 1248 882 feliciter
1279 827 1525 883 confecta
1551 871 1564 893 ,
1599 844 1691 896 per
1727 830 2034 883 universam

461 922 667 974 Italiam
702 937 893 973 nomen
927 922 1097 988 ipsius
1131 922 1388 974 inclaruit
1413 937 1428 977 :
1456 921 1796 990 inditnmque
1840 921 1940 976 fuit
1986 922 2036 976 ei

459 1029 759 1082 cognomen
785 1013 854 1066 ab
883 1012 1048 1076 ltalis,
1085 1014 1164 1068 uti
1190 1014 1348 1080 vulgo
1379 1012 1706 1067 Barbarossa
1740 1014 2035 1067 diceretur.

459 1103 601 1157 Idem
637 1107 928 1170 quotannis
955 1106 1171 1158 sultano
1201 1105 1390 1159 Selitui
1413 1113 1466 1159 et
1487 1105 1776 1158 Soleimani
1812 1120 2037 1159 uulnera

459 1197 703 1264 quaedam
743 1197 1072 1254 missitabat.
1125 1198 1368 1264 Quorum
1423 1197 1599 1262 alter,
1656 1198 2035 1265 Soleimanes,

459 1287 557 1339 viri
595 1289 834 1350 virtute,
895 1305 1186 1358 rerumque
1236 1299 1512 1360 gestarum
1572 1289 1714 1344 fama
1771 1292 2031 1359 cognita,

459 1380 642 1434 missis
672 1381 880 1452 legatis,
906 1382 1155 1436 invitavit
1175 1381 1448 1437 hominem
1488 1384 1562 1437 uti
1595 1383 1661 1437 ad
1695 1399 1754 1438 se
1803 1383 2034 1437 veniret.

460 1469 821 1525 Chairadines
847 1472 1044 1526 idoneo
1073 1471 1278 1528 Cesairi
1312 1473 1564 1544 praesidio
1593 1473 1870 1540 imposito,
1895 1483 2036 1528 stre-

464 1575 814 1629 nuorumqne
847 1563 1091 1616 virorum
1121 1601 1136 1622 ,
1185 1571 1239 1616 et
1277 1563 1376 1617 sibi
1415 1563 1876 1618 amicissimorum
1911 1561 2035 1616 fidei

462 1651 681 1705 civitate
709 1651 943 1718 credita,
977 1654 1228 1710 triremes
1261 1655 1470 1724 aliquot
1499 1657 1670 1710 milite
1718 1654 2030 1721 complevit.

458 1754 514 1796 et
537 1743 1068 1813 Constantinopolim
1103 1745 1375 1814 profectus
1412 1756 1516 1802 est.
1542 1746 1620 1802 Eo
1638 1763 1760 1802 cum
1789 1747 2032 1816 appulis-

2141 554 2314 622 ipsius
2337 554 2388 604 iu
2409 559 2731 621 potestatem
2753 549 2977 620 redegit.
3004 549 3074 602 Ea
3098 563 3154 601 re
3177 547 3392 602 sultano
3410 545 3710 599 Soleimani

2139 645 2414 706 nuntiata,
2444 657 2756 713 supremum
2785 642 3015 695 vezirem
3042 655 3222 704 suum,
3257 637 3555 690 lbahimem
3584 637 3716 690 bas—

2139 753 2277 804 sam,
2301 737 2391 806 qui
2414 736 2555 806 apud
2580 735 2858 791 sultanum
2885 748 3112 789 summa-
3139 730 3480 786 auctoritatis
3508 739 3624 783 erat
3653 738 3712 782 et

2139 829 2426 898 potentiw,
2462 841 2628 896 supra
2659 825 2848 880 bassas
2881 839 2945 878 ac
2979 825 3187 878 vezires
3229 839 3420 878 omnes
3455 832 3712 883 evectus,

2139 922 2301 990 idque
2328 935 2522 973 nomen
2553 919 2621 972 ab
2641 924 2706 974 eo
2727 924 3076 981 consecutus,
3120 925 3175 968 ut
3202 913 3302 968 Ser
3329 913 3492 968 Aliter
3512 912 3718 966 sultani

2143 1012 2533 1074 nominaretur,
2567 1007 3037 1075 Constantimpoli
3089 1005 3353 1070 ablegavit
3387 1005 3438 1057 in
3502 1007 3719 1056 Anato-

2137 1103 2286 1167 liam,
2315 1114 2368 1157 et
2391 1101 2672 1154 Romaniae
2697 1099 3069 1167 Anatoliarque
3091 1097 3264 1166 copiis
3296 1093 3556 1165 prafecit:
3586 1110 3721 1147 crint

2139 1195 2335 1264 quibus
2370 1194 2459 1248 ille
2489 1193 2788 1258 Chalepum
2822 1191 2972 1251 adiit.
3011 1201 3065 1244 et
3093 1191 3217 1244 inde
3257 1188 3710 1243 Carachemidam

2139 1286 2396 1355 perrexit.
2433 1283 2549 1338 Huc
2581 1283 2667 1338 ubi
2697 1282 2953 1346 venisset,
2983 1281 3233 1337 Ulumam
3268 1282 3461 1349 begum
3504 1280 3715 1348 praemi-

2141 1381 2214 1430 sit
2247 1376 2302 1429 in
2331 1375 2607 1430 Parthiam
2633 1415 2648 1438 ,
2683 1373 2775 1444 qui
2811 1373 2919 1428 dux
2954 1372 3165 1426 itineris
3196 1381 3364 1426 esset:
3400 1380 3563 1438 atque
3595 1370 3711 1438 ipse

2139 1467 2390 1534 vestigiis
2423 1467 2571 1521 illius
2627 1466 2922 1529 inharens,
2953 1480 2983 1518 a
3018 1473 3165 1534 tergo
3187 1471 3409 1518 secutus
3435 1471 3538 1528 est,
3569 1475 3714 1514 anno

2137 1557 2233 1612 9n
2267 1557 2418 1626 (Chr.
2449 1557 2634 1626 1555).

2213 1648 2327 1702 Hoc
2360 1649 2523 1703 modo
2554 1648 2870 1702 continuata
2900 1645 3260 1717 profectione,
3301 1644 3521 1698 nemine
3572 1644 3715 1698 resio

2139 1748 2338 1804 stente,
2400 1738 2707 1795 Tebrisium
2766 1739 2842 1794 illi
2886 1747 3270 1809 pervenerunt.
3335 1737 3535 1791 Aberat
3567 1735 3712 1790 enim

461 1843 544 1888 set
572 1873 587 1896 .
651 1851 870 1889 mamun
908 1851 1008 1905 pro
1037 1851 1188 1890 more
1235 1839 1452 1894 sultano
1482 1837 1779 1893 Soleimani
1811 1838 2028 1893 oscula-
2062 1823 2104 1878 Β
2135 1829 2344 1885 Scadus
2375 1831 2424 1885 id
2485 1831 2744 1900 temporis
2805 1829 2875 1884 ab
2923 1829 3013 1884 illa
3043 1829 3347 1899 provincia,
3400 1828 3597 1882 bellum
3659 1829 3712 1880 in

461 1934 550 1981 tus
606 1934 708 1978 est.
773 1923 993 1994 Excepit
1036 1926 1310 1982 hominem
1373 1929 1624 1983 sultanus
1681 1943 1814 1984 sane
1870 1944 2030 1996 quam

461 2017 758 2074 honorifice
786 2059 800 2082 ,
849 2021 1256 2089 constitutoque
1301 2020 1504 2076 salario
1543 2021 1875 2092 quadragies
1905 2035 2035 2076 cen-

459 2121 573 2164 tum
607 2111 833 2164 millium
861 2125 1144 2180 asprorum
1175 2126 1386 2174 annuo,
1441 2111 1829 2182 Beglerbegum
1868 2113 2038 2166 maris

461 2219 772 2271 supremum
812 2205 1033 2269 creavit,
1065 2214 1116 2258 et
1148 2203 1215 2258 ad
1241 2205 1433 2259 veziris
1455 2207 1774 2276 dignitatem
1815 2207 2035 2266 evexit;

461 2297 604 2351 unde
636 2312 832 2351 nomen
861 2298 910 2350 ei
939 2295 1148 2363 datum,
1173 2307 1231 2352 ut
1261 2297 1614 2352 Chairadines
1647 2298 2034 2367 appellaretur.

465 2387 672 2443 Nactus
703 2403 831 2454 ergo
864 2389 1021 2458 plena
1055 2405 1180 2442 cum
1217 2397 1484 2458 potestate
1519 2389 1687 2443 maris
1723 2389 2037 2460 imperium,

459 2490 672 2534 centum
709 2480 959 2534 triremes
995 2479 1046 2532 in
1081 2496 1230 2535 mare
1261 2479 1455 2534 deduci
1493 2489 1544 2534 et
1577 2479 1796 2540 instrui.
1835 2479 2040 2532 milite-

459 2588 563 2641 que
613 2572 872 2638 compleri
901 2571 1089 2642 jussit.
1121 2582 1176 2628 et
1207 2589 1329 2628 cum
1363 2574 1432 2628 iis
1459 2573 1695 2628 Moream
1731 2573 1884 2627 adiit.
1915 2570 2033 2637 Qua

459 2680 518 2717 re
563 2663 891 2720 Christianis
919 2666 1188 2733 nuntiata,
1216 2682 1337 2722 mox
1368 2666 1443 2720 illi
1475 2665 1832 2737 regionemjet
1859 2680 2039 2729 arces,

459 2769 598 2823 quas
639 2767 1065 2824 occupaverant,
1100 2756 1345 2812 desertas
1372 2757 1660 2828 reliquere,
1691 2755 2042 2810 conscensis-

459 2861 566 2913 que
600 2845 830 2900 navibus
862 2846 998 2912 suis,
1026 2845 1153 2901 inde
1177 2849 1568 2904 discesserunt.
1600 2850 1646 2901 A
1699 2848 2042 2903 Christiano-

466 2951 581 2989 rum
617 2936 791 3002 abitu,
830 2938 1058 2993 trecenti
1093 2937 1369 3005 Genizari,
1408 2940 1686 3010 Azapiqne
1718 2941 1943 2995 totidem
1979 2941 2035 2995 in

459 3045 520 3081 ea
555 3027 704 3083 fuere
735 3028 852 3083 loca
897 3030 1086 3097 missi,
1123 3032 1214 3100 qui
1251 3041 1305 3086 et
1338 3031 1589 3097 Coronae,
1618 3042 1670 3086 et
1699 3030 1911 3101 oppidis
1937 3045 2043 3087 cae-

467 3121 598 3174 teris
633 3121 886 3189 prmsidio
923 3131 1127 3176 essent.
1157 3123 1288 3177 lude
1321 3121 1684 3178 Chairadines
1717 3121 1880 3178 bassa
1912 3137 2038 3178 cum

464 3209 654 3263 eadem
685 3211 860 3264 classe
891 3209 944 3262 iu
979 3210 1298 3265 Barbariam
1339 3212 1638 3282 profectus,
1673 3214 1861 3268 urbem
1897 3214 2040 3269 cele-

468 3301 614 3353 brcm
649 3297 991 3365 Tunisinam,
1020 3317 1141 3372 qua
1167 3318 1194 3356 a
1237 3302 1439 3358 Mauris
1474 3303 1749 3368 incolitur,
1791 3319 2036 3375 occupa-

467 3401 572 3446 tam
605 3409 706 3447 suo
761 3393 993 3462 subjecit
1036 3395 1287 3463 imperio,
1322 3410 1466 3450 anno
1496 3395 1598 3452 940
1627 3396 1778 3466 (Chr.
1813 3395 1991 3466 1554).

538 3486 734 3538 Eodem
757 3487 858 3540 hoc
873 3494 1115 3556 tempore
1128 3497 1296 3557 captae
1318 3504 1344 3540 a
1365 3486 1692 3543 Cbairadine
1708 3491 1866 3544 bassa
1881 3488 2048 3543 Tuni-

463 3579 562 3644 sis,
576 3576 796 3648 quidam
815 3594 844 3633 e
863 3589 1094 3632 numero
1111 3579 1486 3635 Parthicorum
1510 3595 1794 3650 procerum
1817 3579 2048 3636 Ulumas

464 3666 656 3737 begus,
688 3679 716 3721 a
758 3671 958 3723 scacbo
990 3665 1278 3724 Techmasi
1313 3669 1424 3724 tilio
1448 3671 1628 3725 scacbi
1655 3670 1910 3738 Ismailis,
1943 3672 2039 3727 de-

465 3757 628 3827 fecit“,
655 3759 781 3813 licet
803 3761 974 3828 ipsius
997 3759 1179 3815 scachi
1203 3775 1444 3815 sororem
1472 3761 1692 3816 haberet
1738 3763 2044 3833 conjugem.

466 3853 646 3920 itaque
686 3847 948 3922 profugus
977 3865 1010 3906 θ
1043 3850 1282 3913 Parthia,
1302 3849 1824 3920 Constantinopolim
1867 3867 2049 3907 acces-

463 3943 533 3995 sit
560 3959 572 3996 :
601 3949 654 3994 et
679 3944 921 4011 praestito
960 3942 1321 4012 subjectionis
1363 3952 1708 3998 sacramento
1752 3944 2048 4000 Soleimani

463 4050 522 4088 se
569 4045 738 4090 totum
769 4036 998 4091 addixit.
1029 4035 1106 4091 De
1139 4037 1302 4107 hujus
1359 4035 1459 4091 viri
1522 4036 1752 4092 consilio
1797 4037 2046 4092 sultanus

465 4125 802 4183 Soleimanes
842 4126 1240 4196 expeditionem
1285 4127 1596 4185 Parthicam
1641 4131 1923 4199 suscipere
1948 4145 2044 4186 co-

469 4205 696 4286 gitabat,
718 4235 838 4274 eam
865 4227 1170 4297 praetexens
1189 4220 1316 4275 belli
1338 4235 1583 4284 causam,
1609 4223 1753 4292 quod
1775 4221 2044 4288 Scachus,

467 4311 583 4364 suis
623 4324 747 4364 cum
786 4308 1107 4379 proceribus
1147 4320 1201 4364 et
1239 4310 1472 4366 subditis
1497 4352 1513 4378 ,
1556 4312 1784 4366 minime
1839 4323 2042 4368 rectam

466 4401 740 4472 religionis
769 4400 1182 4470 amplecteretur
1209 4401 1556 4464 sententiam,
1593 4418 1692 4458 nec
1710 4403 1890 4458 debito
1915 4417 2046 4474 qua-

2139 1921 2456 1976 Chorasaue
2505 1931 2695 1976 contra
2737 1919 2936 1975 Kezien
2995 1922 3211 1976 bassam
3271 1936 3485 1990 gerens.
3543 1921 3634 1987 qui
3664 1920 3716 1973 ei

2137 2013 2504 2068 Chorasanem
2532 2015 2741 2082 eripere
2770 2014 3005 2068 volebat.
3033 2013 3167 2068 Cum
3191 2013 3410 2082 propius
3439 2011 3505 2066 ad
3527 2010 3718 2092 Tebri-

2139 2105 2278 2160 sium
2322 2105 2702 2168 accessissent,
2727 2107 2915 2160 urbem
2951 2107 3207 2160 invenere
3234 2105 3530 2162 desertam.
3557 2103 3717 2175 345

2137 2206 2192 2250 et
2223 2195 2619 2251 habitatoribus
2652 2211 2898 2251 vacuam.
2931 2195 3259 2251 lbrabimem
3299 2210 3428 2251 vero
3466 2198 3713 2267 praemis-

2139 2303 2258 2342 sum
2294 2291 2360 2342 ad
2392 2289 2794 2358 expeditionem
2829 2289 2988 2353 hanc,
3033 2303 3175 2342 anno
3207 2287 3307 2341 941
3344 2287 3498 2358 (Chr.
3533 2287 3716 2356 1555).

2141 2387 2364 2432 secutus
2391 2386 2473 2430 est
2516 2377 2743 2446 ipsemet
2785 2376 3140 2443 Soleimanes,
3192 2392 3317 2431 cum
3344 2379 3616 2446 genizaris
3669 2392 3720 2435 et

2140 2466 2261 2521 aliis
2309 2464 2483 2520 Porta:
2524 2467 2718 2534 copiis,
2770 2482 2832 2520 ea
2879 2467 3175 2533 celeritate,
3223 2476 3279 2521 ut
3323 2482 3434 2534 quo
3480 2478 3717 2538 tempore

2142 2556 2445 2612 Tebrisium
2504 2557 2804 2613 lbrabimes
2871 2559 3154 2628 ingressus
3187 2567 3307 2624 est,
3383 2558 3708 2615 Soleimanes

2144 2645 2523 2702 Carahemidre
2592 2649 2762 2716 portis
2829 2648 3159 2705 immineret.
3216 2649 3428 2707 Interea
3493 2653 3698 2707 scachus

2143 2743 2308 2796 etiam
2347 2741 2679 2795 Techmases
2719 2741 2944 2810 propius
3009 2742 3073 2797 ad
3107 2741 3416 2798 Tebrisium
3453 2760 3577 2798 suos
3603 2744 3698 2799 ad-

2147 2834 2410 2896 duxerat,
2452 2840 2513 2886 ut
2552 2832 2672 2886 istic
2710 2832 3033 2888 lbrabimem
3106 2835 3328 2890 bassam
3365 2839 3708 2908 opprimeret.

2151 2921 2452 2977 lbrabimes
2509 2923 2682 2978 hostis
2739 2927 3189 2996 conatmcognito
3231 2975 3245 2998 ,
3303 2928 3511 2997 absque
3573 2945 3719 2983 mora

2148 3015 2511 3071 Soleintanem
2544 3017 2834 3072 certiorem
2861 3018 3114 3078 reddidit:
3144 3023 3234 3090 qui
3264 3021 3558 3090 duplicatis
3587 3037 3723 3092 quo-

2153 3108 2704 3176 tidianisitineribus,
2743 3112 3030 3167 celerrime
3065 3113 3369 3169 Tebrisium
3423 3117 3714 3180 advolavit,

2149 3213 2203 3258 et
2222 3218 2347 3258 cum
2365 3203 2637 3260 lbrabime
2657 3221 2715 3260 se
2734 3206 3288 3279 conjunxit.Cumque
3308 3225 3402 3279 por
3418 3211 3727 3279 explorato-

2143 3311 2234 3352 res
2272 3295 2688 3364 intellexissent,
2729 3297 2930 3369 quibus
2954 3299 3005 3353 in
3043 3301 3176 3355 locis
3201 3301 3523 3357 Parthorum
3567 3317 3730 3357 exer-

2145 3389 2284 3445 citus
2314 3389 2554 3460 degeret,
2581 3403 2728 3449 recta
2751 3394 2807 3449 in
2828 3409 2921 3450 eos
2942 3396 3169 3452 duxere.
3192 3396 3331 3452 Tum
3358 3411 3486 3452 vero
3514 3397 3728 3465 Parthi,

2147 3484 2242 3554 qui
2268 3485 2336 3540 de
2377 3483 2701 3542 Soleimanis
2735 3487 2970 3541 adventu
3003 3502 3127 3542 cum
3163 3491 3430 3558 genizaris
3456 3505 3522 3545 ac
3553 3490 3734 3546 Porta

2149 3574 2412 3630 militibus
2445 3575 2657 3631 caeteris
2691 3585 3052 3645 acceperant,
3097 3591 3263 3647 seque
3306 3579 3398 3632 tali
3440 3579 3732 3634 machina-

2147 3681 2270 3722 rum
2300 3667 2620 3722 bellicarum
2655 3670 2958 3738 apparatui,
3007 3673 3284 3738 tantisque
3321 3671 3492 3740 copiis
3517 3686 3730 3741 nequa-

2148 3775 2313 3830 quam
2339 3760 2598 3816 resistere
2616 3775 2777 3830 posse
2799 3770 3106 3824 cernerent,
3128 3762 3434 3817 Sultaniam
3464 3763 3689 3834 profuge
3704 3794 3734 3806 -

2150 3857 2297 3903 runt.
2355 3845 2632 3904 Osmanici
2693 3849 2860 3904 nimia
2927 3859 3367 3915 tormentorum,
3431 3868 3665 3910 annona:
3702 3898 3721 3916 .

2150 3940 2537 4004 tentoriorum,
2571 3955 2850 4006 curruum,
2882 3951 2938 3996 et
2973 3944 3205 3998 aliarum
3243 3947 3424 4015 magni
3464 3947 3726 4018 ponderis

2150 4046 2330 4086 rerum
2367 4031 2523 4102 copia
2555 4034 2760 4101 gravati
2793 4073 2807 4099 ,
2845 4044 3114 4091 tormenta
3150 4053 3272 4092 cum
3310 4039 3727 4109 impedimentis

2148 4123 2359 4176 caeteris
2392 4131 2756 4180 trecentorum
2789 4127 3188 4196 genizarorum,
3216 4144 3278 4184 ac
3309 4133 3474 4187 trium
3511 4135 3730 4203 sangia-

2147 4228 2337 4268 corum
2387 4216 2640 4284 praesidio
2697 4220 2928 4286 munita,
2984 4223 3292 4279 Tebrisium
3370 4229 3727 4293 remiserunt,

2147 4313 2311 4374 atque
2368 4307 2470 4361 hoc
2526 4309 2687 4365 modo
2744 4309 2873 4366 facti
2935 4315 3340 4384 expeditiores,
3410 4317 3762 4387 Parthicum_

2147 4397 2374 4451 militem
2432 4401 2693 4456 acritera
2748 4413 2900 4474 tergo
2958 4411 3214 4478 persequi
3281 4424 3494 4478 cepere.
3583 4411 3731 4468 Tum

465 4505 588 4548 tuor
643 4492 971 4548 Mabumetis
1010 4495 1301 4563 praphctas
1361 4497 1564 4550 honore
1604 4506 2042 4565 prosequeretur.
2077 4514 2121 4569 ι)
2154 4505 2282 4542 νεΓο
2311 4489 2497 4560 fugere
2524 4491 2730 4561 Ρπιὴὶ,
2757 4496 3092 4568 fugientibus
3148 4501 3355 4558 instare
3419 4502 3728 4567 Osmanici:

467 4585 581 4640 Hac
613 4585 679 4640 de
711 4600 873 4640 causa
899 4585 1255 4653 dignissimos
1288 4589 1567 4652 censebat,
1605 4588 1805 4657 quibus
1842 4588 2040 4642 bellum

465 4679 778 4743 inferretur,
809 4679 902 4749 qui
961 4679 1363 4746 occiderentur,
1417 4682 1663 4750 adeoque
1696 4682 1913 4750 penitus
1951 4697 2044 4736 ex-

466 4770 845 4838 stirparentur.
875 4768 1061 4840 Itaque
1106 4769 1442 4827 Soleimaues
1493 4772 1597 4826 hoc
1622 4773 1765 4827 bello
1798 4773 2044 4838 decreto,

466 4860 848 4930 Sangiacatum
884 4860 1093 4917 Ulumae
1148 4863 1284 4935 bego
1345 4880 1509 4933 supra
1563 4867 1873 4931 nominato,
1936 4882 2042 4920 non

464 4955 652 5024 procul
710 4971 740 5009 a
787 4954 1198 5018 Carahemida,
1269 4959 1560 5012 concessit.
1627 4954 1853 5012 Ulumas
1913 4973 2045 5012 vero

466 5048 898 5117 Constatinopoli
964 5049 1294 5118 quibusdam
1359 5049 1646 5104 conductis
1705 5050 1921 5118 copiis,
1993 5049 2046 5103 in

467 5141 850 5211 Sangiacatum
885 5155 996 5196 sua:
1026 5141 1289 5197 creditura
1319 5143 1441 5198 fidei
1491 5157 1614 5198 cum
1640 5143 1721 5198 eis
1771 5141 2050 5213 profectus

465 5241 572 5288 est.
619 5230 782 5287 Missa
810 5247 1028 5304 quoque
1051 5232 1274 5289 fuerunt
1303 5235 1369 5289 ad
1400 5247 1630 5290 Caeteros
1654 5235 1801 5289 illius
1830 5237 2050 5305 provin-

464 5323 566 5376 ciae
594 5322 892 5394 Sangiacos
923 5337 953 5377 a
983 5326 1202 5379 sultano
1237 5322 1548 5379 Soleiuiane
1596 5325 1874 5380 mandata.
1926 5324 2046 5394 qui-

470 5416 572 5471 bus
599 5415 1020 5486 przcipiebatur
1048 5427 1106 5472 ut
1149 5416 1356 5473 Uluma:
1407 5419 1565 5486 bego,
1606 5419 1825 5486 quoties
1864 5417 1916 5471 in
1952 5418 2051 5472 ho-

469 5513 605 5556 stem
631 5505 974 5574 profecturus
995 5513 1161 5573 esset,
1190 5505 1643 5574 obsequerentur.
1677 5504 1901 5560 Ulumas
1923 5520 2052 5577 ergo

467 5596 747 5649 decretum
771 5597 875 5651 sibi
898 5595 1284 5668 Saugiacatum
1318 5597 1621 5666 ingressus,
1651 5597 1894 5654 collectis
1925 5599 2048 5669 ejus

467 5685 707 5755 regionis
763 5689 1086 5756 proceribus
1149 5688 1457 5759 Sangiacis,
1533 5689 1772 5760 ipsorum
1820 5690 2043 5760 adjutus

465 5779 712 5850 auxiliis,
754 5780 1105 5837 Curdistanio
1145 5767 1397 5851 principi,
1455 5782 1542 5838 cui
1589 5797 1784 5839 nomen
1830 5781 2046 5840 Sercfes

2150 4586 2322 4639 donec
2353 4585 2496 4640 haud
2527 4589 2714 4656 procul
2739 4589 2807 4643 ab
2835 4590 3034 4660 oppido
3061 4591 3376 4651 Hemedane
3406 4609 3734 4666 perventum

2149 4676 2363 4732 fuisset.
2391 4676 2463 4732 lbi
2492 4694 2615 4732 cum
2662 4680 2880 4749 pluviis,
2909 4693 2963 4737 et
2989 4690 3491 4756 annonaspenuria,
3518 4701 3730 4745 tantum

2150 4765 2322 4836 frigus
2347 4765 2669 4824 Osmanicos
2695 4774 3006 4841 oppressit,
3051 4783 3109 4829 ut
3141 4776 3363 4846 plurimi
3397 4787 3504 4833 tam
3534 4795 3740 4838 manus

2149 4873 2312 4927 quam
2347 4860 2510 4929 pedes
2548 4877 2577 4916 a
2614 4861 2814 4934 frigore
2851 4865 3008 4921 laesos
3049 4867 3384 4936 amitterent,
3447 4887 3512 4926 ac
3552 4872 3738 4927 incre—

2150 4951 2334 5007 dibilis
2366 4953 2650 5008 hominum
2681 4995 2697 5022 ,
2732 4956 3220 5033 jumentorumque
3258 4964 3552 5020 multitudo
3588 4966 3736 5022 fame

2152 5045 2419 5101 interiret.
2461 5047 2728 5103 Praeterea
2781 5051 3053 5120 contigit,
3120 5064 3180 5108 ut
3227 5055 3282 5109 in
3344 5058 3464 5127 ipso
3525 5070 3734 5115 conatu

2164 5142 2571 5196 transmittendl
2602 5144 2799 5208 amnis,
2831 5148 2926 5216 qui
2957 5146 3135 5205 Docus
3157 5148 3325 5205 Gezid
3351 5164 3598 5218 vocatur,
3637 5154 3742 5209 flu-

2153 5247 2275 5286 men
2309 5231 2442 5285 illud
2477 5233 2632 5302 aquis
2667 5233 2868 5303 pluviis
2911 5237 3204 5294 adauctum
3253 5241 3605 5299 vehementer
3655 5245 3743 5298 iu-

2155 5332 2509 5380 tumesceret.
2557 5325 2790 5396 Ideoque
2833 5328 2942 5383 dici
2991 5345 3100 5386 non
3153 5342 3360 5402 potest,
3417 5345 3551 5404 quot
3609 5335 3742 5391 istic

2155 5417 2422 5484 homines,
2443 5419 2709 5488 jumeuta,
2734 5435 2913 5475 rerum
2941 5422 3172 5478 aliarum
3199 5426 3429 5480 sarcime
3455 5427 3744 5496 perierint;

2157 5509 2402 5577 adeoque
2431 5509 2497 5563 de
2528 5525 2624 5563 sua
2663 5510 2892 5580 quilibet
2925 5515 3101 5569 salute
3138 5517 3483 5585 desperabat.
3508 5518 3746 5584 Quando

2159 5595 2323 5668 igitur
2375 5600 2650 5654 exercitus
2747 5601 3035 5659 Parthicus
3095 5621 3366 5676 nusquam
3425 5610 3742 5678 apparebat,

2161 5703 2263 5743 nec
2318 5690 2448 5745 sciri
2502 5701 2739 5761 poterat,
2801 5710 3039 5762 quonam
3090 5714 3149 5753 se
3205 5702 3502 5770 recepisset
3547 5719 3561 5768 ;
3600 5703 3745 5758 alia-

2157 5794 2260 5849 quc
2282 5780 2430 5834 nulla
2464 5784 2612 5851 regio
2637 5781 2906 5852 Bagadate
2937 5786 3292 5857 propinquior
3319 5801 3457 5857 erat,
3483 5807 3603 5863 qua:
3627 5793 3744 5848 ini-
