4126 6426
382 374 484 442 Gil

1673 371 2032 433 ANNALES
2066 370 2403 434 TURCICL

3561 378 3667 440 ΜΞ

383 534 486 575 nes
507 513 721 569 hiberni
750 509 992 581 frigoris,
1019 519 1071 564 et
1092 510 1212 580 plus
1231 507 1433 563 caloris
1456 507 1716 568 haberet:
1747 508 1798 560 in
1824 507 1967 562 hanc

2088 488 2510 558 :ommigrarent.
2585 486 2665 540 Ad
2729 503 3041 557 summam,
3095 489 3300 560 insigni
3388 491 3666 561 regionem

382 610 490 666 sibi
530 606 870 661 Soleimanes
912 602 1220 656 ducendum
1261 602 1450 656 statuit
1494 603 1815 656 exercitum.
1859 601 1962 656 Ubi

385 703 611 774 propius
640 699 704 752 ad
735 697 921 752 urbem
961 696 1305 758 accessisset,
1343 694 1547 763 apertis
1598 694 1788 748 incola:
1845 709 1970 763 por-

394 801 502 860 tis,
537 807 653 846 cam
693 787 1022 843 Soleimanis
1064 785 1318 856 potestati
1358 787 1681 856 permisere.
1718 785 1970 855 Quapro-

395 897 513 957 pter
551 885 862 953 ingressus,
904 880 1150 934 nonnihil
1187 879 1309 934 istic
1352 894 1412 934 se
1449 879 1738 933 recreavit.
1780 875 1973 932 Omnis

391 979 551 1032 etiam
581 972 806 1044 Bagdati
836 972 1066 1026 finitima
1101 972 1249 1041 regio
1277 985 1335 1025 se
1386 969 1713 1024 Soleimanis
1744 968 1976 1038 imperio

389 1065 664 1124 submisit.
713 1063 834 1132 Quo
883 1062 1108 1128 factum,
1175 1071 1236 1116 ut
1290 1060 1674 1131 beglerbegum
1730 1061 1785 1115 in
1839 1059 1974 1113 urbe

388 1155 786 1217 constitueret,
828 1151 1113 1221 ipsamque
1153 1149 1490 1219 provinciam
1533 1149 1586 1203 in
1629 1150 1974 1220 sangiaeatus

387 1247 714 1315 partiretur.
772 1241 1041 1297 Praeterea
1091 1240 1353 1310 Bagadati
1379 1239 1615 1293 militare
1661 1239 1972 1307 praesidium

391 1335 678 1406 imposuit.
711 1335 872 1404 eique
901 1334 969 1387 de
1003 1333 1294 1402 tormentis
1329 1331 1538 1386 bellicis
1572 1340 1626 1384 et
1658 1331 1780 1384 aliis
1814 1331 1976 1386 rebus

389 1428 742 1487 necessariis.
773 1439 1116 1494 annonaeque
1146 1425 1299 1492 copia
1340 1426 1636 1494 prospexit:
1677 1438 1799 1476 cum
1823 1438 1977 1492 prius

390 1525 582 1576 urbem
624 1519 942 1583 muniisset,
975 1526 1028 1570 et
1057 1532 1256 1587 aquam
1293 1530 1323 1570 c
1351 1515 1574 1569 flumine
1603 1514 1887 1568 dirivatam
1923 1515 1977 1567 in

393 1614 570 1669 fossas
609 1613 847 1667 urbanas
881 1611 1220 1666 immisisset.
1255 1607 1368 1662 Hoc
1401 1618 1646 1677 tempore
1679 1621 1974 1676 supremus

394 1705 799 1778 Dephterdarus
833 1705 948 1758 sive
1004 1703 1280 1756 maximus
1312 1700 1491 1756 aerarii
1531 1698 1856 1770 praefectus,
1901 1696 1980 1752 ls-

392 1789 632 1856 chender
660 1798 897 1863 Zelebis,
927 1797 1068 1868 apud
1103 1797 1383 1853 sultanum
1421 1794 1792 1848 Soleimanem
1827 1792 1978 1846 dela—

2074 580 2219 634 illam
2251 580 2563 634 universam
2609 580 2823 634 excidio
2882 581 3108 647 aﬂlixit,
3175 583 3404 650 direptis
3434 584 3665 637 misero-

2077 687 2195 724 rum
2263 671 2563 725 incolarum
2627 671 3020 739 facultatibus,
3073 685 3126 728 et
3183 663 3487 744 absumptis
3545 689 3668 730 om~

2074 764 2236 819 nibus
2302 763 2593 832 iumentis.
2659 764 2784 820 Post
2840 765 2977 819 hanc
3031 768 3428 826 vastationem,
3488 766 3668 822 Solei-

2077 873 2266 911 manes
2295 857 2596 912 exercitum
2629 857 3048 913 Carahemidam
3091 859 3329 912 reduxit.
3378 860 3441 912 Et
3479 861 3668 927 dispo-

2075 949 2214 1004 situs
2266 963 2329 1004 ac
2378 950 2599 1004 relictus
2650 959 2769 1004 erat
2818 965 2846 1003 a
2901 960 3050 1019 tergo
3103 951 3340 1014 dundar,
3401 959 3456 1002 ut
3497 949 3662 1004 Turci

2076 1048 2271 1093 vocant
2297 1056 2311 1094 :
2337 1039 2504 1110 346
2527 1041 2670 1109 quod
2709 1053 2983 1094 vereretur
3002 1056 3067 1094 ne
3099 1041 3151 1094 in
3177 1043 3292 1110 ipsa
3331 1041 3669 1111 profectione

2078 1131 2309 1185 scaehus
2341 1133 2702 1202 impressione
2725 1132 2901 1187 subita
2931 1149 3061 1188 suos
3083 1135 3490 1202 aggrederetur.
3513 1136 3667 1199 Quod

2078 1225 2294 1292 quidem
2329 1225 2400 1279 ita
2435 1241 2659 1294 prorsus
2685 1227 2908 1282 accidit.
2941 1225 3074 1280 Nam
3117 1228 3373 1290 scachus,
3397 1228 3670 1283 intellecto

2081 1316 2329 1370 discessu
2363 1317 2714 1380 Soleimanis,
2765 1318 2964 1374 selecta
3017 1318 3370 1373 Corizzorum
3420 1321 3664 1389 quinque

2082 1407 2250 1459 millia
2299 1422 2484 1461 secum
2520 1409 2776 1477 sumpsit,
2814 1423 2880 1463 ac
2929 1409 3334 1463 veredariorum
3370 1412 3420 1464 in
3459 1424 3667 1464 morem

2081 1497 2406 1554 Osmanicos
2437 1517 2465 1552 a
2497 1510 2647 1569 tergo
2671 1510 2893 1555 secutus
2919 1509 3004 1554 est
3033 1541 3047 1567 ,
3084 1502 3136 1554 in
3167 1503 3270 1556 hoc
3293 1517 3464 1556 unum
3495 1504 3673 1556 inten-

2084 1601 2190 1651 tus,
2225 1600 2283 1644 ut
2311 1606 2406 1645 eos
2441 1591 2626 1660 aliquo
2667 1592 2996 1646 detrimento
3025 1594 3282 1650 alliceret.
3343 1595 3583 1648 Tandem
3614 1595 3670 1647 in

2084 1697 2275 1752 agmen
2304 1683 2436 1737 illud
2466 1693 2773 1738 extremum
2808 1685 3022 1750 incidit,
3053 1687 3196 1755 quod
3232 1687 3448 1741 dundar
3481 1687 3668 1755 appel-

2085 1777 2246 1837 latur.
2278 1776 2356 1830 uti
2389 1775 2664 1832 diximms.
2700 1777 2831 1848 Ejus
2853 1779 3049 1835 ductor
3078 1790 3199 1835 erat
3229 1779 3452 1836 Ulumas
3479 1784 3668 1852 hegus.

393 1905 484 1949 ωε
511 1895 636 1958 fuit,
687 1893 757 1948 ob
804 1867 1064 1945 "acutos
1112 1887 1363 1957 nequiter
1418 1886 1708 1940 thesauros
1751 1884 1930 1954 regio,
1960 1900 1977 1938 ε
2009 1910 2057 1970 Β
2085 1867 2170 1919 cui
2198 1877 2391 1936 praeter
2411 1869 2650 1938 quinque
2676 1869 2986 1938 sangiacos,
3019 1871 3407 1940 septemdecim
3431 1873 3666 1926 millium

393 2003 554 2058 quem
597 1993 753 2040 extra
806 1983 995 2037 urbem
1048 1981 1152 2035 hoc
1199 1979 1421 2033 nomine
1479 1977 1740 2047 suspendi
1787 1977 1975 2046 jussit,

392 2080 668 2135 universis
703 2075 1051 2131 facultatibus
1084 2073 1206 2142 ejus
1247 2071 1378 2126 fisco
1417 2070 1732 2141 applicatis.
1771 2068 1979 2122 Interea

394 2187 561 2236 vero,
617 2171 744 2225 dum
805 2168 1146 2223 Soleimanes
1208 2167 1350 2219 intra
1401 2162 1690 2232 Bagadatis
1749 2174 1979 2223 muros,

397 2264 673 2320 exercitus
719 2261 854 2314 foris
891 2260 945 2313 in
990 2257 1235 2314 hibernis
1275 2257 1535 2320 haerebat,
1572 2253 1773 2325 prodiit
1799 2254 1980 2308 denuo

400 2355 633 2410 seaehus
662 2352 994 2408 Teehmases
1029 2351 1082 2405 in
1119 2357 1364 2419 apertum
1399 2348 1516 2404 suis
1549 2363 1673 2402 cum
1696 2345 1894 2416 capiis,
1928 2353 1982 2400 et

399 2448 706 2504 Tebrisium
737 2448 839 2502 iter
870 2444 1124 2499 instituit.
1159 2443 1290 2497 Inde
1316 2457 1441 2498 cum
1468 2447 1646 2510 ipsum
1680 2439 1820 2494 haud
1855 2453 1982 2508 pro-

402 2543 492 2596 cul
535 2541 726 2596 abesse
795 2537 966 2594 relicti
1005 2537 1073 2590 ad
1113 2534 1426 2590 Tebrisium
1467 2530 1707 2598 sangiaci
1738 2539 1790 2584 et
1827 2529 1983 2600 geni-

395 2633 530 2696 zari,
583 2633 650 2686 de
692 2629 891 2700 quibus
935 2642 1097 2697 supra
1135 2626 1365 2689 dictum,
1423 2620 1787 2690 accepissent,
1839 2617 1976 2687 quid

391 2723 664 2794 agendum
695 2721 797 2774 sibi
839 2721 939 2774 hoc
974 2734 1106 2774 casu
1138 2717 1278 2772 foret
1305 2756 1320 2781 ,
1350 2712 1693 2784 ignorabant.
1722 2710 1860 2778 Quia
1897 2721 1983 2765 ta-

395 2831 524 2871 men
572 2815 1094 2874 animadverterent,
1150 2824 1252 2863 nec
1299 2807 1367 2861 ad
1417 2803 1783 2860 resistendum
1835 2803 1980 2857 hosti

400 2921 508 2962 tam
543 2905 744 2976 potenti
773 2919 832 2959 se
861 2902 1106 2958 sufﬁcere
1132 2916 1231 2955 nec
1257 2902 1312 2954 in
1343 2907 1592 2965 tempore
1625 2895 1729 2951 sibi
1756 2909 1986 2951 succur-

401 3003 446 3054 ri
482 3012 664 3069 posse,
700 2997 945 3052 sarcinas
981 3009 1202 3057 omnes,
1236 3001 1292 3048 et
1324 2999 1596 3046 tormenta
1631 2988 1826 3044 bellica
1855 3003 1984 3043 cum

399 3092 566 3146 rebus
596 3090 660 3144 ad
685 3103 746 3143 ea
775 3086 1124 3148 necessariis,
1146 3095 1200 3139 et
1224 3082 1486 3138 custodia:
1512 3095 1626 3137 sua:
1651 3080 1982 3145 commissis,

399 3185 600 3238 ibidem
633 3181 990 3248 reliquerunt,
1029 3192 1093 3232 ac
1127 3175 1248 3247 fuga
1279 3173 1440 3230 saluti
1469 3188 1583 3227 suae
1613 3174 1969 3227 consuluere.

2085 1968 2432 2014 strenuorum
2461 1960 2687 2015 militum
2715 1961 3058 2018 Soleimanes
3083 1965 3431 2020 attribuerat.
3458 1967 3536 2019 Ad
3573 1967 3673 2022 hos

2086 2069 2208 2107 cum
2248 2055 2486 2109 scachus
2552 2056 2863 2112 advolasset
2924 2059 3176 2129 propius,
3215 2077 3339 2115 mox
3375 2063 3426 2116 in
3463 2078 3557 2117 eos
3593 2064 3670 2118 ir-

2084 2146 2216 2208 ruit,
2243 2155 2297 2200 et
2321 2162 2482 2202 manu
2533 2160 2807 2204 conserta.
2832 2153 3080 2221 superior
3104 2153 3242 2222 ipse,
3266 2153 3465 2210 Turcis
3489 2160 3670 2223 cassis,

2084 2237 2277 2292 evasit.
2319 2240 2646 2312 lnterempta
2685 2243 2836 2298 fuere
2897 2244 3203 2302 Turcorum
3254 2249 3320 2302 ad
3381 2251 3670 2304 duodecim

2087 2329 2281 2395 millia,
2313 2329 2722 2401 desideratique
2755 2344 2867 2389 tres
2900 2339 3163 2407 sangiaci.
3197 2336 3441 2404 Quartus
3467 2341 3521 2394 in
3560 2341 3678 2395 bo-

2083 2435 2123 2478 ι’
2139 2422 2247 2476 ium
2269 2433 2591 2492 potestatem
2611 2430 3007 2497 venit,quintus
3024 2447 3148 2485 cum
3166 2432 3361 2488 Uluma
3379 2434 3518 2504 bego
3535 2435 3676 2505 fuga:

2087 2517 2351 2573 beneflcio
2369 2520 2676 2576 discrimini
2701 2537 2874 2578 semet
2905 2525 3121 2593 eripuit.
3153 2526 3399 2583 Scacbus
3430 2528 3532 2583 hoc
3561 2539 3672 2584 tam

2089 2609 2322 2667 feliciter
2344 2623 2586 2684 pugnate
2614 2617 2802 2686 praelio
2833 2629 3152 2682 contentus,
3187 2622 3320 2675 nihil
3360 2623 3676 2692 periclitan-

2087 2703 2216 2759 dum
2243 2706 2452 2774 putavit
2486 2707 2736 2776 ulterius,
2760 2711 2905 2779 quod
2931 2712 3074 2766 hosti
3105 2728 3170 2767 ex
3199 2714 3377 2785 aliqua
3396 2727 3547 2785 parte
3577 2731 3678 2786 par

2087 2799 2202 2866 pari
2226 2800 2452 2854 relatum
2471 2801 2848 2858 arbitraretur:
2874 2804 3115 2876 ideoque
3134 2816 3280 2862 retro
3296 2823 3418 2863 cum
3444 2811 3679 2864 victrici-

2087 2892 2190 2949 bus
2207 2893 2379 2962 copiis
2411 2893 2477 2949 ad
2500 2909 2632 2950 suos
2657 2896 2812 2952 abiit.
2831 2897 2950 2968 Ipse
2971 2899 3546 2970 quoqtteﬁoleimanes
3562 2903 3673 2973 jam

2087 2988 2448 3046 Carahemida
2499 2992 2857 3059 discesserat,
2895 2992 3192 3064 Chalepum
3250 3007 3460 3066 petens,
3523 2999 3675 3053 unde

2088 3083 2389 3154 digressus,
2447 3083 2535 3140 die
2563 3085 2778 3140 decimo
2807 3097 3006 3157 quarto
3043 3089 3250 3144 mensis
3284 3088 3513 3146 Rezebis
3531 3091 3677 3146 Con.

2091 3175 2499 3245 stantinopolim
2552 3178 2803 3248 appulit,
2838 3194 2983 3235 anno
3010 3180 3116 3235 942
3145 3182 3298 3253 (Chr.
3348 3183 3529 3255 1556).

402 3273 648 3327 Scachus
675 3269 980 3324 Tebrisium
1015 3269 1316 3336 ingressus,
1347 3279 1538 3320 omnes
1571 3264 1704 3317 istas
1738 3263 1986 3317 sarcinas
2011 3263 2054 3322 C
2162 3269 2299 3322 Dum
2330 3268 2456 3324 illic
2485 3269 2551 3324 ad
2594 3280 2807 3341 tempus
2850 3273 3066 3345 aliquod
3104 3290 3134 3330 a
3191 3277 3350 3333 bellis
3391 3279 3676 3336 abstinens

401 3373 457 3418 et
489 3362 875 3431 impedimenta
898 3359 1054 3414 militi
1083 3374 1182 3412 suo
1203 3357 1507 3426 diripienda
1531 3355 1832 3410 concessit:
1866 3353 1980 3408 bel-

408 3454 510 3508 lica
538 3469 664 3508 vero
692 3461 955 3508 tormenta
980 3490 996 3516 ,
1035 3467 1158 3506 cum
1193 3450 1448 3504 universo
1474 3449 1540 3503 ad
1572 3463 1634 3502 ea
1666 3448 1975 3517 pertinente

412 3556 696 3614 apparatu,
729 3543 1059 3598 concremari
1093 3541 1278 3612 jussit;
1323 3550 1379 3595 et
1417 3538 1685 3610 quidquid
1742 3538 1809 3593 de
1844 3552 1972 3592 ma-

413 3637 594 3691 chinis
630 3635 837 3690 bellicis
872 3634 1312 3705 colliquefactmn
1356 3632 1592 3686 ﬂammis
1625 3631 1840 3685 absumi
1877 3645 1988 3683 non

407 3739 677 3799 potuerat,
731 3728 794 3782 ad
847 3727 1138 3799 signandos
1185 3740 1476 3796 manguros
1527 3723 1844 3779 destinavit.
1881 3722 1985 3778 Ubl

399 3824 514 3893 jam
542 3820 732 3876 durior
768 3822 962 3876 hiemis
994 3827 1287 3890 tempestas
1350 3822 1705 3889 praeterierat,
1744 3815 1983 3886 Bagdate

406 3918 742 3972 Soleimanes
784 3916 954 3971 movit
986 3917 1188 3981 eodem
1244 3930 1389 3968 anno
1442 3913 1541 3967 9H
1599 3912 1751 3980 (Chr.
1799 3910 1987 3979 1556),

404 4025 468 4064 ac
488 4011 668 4065 denuo
708 4008 1019 4064 Tehrisium
1061 4008 1252 4064 duxit:
1297 4009 1438 4060 unde
1479 4022 1604 4060 cum
1650 4021 1756 4060 non
1786 4019 1988 4072 magno

405 4103 619 4158 abesset
648 4102 954 4167 intervallo,
976 4116 1191 4155 rursum
1224 4116 1348 4155 cum
1387 4102 1504 4154 suis
1531 4096 1864 4152 Techmases
1892 4095 1984 4149 fu-

406 4210 485 4265 gae
526 4209 584 4249 se
620 4194 809 4248 dedit:
846 4204 1009 4263 atque
1036 4193 1114 4246 uti
1145 4191 1457 4245 facultatem
1505 4189 1590 4246 sui
1620 4187 1988 4260 persequendi

406 4289 716 4345 Osmanieis
758 4289 1042 4354 adimeret,
1086 4301 1242 4341 suam
1285 4286 1512 4354 ipsemet
1575 4284 1852 4353 regionem
1890 4297 1988 4338 va-

407 4384 588 4445 stavit,
623 4395 896 4435 annonam
941 4395 1158 4434 omnem
1195 4378 1441 4445 corrupit
1489 4384 1544 4428 et
1564 4376 1810 4439 exussit,
1859 4377 1989 4430 sub-

407 4475 552 4527 ditos
575 4487 708 4528 suos
735 4473 939 4542 passim
971 4471 1173 4540 abegit.
1201 4468 1299 4522 Ubi
1327 4467 1638 4522 Tebrisium
1668 4467 1832 4521 Turci
1862 4483 1984 4537 per-

2087 3362 2344 3431 quiescit,
2381 3373 2672 3434 suspectus
2705 3367 2752 3420 ei
2791 3369 2932 3435 cepit
2985 3385 3106 3426 esse
3140 3371 3441 3428 lbrahimes
3492 3374 3676 3438 bassa.

2088 3452 2246 3522 cujus
2272 3463 2326 3508 et
2357 3471 2421 3510 ex
2450 3467 2604 3525 parte
2637 3457 2740 3512 fuit
2773 3461 2981 3516 detecta
3013 3463 3261 3530 perfidia.
3293 3463 3506 3536 Quippe
3530 3464 3676 3520 fere-

2089 3545 2252 3600 batur
2280 3561 2404 3602 cum
2443 3548 2590 3603 Italis
2623 3565 2844 3621 quoque
2869 3564 3084 3609 secreto
3143 3557 3414 3626 pepigisse
3471 3557 3676 3623 foedus.

2089 3647 2150 3692 ttt
2179 3639 2472 3709 imperium
2506 3639 2812 3696 Turcorum
2865 3646 2918 3698 in
2952 3661 3012 3701 se
3042 3649 3387 3703 transferret.
3427 3649 3678 3720 Quapro-

2090 3740 2210 3800 pter
2241 3748 2366 3787 eum
2399 3733 2742 3790 Solelmanes
2771 3738 2857 3791 die
2889 3740 3128 3808 quodam
3161 3741 3438 3806 Mercurii,
3474 3745 3566 3812 qui
3595 3743 3678 3796 vi-

2090 3824 2330 3880 eesimus
2349 3832 2626 3882 secundos
2645 3831 2850 3884 mensis
2872 3830 3196 3886 Remasanis
3213 3840 3353 3892 erat.
3375 3835 3440 3887 ad
3461 3849 3674 3890 cautam

2089 3913 2337 3970 invitavit
2360 3931 2374 3970 :
2399 3931 2504 3985 qua
2524 3917 2692 3979 ﬁnita.
2713 3933 2836 3972 cum
2863 3921 2930 3974 de
2961 3921 3126 3975 certis
3169 3923 3403 3989 negotiis
3443 3923 3586 3979 inter
3617 3941 3677 3980 se

2090 4009 2366 4074 collocuti,
2391 4008 2502 4075 jam
2526 4011 2769 4064 cubitum
2794 4023 3099 4081 pergerent,
3126 4012 3426 4070 lbrahimes
3455 4032 3679 4088 quoque

2091 4119 2252 4158 suum
2267 4103 2332 4156 ad
2351 4105 2613 4157 conclave
2640 4105 2885 4168 secessit,
2907 4114 2959 4159 et
2996 4106 3048 4158 in
3087 4105 3228 4162 lecto
3262 4124 3320 4163 se
3345 4113 3676 4178 composuit.

2090 4194 2302 4264 Quippe
2318 4194 2531 4264 quoties
2549 4195 2614 4249 ad
2636 4195 2997 4265 Soleimanem
3021 4209 3185 4256 noctu
3204 4201 3606 4267 arcessebatur,
3624 4205 3681 4258 in

2090 4287 2262 4352 ipsius
2296 4287 2640 4355 imperatoris
2677 4289 2858 4344 saraio
2882 4290 3139 4347 cubabat.
3188 4290 3325 4347 Cum
3355 4295 3686 4351 obdormiis—

2091 4381 2445 4450 Set,§interfici
2474 4382 2749 4436 hominem
2785 4385 3031 4438 sultanus
3069 4385 3254 4453 jussit,
3277 4402 3578 4458 omnesque
3601 4390 3686 4443 fa-

2091 4476 2320 4530 cultates
2367 4475 2539 4545 ipsius
2574 4478 2949 4547 etOpes,fiseo
2967 4478 3229 4541 addictas,
3258 4481 3532 4536 thesauris
3565 4484 3683 4536 suis

408 4564 705 4628 venissent,
736 4563 1079 4658 Soleimanes
1105 4561 1374 4658 optimum
1409 4573 1687 4658 quemque
1717 4573 1945 4658 sum:qu
1969 4600 1984 4624 .
2025 4603 2065 4658 Β
2098 4567 2153 4622 in
2192 4567 2343 4622 ferri.
2380 4567 2604 4622 Factum
2637 4570 2740 4623 hoc
2783 4568 2883 4622 fuit
2913 4584 3055 4624 anno
3083 4567 3188 4622 942
3219 4569 3369 4640 (Chr.
3391 4570 3574 4631 1556).

405 4665 460 4712 et
519 4656 822 4727 praesertim
880 4654 1115 4725 egregiis
1166 4652 1463 4707 instructos
1517 4651 1714 4721 equis,
1764 4651 1985 4721 delegit,

405 4753 598 4821 eisque
684 4748 967 4804 mandavit
1030 4757 1088 4802 ut
1147 4761 1364 4801 summa
1422 4744 1506 4799 usi
1562 4743 1846 4798 celeritate
1900 4744 1998 4797 ho-

411 4855 552 4901 stem
587 4844 782 4898 alicuhi
816 4850 1257 4911 assequereutur.
1288 4838 1443 4905 Quod
1467 4853 1590 4892 cum
1614 4837 1688 4891 illi
1724 4837 1988 4901 facerent,

405 4938 700 5004 omniaque
733 4937 932 4990 misere
963 4941 1170 4987 vastata
1201 4931 1610 4999 conspicerent,
1647 4930 1712 4984 ad
1745 4931 1988 4984 animum

404 5031 488 5084 eis
541 5027 761 5090 accidit,
809 5027 924 5080 fieri
972 5041 1132 5095 posse
1185 5033 1243 5077 ut
1284 5023 1337 5076 itt
1394 5023 1612 5076 redacta
1673 5021 1892 5091 penitus
1927 5025 1992 5078 ad

405 5123 757 5177 Solitudinem
814 5119 1038 5188 regione
1096 5116 1322 5185 aliquod
1388 5115 1519 5184 ipsis
1583 5114 1993 5170 incommodum

404 5220 672 5272 eveniret.
705 5217 941 5286 Ideoque
969 5230 1237 5269 converso
1290 5213 1484 5267 itinere
1515 5209 1824 5266 Tebrisium
1873 5213 1996 5266 red-

402 5313 541 5368 iere.
576 5312 708 5366 Cum
745 5320 925 5363 autem
962 5307 1302 5362 Soleimanes
1333 5306 1436 5359 hoc
1463 5305 1626 5360 modo
1652 5304 1905 5360 delusum
1936 5319 1994 5359 se

404 5405 639 5467 videret,
679 5404 990 5456 vehementi
1023 5411 1330 5453 commotus
1364 5397 1466 5459 ira,
1504 5395 1687 5451 scachi
1720 5393 1993 5450 Techma-

408 5499 484 5550 sis
508 5506 561 5550 et
585 5498 854 5564 majorum
887 5494 1057 5564 ipsius
1073 5490 1248 5562 regias
1269 5503 1595 5558 amenaque
1622 5488 1842 5558 palatia,
1867 5503 1993 5542 cum

409 5590 582 5656 ipsius
651 5588 855 5643 sultani
947 5585 1168 5656 Jacupis
1249 5582 1502 5646 anlificio,
1601 5581 1746 5650 quod
1833 5581 1998 5636 Heste

413 5683 622 5738 behiste
649 5683 872 5749 dicitur,
925 5689 980 5734 et
1008 5677 1264 5735 omnibus
1325 5691 1450 5729 cum
1504 5674 1773 5744 paradisis
1827 5675 1994 5741 dirui,

409 5776 630 5842 vastari,
701 5773 938 5830 cremari
1005 5771 1190 5842 jussit.
1241 5768 1510 5823 Praeterea
1566 5767 1830 5836 plurimos
1892 5766 1996 5821 Te-

409 5872 590 5927 brissii
641 5849 788 5926 cives
843 5866 1133 5938 compulit,
1195 5871 1254 5919 ut
1311 5861 1436 5916 inde
1458 5859 1994 5931 Constanthmpolim

2173 4658 2417 4714 Diximus
2448 4671 2629 4727 antea,
2659 4660 3041 4716 Chairadinem
3075 4662 3291 4714 bassam
3324 4678 3516 4731 magna
3551 4679 3676 4718 cum

2098 4751 2273 4806 classe
2311 4750 2622 4821 profectum
2660 4753 2712 4806 in
2765 4751 3107 4814 Barbariam,
3163 4750 3369 4806 Mauris
3414 4733 3682 4810 fannoSam

2097 4843 2286 4897 urbem
2319 4841 2567 4898 Tuuisim
2588 4844 2875 4913 eripuisse,
2895 4857 2958 4896 ac
2979 4843 3178 4897 ibidem
3205 4842 3310 4897 sibi
3337 4845 3686 4902 constituisse

2097 4934 2462 4990 domicilium.
2499 4933 2547 4990 ls
2579 4935 2685 4990 hoc
2729 4945 2971 5003 tempore
3000 4949 3167 4990 naves
3219 4944 3386 5008 atque
3431 4939 3687 4995 triremes

2097 5025 2150 5078 in
2181 5032 2382 5080 terram
2410 5025 2772 5089 subduxerat,
2803 5041 2985 5077 rerum
3016 5024 3232 5080 scilicet
3271 5042 3494 5082 suarum
3525 5029 3688 5099 plane

2098 5133 2350 5184 securus,
2376 5133 2585 5186 suoque
2624 5118 2888 5170 duntaxat
2937 5116 3256 5188 indulgebat
3299 5120 3481 5184 genio.
3529 5121 3684 5176 Prin~

2099 5223 2224 5280 ceps
2256 5209 2476 5264 interim
2517 5208 2765 5268 Maurus,
2798 5209 2885 5261 cui
2921 5210 3072 5276 prius
3115 5223 3177 5263 ea
3230 5219 3495 5279 paruerat
3525 5210 3683 5272 ditio.

2096 5301 2379 5372 profectus
2438 5302 2490 5355 in
2547 5300 2885 5370 Hispaniam,
2927 5315 3085 5371 opem
3135 5299 3361 5371 Hispani
3420 5302 3690 5372 principis

2099 5394 2432 5463 imploravit.
2523 5393 2796 5462 Hispanus
2883 5393 2948 5445 ad
3041 5393 3334 5448 consilium
3430 5404 3690 5450 revocato

2100 5487 2342 5558 negotio,
2392 5487 2685 5542 verebatur
2737 5499 3024 5554 propterea
3077 5485 3225 5554 quod
3273 5485 3520 5542 Tunisim
3557 5487 3686 5543 Bar-

2100 5581 2327 5636 barossa
2411 5579 2664 5646 cepisset,
2725 5588 2784 5630 nt
2848 5577 3102 5648 llispanis
3165 5578 3310 5632 idem
3394 5581 3690 5649 aliquando

2101 5680 2362 5730 damnum
2412 5671 2662 5727 inferret.
2717 5670 2900 5726 Facile
2944 5671 3167 5740 putabat
3197 5671 3372 5740 ignem
3415 5675 3690 5741 exStingui

2100 5784 2280 5839 posse,
2307 5768 2351 5822 si
2389 5766 2543 5837 prius
2593 5766 3054 5834 supprimeretur,
3097 5778 3263 5834 quam
3316 5765 3477 5822 latius
3503 5783 3692 5821 erum-

2104 5871 2272 5931 peret.
2320 5859 2506 5930 anue
2567 5857 2633 5913 de
2665 5873 2830 5912 t-ausa
2879 5855 3022 5911 datis
3075 5857 3141 5910 ad
3198 5856 3418 5914 Italicos
3477 5857 3688 5927 princi-
