  <div class='ocr_page' id='page_1' title='image "/cluster/home/n/w/nwhite01/storage/ocr_20150623/159/coo.31924054870641/329.png"; bbox 0 0 4126 6430; ppageno 0'>
   <div class='ocr_carea' id='block_1_1' title="bbox 496 377 602 445">
    <p class='ocr_par' dir='ltr' id='par_1_1' title="bbox 496 377 602 445">
     <span class='ocr_line' id='line_1_1' title="bbox 496 377 602 445; baseline -0.047 0"><span class='ocrx_word' id='word_1_1' title='bbox 496 377 602 445; x_wconf 79' lang='lat' dir='ltr'><strong>6i3</strong></span> 
     </span>
    </p>
   </div>
   <div class='ocr_carea' id='block_1_2' title="bbox 1779 362 2516 432">
    <p class='ocr_par' dir='ltr' id='par_1_2' title="bbox 1779 362 2516 432">
     <span class='ocr_line' id='line_1_2' title="bbox 1779 362 2516 432; baseline -0.008 0"><span class='ocrx_word' id='word_1_2' title='bbox 1779 367 2136 432; x_wconf 78' lang='lat' dir='ltr'><strong>ANNALES</strong></span> <span class='ocrx_word' id='word_1_3' title='bbox 2176 362 2516 429; x_wconf 69' lang='lat' dir='ltr'><strong>TURCICI.</strong></span> 
     </span>
    </p>
   </div>
   <div class='ocr_carea' id='block_1_3' title="bbox 3563 358 3770 426">
    <p class='ocr_par' dir='ltr' id='par_1_3' title="bbox 3563 358 3770 426">
     <span class='ocr_line' id='line_1_3' title="bbox 3563 358 3770 426; baseline 0.01 -2"><span class='ocrx_word' id='word_1_4' title='bbox 3563 421 3566 424; x_wconf 83' lang='lat'><strong>.</strong></span> <span class='ocrx_word' id='word_1_5' title='bbox 3649 358 3770 426; x_wconf 57' lang='grc' dir='ltr'><strong>δάι’</strong></span> 
     </span>
    </p>
   </div>
   <div class='ocr_carea' id='block_1_4' title="bbox 499 478 3751 571">
    <p class='ocr_par' dir='ltr' id='par_1_4' title="bbox 499 478 3751 571">
     <span class='ocr_line' id='line_1_4' title="bbox 499 478 3751 571; baseline -0.009 -14"><span class='ocrx_word' id='word_1_6' title='bbox 499 517 595 571; x_wconf 86' lang='lat' dir='ltr'><strong>pes</strong></span> <span class='ocrx_word' id='word_1_7' title='bbox 638 499 852 565; x_wconf 88' lang='lat' dir='ltr'><strong>litteris,</strong></span> <span class='ocrx_word' id='word_1_8' title='bbox 879 498 954 553; x_wconf 91' lang='lat' dir='ltr'><strong>uti</strong></span> <span class='ocrx_word' id='word_1_9' title='bbox 1004 495 1248 553; x_wconf 87' lang='lat' dir='ltr'><strong>subsidio</strong></span> <span class='ocrx_word' id='word_1_10' title='bbox 1296 493 1399 550; x_wconf 82' lang='lat' dir='ltr'><strong>sibi</strong></span> <span class='ocrx_word' id='word_1_11' title='bbox 1452 493 1717 554; x_wconf 87' lang='lat' dir='ltr'><strong>venirent,</strong></span> <span class='ocrx_word' id='word_1_12' title='bbox 1753 489 1926 560; x_wconf 94' lang='lat' dir='ltr'><strong>petiit.</strong></span> <span class='ocrx_word' id='word_1_13' title='bbox 1964 488 2075 542; x_wconf 78' lang='lat' dir='ltr'><strong>Ma-</strong></span> <span class='ocrx_word' id='word_1_14' title='bbox 2106 494 2158 554; x_wconf 72' lang='grc' dir='ltr'>Α</span> <span class='ocrx_word' id='word_1_15' title='bbox 2187 496 2483 542; x_wconf 83' lang='lat' dir='ltr'><strong>exercitum</strong></span> <span class='ocrx_word' id='word_1_16' title='bbox 2519 485 2570 538; x_wconf 91' lang='lat' dir='ltr'><strong>in</strong></span> <span class='ocrx_word' id='word_1_17' title='bbox 2623 485 2859 538; x_wconf 80' lang='lat' dir='ltr'><strong>Albanos</strong></span> <span class='ocrx_word' id='word_1_18' title='bbox 2894 482 3200 553; x_wconf 84' lang='lat' dir='ltr'><strong>perduelles</strong></span> <span class='ocrx_word' id='word_1_19' title='bbox 3254 478 3503 543; x_wconf 85' lang='lat' dir='ltr'><strong>immisit,</strong></span> <span class='ocrx_word' id='word_1_20' title='bbox 3539 479 3630 550; x_wconf 89' lang='lat' dir='ltr'><strong>qui</strong></span> <span class='ocrx_word' id='word_1_21' title='bbox 3667 495 3751 557; x_wconf 41' lang='lat' dir='ltr'><strong>re,</strong></span> 
     </span>
    </p>
   </div>
   <div class='ocr_carea' id='block_1_5' title="bbox 499 582 2071 661">
    <p class='ocr_par' dir='ltr' id='par_1_5' title="bbox 499 582 2071 661">
     <span class='ocr_line' id='line_1_5' title="bbox 499 582 2071 661; baseline -0.006 -19"><span class='ocrx_word' id='word_1_22' title='bbox 499 591 622 661; x_wconf 68' lang='lat' dir='ltr'><strong>guis</strong></span> <span class='ocrx_word' id='word_1_23' title='bbox 698 605 826 659; x_wconf 82' lang='lat' dir='ltr'><strong>ergo</strong></span> <span class='ocrx_word' id='word_1_24' title='bbox 864 587 1104 642; x_wconf 79' lang='lat' dir='ltr'><strong>collectis</strong></span> <span class='ocrx_word' id='word_1_25' title='bbox 1153 585 1342 654; x_wconf 82' lang='lat' dir='ltr'><strong>copiis,</strong></span> <span class='ocrx_word' id='word_1_26' title='bbox 1385 594 1439 638; x_wconf 92' lang='lat' dir='ltr'><strong>et</strong></span> <span class='ocrx_word' id='word_1_27' title='bbox 1496 583 1696 652; x_wconf 83' lang='lat' dir='ltr'><strong>insigni</strong></span> <span class='ocrx_word' id='word_1_28' title='bbox 1752 582 1924 634; x_wconf 79' lang='lat' dir='ltr'><strong>classe</strong></span> <span class='ocrx_word' id='word_1_29' title='bbox 1976 596 2071 649; x_wconf 87' lang='lat' dir='ltr'><strong>pa-</strong></span> 
     </span>
    </p>
   </div>
   <div class='ocr_carea' id='block_1_6' title="bbox 501 677 2070 744">
    <p class='ocr_par' dir='ltr' id='par_1_6' title="bbox 501 677 2070 744">
     <span class='ocr_line' id='line_1_6' title="bbox 501 677 2070 744; baseline -0.008 -8"><span class='ocrx_word' id='word_1_30' title='bbox 501 695 640 743; x_wconf 72' lang='lat' dir='ltr'><strong>rata,</strong></span> <span class='ocrx_word' id='word_1_31' title='bbox 675 684 846 736; x_wconf 88' lang='lat' dir='ltr'><strong>eidetn</strong></span> <span class='ocrx_word' id='word_1_32' title='bbox 882 679 1152 732; x_wconf 77' lang='lat' dir='ltr'><strong>Andream</strong></span> <span class='ocrx_word' id='word_1_33' title='bbox 1194 677 1410 731; x_wconf 77' lang='lat' dir='ltr'><strong>boriam</strong></span> <span class='ocrx_word' id='word_1_34' title='bbox 1452 690 1706 744; x_wconf 90' lang='lat' dir='ltr'><strong>suprema</strong></span> <span class='ocrx_word' id='word_1_35' title='bbox 1762 689 1884 728; x_wconf 85' lang='lat' dir='ltr'><strong>eum</strong></span> <span class='ocrx_word' id='word_1_36' title='bbox 1923 682 2070 741; x_wconf 75' lang='lat' dir='ltr'><strong>pote-</strong></span> 
     </span>
    </p>
   </div>
   <div class='ocr_carea' id='block_1_7' title="bbox 502 766 2068 843">
    <p class='ocr_par' dir='ltr' id='par_1_7' title="bbox 502 766 2068 843">
     <span class='ocr_line' id='line_1_7' title="bbox 502 766 2068 843; baseline -0.008 -14"><span class='ocrx_word' id='word_1_37' title='bbox 502 786 642 830; x_wconf 88' lang='lat' dir='ltr'><strong>state</strong></span> <span class='ocrx_word' id='word_1_38' title='bbox 682 773 948 843; x_wconf 71' lang='lat' dir='ltr'><strong>praefecit,</strong></span> <span class='ocrx_word' id='word_1_39' title='bbox 984 783 1148 839; x_wconf 88' lang='lat' dir='ltr'><strong>atque</strong></span> <span class='ocrx_word' id='word_1_40' title='bbox 1199 773 1270 824; x_wconf 81' lang='lat' dir='ltr'><strong>ita</strong></span> <span class='ocrx_word' id='word_1_41' title='bbox 1305 769 1625 825; x_wconf 80' lang='lat' dir='ltr'><strong>Tunisinnm</strong></span> <span class='ocrx_word' id='word_1_42' title='bbox 1667 766 2068 835; x_wconf 83' lang='lat' dir='ltr'><strong>expeditionem</strong></span> 
     </span>
    </p>
   </div>
   <div class='ocr_carea' id='block_1_8' title="bbox 503 859 2072 931">
    <p class='ocr_par' dir='ltr' id='par_1_8' title="bbox 503 859 2072 931">
     <span class='ocr_line' id='line_1_8' title="bbox 503 859 2072 931; baseline -0.007 -10"><span class='ocrx_word' id='word_1_43' title='bbox 503 868 761 921; x_wconf 73' lang='lat' dir='ltr'><strong>instituit.</strong></span> <span class='ocrx_word' id='word_1_44' title='bbox 783 865 1141 920; x_wconf 86' lang='lat' dir='ltr'><strong>Chairadines</strong></span> <span class='ocrx_word' id='word_1_45' title='bbox 1168 880 1223 916; x_wconf 89' lang='lat' dir='ltr'><strong>re</strong></span> <span class='ocrx_word' id='word_1_46' title='bbox 1238 874 1538 931; x_wconf 87' lang='lat' dir='ltr'><strong>comperta,</strong></span> <span class='ocrx_word' id='word_1_47' title='bbox 1565 859 1758 913; x_wconf 78' lang='lat' dir='ltr'><strong>Raisos</strong></span> <span class='ocrx_word' id='word_1_48' title='bbox 1787 873 1914 912; x_wconf 90' lang='lat' dir='ltr'><strong>suos</strong></span> <span class='ocrx_word' id='word_1_49' title='bbox 1937 871 2072 911; x_wconf 87' lang='lat' dir='ltr'><strong>con-</strong></span> 
     </span>
    </p>
   </div>
   <div class='ocr_carea' id='block_1_9' title="bbox 499 948 2074 1024">
    <p class='ocr_par' dir='ltr' id='par_1_9' title="bbox 499 948 2074 1024">
     <span class='ocr_line' id='line_1_9' title="bbox 499 948 2074 1024; baseline -0.003 -18"><span class='ocrx_word' id='word_1_50' title='bbox 499 959 736 1020; x_wconf 63' lang='lat' dir='ltr'><strong>voravit,</strong></span> <span class='ocrx_word' id='word_1_51' title='bbox 777 957 968 1024; x_wconf 84' lang='lat' dir='ltr'><strong>eisque</strong></span> <span class='ocrx_word' id='word_1_52' title='bbox 1005 954 1420 1008; x_wconf 77' lang='lat' dir='ltr'><strong>deliberandum</strong></span> <span class='ocrx_word' id='word_1_53' title='bbox 1465 951 1747 1020; x_wconf 89' lang='lat' dir='ltr'><strong>proposuit</strong></span> <span class='ocrx_word' id='word_1_54' title='bbox 1790 951 1918 1018; x_wconf 92' lang='lat' dir='ltr'><strong>quid</strong></span> <span class='ocrx_word' id='word_1_55' title='bbox 1968 948 2074 1002; x_wconf 88' lang='lat' dir='ltr'><strong>hoc</strong></span> 
     </span>
    </p>
   </div>
   <div class='ocr_carea' id='block_1_10' title="bbox 497 1039 2075 1101">
    <p class='ocr_par' dir='ltr' id='par_1_10' title="bbox 497 1039 2075 1101">
     <span class='ocr_line' id='line_1_10' title="bbox 497 1039 2075 1101; baseline -0.004 -1"><span class='ocrx_word' id='word_1_56' title='bbox 497 1048 936 1101; x_wconf 86' lang='lat' dir='ltr'><strong>Christianorum</strong></span> <span class='ocrx_word' id='word_1_57' title='bbox 990 1057 1137 1099; x_wconf 90' lang='lat' dir='ltr'><strong>motu</strong></span> <span class='ocrx_word' id='word_1_58' title='bbox 1187 1046 1500 1099; x_wconf 75' lang='lat' dir='ltr'><strong>faciundum</strong></span> <span class='ocrx_word' id='word_1_59' title='bbox 1537 1039 1945 1097; x_wconf 72' lang='lat' dir='ltr'><strong>censerentJlli</strong></span> <span class='ocrx_word' id='word_1_60' title='bbox 1990 1053 2075 1094; x_wconf 82' lang='lat' dir='ltr'><strong>re-</strong></span> 
     </span>
    </p>
   </div>
   <div class='ocr_carea' id='block_1_11' title="bbox 499 1135 2071 1205">
    <p class='ocr_par' dir='ltr' id='par_1_11' title="bbox 499 1135 2071 1205">
     <span class='ocr_line' id='line_1_11' title="bbox 499 1135 2071 1205; baseline -0.003 -15"><span class='ocrx_word' id='word_1_61' title='bbox 499 1140 768 1202; x_wconf 89' lang='lat' dir='ltr'><strong>spondere</strong></span> <span class='ocrx_word' id='word_1_62' title='bbox 812 1139 1045 1192; x_wconf 87' lang='lat' dir='ltr'><strong>classem</strong></span> <span class='ocrx_word' id='word_1_63' title='bbox 1100 1138 1231 1190; x_wconf 90' lang='lat' dir='ltr'><strong>mari</strong></span> <span class='ocrx_word' id='word_1_64' title='bbox 1279 1138 1431 1205; x_wconf 88' lang='lat' dir='ltr'><strong>prius</strong></span> <span class='ocrx_word' id='word_1_65' title='bbox 1471 1135 1849 1189; x_wconf 83' lang='lat' dir='ltr'><strong>instruendam</strong></span> <span class='ocrx_word' id='word_1_66' title='bbox 1910 1145 2071 1202; x_wconf 88' lang='lat' dir='ltr'><strong>quam</strong></span> 
     </span>
    </p>
   </div>
   <div class='ocr_carea' id='block_1_12' title="bbox 496 1227 2075 1297">
    <p class='ocr_par' dir='ltr' id='par_1_12' title="bbox 496 1227 2075 1297">
     <span class='ocr_line' id='line_1_12' title="bbox 496 1227 2075 1297; baseline -0.003 -14"><span class='ocrx_word' id='word_1_67' title='bbox 496 1228 793 1283; x_wconf 81' lang='lat' dir='ltr'><strong>Christiani</strong></span> <span class='ocrx_word' id='word_1_68' title='bbox 831 1246 888 1284; x_wconf 90' lang='lat' dir='ltr'><strong>se</strong></span> <span class='ocrx_word' id='word_1_69' title='bbox 914 1229 1311 1297; x_wconf 78' lang='lat' dir='ltr'><strong>conjungerent</strong></span> <span class='ocrx_word' id='word_1_70' title='bbox 1365 1228 1700 1295; x_wconf 88' lang='lat' dir='ltr'><strong>omninoque</strong></span> <span class='ocrx_word' id='word_1_71' title='bbox 1735 1227 2075 1294; x_wconf 65' lang='lat' dir='ltr'><strong>praepediun-</strong></span> 
     </span>
    </p>
   </div>
   <div class='ocr_carea' id='block_1_13' title="bbox 499 1319 2074 1389">
    <p class='ocr_par' dir='ltr' id='par_1_13' title="bbox 499 1319 2074 1389">
     <span class='ocr_line' id='line_1_13' title="bbox 499 1319 2074 1389; baseline -0.004 -12"><span class='ocrx_word' id='word_1_72' title='bbox 499 1324 620 1389; x_wconf 89' lang='lat' dir='ltr'><strong>dos,</strong></span> <span class='ocrx_word' id='word_1_73' title='bbox 646 1339 712 1376; x_wconf 87' lang='lat' dir='ltr'><strong>ne</strong></span> <span class='ocrx_word' id='word_1_74' title='bbox 748 1323 1041 1378; x_wconf 67' lang='lat' dir='ltr'><strong>convenire</strong></span> <span class='ocrx_word' id='word_1_75' title='bbox 1069 1329 1310 1388; x_wconf 83' lang='lat' dir='ltr'><strong>possent.</strong></span> <span class='ocrx_word' id='word_1_76' title='bbox 1341 1321 1420 1376; x_wconf 74' lang='lat' dir='ltr'><strong>Ad</strong></span> <span class='ocrx_word' id='word_1_77' title='bbox 1463 1335 1524 1373; x_wconf 91' lang='lat' dir='ltr'><strong>ea</strong></span> <span class='ocrx_word' id='word_1_78' title='bbox 1557 1320 1796 1375; x_wconf 85' lang='lat' dir='ltr'><strong>vicissim</strong></span> <span class='ocrx_word' id='word_1_79' title='bbox 1847 1319 2074 1374; x_wconf 84' lang='lat' dir='ltr'><strong>Chaira-</strong></span> 
     </span>
    </p>
   </div>
   <div class='ocr_carea' id='block_1_14' title="bbox 499 1411 2075 1481">
    <p class='ocr_par' dir='ltr' id='par_1_14' title="bbox 499 1411 2075 1481">
     <span class='ocr_line' id='line_1_14' title="bbox 499 1411 2075 1481; baseline -0.003 -14"><span class='ocrx_word' id='word_1_80' title='bbox 499 1415 654 1468; x_wconf 89' lang='lat' dir='ltr'><strong>dincs</strong></span> <span class='ocrx_word' id='word_1_81' title='bbox 678 1415 836 1468; x_wconf 89' lang='lat' dir='ltr'><strong>bassa</strong></span> <span class='ocrx_word' id='word_1_82' title='bbox 870 1430 885 1466; x_wconf 94' lang='lat'><strong>:</strong></span> <span class='ocrx_word' id='word_1_83' title='bbox 922 1413 980 1465; x_wconf 89' lang='lat' dir='ltr'><strong>Si</strong></span> <span class='ocrx_word' id='word_1_84' title='bbox 1019 1411 1383 1481; x_wconf 89' lang='lat' dir='ltr'><strong>tulipaudum,</strong></span> <span class='ocrx_word' id='word_1_85' title='bbox 1423 1412 1624 1480; x_wconf 83' lang='lat' dir='ltr'><strong>inquit,</strong></span> <span class='ocrx_word' id='word_1_86' title='bbox 1657 1427 1836 1465; x_wconf 88' lang='lat' dir='ltr'><strong>meum</strong></span> <span class='ocrx_word' id='word_1_87' title='bbox 1881 1412 2075 1465; x_wconf 80' lang='lat' dir='ltr'><strong>dunta-</strong></span> 
     </span>
    </p>
   </div>
   <div class='ocr_carea' id='block_1_15' title="bbox 503 1503 2071 1574">
    <p class='ocr_par' dir='ltr' id='par_1_15' title="bbox 503 1503 2071 1574">
     <span class='ocr_line' id='line_1_15' title="bbox 503 1503 2071 1574; baseline -0.003 -16"><span class='ocrx_word' id='word_1_88' title='bbox 503 1515 592 1558; x_wconf 82' lang='lat' dir='ltr'><strong>xat</strong></span> <span class='ocrx_word' id='word_1_89' title='bbox 617 1507 832 1559; x_wconf 80' lang='lat' dir='ltr'><strong>excelso</strong></span> <span class='ocrx_word' id='word_1_90' title='bbox 857 1503 1092 1574; x_wconf 88' lang='lat' dir='ltr'><strong>quodam</strong></span> <span class='ocrx_word' id='word_1_91' title='bbox 1126 1505 1178 1557; x_wconf 90' lang='lat' dir='ltr'><strong>in</strong></span> <span class='ocrx_word' id='word_1_92' title='bbox 1212 1504 1333 1558; x_wconf 93' lang='lat' dir='ltr'><strong>loco</strong></span> <span class='ocrx_word' id='word_1_93' title='bbox 1360 1519 1525 1572; x_wconf 88' lang='lat' dir='ltr'><strong>super</strong></span> <span class='ocrx_word' id='word_1_94' title='bbox 1564 1503 1775 1558; x_wconf 85' lang='lat' dir='ltr'><strong>hastam</strong></span> <span class='ocrx_word' id='word_1_95' title='bbox 1808 1503 2071 1567; x_wconf 79' lang='lat' dir='ltr'><strong>deﬁxere,</strong></span> 
     </span>
    </p>
   </div>
   <div class='ocr_carea' id='block_1_16' title="bbox 500 1595 2074 1666">
    <p class='ocr_par' dir='ltr' id='par_1_16' title="bbox 500 1595 2074 1666">
     <span class='ocr_line' id='line_1_16' title="bbox 500 1595 2074 1666; baseline -0.002 -16"><span class='ocrx_word' id='word_1_96' title='bbox 500 1614 529 1650; x_wconf 89' lang='lat' dir='ltr'><strong>a</strong></span> <span class='ocrx_word' id='word_1_97' title='bbox 576 1596 904 1651; x_wconf 60' lang='lat' dir='ltr'><strong>Christianis</strong></span> <span class='ocrx_word' id='word_1_98' title='bbox 929 1606 988 1649; x_wconf 94' lang='lat' dir='ltr'><strong>ut</strong></span> <span class='ocrx_word' id='word_1_99' title='bbox 1049 1596 1290 1666; x_wconf 87' lang='lat' dir='ltr'><strong>conspici</strong></span> <span class='ocrx_word' id='word_1_100' title='bbox 1356 1597 1533 1666; x_wconf 82' lang='lat' dir='ltr'><strong>possit</strong></span> <span class='ocrx_word' id='word_1_101' title='bbox 1610 1595 1901 1651; x_wconf 79' lang='lat' dir='ltr'><strong>formidine</strong></span> <span class='ocrx_word' id='word_1_102' title='bbox 1957 1612 2074 1648; x_wconf 81' lang='lat' dir='ltr'><strong>cor-</strong></span> 
     </span>
    </p>
   </div>
   <div class='ocr_carea' id='block_1_17' title="bbox 505 1688 2074 1759">
    <p class='ocr_par' dir='ltr' id='par_1_17' title="bbox 505 1688 2074 1759">
     <span class='ocr_line' id='line_1_17' title="bbox 505 1688 2074 1759; baseline -0.001 -17"><span class='ocrx_word' id='word_1_103' title='bbox 505 1692 668 1759; x_wconf 86' lang='lat' dir='ltr'><strong>repti,</strong></span> <span class='ocrx_word' id='word_1_104' title='bbox 718 1690 783 1742; x_wconf 91' lang='lat' dir='ltr'><strong>ad</strong></span> <span class='ocrx_word' id='word_1_105' title='bbox 839 1691 1048 1758; x_wconf 86' lang='lat' dir='ltr'><strong>aliquot</strong></span> <span class='ocrx_word' id='word_1_106' title='bbox 1107 1688 1277 1743; x_wconf 81' lang='lat' dir='ltr'><strong>millia</strong></span> <span class='ocrx_word' id='word_1_107' title='bbox 1319 1699 1463 1742; x_wconf 82' lang='lat' dir='ltr'><strong>retro</strong></span> <span class='ocrx_word' id='word_1_108' title='bbox 1537 1688 1788 1757; x_wconf 77' lang='lat' dir='ltr'><strong>fugient:</strong></span> <span class='ocrx_word' id='word_1_109' title='bbox 1866 1698 2074 1741; x_wconf 89' lang='lat' dir='ltr'><strong>tantum</strong></span> 
     </span>
    </p>
   </div>
   <div class='ocr_carea' id='block_1_18' title="bbox 501 1776 2076 1843">
    <p class='ocr_par' dir='ltr' id='par_1_18' title="bbox 501 1776 2076 1843">
     <span class='ocr_line' id='line_1_18' title="bbox 501 1776 2076 1843; baseline -0.002 -11"><span class='ocrx_word' id='word_1_110' title='bbox 501 1780 656 1833; x_wconf 90' lang='lat' dir='ltr'><strong>abest</strong></span> <span class='ocrx_word' id='word_1_111' title='bbox 710 1789 764 1832; x_wconf 91' lang='lat' dir='ltr'><strong>ut</strong></span> <span class='ocrx_word' id='word_1_112' title='bbox 819 1779 1014 1832; x_wconf 79' lang='lat' dir='ltr'><strong>bellum</strong></span> <span class='ocrx_word' id='word_1_113' title='bbox 1068 1779 1229 1832; x_wconf 90' lang='lat' dir='ltr'><strong>nobis</strong></span> <span class='ocrx_word' id='word_1_114' title='bbox 1303 1779 1504 1832; x_wconf 84' lang='lat' dir='ltr'><strong>illaturi</strong></span> <span class='ocrx_word' id='word_1_115' title='bbox 1578 1779 1706 1832; x_wconf 87' lang='lat' dir='ltr'><strong>sint.</strong></span> <span class='ocrx_word' id='word_1_116' title='bbox 1769 1776 1878 1832; x_wconf 86' lang='lat' dir='ltr'><strong>llac</strong></span> <span class='ocrx_word' id='word_1_117' title='bbox 1949 1794 2076 1843; x_wconf 72' lang='lat' dir='ltr'><strong>ergo</strong></span> 
     </span>
    </p>
   </div>
   <div class='ocr_carea' id='block_1_19' title="bbox 2174 572 3754 648">
    <p class='ocr_par' dir='ltr' id='par_1_19' title="bbox 2174 572 3754 648">
     <span class='ocr_line' id='line_1_19' title="bbox 2174 572 3754 648; baseline -0.008 -16"><span class='ocrx_word' id='word_1_118' title='bbox 2174 593 2361 633; x_wconf 90' lang='lat' dir='ltr'><strong>eorum</strong></span> <span class='ocrx_word' id='word_1_119' title='bbox 2387 587 2630 648; x_wconf 80' lang='lat' dir='ltr'><strong>agerent,</strong></span> <span class='ocrx_word' id='word_1_120' title='bbox 2664 576 2888 641; x_wconf 78' lang='lat' dir='ltr'><strong>ferrent,</strong></span> <span class='ocrx_word' id='word_1_121' title='bbox 2920 591 2984 630; x_wconf 90' lang='lat' dir='ltr'><strong>ac</strong></span> <span class='ocrx_word' id='word_1_122' title='bbox 3028 576 3233 630; x_wconf 91' lang='lat' dir='ltr'><strong>liberos</strong></span> <span class='ocrx_word' id='word_1_123' title='bbox 3265 583 3318 628; x_wconf 91' lang='lat' dir='ltr'><strong>ct</strong></span> <span class='ocrx_word' id='word_1_124' title='bbox 3351 585 3554 627; x_wconf 83' lang='lat' dir='ltr'><strong>uxores</strong></span> <span class='ocrx_word' id='word_1_125' title='bbox 3582 572 3754 624; x_wconf 83' lang='lat' dir='ltr'><strong>servi-</strong></span> 
     </span>
    </p>
   </div>
   <div class='ocr_carea' id='block_1_20' title="bbox 2176 661 3754 744">
    <p class='ocr_par' dir='ltr' id='par_1_20' title="bbox 2176 661 3754 744">
     <span class='ocr_line' id='line_1_20' title="bbox 2176 661 3754 744; baseline -0.005 -14"><span class='ocrx_word' id='word_1_126' title='bbox 2176 677 2278 730; x_wconf 92' lang='lat' dir='ltr'><strong>tuti</strong></span> <span class='ocrx_word' id='word_1_127' title='bbox 2305 661 2703 744; x_wconf 82' lang='lat' dir='ltr'><strong>manciparent,</strong></span> <span class='ocrx_word' id='word_1_128' title='bbox 2743 675 2870 729; x_wconf 90' lang='lat' dir='ltr'><strong>licet</strong></span> <span class='ocrx_word' id='word_1_129' title='bbox 2892 673 2981 727; x_wconf 93' lang='lat' dir='ltr'><strong>hic</strong></span> <span class='ocrx_word' id='word_1_130' title='bbox 3002 681 3232 728; x_wconf 86' lang='lat' dir='ltr'><strong>conatus</strong></span> <span class='ocrx_word' id='word_1_131' title='bbox 3251 687 3438 725; x_wconf 91' lang='lat' dir='ltr'><strong>eorum</strong></span> <span class='ocrx_word' id='word_1_132' title='bbox 3465 671 3517 724; x_wconf 91' lang='lat' dir='ltr'><strong>in</strong></span> <span class='ocrx_word' id='word_1_133' title='bbox 3541 671 3754 725; x_wconf 87' lang='lat' dir='ltr'><strong>irritum</strong></span> 
     </span>
    </p>
   </div>
   <div class='ocr_carea' id='block_1_21' title="bbox 2176 761 3758 834">
    <p class='ocr_par' dir='ltr' id='par_1_21' title="bbox 2176 761 3758 834">
     <span class='ocr_line' id='line_1_21' title="bbox 2176 761 3758 834; baseline -0.005 -12"><span class='ocrx_word' id='word_1_134' title='bbox 2176 770 2408 822; x_wconf 72' lang='lat' dir='ltr'><strong>cadi-ret.</strong></span> <span class='ocrx_word' id='word_1_135' title='bbox 2443 768 2707 822; x_wconf 57' lang='lat' dir='ltr'><strong>Praeterea</strong></span> <span class='ocrx_word' id='word_1_136' title='bbox 2736 767 3014 821; x_wconf 77' lang='lat' dir='ltr'><strong>Romaniae</strong></span> <span class='ocrx_word' id='word_1_137' title='bbox 3047 763 3454 834; x_wconf 73' lang='lat' dir='ltr'><strong>beglerbegum,</strong></span> <span class='ocrx_word' id='word_1_138' title='bbox 3488 776 3614 815; x_wconf 91' lang='lat' dir='ltr'><strong>eum</strong></span> <span class='ocrx_word' id='word_1_139' title='bbox 3649 761 3758 815; x_wconf 79' lang='lat' dir='ltr'><strong>Ro-</strong></span> 
     </span>
    </p>
   </div>
   <div class='ocr_carea' id='block_1_22' title="bbox 2181 852 3754 928">
    <p class='ocr_par' dir='ltr' id='par_1_22' title="bbox 2181 852 3754 928">
     <span class='ocr_line' id='line_1_22' title="bbox 2181 852 3754 928; baseline -0.007 -12"><span class='ocrx_word' id='word_1_140' title='bbox 2181 860 2376 916; x_wconf 84' lang='lat' dir='ltr'><strong>maniae</strong></span> <span class='ocrx_word' id='word_1_141' title='bbox 2412 861 2603 928; x_wconf 88' lang='lat' dir='ltr'><strong>copiis,</strong></span> <span class='ocrx_word' id='word_1_142' title='bbox 2635 858 2689 912; x_wconf 93' lang='lat' dir='ltr'><strong>in</strong></span> <span class='ocrx_word' id='word_1_143' title='bbox 2720 859 2973 928; x_wconf 81' lang='lat' dir='ltr'><strong>Apuliam</strong></span> <span class='ocrx_word' id='word_1_144' title='bbox 3010 868 3162 911; x_wconf 89' lang='lat' dir='ltr'><strong>trans</strong></span> <span class='ocrx_word' id='word_1_145' title='bbox 3221 870 3370 908; x_wconf 90' lang='lat' dir='ltr'><strong>mare</strong></span> <span class='ocrx_word' id='word_1_146' title='bbox 3408 853 3558 908; x_wconf 83' lang='lat' dir='ltr'><strong>misit</strong></span> <span class='ocrx_word' id='word_1_147' title='bbox 3597 869 3612 906; x_wconf 93' lang='lat'><strong>:</strong></span> <span class='ocrx_word' id='word_1_148' title='bbox 3659 852 3754 921; x_wconf 88' lang='lat' dir='ltr'><strong>qui</strong></span> 
     </span>
    </p>
   </div>
   <div class='ocr_carea' id='block_1_23' title="bbox 2176 944 3750 1020">
    <p class='ocr_par' dir='ltr' id='par_1_23' title="bbox 2176 944 3750 1020">
     <span class='ocr_line' id='line_1_23' title="bbox 2176 944 3750 1020; baseline -0.007 -13"><span class='ocrx_word' id='word_1_149' title='bbox 2176 967 2238 1007; x_wconf 85' lang='lat' dir='ltr'><strong>ea</strong></span> <span class='ocrx_word' id='word_1_150' title='bbox 2273 953 2326 1005; x_wconf 90' lang='lat' dir='ltr'><strong>in</strong></span> <span class='ocrx_word' id='word_1_151' title='bbox 2362 951 2584 1020; x_wconf 79' lang='lat' dir='ltr'><strong>regione</strong></span> <span class='ocrx_word' id='word_1_152' title='bbox 2610 952 2860 1018; x_wconf 64' lang='lat' dir='ltr'><strong>quaedam</strong></span> <span class='ocrx_word' id='word_1_153' title='bbox 2893 948 3151 1018; x_wconf 86' lang='lat' dir='ltr'><strong>oppidula</strong></span> <span class='ocrx_word' id='word_1_154' title='bbox 3177 961 3301 1001; x_wconf 89' lang='lat' dir='ltr'><strong>cum</strong></span> <span class='ocrx_word' id='word_1_155' title='bbox 3323 947 3474 1015; x_wconf 76' lang='lat' dir='ltr'><strong>pagis</strong></span> <span class='ocrx_word' id='word_1_156' title='bbox 3499 944 3750 1012; x_wconf 90' lang='lat' dir='ltr'><strong>diripuit.</strong></span> 
     </span>
    </p>
   </div>
   <div class='ocr_carea' id='block_1_24' title="bbox 2175 1038 3756 1114">
    <p class='ocr_par' dir='ltr' id='par_1_24' title="bbox 2175 1038 3756 1114">
     <span class='ocr_line' id='line_1_24' title="bbox 2175 1038 3756 1114; baseline -0.004 -16"><span class='ocrx_word' id='word_1_157' title='bbox 2175 1042 2310 1098; x_wconf 90' lang='lat' dir='ltr'><strong>Cum</strong></span> <span class='ocrx_word' id='word_1_158' title='bbox 2345 1044 2581 1114; x_wconf 89' lang='lat' dir='ltr'><strong>denique</strong></span> <span class='ocrx_word' id='word_1_159' title='bbox 2613 1043 2843 1099; x_wconf 88' lang='lat' dir='ltr'><strong>Turcica</strong></span> <span class='ocrx_word' id='word_1_160' title='bbox 2876 1043 3072 1098; x_wconf 83' lang='lat' dir='ltr'><strong>classis</strong></span> <span class='ocrx_word' id='word_1_161' title='bbox 3113 1042 3406 1112; x_wconf 84' lang='lat' dir='ltr'><strong>Corcyram</strong></span> <span class='ocrx_word' id='word_1_162' title='bbox 3449 1048 3648 1108; x_wconf 65' lang='lat' dir='ltr'><strong>praeter</strong></span> <span class='ocrx_word' id='word_1_163' title='bbox 3680 1038 3756 1092; x_wconf 89' lang='lat' dir='ltr'><strong>le-</strong></span> 
     </span>
    </p>
   </div>
   <div class='ocr_carea' id='block_1_25' title="bbox 2177 1131 3754 1205">
    <p class='ocr_par' dir='ltr' id='par_1_25' title="bbox 2177 1131 3754 1205">
     <span class='ocr_line' id='line_1_25' title="bbox 2177 1131 3754 1205; baseline -0.005 -18"><span class='ocrx_word' id='word_1_164' title='bbox 2177 1148 2348 1204; x_wconf 75' lang='lat' dir='ltr'><strong>geret.</strong></span> <span class='ocrx_word' id='word_1_165' title='bbox 2376 1150 2440 1188; x_wconf 90' lang='lat' dir='ltr'><strong>ex</strong></span> <span class='ocrx_word' id='word_1_166' title='bbox 2472 1135 2800 1205; x_wconf 76' lang='lat' dir='ltr'><strong>Corcyrensi</strong></span> <span class='ocrx_word' id='word_1_167' title='bbox 2831 1133 3084 1204; x_wconf 67' lang='lat' dir='ltr'><strong>praesidio</strong></span> <span class='ocrx_word' id='word_1_168' title='bbox 3112 1132 3411 1188; x_wconf 83' lang='lat' dir='ltr'><strong>Christiani</strong></span> <span class='ocrx_word' id='word_1_169' title='bbox 3443 1131 3622 1184; x_wconf 84' lang='lat' dir='ltr'><strong>navim</strong></span> <span class='ocrx_word' id='word_1_170' title='bbox 3652 1144 3754 1182; x_wconf 87' lang='lat' dir='ltr'><strong>an-</strong></span> 
     </span>
    </p>
   </div>
   <div class='ocr_carea' id='block_1_26' title="bbox 2179 1223 3756 1297">
    <p class='ocr_par' dir='ltr' id='par_1_26' title="bbox 2179 1223 3756 1297">
     <span class='ocr_line' id='line_1_26' title="bbox 2179 1223 3756 1297; baseline -0.003 -19"><span class='ocrx_word' id='word_1_171' title='bbox 2179 1227 2486 1290; x_wconf 88' lang='lat' dir='ltr'><strong>nonariam,</strong></span> <span class='ocrx_word' id='word_1_172' title='bbox 2519 1243 2639 1296; x_wconf 77' lang='lat' dir='ltr'><strong>qum</strong></span> <span class='ocrx_word' id='word_1_173' title='bbox 2672 1229 2906 1283; x_wconf 86' lang='lat' dir='ltr'><strong>classem</strong></span> <span class='ocrx_word' id='word_1_174' title='bbox 2960 1227 3315 1297; x_wconf 87' lang='lat' dir='ltr'><strong>sequebatur,</strong></span> <span class='ocrx_word' id='word_1_175' title='bbox 3364 1223 3578 1279; x_wconf 82' lang='lat' dir='ltr'><strong>bellicis</strong></span> <span class='ocrx_word' id='word_1_176' title='bbox 3621 1223 3756 1291; x_wconf 88' lang='lat' dir='ltr'><strong>peti-</strong></span> 
     </span>
    </p>
   </div>
   <div class='ocr_carea' id='block_1_27' title="bbox 2178 1315 3752 1386">
    <p class='ocr_par' dir='ltr' id='par_1_27' title="bbox 2178 1315 3752 1386">
     <span class='ocr_line' id='line_1_27' title="bbox 2178 1315 3752 1386; baseline -0.004 -12"><span class='ocrx_word' id='word_1_177' title='bbox 2178 1329 2286 1374; x_wconf 88' lang='lat' dir='ltr'><strong>tam</strong></span> <span class='ocrx_word' id='word_1_178' title='bbox 2323 1321 2593 1374; x_wconf 85' lang='lat' dir='ltr'><strong>machinis</strong></span> <span class='ocrx_word' id='word_1_179' title='bbox 2622 1320 2955 1375; x_wconf 86' lang='lat' dir='ltr'><strong>demersere.</strong></span> <span class='ocrx_word' id='word_1_180' title='bbox 2990 1319 3336 1386; x_wconf 79' lang='lat' dir='ltr'><strong>Sqleimanes</strong></span> <span class='ocrx_word' id='word_1_181' title='bbox 3367 1315 3752 1369; x_wconf 87' lang='lat' dir='ltr'><strong>animadversa</strong></span> 
     </span>
    </p>
   </div>
   <div class='ocr_carea' id='block_1_28' title="bbox 2179 1406 3754 1482">
    <p class='ocr_par' dir='ltr' id='par_1_28' title="bbox 2179 1406 3754 1482">
     <span class='ocr_line' id='line_1_28' title="bbox 2179 1406 3754 1482; baseline -0.003 -19"><span class='ocrx_word' id='word_1_182' title='bbox 2179 1409 2505 1466; x_wconf 83' lang='lat' dir='ltr'><strong>Venetorum</strong></span> <span class='ocrx_word' id='word_1_183' title='bbox 2547 1412 2772 1481; x_wconf 84' lang='lat' dir='ltr'><strong>perﬁdia</strong></span> <span class='ocrx_word' id='word_1_184' title='bbox 2829 1426 2995 1482; x_wconf 85' lang='lat' dir='ltr'><strong>quam</strong></span> <span class='ocrx_word' id='word_1_185' title='bbox 3043 1426 3110 1466; x_wconf 80' lang='lat' dir='ltr'><strong>ex</strong></span> <span class='ocrx_word' id='word_1_186' title='bbox 3156 1410 3278 1465; x_wconf 89' lang='lat' dir='ltr'><strong>aliis</strong></span> <span class='ocrx_word' id='word_1_187' title='bbox 3315 1409 3480 1463; x_wconf 81' lang='lat' dir='ltr'><strong>etiam</strong></span> <span class='ocrx_word' id='word_1_188' title='bbox 3539 1406 3754 1460; x_wconf 81' lang='lat' dir='ltr'><strong>indiciis</strong></span> 
     </span>
    </p>
   </div>
   <div class='ocr_carea' id='block_1_29' title="bbox 2178 1499 3752 1572">
    <p class='ocr_par' dir='ltr' id='par_1_29' title="bbox 2178 1499 3752 1572">
     <span class='ocr_line' id='line_1_29' title="bbox 2178 1499 3752 1572; baseline -0.006 -12"><span class='ocrx_word' id='word_1_189' title='bbox 2178 1504 2394 1560; x_wconf 84' lang='lat' dir='ltr'><strong>abunde</strong></span> <span class='ocrx_word' id='word_1_190' title='bbox 2452 1513 2844 1572; x_wconf 73' lang='lat' dir='ltr'><strong>perspexerat;</strong></span> <span class='ocrx_word' id='word_1_191' title='bbox 2903 1517 3010 1557; x_wconf 92' lang='lat' dir='ltr'><strong>non</strong></span> <span class='ocrx_word' id='word_1_192' title='bbox 3067 1513 3261 1572; x_wconf 89' lang='lat' dir='ltr'><strong>parum</strong></span> <span class='ocrx_word' id='word_1_193' title='bbox 3317 1499 3752 1558; x_wconf 73' lang='lat' dir='ltr'><strong>excandesceus,</strong></span> 
     </span>
    </p>
   </div>
   <div class='ocr_carea' id='block_1_30' title="bbox 2177 1589 3754 1667">
    <p class='ocr_par' dir='ltr' id='par_1_30' title="bbox 2177 1589 3754 1667">
     <span class='ocr_line' id='line_1_30' title="bbox 2177 1589 3754 1667; baseline -0.008 -15"><span class='ocrx_word' id='word_1_194' title='bbox 2177 1597 2493 1652; x_wconf 83' lang='lat' dir='ltr'><strong>Chairadiui</strong></span> <span class='ocrx_word' id='word_1_195' title='bbox 2526 1597 2792 1667; x_wconf 86' lang='lat' dir='ltr'><strong>Lutsique</strong></span> <span class='ocrx_word' id='word_1_196' title='bbox 2815 1595 2992 1651; x_wconf 85' lang='lat' dir='ltr'><strong>bassis</strong></span> <span class='ocrx_word' id='word_1_197' title='bbox 3024 1591 3284 1664; x_wconf 65' lang='lat' dir='ltr'><strong>praecepit</strong></span> <span class='ocrx_word' id='word_1_198' title='bbox 3316 1591 3394 1646; x_wconf 88' lang='lat' dir='ltr'><strong>uti</strong></span> <span class='ocrx_word' id='word_1_199' title='bbox 3435 1605 3559 1645; x_wconf 90' lang='lat' dir='ltr'><strong>cum</strong></span> <span class='ocrx_word' id='word_1_200' title='bbox 3580 1589 3754 1642; x_wconf 75' lang='lat' dir='ltr'><strong>classe</strong></span> 
     </span>
    </p>
   </div>
   <div class='ocr_carea' id='block_1_31' title="bbox 2176 1679 3755 1760">
    <p class='ocr_par' dir='ltr' id='par_1_31' title="bbox 2176 1679 3755 1760">
     <span class='ocr_line' id='line_1_31' title="bbox 2176 1679 3755 1760; baseline -0.009 -16"><span class='ocrx_word' id='word_1_201' title='bbox 2176 1690 2468 1760; x_wconf 83' lang='lat' dir='ltr'><strong>Corcyram</strong></span> <span class='ocrx_word' id='word_1_202' title='bbox 2494 1689 2724 1745; x_wconf 89' lang='lat' dir='ltr'><strong>insulam</strong></span> <span class='ocrx_word' id='word_1_203' title='bbox 2760 1697 3028 1759; x_wconf 89' lang='lat' dir='ltr'><strong>peterent,</strong></span> <span class='ocrx_word' id='word_1_204' title='bbox 3059 1685 3318 1756; x_wconf 86' lang='lat' dir='ltr'><strong>oppidula</strong></span> <span class='ocrx_word' id='word_1_205' title='bbox 3345 1699 3469 1738; x_wconf 79' lang='lat' dir='ltr'><strong>cum</strong></span> <span class='ocrx_word' id='word_1_206' title='bbox 3504 1682 3639 1734; x_wconf 77' lang='lat' dir='ltr'><strong>vicis</strong></span> <span class='ocrx_word' id='word_1_207' title='bbox 3657 1679 3755 1731; x_wconf 67' lang='lat' dir='ltr'><strong>deo</strong></span> 
     </span>
    </p>
   </div>
   <div class='ocr_carea' id='block_1_32' title="bbox 2182 1772 3758 1851">
    <p class='ocr_par' dir='ltr' id='par_1_32' title="bbox 2182 1772 3758 1851">
     <span class='ocr_line' id='line_1_32' title="bbox 2182 1772 3758 1851; baseline -0.008 -17"><span class='ocrx_word' id='word_1_208' title='bbox 2182 1783 2584 1851; x_wconf 75' lang='lat' dir='ltr'><strong>praedarentur,</strong></span> <span class='ocrx_word' id='word_1_209' title='bbox 2614 1781 2978 1850; x_wconf 84' lang='lat' dir='ltr'><strong>hominesque</strong></span> <span class='ocrx_word' id='word_1_210' title='bbox 3027 1779 3274 1848; x_wconf 83' lang='lat' dir='ltr'><strong>captivos</strong></span> <span class='ocrx_word' id='word_1_211' title='bbox 3307 1791 3495 1830; x_wconf 84' lang='lat' dir='ltr'><strong>secum</strong></span> <span class='ocrx_word' id='word_1_212' title='bbox 3527 1772 3758 1824; x_wconf 81' lang='lat' dir='ltr'><strong>abduce-</strong></span> 
     </span>
    </p>
   </div>
   <div class='ocr_carea' id='block_1_33' title="bbox 501 1863 3755 1939">
    <p class='ocr_par' dir='ltr' id='par_1_33' title="bbox 501 1863 3755 1939">
     <span class='ocr_line' id='line_1_33' title="bbox 501 1863 3755 1939; baseline -0.003 -14"><span class='ocrx_word' id='word_1_213' title='bbox 501 1871 795 1926; x_wconf 85' lang='lat' dir='ltr'><strong>securitate</strong></span> <span class='ocrx_word' id='word_1_214' title='bbox 843 1871 1040 1938; x_wconf 83' lang='lat' dir='ltr'><strong>suique</strong></span> <span class='ocrx_word' id='word_1_215' title='bbox 1079 1871 1409 1926; x_wconf 89' lang='lat' dir='ltr'><strong>conlidentia</strong></span> <span class='ocrx_word' id='word_1_216' title='bbox 1438 1880 1692 1934; x_wconf 64' lang='lat' dir='ltr'><strong>emeatus,</strong></span> <span class='ocrx_word' id='word_1_217' title='bbox 1752 1885 1968 1924; x_wconf 89' lang='lat' dir='ltr'><strong>omnem</strong></span> <span class='ocrx_word' id='word_1_218' title='bbox 2006 1887 2068 1923; x_wconf 84' lang='lat' dir='ltr'><strong>ex</strong></span> <span class='ocrx_word' id='word_1_219' title='bbox 2105 1867 2145 1920; x_wconf 83' lang='grc' dir='ltr'><strong>Β</strong></span> <span class='ocrx_word' id='word_1_220' title='bbox 2176 1881 2316 1927; x_wconf 84' lang='lat' dir='ltr'><strong>rent.</strong></span> <span class='ocrx_word' id='word_1_221' title='bbox 2358 1871 2412 1925; x_wconf 92' lang='lat' dir='ltr'><strong>ld</strong></span> <span class='ocrx_word' id='word_1_222' title='bbox 2447 1873 2522 1926; x_wconf 89' lang='lat' dir='ltr'><strong>illi</strong></span> <span class='ocrx_word' id='word_1_223' title='bbox 2551 1887 2677 1926; x_wconf 88' lang='lat' dir='ltr'><strong>cum</strong></span> <span class='ocrx_word' id='word_1_224' title='bbox 2711 1871 2995 1934; x_wconf 77' lang='lat' dir='ltr'><strong>fecissent,</strong></span> <span class='ocrx_word' id='word_1_225' title='bbox 3021 1869 3237 1939; x_wconf 74' lang='lat' dir='ltr'><strong>navigia</strong></span> <span class='ocrx_word' id='word_1_226' title='bbox 3281 1863 3755 1934; x_wconf 86' lang='lat' dir='ltr'><strong>maneipiisChri-</strong></span> 
     </span>
    </p>
   </div>
   <div class='ocr_carea' id='block_1_34' title="bbox 503 1961 2074 2032">
    <p class='ocr_par' dir='ltr' id='par_1_34' title="bbox 503 1961 2074 2032">
     <span class='ocr_line' id='line_1_34' title="bbox 503 1961 2074 2032; baseline 0.001 -20"><span class='ocrx_word' id='word_1_227' title='bbox 503 1963 687 2014; x_wconf 85' lang='lat' dir='ltr'><strong>animo</strong></span> <span class='ocrx_word' id='word_1_228' title='bbox 716 1961 1132 2015; x_wconf 83' lang='lat' dir='ltr'><strong>sollicitudinem</strong></span> <span class='ocrx_word' id='word_1_229' title='bbox 1156 1974 1209 2015; x_wconf 91' lang='lat' dir='ltr'><strong>et</strong></span> <span class='ocrx_word' id='word_1_230' title='bbox 1237 1976 1419 2015; x_wconf 87' lang='lat' dir='ltr'><strong>curam</strong></span> <span class='ocrx_word' id='word_1_231' title='bbox 1449 1961 1722 2032; x_wconf 88' lang='lat' dir='ltr'><strong>deposuit.</strong></span> <span class='ocrx_word' id='word_1_232' title='bbox 1746 1961 1945 2015; x_wconf 75' lang='lat' dir='ltr'><strong>Verum</strong></span> <span class='ocrx_word' id='word_1_233' title='bbox 1968 1977 2074 2014; x_wconf 86' lang='lat' dir='ltr'><strong>non</strong></span> 
     </span>
    </p>
   </div>
   <div class='ocr_carea' id='block_1_35' title="bbox 504 2053 2074 2123">
    <p class='ocr_par' dir='ltr' id='par_1_35' title="bbox 504 2053 2074 2123">
     <span class='ocr_line' id='line_1_35' title="bbox 504 2053 2074 2123; baseline 0 -17"><span class='ocrx_word' id='word_1_234' title='bbox 504 2055 675 2107; x_wconf 84' lang='lat' dir='ltr'><strong>multo</strong></span> <span class='ocrx_word' id='word_1_235' title='bbox 707 2063 828 2123; x_wconf 90' lang='lat' dir='ltr'><strong>post</strong></span> <span class='ocrx_word' id='word_1_236' title='bbox 855 2053 1098 2109; x_wconf 89' lang='lat' dir='ltr'><strong>Tunisim</strong></span> <span class='ocrx_word' id='word_1_237' title='bbox 1129 2062 1433 2123; x_wconf 76' lang='lat' dir='ltr'><strong>praepotens</strong></span> <span class='ocrx_word' id='word_1_238' title='bbox 1455 2054 1903 2108; x_wconf 90' lang='lat' dir='ltr'><strong>Christianorum</strong></span> <span class='ocrx_word' id='word_1_239' title='bbox 1934 2054 2074 2108; x_wconf 80' lang='lat' dir='ltr'><strong>clas-</strong></span> 
     </span>
    </p>
   </div>
   <div class='ocr_carea' id='block_1_36' title="bbox 501 2142 2074 2211">
    <p class='ocr_par' dir='ltr' id='par_1_36' title="bbox 501 2142 2074 2211">
     <span class='ocr_line' id='line_1_36' title="bbox 501 2142 2074 2211; baseline 0 -15"><span class='ocrx_word' id='word_1_240' title='bbox 501 2142 579 2197; x_wconf 94' lang='lat' dir='ltr'><strong>sis</strong></span> <span class='ocrx_word' id='word_1_241' title='bbox 612 2143 838 2211; x_wconf 83' lang='lat' dir='ltr'><strong>appulit.</strong></span> <span class='ocrx_word' id='word_1_242' title='bbox 878 2143 949 2196; x_wconf 87' lang='lat' dir='ltr'><strong>Ea</strong></span> <span class='ocrx_word' id='word_1_243' title='bbox 977 2158 1099 2196; x_wconf 90' lang='lat' dir='ltr'><strong>cum</strong></span> <span class='ocrx_word' id='word_1_244' title='bbox 1127 2143 1268 2198; x_wconf 90' lang='lat' dir='ltr'><strong>istuc</strong></span> <span class='ocrx_word' id='word_1_245' title='bbox 1284 2145 1631 2209; x_wconf 84' lang='lat' dir='ltr'><strong>accessisset,</strong></span> <span class='ocrx_word' id='word_1_246' title='bbox 1670 2145 1910 2198; x_wconf 90' lang='lat' dir='ltr'><strong>occurrit</strong></span> <span class='ocrx_word' id='word_1_247' title='bbox 1935 2143 2074 2198; x_wconf 84' lang='lat' dir='ltr'><strong>hesti</strong></span> 
     </span>
    </p>
   </div>
   <div class='ocr_carea' id='block_1_37' title="bbox 502 2235 2076 2305">
    <p class='ocr_par' dir='ltr' id='par_1_37' title="bbox 502 2235 2076 2305">
     <span class='ocr_line' id='line_1_37' title="bbox 502 2235 2076 2305; baseline 0.003 -19"><span class='ocrx_word' id='word_1_248' title='bbox 502 2235 858 2287; x_wconf 84' lang='lat' dir='ltr'><strong>Cltairadines</strong></span> <span class='ocrx_word' id='word_1_249' title='bbox 891 2242 1043 2287; x_wconf 89' lang='lat' dir='ltr'><strong>extra</strong></span> <span class='ocrx_word' id='word_1_250' title='bbox 1069 2236 1256 2288; x_wconf 85' lang='lat' dir='ltr'><strong>urbem</strong></span> <span class='ocrx_word' id='word_1_251' title='bbox 1291 2237 1406 2290; x_wconf 86' lang='lat' dir='ltr'><strong>suis</strong></span> <span class='ocrx_word' id='word_1_252' title='bbox 1453 2252 1580 2289; x_wconf 85' lang='lat' dir='ltr'><strong>cum</strong></span> <span class='ocrx_word' id='word_1_253' title='bbox 1611 2237 1808 2305; x_wconf 86' lang='lat' dir='ltr'><strong>copiis,</strong></span> <span class='ocrx_word' id='word_1_254' title='bbox 1864 2236 2076 2290; x_wconf 69' lang='lat' dir='ltr'><strong>tametsi</strong></span> 
     </span>
    </p>
   </div>
   <div class='ocr_carea' id='block_1_38' title="bbox 500 2329 2077 2386">
    <p class='ocr_par' dir='ltr' id='par_1_38' title="bbox 500 2329 2077 2386">
     <span class='ocr_line' id='line_1_38' title="bbox 500 2329 2077 2386; baseline 0.005 -8"><span class='ocrx_word' id='word_1_255' title='bbox 500 2329 588 2383; x_wconf 69' lang='lat' dir='ltr'><strong>vix</strong></span> <span class='ocrx_word' id='word_1_256' title='bbox 627 2345 816 2384; x_wconf 85' lang='lat' dir='ltr'><strong>novem</strong></span> <span class='ocrx_word' id='word_1_257' title='bbox 858 2333 1115 2386; x_wconf 89' lang='lat' dir='ltr'><strong>decemve</strong></span> <span class='ocrx_word' id='word_1_258' title='bbox 1156 2331 1384 2385; x_wconf 87' lang='lat' dir='ltr'><strong>militum</strong></span> <span class='ocrx_word' id='word_1_259' title='bbox 1417 2329 1738 2384; x_wconf 85' lang='lat' dir='ltr'><strong>idoneorum</strong></span> <span class='ocrx_word' id='word_1_260' title='bbox 1784 2331 1948 2384; x_wconf 87' lang='lat' dir='ltr'><strong>millia</strong></span> <span class='ocrx_word' id='word_1_261' title='bbox 1989 2346 2077 2386; x_wconf 87' lang='lat' dir='ltr'><strong>se-</strong></span> 
     </span>
    </p>
   </div>
   <div class='ocr_carea' id='block_1_39' title="bbox 500 2421 2074 2492">
    <p class='ocr_par' dir='ltr' id='par_1_39' title="bbox 500 2421 2074 2492">
     <span class='ocr_line' id='line_1_39' title="bbox 500 2421 2074 2492; baseline 0.001 -17"><span class='ocrx_word' id='word_1_262' title='bbox 500 2434 626 2475; x_wconf 85' lang='lat' dir='ltr'><strong>cum</strong></span> <span class='ocrx_word' id='word_1_263' title='bbox 661 2421 935 2476; x_wconf 87' lang='lat' dir='ltr'><strong>educeret.</strong></span> <span class='ocrx_word' id='word_1_264' title='bbox 965 2424 1498 2478; x_wconf 80' lang='lat' dir='ltr'><strong>AdChristianorum</strong></span> <span class='ocrx_word' id='word_1_265' title='bbox 1524 2424 1695 2477; x_wconf 84' lang='lat' dir='ltr'><strong>aciem</strong></span> <span class='ocrx_word' id='word_1_266' title='bbox 1731 2437 2074 2492; x_wconf 77' lang='lat' dir='ltr'><strong>progressus,</strong></span> 
     </span>
    </p>
   </div>
   <div class='ocr_carea' id='block_1_40' title="bbox 461 2510 2078 2584">
    <p class='ocr_par' dir='ltr' id='par_1_40' title="bbox 461 2510 2078 2584">
     <span class='ocr_line' id='line_1_40' title="bbox 461 2510 2078 2584; baseline 0.002 -22"><span class='ocrx_word' id='word_1_267' title='bbox 461 2543 468 2552; x_wconf 67' lang='grc' dir='ltr'><strong>ς</strong></span> <span class='ocrx_word' id='word_1_268' title='bbox 502 2510 751 2564; x_wconf 89' lang='lat' dir='ltr'><strong>animose</strong></span> <span class='ocrx_word' id='word_1_269' title='bbox 778 2526 901 2564; x_wconf 91' lang='lat' dir='ltr'><strong>cum</strong></span> <span class='ocrx_word' id='word_1_270' title='bbox 925 2514 1004 2566; x_wconf 90' lang='lat' dir='ltr'><strong>eis</strong></span> <span class='ocrx_word' id='word_1_271' title='bbox 1037 2513 1300 2568; x_wconf 84' lang='lat' dir='ltr'><strong>conﬂixit.</strong></span> <span class='ocrx_word' id='word_1_272' title='bbox 1328 2512 1393 2566; x_wconf 86' lang='lat' dir='ltr'><strong>Et</strong></span> <span class='ocrx_word' id='word_1_273' title='bbox 1422 2529 1734 2584; x_wconf 83' lang='lat' dir='ltr'><strong>quanquam</strong></span> <span class='ocrx_word' id='word_1_274' title='bbox 1762 2514 1954 2582; x_wconf 77' lang='lat' dir='ltr'><strong>ingens</strong></span> <span class='ocrx_word' id='word_1_275' title='bbox 1987 2514 2078 2566; x_wconf 93' lang='lat' dir='ltr'><strong>ho-</strong></span> 
     </span>
    </p>
   </div>
   <div class='ocr_carea' id='block_1_41' title="bbox 504 2603 2075 2669">
    <p class='ocr_par' dir='ltr' id='par_1_41' title="bbox 504 2603 2075 2669">
     <span class='ocr_line' id='line_1_41' title="bbox 504 2603 2075 2669; baseline 0.003 -15"><span class='ocrx_word' id='word_1_276' title='bbox 504 2603 712 2656; x_wconf 89' lang='lat' dir='ltr'><strong>minum</strong></span> <span class='ocrx_word' id='word_1_277' title='bbox 748 2603 1038 2657; x_wconf 88' lang='lat' dir='ltr'><strong>multitudo</strong></span> <span class='ocrx_word' id='word_1_278' title='bbox 1081 2605 1131 2658; x_wconf 92' lang='lat' dir='ltr'><strong>in</strong></span> <span class='ocrx_word' id='word_1_279' title='bbox 1166 2604 1604 2658; x_wconf 90' lang='lat' dir='ltr'><strong>Christianorum</strong></span> <span class='ocrx_word' id='word_1_280' title='bbox 1633 2615 1776 2659; x_wconf 80' lang='lat' dir='ltr'><strong>esset</strong></span> <span class='ocrx_word' id='word_1_281' title='bbox 1805 2605 2075 2669; x_wconf 77' lang='lat' dir='ltr'><strong>exercitu,</strong></span> 
     </span>
    </p>
   </div>
   <div class='ocr_carea' id='block_1_42' title="bbox 504 2695 2077 2766">
    <p class='ocr_par' dir='ltr' id='par_1_42' title="bbox 504 2695 2077 2766">
     <span class='ocr_line' id='line_1_42' title="bbox 504 2695 2077 2766; baseline 0.003 -19"><span class='ocrx_word' id='word_1_282' title='bbox 504 2695 650 2748; x_wconf 70' lang='lat' dir='ltr'><strong>fama</strong></span> <span class='ocrx_word' id='word_1_283' title='bbox 698 2705 877 2751; x_wconf 85' lang='lat' dir='ltr'><strong>tamen</strong></span> <span class='ocrx_word' id='word_1_284' title='bbox 911 2697 1252 2766; x_wconf 88' lang='lat' dir='ltr'><strong>perhibetur,</strong></span> <span class='ocrx_word' id='word_1_285' title='bbox 1291 2697 1456 2751; x_wconf 87' lang='lat' dir='ltr'><strong>multa</strong></span> <span class='ocrx_word' id='word_1_286' title='bbox 1481 2698 1918 2752; x_wconf 83' lang='lat' dir='ltr'><strong>Christianorum</strong></span> <span class='ocrx_word' id='word_1_287' title='bbox 1950 2699 2077 2752; x_wconf 83' lang='lat' dir='ltr'><strong>mil-</strong></span> 
     </span>
    </p>
   </div>
   <div class='ocr_carea' id='block_1_43' title="bbox 505 2786 2079 2853">
    <p class='ocr_par' dir='ltr' id='par_1_43' title="bbox 505 2786 2079 2853">
     <span class='ocr_line' id='line_1_43' title="bbox 505 2786 2079 2853; baseline 0.004 -14"><span class='ocrx_word' id='word_1_288' title='bbox 505 2786 578 2840; x_wconf 88' lang='lat' dir='ltr'><strong>lia</strong></span> <span class='ocrx_word' id='word_1_289' title='bbox 608 2797 722 2840; x_wconf 85' lang='lat' dir='ltr'><strong>tum</strong></span> <span class='ocrx_word' id='word_1_290' title='bbox 754 2802 890 2842; x_wconf 73' lang='lat' dir='ltr'><strong>caesa</strong></span> <span class='ocrx_word' id='word_1_291' title='bbox 924 2787 1113 2853; x_wconf 80' lang='lat' dir='ltr'><strong>fuisse,</strong></span> <span class='ocrx_word' id='word_1_292' title='bbox 1168 2805 1294 2843; x_wconf 91' lang='lat' dir='ltr'><strong>cum</strong></span> <span class='ocrx_word' id='word_1_293' title='bbox 1341 2804 1410 2842; x_wconf 85' lang='lat' dir='ltr'><strong>ex</strong></span> <span class='ocrx_word' id='word_1_294' title='bbox 1453 2790 1681 2844; x_wconf 85' lang='lat' dir='ltr'><strong>adversa</strong></span> <span class='ocrx_word' id='word_1_295' title='bbox 1728 2789 2079 2845; x_wconf 85' lang='lat' dir='ltr'><strong>Chairadinis</strong></span> 
     </span>
    </p>
   </div>
   <div class='ocr_carea' id='block_1_44' title="bbox 505 2879 2077 2948">
    <p class='ocr_par' dir='ltr' id='par_1_44' title="bbox 505 2879 2077 2948">
     <span class='ocr_line' id='line_1_44' title="bbox 505 2879 2077 2948; baseline 0.003 -16"><span class='ocrx_word' id='word_1_296' title='bbox 505 2889 662 2948; x_wconf 85' lang='lat' dir='ltr'><strong>parte</strong></span> <span class='ocrx_word' id='word_1_297' title='bbox 696 2879 804 2934; x_wconf 90' lang='lat' dir='ltr'><strong>duo</strong></span> <span class='ocrx_word' id='word_1_298' title='bbox 827 2881 1091 2935; x_wconf 77' lang='lat' dir='ltr'><strong>duntaxat</strong></span> <span class='ocrx_word' id='word_1_299' title='bbox 1115 2881 1395 2936; x_wconf 82' lang='lat' dir='ltr'><strong>hominum</strong></span> <span class='ocrx_word' id='word_1_300' title='bbox 1418 2882 1589 2938; x_wconf 89' lang='lat' dir='ltr'><strong>millia</strong></span> <span class='ocrx_word' id='word_1_301' title='bbox 1614 2883 2077 2938; x_wconf 86' lang='lat' dir='ltr'><strong>desiderarentur.</strong></span> 
     </span>
    </p>
   </div>
   <div class='ocr_carea' id='block_1_45' title="bbox 503 2971 2077 3040">
    <p class='ocr_par' dir='ltr' id='par_1_45' title="bbox 503 2971 2077 3040">
     <span class='ocr_line' id='line_1_45' title="bbox 503 2971 2077 3040; baseline 0.001 -12"><span class='ocrx_word' id='word_1_302' title='bbox 503 2971 641 3028; x_wconf 87' lang='lat' dir='ltr'><strong>Cum</strong></span> <span class='ocrx_word' id='word_1_303' title='bbox 663 2985 844 3027; x_wconf 86' lang='lat' dir='ltr'><strong>autem</strong></span> <span class='ocrx_word' id='word_1_304' title='bbox 880 2975 1238 3031; x_wconf 82' lang='lat' dir='ltr'><strong>Chairadines</strong></span> <span class='ocrx_word' id='word_1_305' title='bbox 1255 2977 1413 3030; x_wconf 85' lang='lat' dir='ltr'><strong>hoste</strong></span> <span class='ocrx_word' id='word_1_306' title='bbox 1430 2991 1489 3031; x_wconf 87' lang='lat' dir='ltr'><strong>se</strong></span> <span class='ocrx_word' id='word_1_307' title='bbox 1513 2976 1719 3030; x_wconf 85' lang='lat' dir='ltr'><strong>videret</strong></span> <span class='ocrx_word' id='word_1_308' title='bbox 1740 2975 2077 3040; x_wconf 74' lang='lat' dir='ltr'><strong>inferiorem,</strong></span> 
     </span>
    </p>
   </div>
   <div class='ocr_carea' id='block_1_46' title="bbox 506 3066 2079 3136">
    <p class='ocr_par' dir='ltr' id='par_1_46' title="bbox 506 3066 2079 3136">
     <span class='ocr_line' id='line_1_46' title="bbox 506 3066 2079 3136; baseline 0.003 -17"><span class='ocrx_word' id='word_1_309' title='bbox 506 3082 771 3121; x_wconf 85' lang='lat' dir='ltr'><strong>conversa</strong></span> <span class='ocrx_word' id='word_1_310' title='bbox 799 3082 1024 3121; x_wconf 88' lang='lat' dir='ltr'><strong>suorum</strong></span> <span class='ocrx_word' id='word_1_311' title='bbox 1047 3068 1184 3130; x_wconf 88' lang='lat' dir='ltr'><strong>acie,</strong></span> <span class='ocrx_word' id='word_1_312' title='bbox 1206 3068 1272 3121; x_wconf 84' lang='lat' dir='ltr'><strong>ad</strong></span> <span class='ocrx_word' id='word_1_313' title='bbox 1296 3069 1486 3122; x_wconf 89' lang='lat' dir='ltr'><strong>urbem</strong></span> <span class='ocrx_word' id='word_1_314' title='bbox 1520 3082 1577 3122; x_wconf 90' lang='lat' dir='ltr'><strong>se</strong></span> <span class='ocrx_word' id='word_1_315' title='bbox 1603 3068 1825 3136; x_wconf 88' lang='lat' dir='ltr'><strong>recepit.</strong></span> <span class='ocrx_word' id='word_1_316' title='bbox 1855 3066 1930 3122; x_wconf 85' lang='lat' dir='ltr'><strong>Eo</strong></span> <span class='ocrx_word' id='word_1_317' title='bbox 1955 3083 2079 3122; x_wconf 91' lang='lat' dir='ltr'><strong>cum</strong></span> 
     </span>
    </p>
   </div>
   <div class='ocr_carea' id='block_1_47' title="bbox 505 3157 2078 3224">
    <p class='ocr_par' dir='ltr' id='par_1_47' title="bbox 505 3157 2078 3224">
     <span class='ocr_line' id='line_1_47' title="bbox 505 3157 2078 3224; baseline 0.002 -15"><span class='ocrx_word' id='word_1_318' title='bbox 505 3168 734 3211; x_wconf 86' lang='lat' dir='ltr'><strong>ventum</strong></span> <span class='ocrx_word' id='word_1_319' title='bbox 773 3157 983 3221; x_wconf 82' lang='lat' dir='ltr'><strong>luisset,</strong></span> <span class='ocrx_word' id='word_1_320' title='bbox 1037 3158 1314 3211; x_wconf 85' lang='lat' dir='ltr'><strong>occlusam</strong></span> <span class='ocrx_word' id='word_1_321' title='bbox 1358 3157 1584 3224; x_wconf 88' lang='lat' dir='ltr'><strong>reperit,</strong></span> <span class='ocrx_word' id='word_1_322' title='bbox 1615 3166 1670 3210; x_wconf 89' lang='lat' dir='ltr'><strong>ct</strong></span> <span class='ocrx_word' id='word_1_323' title='bbox 1705 3157 1757 3210; x_wconf 91' lang='lat' dir='ltr'><strong>in</strong></span> <span class='ocrx_word' id='word_1_324' title='bbox 1805 3159 2078 3213; x_wconf 68' lang='lat' dir='ltr'><strong>moenibus</strong></span> 
     </span>
    </p>
   </div>
   <div class='ocr_carea' id='block_1_48' title="bbox 504 3247 2075 3320">
    <p class='ocr_par' dir='ltr' id='par_1_48' title="bbox 504 3247 2075 3320">
     <span class='ocr_line' id='line_1_48' title="bbox 504 3247 2075 3320; baseline 0.001 -19"><span class='ocrx_word' id='word_1_325' title='bbox 504 3247 647 3302; x_wconf 84' lang='lat' dir='ltr'><strong>elata</strong></span> <span class='ocrx_word' id='word_1_326' title='bbox 675 3249 1113 3302; x_wconf 85' lang='lat' dir='ltr'><strong>Christianorum</strong></span> <span class='ocrx_word' id='word_1_327' title='bbox 1170 3249 1368 3302; x_wconf 80' lang='lat' dir='ltr'><strong>vexilla</strong></span> <span class='ocrx_word' id='word_1_328' title='bbox 1397 3249 1705 3318; x_wconf 76' lang='lat' dir='ltr'><strong>conspexit.</strong></span> <span class='ocrx_word' id='word_1_329' title='bbox 1742 3249 1956 3320; x_wconf 87' lang='lat' dir='ltr'><strong>Quippe</strong></span> <span class='ocrx_word' id='word_1_330' title='bbox 1984 3266 2075 3305; x_wconf 88' lang='lat' dir='ltr'><strong>ca-</strong></span> 
     </span>
    </p>
   </div>
   <div class='ocr_carea' id='block_1_49' title="bbox 508 3340 2077 3412">
    <p class='ocr_par' dir='ltr' id='par_1_49' title="bbox 508 3340 2077 3412">
     <span class='ocr_line' id='line_1_49' title="bbox 508 3340 2077 3412; baseline 0.002 -18"><span class='ocrx_word' id='word_1_331' title='bbox 508 3341 778 3410; x_wconf 90' lang='lat' dir='ltr'><strong>ptivorum</strong></span> <span class='ocrx_word' id='word_1_332' title='bbox 807 3340 1250 3397; x_wconf 82' lang='lat' dir='ltr'><strong>Christianorum</strong></span> <span class='ocrx_word' id='word_1_333' title='bbox 1280 3342 1564 3412; x_wconf 87' lang='lat' dir='ltr'><strong>aliquotin</strong></span> <span class='ocrx_word' id='word_1_334' title='bbox 1598 3343 1732 3396; x_wconf 84' lang='lat' dir='ltr'><strong>urbe</strong></span> <span class='ocrx_word' id='word_1_335' title='bbox 1783 3343 1953 3396; x_wconf 90' lang='lat' dir='ltr'><strong>millia</strong></span> <span class='ocrx_word' id='word_1_336' title='bbox 1991 3359 2077 3397; x_wconf 90' lang='lat' dir='ltr'><strong>re-</strong></span> 
     </span>
    </p>
   </div>
   <div class='ocr_carea' id='block_1_50' title="bbox 507 3431 2078 3504">
    <p class='ocr_par' dir='ltr' id='par_1_50' title="bbox 507 3431 2078 3504">
     <span class='ocr_line' id='line_1_50' title="bbox 507 3431 2078 3504; baseline 0.003 -20"><span class='ocrx_word' id='word_1_337' title='bbox 507 3431 760 3500; x_wconf 85' lang='lat' dir='ltr'><strong>liquerat,</strong></span> <span class='ocrx_word' id='word_1_338' title='bbox 788 3433 880 3502; x_wconf 88' lang='lat' dir='ltr'><strong>qui</strong></span> <span class='ocrx_word' id='word_1_339' title='bbox 900 3432 1119 3501; x_wconf 88' lang='lat' dir='ltr'><strong>quidem</strong></span> <span class='ocrx_word' id='word_1_340' title='bbox 1147 3434 1374 3495; x_wconf 87' lang='lat' dir='ltr'><strong>interea,</strong></span> <span class='ocrx_word' id='word_1_341' title='bbox 1404 3435 1532 3488; x_wconf 90' lang='lat' dir='ltr'><strong>dum</strong></span> <span class='ocrx_word' id='word_1_342' title='bbox 1569 3442 1723 3488; x_wconf 84' lang='lat' dir='ltr'><strong>extra</strong></span> <span class='ocrx_word' id='word_1_343' title='bbox 1754 3450 1940 3490; x_wconf 90' lang='lat' dir='ltr'><strong>muros</strong></span> <span class='ocrx_word' id='word_1_344' title='bbox 1962 3435 2078 3504; x_wconf 88' lang='lat' dir='ltr'><strong>ipse</strong></span> 
     </span>
    </p>
   </div>
   <div class='ocr_carea' id='block_1_51' title="bbox 508 3524 2083 3596">
    <p class='ocr_par' dir='ltr' id='par_1_51' title="bbox 508 3524 2083 3596">
     <span class='ocr_line' id='line_1_51' title="bbox 508 3524 2083 3596; baseline 0.001 -19"><span class='ocrx_word' id='word_1_345' title='bbox 508 3538 632 3577; x_wconf 93' lang='lat' dir='ltr'><strong>cum</strong></span> <span class='ocrx_word' id='word_1_346' title='bbox 681 3524 924 3578; x_wconf 83' lang='lat' dir='ltr'><strong>exercitu</strong></span> <span class='ocrx_word' id='word_1_347' title='bbox 975 3524 1418 3580; x_wconf 88' lang='lat' dir='ltr'><strong>Christianorum</strong></span> <span class='ocrx_word' id='word_1_348' title='bbox 1473 3525 1834 3593; x_wconf 68' lang='lat' dir='ltr'><strong>prmliaretur,</strong></span> <span class='ocrx_word' id='word_1_349' title='bbox 1870 3526 2083 3596; x_wconf 79' lang='lat' dir='ltr'><strong>perfra-</strong></span> 
     </span>
    </p>
   </div>
   <div class='ocr_carea' id='block_1_52' title="bbox 508 3615 2082 3692">
    <p class='ocr_par' dir='ltr' id='par_1_52' title="bbox 508 3615 2082 3692">
     <span class='ocr_line' id='line_1_52' title="bbox 508 3615 2082 3692; baseline 0.003 -24"><span class='ocrx_word' id='word_1_350' title='bbox 508 3615 612 3669; x_wconf 89' lang='lat' dir='ltr'><strong>ctis</strong></span> <span class='ocrx_word' id='word_1_351' title='bbox 668 3615 1004 3681; x_wconf 89' lang='lat' dir='ltr'><strong>carceribus,</strong></span> <span class='ocrx_word' id='word_1_352' title='bbox 1037 3624 1092 3670; x_wconf 91' lang='lat' dir='ltr'><strong>et</strong></span> <span class='ocrx_word' id='word_1_353' title='bbox 1148 3617 1380 3686; x_wconf 88' lang='lat' dir='ltr'><strong>arreptis</strong></span> <span class='ocrx_word' id='word_1_354' title='bbox 1431 3618 1619 3682; x_wconf 87' lang='lat' dir='ltr'><strong>armis,</strong></span> <span class='ocrx_word' id='word_1_355' title='bbox 1677 3627 1862 3687; x_wconf 89' lang='lat' dir='ltr'><strong>portas</strong></span> <span class='ocrx_word' id='word_1_356' title='bbox 1931 3619 2082 3692; x_wconf 74' lang='lat' dir='ltr'><strong>urbis</strong></span> 
     </span>
    </p>
   </div>
   <div class='ocr_carea' id='block_1_53' title="bbox 507 3707 2078 3772">
    <p class='ocr_par' dir='ltr' id='par_1_53' title="bbox 507 3707 2078 3772">
     <span class='ocr_line' id='line_1_53' title="bbox 507 3707 2078 3772; baseline -0.001 -9"><span class='ocrx_word' id='word_1_357' title='bbox 507 3708 843 3772; x_wconf 87' lang='lat' dir='ltr'><strong>clauserant,</strong></span> <span class='ocrx_word' id='word_1_358' title='bbox 895 3718 950 3762; x_wconf 89' lang='lat' dir='ltr'><strong>et</strong></span> <span class='ocrx_word' id='word_1_359' title='bbox 991 3708 1046 3762; x_wconf 88' lang='lat' dir='ltr'><strong>in</strong></span> <span class='ocrx_word' id='word_1_360' title='bbox 1082 3709 1355 3764; x_wconf 84' lang='lat' dir='ltr'><strong>mcenibus</strong></span> <span class='ocrx_word' id='word_1_361' title='bbox 1405 3709 1602 3764; x_wconf 83' lang='lat' dir='ltr'><strong>vexilla</strong></span> <span class='ocrx_word' id='word_1_362' title='bbox 1637 3707 2078 3763; x_wconf 88' lang='lat' dir='ltr'><strong>Christianorum</strong></span> 
     </span>
    </p>
   </div>
   <div class='ocr_carea' id='block_1_54' title="bbox 508 3801 2087 3872">
    <p class='ocr_par' dir='ltr' id='par_1_54' title="bbox 508 3801 2087 3872">
     <span class='ocr_line' id='line_1_54' title="bbox 508 3801 2087 3872; baseline 0 -17"><span class='ocrx_word' id='word_1_363' title='bbox 508 3809 819 3860; x_wconf 87' lang='lat' dir='ltr'><strong>erexerant.</strong></span> <span class='ocrx_word' id='word_1_364' title='bbox 847 3801 902 3856; x_wconf 94' lang='lat' dir='ltr'><strong>ld</strong></span> <span class='ocrx_word' id='word_1_365' title='bbox 949 3816 1076 3857; x_wconf 89' lang='lat' dir='ltr'><strong>vero</strong></span> <span class='ocrx_word' id='word_1_366' title='bbox 1115 3817 1238 3856; x_wconf 87' lang='lat' dir='ltr'><strong>cum</strong></span> <span class='ocrx_word' id='word_1_367' title='bbox 1275 3802 1590 3870; x_wconf 89' lang='lat' dir='ltr'><strong>accidisset,</strong></span> <span class='ocrx_word' id='word_1_368' title='bbox 1622 3802 1795 3872; x_wconf 86' lang='lat' dir='ltr'><strong>major</strong></span> <span class='ocrx_word' id='word_1_369' title='bbox 1825 3817 1954 3872; x_wconf 87' lang='lat' dir='ltr'><strong>pars</strong></span> <span class='ocrx_word' id='word_1_370' title='bbox 1983 3804 2087 3856; x_wconf 92' lang='lat' dir='ltr'><strong>mi-</strong></span> 
     </span>
    </p>
   </div>
   <div class='ocr_carea' id='block_1_55' title="bbox 510 3890 2082 3963">
    <p class='ocr_par' dir='ltr' id='par_1_55' title="bbox 510 3890 2082 3963">
     <span class='ocr_line' id='line_1_55' title="bbox 510 3890 2082 3963; baseline 0.002 -18"><span class='ocrx_word' id='word_1_371' title='bbox 510 3891 667 3945; x_wconf 85' lang='lat' dir='ltr'><strong>litum</strong></span> <span class='ocrx_word' id='word_1_372' title='bbox 699 3890 1049 3946; x_wconf 84' lang='lat' dir='ltr'><strong>Chairadinis</strong></span> <span class='ocrx_word' id='word_1_373' title='bbox 1097 3905 1260 3956; x_wconf 73' lang='lat' dir='ltr'><strong>caesa,</strong></span> <span class='ocrx_word' id='word_1_374' title='bbox 1322 3902 1634 3963; x_wconf 85' lang='lat' dir='ltr'><strong>cunctaque</strong></span> <span class='ocrx_word' id='word_1_375' title='bbox 1689 3893 1902 3962; x_wconf 77' lang='lat' dir='ltr'><strong>navigia</strong></span> <span class='ocrx_word' id='word_1_376' title='bbox 1955 3908 2082 3948; x_wconf 92' lang='lat' dir='ltr'><strong>eum</strong></span> 
     </span>
    </p>
   </div>
   <div class='ocr_carea' id='block_1_56' title="bbox 511 3980 2086 4050">
    <p class='ocr_par' dir='ltr' id='par_1_56' title="bbox 511 3980 2086 4050">
     <span class='ocr_line' id='line_1_56' title="bbox 511 3980 2086 4050; baseline 0.001 -14"><span class='ocrx_word' id='word_1_377' title='bbox 511 3982 786 4036; x_wconf 87' lang='lat' dir='ltr'><strong>machinis</strong></span> <span class='ocrx_word' id='word_1_378' title='bbox 815 3989 869 4036; x_wconf 90' lang='lat' dir='ltr'><strong>et</strong></span> <span class='ocrx_word' id='word_1_379' title='bbox 903 3991 1166 4050; x_wconf 86' lang='lat' dir='ltr'><strong>apparatu</strong></span> <span class='ocrx_word' id='word_1_380' title='bbox 1199 3980 1399 4038; x_wconf 87' lang='lat' dir='ltr'><strong>bellico</strong></span> <span class='ocrx_word' id='word_1_381' title='bbox 1422 3983 1646 4037; x_wconf 80' lang='lat' dir='ltr'><strong>fuerunt</strong></span> <span class='ocrx_word' id='word_1_382' title='bbox 1670 3984 1892 4038; x_wconf 87' lang='lat' dir='ltr'><strong>amissa.</strong></span> <span class='ocrx_word' id='word_1_383' title='bbox 1925 3984 2086 4038; x_wconf 87' lang='lat' dir='ltr'><strong>Chai-</strong></span> 
     </span>
    </p>
   </div>
   <div class='ocr_carea' id='block_1_57' title="bbox 514 4073 2087 4144">
    <p class='ocr_par' dir='ltr' id='par_1_57' title="bbox 514 4073 2087 4144">
     <span class='ocr_line' id='line_1_57' title="bbox 514 4073 2087 4144; baseline 0.003 -18"><span class='ocrx_word' id='word_1_384' title='bbox 514 4073 734 4126; x_wconf 88' lang='lat' dir='ltr'><strong>radines</strong></span> <span class='ocrx_word' id='word_1_385' title='bbox 758 4086 883 4126; x_wconf 91' lang='lat' dir='ltr'><strong>cum</strong></span> <span class='ocrx_word' id='word_1_386' title='bbox 931 4073 1158 4139; x_wconf 84' lang='lat' dir='ltr'><strong>reliquis</strong></span> <span class='ocrx_word' id='word_1_387' title='bbox 1185 4088 1413 4128; x_wconf 90' lang='lat' dir='ltr'><strong>suorum</strong></span> <span class='ocrx_word' id='word_1_388' title='bbox 1454 4083 1674 4144; x_wconf 84' lang='lat' dir='ltr'><strong>propter</strong></span> <span class='ocrx_word' id='word_1_389' title='bbox 1702 4076 1892 4128; x_wconf 92' lang='lat' dir='ltr'><strong>urbem</strong></span> <span class='ocrx_word' id='word_1_390' title='bbox 1928 4076 2087 4130; x_wconf 81' lang='lat' dir='ltr'><strong>aufu-</strong></span> 
     </span>
    </p>
   </div>
   <div class='ocr_carea' id='block_1_58' title="bbox 513 4162 2083 4233">
    <p class='ocr_par' dir='ltr' id='par_1_58' title="bbox 513 4162 2083 4233">
     <span class='ocr_line' id='line_1_58' title="bbox 513 4162 2083 4233; baseline 0.004 -20"><span class='ocrx_word' id='word_1_391' title='bbox 513 4164 613 4232; x_wconf 77' lang='lat' dir='ltr'><strong>git,</strong></span> <span class='ocrx_word' id='word_1_392' title='bbox 639 4170 692 4214; x_wconf 91' lang='lat' dir='ltr'><strong>et</strong></span> <span class='ocrx_word' id='word_1_393' title='bbox 717 4162 771 4214; x_wconf 91' lang='lat' dir='ltr'><strong>in</strong></span> <span class='ocrx_word' id='word_1_394' title='bbox 802 4162 1126 4215; x_wconf 87' lang='lat' dir='ltr'><strong>solitudines</strong></span> <span class='ocrx_word' id='word_1_395' title='bbox 1168 4177 1226 4216; x_wconf 87' lang='lat' dir='ltr'><strong>se</strong></span> <span class='ocrx_word' id='word_1_396' title='bbox 1259 4179 1385 4216; x_wconf 91' lang='lat' dir='ltr'><strong>cum</strong></span> <span class='ocrx_word' id='word_1_397' title='bbox 1441 4163 1522 4218; x_wconf 88' lang='lat' dir='ltr'><strong>eis</strong></span> <span class='ocrx_word' id='word_1_398' title='bbox 1553 4163 1765 4218; x_wconf 81' lang='lat' dir='ltr'><strong>abdidit</strong></span> <span class='ocrx_word' id='word_1_399' title='bbox 1801 4181 1817 4216; x_wconf 91' lang='lat'><strong>:</strong></span> <span class='ocrx_word' id='word_1_400' title='bbox 1848 4181 2083 4233; x_wconf 84' lang='lat' dir='ltr'><strong>quorum</strong></span> 
     </span>
    </p>
   </div>
   <div class='ocr_carea' id='block_1_59' title="bbox 516 4251 2087 4325">
    <p class='ocr_par' dir='ltr' id='par_1_59' title="bbox 516 4251 2087 4325">
     <span class='ocr_line' id='line_1_59' title="bbox 516 4251 2087 4325; baseline 0.004 -19"><span class='ocrx_word' id='word_1_401' title='bbox 516 4268 709 4321; x_wconf 78' lang='lat' dir='ltr'><strong>magna</strong></span> <span class='ocrx_word' id='word_1_402' title='bbox 744 4267 870 4321; x_wconf 88' lang='lat' dir='ltr'><strong>pars</strong></span> <span class='ocrx_word' id='word_1_403' title='bbox 896 4251 1058 4316; x_wconf 81' lang='lat' dir='ltr'><strong>fame,</strong></span> <span class='ocrx_word' id='word_1_404' title='bbox 1087 4253 1202 4318; x_wconf 87' lang='lat' dir='ltr'><strong>siti,</strong></span> <span class='ocrx_word' id='word_1_405' title='bbox 1235 4265 1292 4308; x_wconf 89' lang='lat' dir='ltr'><strong>et</strong></span> <span class='ocrx_word' id='word_1_406' title='bbox 1352 4264 1488 4309; x_wconf 63' lang='lat' dir='ltr'><strong>aestu</strong></span> <span class='ocrx_word' id='word_1_407' title='bbox 1539 4255 1719 4323; x_wconf 88' lang='lat' dir='ltr'><strong>periit.</strong></span> <span class='ocrx_word' id='word_1_408' title='bbox 1751 4257 1867 4325; x_wconf 91' lang='lat' dir='ltr'><strong>Ipse</strong></span> <span class='ocrx_word' id='word_1_409' title='bbox 1904 4257 2087 4312; x_wconf 90' lang='lat' dir='ltr'><strong>varias</strong></span> 
     </span>
    </p>
   </div>
   <div class='ocr_carea' id='block_1_60' title="bbox 513 4346 2091 4414">
    <p class='ocr_par' dir='ltr' id='par_1_60' title="bbox 513 4346 2091 4414">
     <span class='ocr_line' id='line_1_60' title="bbox 513 4346 2091 4414; baseline 0.001 -15"><span class='ocrx_word' id='word_1_410' title='bbox 513 4354 770 4414; x_wconf 84' lang='lat' dir='ltr'><strong>expertus</strong></span> <span class='ocrx_word' id='word_1_411' title='bbox 793 4359 1089 4410; x_wconf 70' lang='lat' dir='ltr'><strong>mrumnas,</strong></span> <span class='ocrx_word' id='word_1_412' title='bbox 1123 4347 1342 4400; x_wconf 89' lang='lat' dir='ltr'><strong>tandem</strong></span> <span class='ocrx_word' id='word_1_413' title='bbox 1372 4347 1437 4399; x_wconf 88' lang='lat' dir='ltr'><strong>ad</strong></span> <span class='ocrx_word' id='word_1_414' title='bbox 1471 4347 1660 4400; x_wconf 88' lang='lat' dir='ltr'><strong>urbem</strong></span> <span class='ocrx_word' id='word_1_415' title='bbox 1693 4362 1847 4401; x_wconf 89' lang='lat' dir='ltr'><strong>suam</strong></span> <span class='ocrx_word' id='word_1_416' title='bbox 1903 4346 2091 4402; x_wconf 87' lang='lat' dir='ltr'><strong>Cesai-</strong></span> 
     </span>
    </p>
   </div>
   <div class='ocr_carea' id='block_1_61' title="bbox 515 4437 2089 4494">
    <p class='ocr_par' dir='ltr' id='par_1_61' title="bbox 515 4437 2089 4494">
     <span class='ocr_line' id='line_1_61' title="bbox 515 4437 2089 4494; baseline 0.003 -4"><span class='ocrx_word' id='word_1_417' title='bbox 515 4452 629 4491; x_wconf 90' lang='lat' dir='ltr'><strong>rem</strong></span> <span class='ocrx_word' id='word_1_418' title='bbox 665 4437 843 4491; x_wconf 89' lang='lat' dir='ltr'><strong>evasit</strong></span> <span class='ocrx_word' id='word_1_419' title='bbox 876 4453 892 4491; x_wconf 91' lang='lat'><strong>:</strong></span> <span class='ocrx_word' id='word_1_420' title='bbox 925 4437 1070 4491; x_wconf 91' lang='lat' dir='ltr'><strong>unde</strong></span> <span class='ocrx_word' id='word_1_421' title='bbox 1123 4452 1248 4492; x_wconf 90' lang='lat' dir='ltr'><strong>cum</strong></span> <span class='ocrx_word' id='word_1_422' title='bbox 1287 4439 1480 4492; x_wconf 87' lang='lat' dir='ltr'><strong>decem</strong></span> <span class='ocrx_word' id='word_1_423' title='bbox 1506 4449 1560 4493; x_wconf 89' lang='lat' dir='ltr'><strong>et</strong></span> <span class='ocrx_word' id='word_1_424' title='bbox 1597 4447 1722 4494; x_wconf 89' lang='lat' dir='ltr'><strong>octo</strong></span> <span class='ocrx_word' id='word_1_425' title='bbox 1770 4439 2089 4494; x_wconf 87' lang='lat' dir='ltr'><strong>triremibus</strong></span> 
     </span>
    </p>
   </div>
   <div class='ocr_carea' id='block_1_62' title="bbox 2182 1963 3756 2032">
    <p class='ocr_par' dir='ltr' id='par_1_62' title="bbox 2182 1963 3756 2032">
     <span class='ocr_line' id='line_1_62' title="bbox 2182 1963 3756 2032; baseline -0.008 -14"><span class='ocrx_word' id='word_1_426' title='bbox 2182 1963 2402 2027; x_wconf 89' lang='lat' dir='ltr'><strong>stianis,</strong></span> <span class='ocrx_word' id='word_1_427' title='bbox 2433 1965 2678 2032; x_wconf 88' lang='lat' dir='ltr'><strong>cujusvis</strong></span> <span class='ocrx_word' id='word_1_428' title='bbox 2715 1963 2891 2017; x_wconf 62' lang='lat' dir='ltr'><strong>aetatis</strong></span> <span class='ocrx_word' id='word_1_429' title='bbox 2911 1974 2963 2018; x_wconf 86' lang='lat' dir='ltr'><strong>et</strong></span> <span class='ocrx_word' id='word_1_430' title='bbox 2995 1977 3184 2024; x_wconf 90' lang='lat' dir='ltr'><strong>sexus,</strong></span> <span class='ocrx_word' id='word_1_431' title='bbox 3212 1968 3508 2014; x_wconf 88' lang='lat' dir='ltr'><strong>onerarunt</strong></span> <span class='ocrx_word' id='word_1_432' title='bbox 3544 1975 3557 2009; x_wconf 90' lang='lat'><strong>:</strong></span> <span class='ocrx_word' id='word_1_433' title='bbox 3593 1965 3756 2022; x_wconf 85' lang='lat' dir='ltr'><strong>atque</strong></span> 
     </span>
    </p>
   </div>
   <div class='ocr_carea' id='block_1_63' title="bbox 2181 2050 3756 2126">
    <p class='ocr_par' dir='ltr' id='par_1_63' title="bbox 2181 2050 3756 2126">
     <span class='ocr_line' id='line_1_63' title="bbox 2181 2050 3756 2126; baseline -0.006 -17"><span class='ocrx_word' id='word_1_434' title='bbox 2181 2055 2256 2111; x_wconf 91' lang='lat' dir='ltr'><strong>ita</strong></span> <span class='ocrx_word' id='word_1_435' title='bbox 2277 2055 2806 2126; x_wconf 83' lang='lat' dir='ltr'><strong>ConstantinOpolim</strong></span> <span class='ocrx_word' id='word_1_436' title='bbox 2849 2057 3078 2110; x_wconf 87' lang='lat' dir='ltr'><strong>rediere.</strong></span> <span class='ocrx_word' id='word_1_437' title='bbox 3109 2055 3226 2119; x_wconf 79' lang='lat' dir='ltr'><strong>Quo</strong></span> <span class='ocrx_word' id='word_1_438' title='bbox 3279 2052 3464 2116; x_wconf 75' lang='lat' dir='ltr'><strong>delati,</strong></span> <span class='ocrx_word' id='word_1_439' title='bbox 3492 2050 3756 2103; x_wconf 61' lang='lat' dir='ltr'><strong>Chl‘islia-</strong></span> 
     </span>
    </p>
   </div>
   <div class='ocr_carea' id='block_1_64' title="bbox 2189 2140 3754 2219">
    <p class='ocr_par' dir='ltr' id='par_1_64' title="bbox 2189 2140 3754 2219">
     <span class='ocr_line' id='line_1_64' title="bbox 2189 2140 3754 2219; baseline -0.006 -16"><span class='ocrx_word' id='word_1_440' title='bbox 2189 2165 2255 2203; x_wconf 89' lang='lat' dir='ltr'><strong>na</strong></span> <span class='ocrx_word' id='word_1_441' title='bbox 2315 2150 2583 2218; x_wconf 89' lang='lat' dir='ltr'><strong>mancipia</strong></span> <span class='ocrx_word' id='word_1_442' title='bbox 2624 2165 2786 2217; x_wconf 87' lang='lat' dir='ltr'><strong>supra</strong></span> <span class='ocrx_word' id='word_1_443' title='bbox 2803 2149 3058 2219; x_wconf 88' lang='lat' dir='ltr'><strong>oppidum</strong></span> <span class='ocrx_word' id='word_1_444' title='bbox 3091 2145 3358 2207; x_wconf 85' lang='lat' dir='ltr'><strong>Galatam,</strong></span> <span class='ocrx_word' id='word_1_445' title='bbox 3397 2159 3462 2196; x_wconf 83' lang='lat' dir='ltr'><strong>eo</strong></span> <span class='ocrx_word' id='word_1_446' title='bbox 3493 2143 3637 2204; x_wconf 91' lang='lat' dir='ltr'><strong>loco,</strong></span> <span class='ocrx_word' id='word_1_447' title='bbox 3663 2140 3754 2209; x_wconf 89' lang='lat' dir='ltr'><strong>qui</strong></span> 
     </span>
    </p>
   </div>
   <div class='ocr_carea' id='block_1_65' title="bbox 2179 2233 3756 2311">
    <p class='ocr_par' dir='ltr' id='par_1_65' title="bbox 2179 2233 3756 2311">
     <span class='ocr_line' id='line_1_65' title="bbox 2179 2233 3756 2311; baseline -0.006 -17"><span class='ocrx_word' id='word_1_448' title='bbox 2179 2240 2420 2296; x_wconf 87' lang='lat' dir='ltr'><strong>Besictas</strong></span> <span class='ocrx_word' id='word_1_449' title='bbox 2453 2243 2613 2311; x_wconf 75' lang='lat' dir='ltr'><strong>vulgo</strong></span> <span class='ocrx_word' id='word_1_450' title='bbox 2645 2241 2851 2295; x_wconf 86' lang='lat' dir='ltr'><strong>dicitur</strong></span> <span class='ocrx_word' id='word_1_451' title='bbox 2911 2240 2977 2294; x_wconf 90' lang='lat' dir='ltr'><strong>ad</strong></span> <span class='ocrx_word' id='word_1_452' title='bbox 3013 2249 3217 2294; x_wconf 87' lang='lat' dir='ltr'><strong>terram</strong></span> <span class='ocrx_word' id='word_1_453' title='bbox 3244 2249 3546 2303; x_wconf 79' lang='lat' dir='ltr'><strong>exposuere</strong></span> <span class='ocrx_word' id='word_1_454' title='bbox 3572 2273 3587 2286; x_wconf 97' lang='lat'><strong>.</strong></span> <span class='ocrx_word' id='word_1_455' title='bbox 3620 2233 3756 2286; x_wconf 85' lang='lat' dir='ltr'><strong>mis-</strong></span> 
     </span>
    </p>
   </div>
   <div class='ocr_carea' id='block_1_66' title="bbox 2179 2323 3754 2402">
    <p class='ocr_par' dir='ltr' id='par_1_66' title="bbox 2179 2323 3754 2402">
     <span class='ocr_line' id='line_1_66' title="bbox 2179 2323 3754 2402; baseline -0.007 -15"><span class='ocrx_word' id='word_1_456' title='bbox 2179 2332 2364 2402; x_wconf 88' lang='lat' dir='ltr'><strong>sisque</strong></span> <span class='ocrx_word' id='word_1_457' title='bbox 2418 2333 2949 2402; x_wconf 85' lang='lat' dir='ltr'><strong>Constantinopolim</strong></span> <span class='ocrx_word' id='word_1_458' title='bbox 2999 2329 3368 2401; x_wconf 64' lang='lat' dir='ltr'><strong>prmconibus.</strong></span> <span class='ocrx_word' id='word_1_459' title='bbox 3427 2323 3754 2394; x_wconf 77' lang='lat' dir='ltr'><strong>proclamari</strong></span> 
     </span>
    </p>
   </div>
   <div class='ocr_carea' id='block_1_67' title="bbox 2175 2417 3748 2493">
    <p class='ocr_par' dir='ltr' id='par_1_67' title="bbox 2175 2417 3748 2493">
     <span class='ocr_line' id='line_1_67' title="bbox 2175 2417 3748 2493; baseline -0.003 -19"><span class='ocrx_word' id='word_1_460' title='bbox 2175 2422 2480 2492; x_wconf 82' lang='lat' dir='ltr'><strong>jusserunt,</strong></span> <span class='ocrx_word' id='word_1_461' title='bbox 2508 2433 2563 2477; x_wconf 92' lang='lat' dir='ltr'><strong>ut</strong></span> <span class='ocrx_word' id='word_1_462' title='bbox 2594 2425 2639 2478; x_wconf 89' lang='lat' dir='ltr'><strong>si</strong></span> <span class='ocrx_word' id='word_1_463' title='bbox 2674 2425 2798 2493; x_wconf 88' lang='lat' dir='ltr'><strong>quis</strong></span> <span class='ocrx_word' id='word_1_464' title='bbox 2825 2423 3095 2491; x_wconf 79' lang='lat' dir='ltr'><strong>mancipia</strong></span> <span class='ocrx_word' id='word_1_465' title='bbox 3128 2421 3464 2480; x_wconf 86' lang='lat' dir='ltr'><strong>Christiana,</strong></span> <span class='ocrx_word' id='word_1_466' title='bbox 3495 2417 3748 2476; x_wconf 79' lang='lat' dir='ltr'><strong>feminas.</strong></span> 
     </span>
    </p>
   </div>
   <div class='ocr_carea' id='block_1_68' title="bbox 2180 2511 3744 2584">
    <p class='ocr_par' dir='ltr' id='par_1_68' title="bbox 2180 2511 3744 2584">
     <span class='ocr_line' id='line_1_68' title="bbox 2180 2511 3744 2584; baseline -0.004 -15"><span class='ocrx_word' id='word_1_467' title='bbox 2180 2531 2378 2580; x_wconf 88' lang='lat' dir='ltr'><strong>mares,</strong></span> <span class='ocrx_word' id='word_1_468' title='bbox 2401 2514 2657 2584; x_wconf 73' lang='lat' dir='ltr'><strong>juvenes,</strong></span> <span class='ocrx_word' id='word_1_469' title='bbox 2694 2531 2854 2570; x_wconf 88' lang='lat' dir='ltr'><strong>senes</strong></span> <span class='ocrx_word' id='word_1_470' title='bbox 2883 2514 3116 2569; x_wconf 88' lang='lat' dir='ltr'><strong>mercari</strong></span> <span class='ocrx_word' id='word_1_471' title='bbox 3141 2516 3324 2576; x_wconf 88' lang='lat' dir='ltr'><strong>vellet,</strong></span> <span class='ocrx_word' id='word_1_472' title='bbox 3358 2511 3422 2564; x_wconf 88' lang='lat' dir='ltr'><strong>ad</strong></span> <span class='ocrx_word' id='word_1_473' title='bbox 3454 2511 3744 2564; x_wconf 85' lang='lat' dir='ltr'><strong>indicatum</strong></span> 
     </span>
    </p>
   </div>
   <div class='ocr_carea' id='block_1_69' title="bbox 2180 2600 3740 2674">
    <p class='ocr_par' dir='ltr' id='par_1_69' title="bbox 2180 2600 3740 2674">
     <span class='ocr_line' id='line_1_69' title="bbox 2180 2600 3740 2674; baseline -0.008 -12"><span class='ocrx_word' id='word_1_474' title='bbox 2180 2612 2342 2662; x_wconf 91' lang='lat' dir='ltr'><strong>modo</strong></span> <span class='ocrx_word' id='word_1_475' title='bbox 2391 2607 2567 2662; x_wconf 92' lang='lat' dir='ltr'><strong>locum</strong></span> <span class='ocrx_word' id='word_1_476' title='bbox 2603 2608 2836 2672; x_wconf 76' lang='lat' dir='ltr'><strong>veniret,</strong></span> <span class='ocrx_word' id='word_1_477' title='bbox 2877 2607 3079 2661; x_wconf 90' lang='lat' dir='ltr'><strong>ibidem</strong></span> <span class='ocrx_word' id='word_1_478' title='bbox 3121 2603 3441 2674; x_wconf 89' lang='lat' dir='ltr'><strong>hujusmodi</strong></span> <span class='ocrx_word' id='word_1_479' title='bbox 3484 2600 3740 2668; x_wconf 85' lang='lat' dir='ltr'><strong>mancipia</strong></span> 
     </span>
    </p>
   </div>
   <div class='ocr_carea' id='block_1_70' title="bbox 2179 2691 3733 2770">
    <p class='ocr_par' dir='ltr' id='par_1_70' title="bbox 2179 2691 3733 2770">
     <span class='ocr_line' id='line_1_70' title="bbox 2179 2691 3733 2770; baseline -0.007 -16"><span class='ocrx_word' id='word_1_480' title='bbox 2179 2700 2474 2769; x_wconf 79' lang='lat' dir='ltr'><strong>perexiguo</strong></span> <span class='ocrx_word' id='word_1_481' title='bbox 2497 2711 2916 2770; x_wconf 87' lang='lat' dir='ltr'><strong>comparaturus</strong></span> <span class='ocrx_word' id='word_1_482' title='bbox 2937 2701 3134 2770; x_wconf 90' lang='lat' dir='ltr'><strong>pretio.</strong></span> <span class='ocrx_word' id='word_1_483' title='bbox 3161 2698 3316 2765; x_wconf 83' lang='lat' dir='ltr'><strong>Quod</strong></span> <span class='ocrx_word' id='word_1_484' title='bbox 3337 2696 3557 2764; x_wconf 90' lang='lat' dir='ltr'><strong>quidem</strong></span> <span class='ocrx_word' id='word_1_485' title='bbox 3579 2696 3644 2748; x_wconf 86' lang='lat' dir='ltr'><strong>ita</strong></span> <span class='ocrx_word' id='word_1_486' title='bbox 3667 2691 3733 2745; x_wconf 49' lang='lat' dir='ltr'><strong>fai-</strong></span> 
     </span>
    </p>
   </div>
   <div class='ocr_carea' id='block_1_71' title="bbox 2179 2789 3736 2862">
    <p class='ocr_par' dir='ltr' id='par_1_71' title="bbox 2179 2789 3736 2862">
     <span class='ocr_line' id='line_1_71' title="bbox 2179 2789 3736 2862; baseline -0.004 -15"><span class='ocrx_word' id='word_1_487' title='bbox 2179 2803 2325 2847; x_wconf 80' lang='lat' dir='ltr'><strong>Ctum</strong></span> <span class='ocrx_word' id='word_1_488' title='bbox 2361 2792 2484 2857; x_wconf 76' lang='lat' dir='ltr'><strong>fuit,</strong></span> <span class='ocrx_word' id='word_1_489' title='bbox 2517 2801 2626 2846; x_wconf 86' lang='lat' dir='ltr'><strong>tam</strong></span> <span class='ocrx_word' id='word_1_490' title='bbox 2681 2792 2769 2846; x_wconf 89' lang='lat' dir='ltr'><strong>vili</strong></span> <span class='ocrx_word' id='word_1_491' title='bbox 2811 2793 2990 2862; x_wconf 87' lang='lat' dir='ltr'><strong>pretio</strong></span> <span class='ocrx_word' id='word_1_492' title='bbox 3046 2793 3265 2847; x_wconf 90' lang='lat' dir='ltr'><strong>miseris</strong></span> <span class='ocrx_word' id='word_1_493' title='bbox 3310 2790 3419 2846; x_wconf 76' lang='lat' dir='ltr'><strong>illis</strong></span> <span class='ocrx_word' id='word_1_494' title='bbox 3452 2789 3736 2848; x_wconf 76' lang='lat' dir='ltr'><strong>distractis,</strong></span> 
     </span>
    </p>
   </div>
   <div class='ocr_carea' id='block_1_72' title="bbox 2182 2879 3749 2953">
    <p class='ocr_par' dir='ltr' id='par_1_72' title="bbox 2182 2879 3749 2953">
     <span class='ocr_line' id='line_1_72' title="bbox 2182 2879 3749 2953; baseline -0.004 -18"><span class='ocrx_word' id='word_1_495' title='bbox 2182 2883 2258 2935; x_wconf 85' lang='lat' dir='ltr'><strong>uti</strong></span> <span class='ocrx_word' id='word_1_496' title='bbox 2289 2883 2539 2953; x_wconf 86' lang='lat' dir='ltr'><strong>plerique</strong></span> <span class='ocrx_word' id='word_1_497' title='bbox 2570 2883 2785 2937; x_wconf 88' lang='lat' dir='ltr'><strong>duobus</strong></span> <span class='ocrx_word' id='word_1_498' title='bbox 2835 2885 3083 2937; x_wconf 87' lang='lat' dir='ltr'><strong>tribusve</strong></span> <span class='ocrx_word' id='word_1_499' title='bbox 3132 2882 3426 2938; x_wconf 90' lang='lat' dir='ltr'><strong>sultaninis</strong></span> <span class='ocrx_word' id='word_1_500' title='bbox 3471 2879 3749 2939; x_wconf 61' lang='lat' dir='ltr'><strong>vanirent,</strong></span> 
     </span>
    </p>
   </div>
   <div class='ocr_carea' id='block_1_73' title="bbox 2183 2966 3753 3044">
    <p class='ocr_par' dir='ltr' id='par_1_73' title="bbox 2183 2966 3753 3044">
     <span class='ocr_line' id='line_1_73' title="bbox 2183 2966 3753 3044; baseline -0.004 -16"><span class='ocrx_word' id='word_1_501' title='bbox 2183 2975 2286 3029; x_wconf 89' lang='lat' dir='ltr'><strong>hac</strong></span> <span class='ocrx_word' id='word_1_502' title='bbox 2310 2977 2425 3044; x_wconf 75' lang='lat' dir='ltr'><strong>ipsa</strong></span> <span class='ocrx_word' id='word_1_503' title='bbox 2449 2977 2678 3044; x_wconf 83' lang='lat' dir='ltr'><strong>pecunia</strong></span> <span class='ocrx_word' id='word_1_504' title='bbox 2708 2976 2870 3044; x_wconf 70' lang='lat' dir='ltr'><strong>regiis</strong></span> <span class='ocrx_word' id='word_1_505' title='bbox 2895 2966 3168 3030; x_wconf 75' lang='lat' dir='ltr'><strong>thesauris</strong></span> <span class='ocrx_word' id='word_1_506' title='bbox 3196 2975 3364 3027; x_wconf 88' lang='lat' dir='ltr'><strong>illata.</strong></span> <span class='ocrx_word' id='word_1_507' title='bbox 3391 2971 3753 3038; x_wconf 83' lang='lat' dir='ltr'><strong>Posteaquam</strong></span> 
     </span>
    </p>
   </div>
   <div class='ocr_carea' id='block_1_74' title="bbox 2183 3063 3753 3131">
    <p class='ocr_par' dir='ltr' id='par_1_74' title="bbox 2183 3063 3753 3131">
     <span class='ocr_line' id='line_1_74' title="bbox 2183 3063 3753 3131; baseline -0.005 -7"><span class='ocrx_word' id='word_1_508' title='bbox 2183 3069 2407 3124; x_wconf 92' lang='lat' dir='ltr'><strong>domum</strong></span> <span class='ocrx_word' id='word_1_509' title='bbox 2468 3069 2613 3122; x_wconf 91' lang='lat' dir='ltr'><strong>itura</strong></span> <span class='ocrx_word' id='word_1_510' title='bbox 2669 3069 2868 3122; x_wconf 89' lang='lat' dir='ltr'><strong>classis</strong></span> <span class='ocrx_word' id='word_1_511' title='bbox 2914 3067 3264 3131; x_wconf 79' lang='lat' dir='ltr'><strong>discesserat,</strong></span> <span class='ocrx_word' id='word_1_512' title='bbox 3300 3066 3462 3118; x_wconf 88' lang='lat' dir='ltr'><strong>etiam</strong></span> <span class='ocrx_word' id='word_1_513' title='bbox 3501 3063 3753 3118; x_wconf 88' lang='lat' dir='ltr'><strong>sultanus</strong></span> 
     </span>
    </p>
   </div>
   <div class='ocr_carea' id='block_1_75' title="bbox 2187 3157 3759 3230">
    <p class='ocr_par' dir='ltr' id='par_1_75' title="bbox 2187 3157 3759 3230">
     <span class='ocr_line' id='line_1_75' title="bbox 2187 3157 3759 3230; baseline -0.006 -14"><span class='ocrx_word' id='word_1_514' title='bbox 2187 3161 2526 3216; x_wconf 87' lang='lat' dir='ltr'><strong>Soleimanes</strong></span> <span class='ocrx_word' id='word_1_515' title='bbox 2572 3161 2735 3213; x_wconf 87' lang='lat' dir='ltr'><strong>motis</strong></span> <span class='ocrx_word' id='word_1_516' title='bbox 2769 3158 2968 3214; x_wconf 86' lang='lat' dir='ltr'><strong>castris</strong></span> <span class='ocrx_word' id='word_1_517' title='bbox 3001 3158 3106 3212; x_wconf 89' lang='lat' dir='ltr'><strong>iter</strong></span> <span class='ocrx_word' id='word_1_518' title='bbox 3135 3157 3441 3230; x_wconf 76' lang='lat' dir='ltr'><strong>ingressus,</strong></span> <span class='ocrx_word' id='word_1_519' title='bbox 3496 3157 3583 3210; x_wconf 89' lang='lat' dir='ltr'><strong>die</strong></span> <span class='ocrx_word' id='word_1_520' title='bbox 3617 3169 3759 3208; x_wconf 90' lang='lat' dir='ltr'><strong>nono</strong></span> 
     </span>
    </p>
   </div>
   <div class='ocr_carea' id='block_1_76' title="bbox 2183 3247 3754 3322">
    <p class='ocr_par' dir='ltr' id='par_1_76' title="bbox 2183 3247 3754 3322">
     <span class='ocr_line' id='line_1_76' title="bbox 2183 3247 3754 3322; baseline -0.006 -14"><span class='ocrx_word' id='word_1_521' title='bbox 2183 3255 2386 3308; x_wconf 90' lang='lat' dir='ltr'><strong>mensis</strong></span> <span class='ocrx_word' id='word_1_522' title='bbox 2431 3253 2602 3316; x_wconf 90' lang='lat' dir='ltr'><strong>illius,</strong></span> <span class='ocrx_word' id='word_1_523' title='bbox 2637 3254 2731 3322; x_wconf 91' lang='lat' dir='ltr'><strong>qui</strong></span> <span class='ocrx_word' id='word_1_524' title='bbox 2767 3249 3040 3306; x_wconf 87' lang='lat' dir='ltr'><strong>Zemazicl</strong></span> <span class='ocrx_word' id='word_1_525' title='bbox 3094 3251 3264 3305; x_wconf 85' lang='lat' dir='ltr'><strong>Achir</strong></span> <span class='ocrx_word' id='word_1_526' title='bbox 3299 3249 3494 3303; x_wconf 88' lang='lat' dir='ltr'><strong>Turcis</strong></span> <span class='ocrx_word' id='word_1_527' title='bbox 3532 3247 3754 3308; x_wconf 85' lang='lat' dir='ltr'><strong>dicitur,</strong></span> 
     </span>
    </p>
   </div>
   <div class='ocr_carea' id='block_1_77' title="bbox 2182 3338 3758 3412">
    <p class='ocr_par' dir='ltr' id='par_1_77' title="bbox 2182 3338 3758 3412">
     <span class='ocr_line' id='line_1_77' title="bbox 2182 3338 3758 3412; baseline -0.006 -12"><span class='ocrx_word' id='word_1_528' title='bbox 2182 3342 2712 3412; x_wconf 87' lang='lat' dir='ltr'><strong>Constantinopolim</strong></span> <span class='ocrx_word' id='word_1_529' title='bbox 2729 3357 2982 3398; x_wconf 87' lang='lat' dir='ltr'><strong>reversus</strong></span> <span class='ocrx_word' id='word_1_530' title='bbox 2998 3350 3101 3407; x_wconf 90' lang='lat' dir='ltr'><strong>est,</strong></span> <span class='ocrx_word' id='word_1_531' title='bbox 3117 3357 3259 3395; x_wconf 90' lang='lat' dir='ltr'><strong>anno</strong></span> <span class='ocrx_word' id='word_1_532' title='bbox 3277 3342 3380 3394; x_wconf 87' lang='grc'><strong>944</strong></span> <span class='ocrx_word' id='word_1_533' title='bbox 3397 3341 3547 3408; x_wconf 91' lang='lat' dir='ltr'><strong>(Chr.</strong></span> <span class='ocrx_word' id='word_1_534' title='bbox 3572 3338 3758 3403; x_wconf 74' lang='lat' dir='ltr'><strong>l558).</strong></span> 
     </span>
    </p>
   </div>
   <div class='ocr_carea' id='block_1_78' title="bbox 2253 3430 3763 3503">
    <p class='ocr_par' dir='ltr' id='par_1_78' title="bbox 2253 3430 3763 3503">
     <span class='ocr_line' id='line_1_78' title="bbox 2253 3430 3763 3503; baseline -0.003 -15"><span class='ocrx_word' id='word_1_535' title='bbox 2253 3436 2389 3490; x_wconf 90' lang='lat' dir='ltr'><strong>Cum</strong></span> <span class='ocrx_word' id='word_1_536' title='bbox 2441 3435 2564 3489; x_wconf 90' lang='lat' dir='ltr'><strong>istic</strong></span> <span class='ocrx_word' id='word_1_537' title='bbox 2599 3433 2917 3503; x_wconf 88' lang='lat' dir='ltr'><strong>aliquandiu</strong></span> <span class='ocrx_word' id='word_1_538' title='bbox 2954 3433 3225 3496; x_wconf 82' lang='lat' dir='ltr'><strong>haesisset,</strong></span> <span class='ocrx_word' id='word_1_539' title='bbox 3257 3433 3426 3486; x_wconf 89' lang='lat' dir='ltr'><strong>armis</strong></span> <span class='ocrx_word' id='word_1_540' title='bbox 3470 3432 3523 3483; x_wconf 91' lang='lat' dir='ltr'><strong>in</strong></span> <span class='ocrx_word' id='word_1_541' title='bbox 3560 3430 3763 3484; x_wconf 69' lang='lat' dir='ltr'><strong>lloldao</strong></span> 
     </span>
    </p>
   </div>
   <div class='ocr_carea' id='block_1_79' title="bbox 2183 3522 3762 3597">
    <p class='ocr_par' dir='ltr' id='par_1_79' title="bbox 2183 3522 3762 3597">
     <span class='ocr_line' id='line_1_79' title="bbox 2183 3522 3762 3597; baseline -0.005 -15"><span class='ocrx_word' id='word_1_542' title='bbox 2183 3543 2314 3582; x_wconf 87' lang='lat' dir='ltr'><strong>vum</strong></span> <span class='ocrx_word' id='word_1_543' title='bbox 2349 3527 2640 3597; x_wconf 82' lang='lat' dir='ltr'><strong>expeditis,</strong></span> <span class='ocrx_word' id='word_1_544' title='bbox 2683 3526 2970 3580; x_wconf 90' lang='lat' dir='ltr'><strong>undecimo</strong></span> <span class='ocrx_word' id='word_1_545' title='bbox 3013 3525 3100 3578; x_wconf 91' lang='lat' dir='ltr'><strong>die</strong></span> <span class='ocrx_word' id='word_1_546' title='bbox 3136 3524 3344 3578; x_wconf 85' lang='lat' dir='ltr'><strong>mensis</strong></span> <span class='ocrx_word' id='word_1_547' title='bbox 3384 3523 3584 3577; x_wconf 82' lang='lat' dir='ltr'><strong>Seferis</strong></span> <span class='ocrx_word' id='word_1_548' title='bbox 3615 3522 3762 3576; x_wconf 86' lang='lat' dir='ltr'><strong>Cen-</strong></span> 
     </span>
    </p>
   </div>
   <div class='ocr_carea' id='block_1_80' title="bbox 2185 3617 3757 3691">
    <p class='ocr_par' dir='ltr' id='par_1_80' title="bbox 2185 3617 3757 3691">
     <span class='ocr_line' id='line_1_80' title="bbox 2185 3617 3757 3691; baseline -0.006 -13"><span class='ocrx_word' id='word_1_549' title='bbox 2185 3621 2538 3691; x_wconf 85' lang='lat' dir='ltr'><strong>stantiimpoli</strong></span> <span class='ocrx_word' id='word_1_550' title='bbox 2568 3633 2847 3690; x_wconf 79' lang='lat' dir='ltr'><strong>egressus,</strong></span> <span class='ocrx_word' id='word_1_551' title='bbox 2874 3617 3200 3672; x_wconf 70' lang='lat' dir='ltr'><strong>Held-aviam</strong></span> <span class='ocrx_word' id='word_1_552' title='bbox 3226 3633 3421 3672; x_wconf 84' lang='lat' dir='ltr'><strong>versus</strong></span> <span class='ocrx_word' id='word_1_553' title='bbox 3453 3617 3757 3672; x_wconf 82' lang='lat' dir='ltr'><strong>contendit.</strong></span> 
     </span>
    </p>
   </div>
   <div class='ocr_carea' id='block_1_81' title="bbox 2185 3709 3764 3782">
    <p class='ocr_par' dir='ltr' id='par_1_81' title="bbox 2185 3709 3764 3782">
     <span class='ocr_line' id='line_1_81' title="bbox 2185 3709 3764 3782; baseline -0.006 -12"><span class='ocrx_word' id='word_1_554' title='bbox 2185 3713 2284 3770; x_wconf 89' lang='lat' dir='ltr'><strong>Ubi</strong></span> <span class='ocrx_word' id='word_1_555' title='bbox 2313 3713 2378 3767; x_wconf 83' lang='lat' dir='ltr'><strong>ad</strong></span> <span class='ocrx_word' id='word_1_556' title='bbox 2407 3711 2748 3782; x_wconf 87' lang='lat' dir='ltr'><strong>oppidulum,</strong></span> <span class='ocrx_word' id='word_1_557' title='bbox 2792 3710 2940 3779; x_wconf 91' lang='lat' dir='ltr'><strong>quod</strong></span> <span class='ocrx_word' id='word_1_558' title='bbox 2975 3709 3282 3764; x_wconf 87' lang='lat' dir='ltr'><strong>lshacluam</strong></span> <span class='ocrx_word' id='word_1_559' title='bbox 3314 3719 3534 3774; x_wconf 82' lang='lat' dir='ltr'><strong>vocant,</strong></span> <span class='ocrx_word' id='word_1_560' title='bbox 3568 3723 3764 3777; x_wconf 88' lang='lat' dir='ltr'><strong>perve-</strong></span> 
     </span>
    </p>
   </div>
   <div class='ocr_carea' id='block_1_82' title="bbox 2193 3802 3766 3873">
    <p class='ocr_par' dir='ltr' id='par_1_82' title="bbox 2193 3802 3766 3873">
     <span class='ocr_line' id='line_1_82' title="bbox 2193 3802 3766 3873; baseline -0.005 -12"><span class='ocrx_word' id='word_1_561' title='bbox 2193 3807 2386 3873; x_wconf 88' lang='lat' dir='ltr'><strong>nisset,</strong></span> <span class='ocrx_word' id='word_1_562' title='bbox 2425 3804 2754 3860; x_wconf 89' lang='lat' dir='ltr'><strong>transmisso</strong></span> <span class='ocrx_word' id='word_1_563' title='bbox 2808 3803 3075 3869; x_wconf 90' lang='lat' dir='ltr'><strong>Danubio,</strong></span> <span class='ocrx_word' id='word_1_564' title='bbox 3105 3802 3423 3856; x_wconf 78' lang='lat' dir='ltr'><strong>Moldaviam</strong></span> <span class='ocrx_word' id='word_1_565' title='bbox 3484 3803 3766 3868; x_wconf 75' lang='lat' dir='ltr'><strong>ingressus</strong></span> 
     </span>
    </p>
   </div>
   <div class='ocr_carea' id='block_1_83' title="bbox 2185 3895 3758 3967">
    <p class='ocr_par' dir='ltr' id='par_1_83' title="bbox 2185 3895 3758 3967">
     <span class='ocr_line' id='line_1_83' title="bbox 2185 3895 3758 3967; baseline -0.004 -13"><span class='ocrx_word' id='word_1_566' title='bbox 2185 3907 2292 3954; x_wconf 88' lang='lat' dir='ltr'><strong>est.</strong></span> <span class='ocrx_word' id='word_1_567' title='bbox 2319 3900 2395 3954; x_wconf 90' lang='lat' dir='ltr'><strong>lbi</strong></span> <span class='ocrx_word' id='word_1_568' title='bbox 2433 3908 2546 3952; x_wconf 92' lang='lat' dir='ltr'><strong>tum</strong></span> <span class='ocrx_word' id='word_1_569' title='bbox 2572 3897 2693 3967; x_wconf 76' lang='lat' dir='ltr'><strong>fuga</strong></span> <span class='ocrx_word' id='word_1_570' title='bbox 2723 3897 2826 3953; x_wconf 85' lang='lat' dir='ltr'><strong>sibi</strong></span> <span class='ocrx_word' id='word_1_571' title='bbox 2857 3897 3150 3954; x_wconf 89' lang='lat' dir='ltr'><strong>consulere</strong></span> <span class='ocrx_word' id='word_1_572' title='bbox 3185 3895 3420 3950; x_wconf 80' lang='lat' dir='ltr'><strong>Vairoda</strong></span> <span class='ocrx_word' id='word_1_573' title='bbox 3461 3895 3758 3956; x_wconf 77' lang='lat' dir='ltr'><strong>Moldavus,</strong></span> 
     </span>
    </p>
   </div>
   <div class='ocr_carea' id='block_1_84' title="bbox 2187 3987 3763 4059">
    <p class='ocr_par' dir='ltr' id='par_1_84' title="bbox 2187 3987 3763 4059">
     <span class='ocr_line' id='line_1_84' title="bbox 2187 3987 3763 4059; baseline -0.005 -13"><span class='ocrx_word' id='word_1_574' title='bbox 2187 4006 2288 4046; x_wconf 89' lang='lat' dir='ltr'><strong>nec</strong></span> <span class='ocrx_word' id='word_1_575' title='bbox 2317 4005 2551 4059; x_wconf 86' lang='lat' dir='ltr'><strong>usquam</strong></span> <span class='ocrx_word' id='word_1_576' title='bbox 2595 3991 2647 4043; x_wconf 92' lang='lat' dir='ltr'><strong>in</strong></span> <span class='ocrx_word' id='word_1_577' title='bbox 2684 4000 2932 4059; x_wconf 89' lang='lat' dir='ltr'><strong>apertum</strong></span> <span class='ocrx_word' id='word_1_578' title='bbox 2980 3989 3198 4058; x_wconf 87' lang='lat' dir='ltr'><strong>prodire</strong></span> <span class='ocrx_word' id='word_1_579' title='bbox 3230 4005 3244 4043; x_wconf 92' lang='lat'><strong>:</strong></span> <span class='ocrx_word' id='word_1_580' title='bbox 3282 3987 3474 4042; x_wconf 72' lang='lat' dir='ltr'><strong>incola:</strong></span> <span class='ocrx_word' id='word_1_581' title='bbox 3506 4003 3634 4042; x_wconf 85' lang='lat' dir='ltr'><strong>vero</strong></span> <span class='ocrx_word' id='word_1_582' title='bbox 3671 4003 3763 4039; x_wconf 80' lang='lat' dir='ltr'><strong>re-</strong></span> 
     </span>
    </p>
   </div>
   <div class='ocr_carea' id='block_1_85' title="bbox 2186 4079 3760 4154">
    <p class='ocr_par' dir='ltr' id='par_1_85' title="bbox 2186 4079 3760 4154">
     <span class='ocr_line' id='line_1_85' title="bbox 2186 4079 3760 4154; baseline -0.003 -16"><span class='ocrx_word' id='word_1_583' title='bbox 2186 4083 2362 4154; x_wconf 70' lang='lat' dir='ltr'><strong>gionis</strong></span> <span class='ocrx_word' id='word_1_584' title='bbox 2394 4083 2612 4138; x_wconf 91' lang='lat' dir='ltr'><strong>sultano</strong></span> <span class='ocrx_word' id='word_1_585' title='bbox 2660 4099 2718 4138; x_wconf 89' lang='lat' dir='ltr'><strong>se</strong></span> <span class='ocrx_word' id='word_1_586' title='bbox 2773 4083 3002 4148; x_wconf 86' lang='lat' dir='ltr'><strong>dedere,</strong></span> <span class='ocrx_word' id='word_1_587' title='bbox 3043 4082 3135 4152; x_wconf 90' lang='lat' dir='ltr'><strong>qui</strong></span> <span class='ocrx_word' id='word_1_588' title='bbox 3172 4080 3375 4136; x_wconf 87' lang='lat' dir='ltr'><strong>limites</strong></span> <span class='ocrx_word' id='word_1_589' title='bbox 3429 4079 3640 4151; x_wconf 90' lang='lat' dir='ltr'><strong>imperii</strong></span> <span class='ocrx_word' id='word_1_590' title='bbox 3674 4080 3760 4134; x_wconf 88' lang='lat' dir='ltr'><strong>sui</strong></span> 
     </span>
    </p>
   </div>
   <div class='ocr_carea' id='block_1_86' title="bbox 2188 4172 3332 4244">
    <p class='ocr_par' dir='ltr' id='par_1_86' title="bbox 2188 4172 3332 4244">
     <span class='ocr_line' id='line_1_86' title="bbox 2188 4172 3332 4244; baseline -0.005 -12"><span class='ocrx_word' id='word_1_591' title='bbox 2188 4177 2253 4232; x_wconf 87' lang='lat' dir='ltr'><strong>ad</strong></span> <span class='ocrx_word' id='word_1_592' title='bbox 2289 4190 2503 4230; x_wconf 91' lang='lat' dir='ltr'><strong>amnem</strong></span> <span class='ocrx_word' id='word_1_593' title='bbox 2537 4189 2709 4244; x_wconf 89' lang='lat' dir='ltr'><strong>usque</strong></span> <span class='ocrx_word' id='word_1_594' title='bbox 2736 4174 2987 4228; x_wconf 91' lang='lat' dir='ltr'><strong>Berutem</strong></span> <span class='ocrx_word' id='word_1_595' title='bbox 3022 4172 3332 4242; x_wconf 83' lang='lat' dir='ltr'><strong>prolatavit.</strong></span> 
     </span>
    </p>
   </div>
   <div class='ocr_carea' id='block_1_87' title="bbox 2259 4262 3755 4336">
    <p class='ocr_par' dir='ltr' id='par_1_87' title="bbox 2259 4262 3755 4336">
     <span class='ocr_line' id='line_1_87' title="bbox 2259 4262 3755 4336; baseline -0.004 -14"><span class='ocrx_word' id='word_1_596' title='bbox 2259 4271 2387 4322; x_wconf 83' lang='lat' dir='ltr'><strong>Erat</strong></span> <span class='ocrx_word' id='word_1_597' title='bbox 2424 4269 2476 4322; x_wconf 89' lang='lat' dir='ltr'><strong>in</strong></span> <span class='ocrx_word' id='word_1_598' title='bbox 2511 4269 2737 4321; x_wconf 87' lang='lat' dir='ltr'><strong>adversa</strong></span> <span class='ocrx_word' id='word_1_599' title='bbox 2767 4267 2880 4335; x_wconf 88' lang='lat' dir='ltr'><strong>ripa</strong></span> <span class='ocrx_word' id='word_1_600' title='bbox 2921 4265 3192 4336; x_wconf 90' lang='lat' dir='ltr'><strong>quoddam</strong></span> <span class='ocrx_word' id='word_1_601' title='bbox 3229 4263 3573 4332; x_wconf 89' lang='lat' dir='ltr'><strong>oppidulum,</strong></span> <span class='ocrx_word' id='word_1_602' title='bbox 3607 4262 3755 4331; x_wconf 88' lang='lat' dir='ltr'><strong>quod</strong></span> 
     </span>
    </p>
   </div>
   <div class='ocr_carea' id='block_1_88' title="bbox 2192 4353 3758 4429">
    <p class='ocr_par' dir='ltr' id='par_1_88' title="bbox 2192 4353 3758 4429">
     <span class='ocr_line' id='line_1_88' title="bbox 2192 4353 3758 4429; baseline -0.005 -17"><span class='ocrx_word' id='word_1_603' title='bbox 2192 4357 2447 4429; x_wconf 76' lang='lat' dir='ltr'><strong>Sangiaci</strong></span> <span class='ocrx_word' id='word_1_604' title='bbox 2477 4357 2758 4411; x_wconf 83' lang='lat' dir='ltr'><strong>domicilio</strong></span> <span class='ocrx_word' id='word_1_605' title='bbox 2785 4356 2918 4410; x_wconf 89' lang='lat' dir='ltr'><strong>satis</strong></span> <span class='ocrx_word' id='word_1_606' title='bbox 2944 4363 3090 4409; x_wconf 90' lang='lat' dir='ltr'><strong>esset</strong></span> <span class='ocrx_word' id='word_1_607' title='bbox 3115 4355 3390 4407; x_wconf 81' lang='lat' dir='ltr'><strong>idoneum.</strong></span> <span class='ocrx_word' id='word_1_608' title='bbox 3417 4353 3758 4422; x_wconf 81' lang='lat' dir='ltr'><strong>Quapmptcr</strong></span> 
     </span>
    </p>
   </div>
   <div class='ocr_carea' id='block_1_89' title="bbox 2189 4441 3754 4518">
    <p class='ocr_par' dir='ltr' id='par_1_89' title="bbox 2189 4441 3754 4518">
     <span class='ocr_line' id='line_1_89' title="bbox 2189 4441 3754 4518; baseline -0.008 -14"><span class='ocrx_word' id='word_1_609' title='bbox 2189 4464 2254 4504; x_wconf 85' lang='lat' dir='ltr'><strong>eo</strong></span> <span class='ocrx_word' id='word_1_610' title='bbox 2283 4450 2402 4504; x_wconf 89' lang='lat' dir='ltr'><strong>loco</strong></span> <span class='ocrx_word' id='word_1_611' title='bbox 2437 4447 2766 4518; x_wconf 69' lang='lat' dir='ltr'><strong>Sangiacum</strong></span> <span class='ocrx_word' id='word_1_612' title='bbox 2809 4446 3121 4499; x_wconf 88' lang='lat' dir='ltr'><strong>constituit.</strong></span> <span class='ocrx_word' id='word_1_613' title='bbox 3153 4444 3499 4513; x_wconf 90' lang='lat' dir='ltr'><strong>Sequebatur</strong></span> <span class='ocrx_word' id='word_1_614' title='bbox 3526 4441 3576 4496; x_wconf 82' lang='lat' dir='ltr'><strong>itl</strong></span> <span class='ocrx_word' id='word_1_615' title='bbox 3615 4449 3754 4494; x_wconf 89' lang='lat' dir='ltr'><strong>tem-</strong></span> 
     </span>
    </p>
   </div>
   <div class='ocr_carea' id='block_1_90' title="bbox 512 4525 2080 4613">
    <p class='ocr_par' dir='ltr' id='par_1_90' title="bbox 512 4525 2080 4598">
     <span class='ocr_line' id='line_1_90' title="bbox 512 4525 2080 4598; baseline 0.001 -16"><span class='ocrx_word' id='word_1_616' title='bbox 512 4525 1042 4596; x_wconf 88' lang='lat' dir='ltr'><strong>Constantinopolim</strong></span> <span class='ocrx_word' id='word_1_617' title='bbox 1082 4525 1360 4595; x_wconf 80' lang='lat' dir='ltr'><strong>profectus</strong></span> <span class='ocrx_word' id='word_1_618' title='bbox 1387 4538 1491 4594; x_wconf 91' lang='lat' dir='ltr'><strong>est,</strong></span> <span class='ocrx_word' id='word_1_619' title='bbox 1518 4544 1865 4598; x_wconf 87' lang='lat' dir='ltr'><strong>quacumque</strong></span> <span class='ocrx_word' id='word_1_620' title='bbox 1898 4529 2080 4584; x_wconf 87' lang='lat' dir='ltr'><strong>tende-</strong></span> 
     </span>
    </p>
   </div>
   <div class='ocr_carea' id='block_1_91' title="bbox 2184 4525 3755 4613">
    <p class='ocr_par' dir='ltr' id='par_1_91' title="bbox 2202 4535 3755 4610">
     <span class='ocr_line' id='line_1_91' title="bbox 2202 4535 3755 4610; baseline -0.008 -14"><span class='ocrx_word' id='word_1_621' title='bbox 2202 4540 2354 4610; x_wconf 89' lang='lat' dir='ltr'><strong>poris</strong></span> <span class='ocrx_word' id='word_1_622' title='bbox 2384 4541 2606 4593; x_wconf 88' lang='lat' dir='ltr'><strong>Portam</strong></span> <span class='ocrx_word' id='word_1_623' title='bbox 2633 4537 2834 4593; x_wconf 89' lang='lat' dir='ltr'><strong>sultani</strong></span> <span class='ocrx_word' id='word_1_624' title='bbox 2862 4535 3190 4590; x_wconf 88' lang='lat' dir='ltr'><strong>Soleimanis</strong></span> <span class='ocrx_word' id='word_1_625' title='bbox 3241 4535 3460 4603; x_wconf 88' lang='lat' dir='ltr'><strong>quidam</strong></span> <span class='ocrx_word' id='word_1_626' title='bbox 3501 4543 3658 4587; x_wconf 90' lang='lat' dir='ltr'><strong>natus</strong></span> <span class='ocrx_word' id='word_1_627' title='bbox 3691 4548 3755 4585; x_wconf 89' lang='lat' dir='ltr'><strong>ex</strong></span> 
     </span>
    </p>
   </div>
   <div class='ocr_carea' id='block_1_92' title="bbox 517 4617 2093 4683">
    <p class='ocr_par' dir='ltr' id='par_1_92' title="bbox 517 4617 2093 4683">
     <span class='ocr_line' id='line_1_92' title="bbox 517 4617 2093 4683; baseline 0.003 -11"><span class='ocrx_word' id='word_1_628' title='bbox 517 4628 621 4683; x_wconf 90' lang='lat' dir='ltr'><strong>ret,</strong></span> <span class='ocrx_word' id='word_1_629' title='bbox 652 4619 921 4674; x_wconf 87' lang='lat' dir='ltr'><strong>damnum</strong></span> <span class='ocrx_word' id='word_1_630' title='bbox 949 4617 1280 4673; x_wconf 88' lang='lat' dir='ltr'><strong>Christianis</strong></span> <span class='ocrx_word' id='word_1_631' title='bbox 1310 4619 1578 4676; x_wconf 78' lang='lat' dir='ltr'><strong>inferens.</strong></span> <span class='ocrx_word' id='word_1_632' title='bbox 1609 4621 1943 4676; x_wconf 84' lang='lat' dir='ltr'><strong>Acciderunt</strong></span> <span class='ocrx_word' id='word_1_633' title='bbox 1977 4621 2093 4676; x_wconf 75' lang='lat' dir='ltr'><strong>haec</strong></span> 
     </span>
    </p>
   </div>
   <div class='ocr_carea' id='block_1_93' title="bbox 512 4707 1171 4777">
    <p class='ocr_par' dir='ltr' id='par_1_93' title="bbox 512 4707 1171 4777">
     <span class='ocr_line' id='line_1_93' title="bbox 512 4707 1171 4777; baseline 0 -15"><span class='ocrx_word' id='word_1_634' title='bbox 512 4725 659 4762; x_wconf 89' lang='lat' dir='ltr'><strong>anno</strong></span> <span class='ocrx_word' id='word_1_635' title='bbox 681 4709 788 4763; x_wconf 78' lang='grc'><strong>945</strong></span> <span class='ocrx_word' id='word_1_636' title='bbox 811 4707 961 4777; x_wconf 87' lang='lat' dir='ltr'><strong>(Chr.</strong></span> <span class='ocrx_word' id='word_1_637' title='bbox 989 4708 1171 4776; x_wconf 72' lang='grc'><strong>4557).</strong></span> 
     </span>
    </p>
   </div>
   <div class='ocr_carea' id='block_1_94' title="bbox 586 4798 2090 4870">
    <p class='ocr_par' dir='ltr' id='par_1_94' title="bbox 586 4798 2090 4870">
     <span class='ocr_line' id='line_1_94' title="bbox 586 4798 2090 4870; baseline 0.002 -19"><span class='ocrx_word' id='word_1_638' title='bbox 586 4798 808 4853; x_wconf 89' lang='lat' dir='ltr'><strong>Solebat</strong></span> <span class='ocrx_word' id='word_1_639' title='bbox 837 4803 942 4853; x_wconf 90' lang='lat' dir='ltr'><strong>hoc</strong></span> <span class='ocrx_word' id='word_1_640' title='bbox 975 4807 1220 4869; x_wconf 86' lang='lat' dir='ltr'><strong>tempore</strong></span> <span class='ocrx_word' id='word_1_641' title='bbox 1250 4798 1728 4870; x_wconf 81' lang='lat' dir='ltr'><strong>Constantinopoli</strong></span> <span class='ocrx_word' id='word_1_642' title='bbox 1751 4798 2090 4855; x_wconf 88' lang='lat' dir='ltr'><strong>Soleimanes</strong></span> 
     </span>
    </p>
   </div>
   <div class='ocr_carea' id='block_1_95' title="bbox 517 4889 2092 4960">
    <p class='ocr_par' dir='ltr' id='par_1_95' title="bbox 517 4889 2092 4960">
     <span class='ocr_line' id='line_1_95' title="bbox 517 4889 2092 4960; baseline 0.001 -16"><span class='ocrx_word' id='word_1_643' title='bbox 517 4891 836 4960; x_wconf 91' lang='lat' dir='ltr'><strong>plerumque</strong></span> <span class='ocrx_word' id='word_1_644' title='bbox 860 4891 1076 4960; x_wconf 78' lang='lat' dir='ltr'><strong>degere.</strong></span> <span class='ocrx_word' id='word_1_645' title='bbox 1114 4889 1312 4945; x_wconf 86' lang='lat' dir='ltr'><strong>Verum</strong></span> <span class='ocrx_word' id='word_1_646' title='bbox 1345 4892 1445 4945; x_wconf 89' lang='lat' dir='ltr'><strong>ista</strong></span> <span class='ocrx_word' id='word_1_647' title='bbox 1472 4907 1594 4947; x_wconf 89' lang='lat' dir='ltr'><strong>cum</strong></span> <span class='ocrx_word' id='word_1_648' title='bbox 1623 4894 1929 4956; x_wconf 83' lang='lat' dir='ltr'><strong>evenirent,</strong></span> <span class='ocrx_word' id='word_1_649' title='bbox 1950 4892 2092 4946; x_wconf 69' lang='lat' dir='ltr'><strong>forte</strong></span> 
     </span>
    </p>
   </div>
   <div class='ocr_carea' id='block_1_96' title="bbox 518 4979 2089 5054">
    <p class='ocr_par' dir='ltr' id='par_1_96' title="bbox 518 4979 2089 5054">
     <span class='ocr_line' id='line_1_96' title="bbox 518 4979 2089 5054; baseline 0.001 -17"><span class='ocrx_word' id='word_1_650' title='bbox 518 4986 847 5052; x_wconf 78' lang='lat' dir='ltr'><strong>migraverat</strong></span> <span class='ocrx_word' id='word_1_651' title='bbox 877 4981 1350 5054; x_wconf 84' lang='lat' dir='ltr'><strong>Hadrianopolim,</strong></span> <span class='ocrx_word' id='word_1_652' title='bbox 1373 4995 1428 5038; x_wconf 94' lang='lat' dir='ltr'><strong>ut</strong></span> <span class='ocrx_word' id='word_1_653' title='bbox 1451 4988 1574 5040; x_wconf 88' lang='lat' dir='ltr'><strong>istic</strong></span> <span class='ocrx_word' id='word_1_654' title='bbox 1608 4986 1946 5040; x_wconf 89' lang='lat' dir='ltr'><strong>hibernaret.</strong></span> <span class='ocrx_word' id='word_1_655' title='bbox 1974 4979 2089 5039; x_wconf 18' lang='lat' dir='ltr'><strong>Sub.</strong></span> 
     </span>
    </p>
   </div>
   <div class='ocr_carea' id='block_1_97' title="bbox 518 5075 2090 5149">
    <p class='ocr_par' dir='ltr' id='par_1_97' title="bbox 518 5075 2090 5149">
     <span class='ocr_line' id='line_1_97' title="bbox 518 5075 2090 5149; baseline 0.001 -20"><span class='ocrx_word' id='word_1_656' title='bbox 518 5077 725 5130; x_wconf 60' lang='lat' dir='ltr'><strong>aestatis</strong></span> <span class='ocrx_word' id='word_1_657' title='bbox 765 5075 980 5128; x_wconf 91' lang='lat' dir='ltr'><strong>initium</strong></span> <span class='ocrx_word' id='word_1_658' title='bbox 1008 5091 1264 5131; x_wconf 79' lang='lat' dir='ltr'><strong>reversus</strong></span> <span class='ocrx_word' id='word_1_659' title='bbox 1289 5077 1849 5149; x_wconf 75' lang='lat' dir='ltr'><strong>ConstantiDOpolim,</strong></span> <span class='ocrx_word' id='word_1_660' title='bbox 1884 5080 1949 5132; x_wconf 92' lang='lat' dir='ltr'><strong>ad</strong></span> <span class='ocrx_word' id='word_1_661' title='bbox 1977 5078 2090 5134; x_wconf 87' lang='lat' dir='ltr'><strong>hel-</strong></span> 
     </span>
    </p>
   </div>
   <div class='ocr_carea' id='block_1_98' title="bbox 524 5166 2092 5240">
    <p class='ocr_par' dir='ltr' id='par_1_98' title="bbox 524 5166 2092 5240">
     <span class='ocr_line' id='line_1_98' title="bbox 524 5166 2092 5240; baseline 0.003 -20"><span class='ocrx_word' id='word_1_662' title='bbox 524 5170 634 5220; x_wconf 89' lang='lat' dir='ltr'><strong>Ium</strong></span> <span class='ocrx_word' id='word_1_663' title='bbox 688 5181 746 5220; x_wconf 90' lang='lat' dir='ltr'><strong>sc</strong></span> <span class='ocrx_word' id='word_1_664' title='bbox 781 5166 942 5237; x_wconf 64' lang='grc'><strong>347</strong></span> <span class='ocrx_word' id='word_1_665' title='bbox 979 5167 1213 5235; x_wconf 85' lang='lat' dir='ltr'><strong>paravit,</strong></span> <span class='ocrx_word' id='word_1_666' title='bbox 1244 5179 1296 5222; x_wconf 89' lang='lat' dir='ltr'><strong>et</strong></span> <span class='ocrx_word' id='word_1_667' title='bbox 1326 5167 1713 5224; x_wconf 89' lang='lat' dir='ltr'><strong>Chairadincm</strong></span> <span class='ocrx_word' id='word_1_668' title='bbox 1770 5169 2092 5240; x_wconf 88' lang='lat' dir='ltr'><strong>Lutsimquc</strong></span> 
     </span>
    </p>
   </div>
   <div class='ocr_carea' id='block_1_99' title="bbox 520 5260 2088 5331">
    <p class='ocr_par' dir='ltr' id='par_1_99' title="bbox 520 5260 2088 5331">
     <span class='ocr_line' id='line_1_99' title="bbox 520 5260 2088 5331; baseline 0 -17"><span class='ocrx_word' id='word_1_669' title='bbox 520 5261 708 5314; x_wconf 87' lang='lat' dir='ltr'><strong>bassas</strong></span> <span class='ocrx_word' id='word_1_670' title='bbox 739 5274 933 5328; x_wconf 76' lang='lat' dir='ltr'><strong>magna</strong></span> <span class='ocrx_word' id='word_1_671' title='bbox 987 5275 1108 5314; x_wconf 90' lang='lat' dir='ltr'><strong>cum</strong></span> <span class='ocrx_word' id='word_1_672' title='bbox 1158 5260 1334 5315; x_wconf 80' lang='lat' dir='ltr'><strong>classe</strong></span> <span class='ocrx_word' id='word_1_673' title='bbox 1368 5261 1598 5328; x_wconf 89' lang='lat' dir='ltr'><strong>dimisit,</strong></span> <span class='ocrx_word' id='word_1_674' title='bbox 1644 5263 1737 5331; x_wconf 92' lang='lat' dir='ltr'><strong>qui</strong></span> <span class='ocrx_word' id='word_1_675' title='bbox 1798 5262 1933 5316; x_wconf 81' lang='lat' dir='ltr'><strong>mari</strong></span> <span class='ocrx_word' id='word_1_676' title='bbox 1976 5278 2088 5316; x_wconf 89' lang='lat' dir='ltr'><strong>rem</strong></span> 
     </span>
    </p>
   </div>
   <div class='ocr_carea' id='block_1_100' title="bbox 519 5351 2089 5425">
    <p class='ocr_par' dir='ltr' id='par_1_100' title="bbox 519 5351 2089 5425">
     <span class='ocr_line' id='line_1_100' title="bbox 519 5351 2089 5425; baseline 0.005 -23"><span class='ocrx_word' id='word_1_677' title='bbox 519 5362 814 5422; x_wconf 73' lang='lat' dir='ltr'><strong>gererent:</strong></span> <span class='ocrx_word' id='word_1_678' title='bbox 863 5352 981 5420; x_wconf 84' lang='lat' dir='ltr'><strong>ipse</strong></span> <span class='ocrx_word' id='word_1_679' title='bbox 1038 5351 1511 5423; x_wconf 84' lang='lat' dir='ltr'><strong>ConstantinOpnli</strong></span> <span class='ocrx_word' id='word_1_680' title='bbox 1572 5358 1874 5425; x_wconf 73' lang='lat' dir='ltr'><strong>digressus,</strong></span> <span class='ocrx_word' id='word_1_681' title='bbox 1924 5356 2089 5410; x_wconf 76' lang='lat' dir='ltr'><strong>Alba-</strong></span> 
     </span>
    </p>
   </div>
   <div class='ocr_carea' id='block_1_101' title="bbox 524 5445 2092 5515">
    <p class='ocr_par' dir='ltr' id='par_1_101' title="bbox 524 5445 2092 5515">
     <span class='ocr_line' id='line_1_101' title="bbox 524 5445 2092 5515; baseline 0.004 -19"><span class='ocrx_word' id='word_1_682' title='bbox 524 5446 668 5498; x_wconf 86' lang='lat' dir='ltr'><strong>niam</strong></span> <span class='ocrx_word' id='word_1_683' title='bbox 699 5446 871 5515; x_wconf 87' lang='lat' dir='ltr'><strong>petiit.</strong></span> <span class='ocrx_word' id='word_1_684' title='bbox 897 5445 1191 5499; x_wconf 85' lang='lat' dir='ltr'><strong>Avclonam</strong></span> <span class='ocrx_word' id='word_1_685' title='bbox 1217 5461 1340 5500; x_wconf 90' lang='lat' dir='ltr'><strong>cum</strong></span> <span class='ocrx_word' id='word_1_686' title='bbox 1369 5449 1722 5515; x_wconf 87' lang='lat' dir='ltr'><strong>pervenisset,</strong></span> <span class='ocrx_word' id='word_1_687' title='bbox 1747 5450 1907 5501; x_wconf 87' lang='lat' dir='ltr'><strong>etiam</strong></span> <span class='ocrx_word' id='word_1_688' title='bbox 1932 5449 2092 5503; x_wconf 76' lang='lat' dir='ltr'><strong>Chai-</strong></span> 
     </span>
    </p>
   </div>
   <div class='ocr_carea' id='block_1_102' title="bbox 525 5535 2088 5610">
    <p class='ocr_par' dir='ltr' id='par_1_102' title="bbox 525 5535 2088 5610">
     <span class='ocr_line' id='line_1_102' title="bbox 525 5535 2088 5610; baseline 0.005 -23"><span class='ocrx_word' id='word_1_689' title='bbox 525 5537 742 5590; x_wconf 85' lang='lat' dir='ltr'><strong>radincs</strong></span> <span class='ocrx_word' id='word_1_690' title='bbox 765 5545 816 5590; x_wconf 92' lang='lat' dir='ltr'><strong>ct</strong></span> <span class='ocrx_word' id='word_1_691' title='bbox 847 5535 1030 5591; x_wconf 88' lang='lat' dir='ltr'><strong>Lutsis</strong></span> <span class='ocrx_word' id='word_1_692' title='bbox 1060 5537 1248 5610; x_wconf 81' lang='lat' dir='ltr'><strong>eodem</strong></span> <span class='ocrx_word' id='word_1_693' title='bbox 1280 5551 1402 5590; x_wconf 91' lang='lat' dir='ltr'><strong>cum</strong></span> <span class='ocrx_word' id='word_1_694' title='bbox 1428 5538 1603 5592; x_wconf 84' lang='lat' dir='ltr'><strong>classe</strong></span> <span class='ocrx_word' id='word_1_695' title='bbox 1636 5539 1964 5604; x_wconf 85' lang='lat' dir='ltr'><strong>triremium,</strong></span> <span class='ocrx_word' id='word_1_696' title='bbox 1986 5555 2088 5594; x_wconf 67' lang='lat' dir='ltr'><strong>cae-</strong></span> 
     </span>
    </p>
   </div>
   <div class='ocr_carea' id='block_1_103' title="bbox 523 5629 2086 5699">
    <p class='ocr_par' dir='ltr' id='par_1_103' title="bbox 523 5629 2086 5699">
     <span class='ocr_line' id='line_1_103' title="bbox 523 5629 2086 5699; baseline 0.004 -20"><span class='ocrx_word' id='word_1_697' title='bbox 523 5629 764 5693; x_wconf 81' lang='lat' dir='ltr'><strong>terisque</strong></span> <span class='ocrx_word' id='word_1_698' title='bbox 817 5644 939 5682; x_wconf 89' lang='lat' dir='ltr'><strong>cum</strong></span> <span class='ocrx_word' id='word_1_699' title='bbox 981 5629 1239 5698; x_wconf 76' lang='lat' dir='ltr'><strong>navigiis,</strong></span> <span class='ocrx_word' id='word_1_700' title='bbox 1272 5629 1617 5699; x_wconf 83' lang='lat' dir='ltr'><strong>appulerunt.</strong></span> <span class='ocrx_word' id='word_1_701' title='bbox 1657 5630 1996 5687; x_wconf 85' lang='lat' dir='ltr'><strong>Soleiinanes</strong></span> <span class='ocrx_word' id='word_1_702' title='bbox 2034 5633 2086 5686; x_wconf 92' lang='lat' dir='ltr'><strong>in</strong></span> 
     </span>
    </p>
   </div>
   <div class='ocr_carea' id='block_1_104' title="bbox 518 5719 2085 5790">
    <p class='ocr_par' dir='ltr' id='par_1_104' title="bbox 518 5719 2085 5790">
     <span class='ocr_line' id='line_1_104' title="bbox 518 5719 2085 5790; baseline 0.003 -18"><span class='ocrx_word' id='word_1_703' title='bbox 518 5719 634 5772; x_wconf 76' lang='lat' dir='ltr'><strong>lora</strong></span> <span class='ocrx_word' id='word_1_704' title='bbox 669 5729 953 5772; x_wconf 63' lang='lat' dir='ltr'><strong>montuosa</strong></span> <span class='ocrx_word' id='word_1_705' title='bbox 982 5721 1284 5790; x_wconf 83' lang='lat' dir='ltr'><strong>prolectus,</strong></span> <span class='ocrx_word' id='word_1_706' title='bbox 1309 5721 1502 5774; x_wconf 90' lang='lat' dir='ltr'><strong>ibidem</strong></span> <span class='ocrx_word' id='word_1_707' title='bbox 1527 5737 1650 5775; x_wconf 85' lang='lat' dir='ltr'><strong>cum</strong></span> <span class='ocrx_word' id='word_1_708' title='bbox 1688 5722 1863 5776; x_wconf 75' lang='lat' dir='ltr'><strong>Porta:</strong></span> <span class='ocrx_word' id='word_1_709' title='bbox 1897 5723 2085 5776; x_wconf 87' lang='lat' dir='ltr'><strong>militi-</strong></span> 
     </span>
    </p>
   </div>
   <div class='ocr_carea' id='block_1_105' title="bbox 522 5814 2083 5885">
    <p class='ocr_par' dir='ltr' id='par_1_105' title="bbox 522 5814 2083 5885">
     <span class='ocr_line' id='line_1_105' title="bbox 522 5814 2083 5885; baseline 0.004 -23"><span class='ocrx_word' id='word_1_710' title='bbox 522 5814 624 5868; x_wconf 87' lang='lat' dir='ltr'><strong>bus</strong></span> <span class='ocrx_word' id='word_1_711' title='bbox 651 5821 704 5866; x_wconf 86' lang='lat' dir='ltr'><strong>et</strong></span> <span class='ocrx_word' id='word_1_712' title='bbox 763 5820 1020 5866; x_wconf 77' lang='lat' dir='ltr'><strong>comitatu</strong></span> <span class='ocrx_word' id='word_1_713' title='bbox 1069 5814 1266 5866; x_wconf 84' lang='lat' dir='ltr'><strong>castris</strong></span> <span class='ocrx_word' id='word_1_714' title='bbox 1333 5815 1511 5866; x_wconf 81' lang='lat' dir='ltr'><strong>locum</strong></span> <span class='ocrx_word' id='word_1_715' title='bbox 1566 5814 1751 5883; x_wconf 76' lang='lat' dir='ltr'><strong>cepit:</strong></span> <span class='ocrx_word' id='word_1_716' title='bbox 1817 5815 2083 5885; x_wconf 85' lang='lat' dir='ltr'><strong>reliquum</strong></span> 
     </span>
    </p>
   </div>
   <div class='ocr_carea' id='block_1_106' title="bbox 2201 4628 3766 4694">
    <p class='ocr_par' dir='ltr' id='par_1_106' title="bbox 2201 4628 3766 4694">
     <span class='ocr_line' id='line_1_106' title="bbox 2201 4628 3766 4694; baseline -0.004 -10"><span class='ocrx_word' id='word_1_717' title='bbox 2201 4632 2407 4686; x_wconf 79' lang='lat' dir='ltr'><strong>familia</strong></span> <span class='ocrx_word' id='word_1_718' title='bbox 2441 4631 2812 4686; x_wconf 80' lang='lat' dir='ltr'><strong>Vaivodarum</strong></span> <span class='ocrx_word' id='word_1_719' title='bbox 2842 4629 3143 4688; x_wconf 68' lang='lat' dir='ltr'><strong>Moldaviae,</strong></span> <span class='ocrx_word' id='word_1_720' title='bbox 3177 4628 3262 4681; x_wconf 88' lang='lat' dir='ltr'><strong>cui</strong></span> <span class='ocrx_word' id='word_1_721' title='bbox 3296 4637 3350 4682; x_wconf 88' lang='lat' dir='ltr'><strong>et</strong></span> <span class='ocrx_word' id='word_1_722' title='bbox 3371 4642 3600 4680; x_wconf 71' lang='lat' dir='ltr'><strong>annonm</strong></span> <span class='ocrx_word' id='word_1_723' title='bbox 3630 4641 3766 4694; x_wconf 48' lang='lat' dir='ltr'><strong>prau</strong></span> 
     </span>
    </p>
   </div>
   <div class='ocr_carea' id='block_1_107' title="bbox 2193 4715 3761 4778">
    <p class='ocr_par' dir='ltr' id='par_1_107' title="bbox 2193 4715 3761 4778">
     <span class='ocr_line' id='line_1_107' title="bbox 2193 4715 3761 4778; baseline -0.006 0"><span class='ocrx_word' id='word_1_724' title='bbox 2193 4723 2481 4778; x_wconf 78' lang='lat' dir='ltr'><strong>bebantur.</strong></span> <span class='ocrx_word' id='word_1_725' title='bbox 2522 4720 2694 4776; x_wconf 76' lang='lat' dir='ltr'><strong>llunc-</strong></span> <span class='ocrx_word' id='word_1_726' title='bbox 2730 4721 3073 4775; x_wconf 84' lang='lat' dir='ltr'><strong>Soleimanes</strong></span> <span class='ocrx_word' id='word_1_727' title='bbox 3131 4719 3412 4774; x_wconf 74' lang='lat' dir='ltr'><strong>Moldavim</strong></span> <span class='ocrx_word' id='word_1_728' title='bbox 3469 4715 3761 4770; x_wconf 78' lang='lat' dir='ltr'><strong>\‘aivodam</strong></span> 
     </span>
    </p>
   </div>
   <div class='ocr_carea' id='block_1_108' title="bbox 2192 4809 3762 4885">
    <p class='ocr_par' dir='ltr' id='par_1_108' title="bbox 2192 4809 3762 4885">
     <span class='ocr_line' id='line_1_108' title="bbox 2192 4809 3762 4885; baseline -0.006 -17"><span class='ocrx_word' id='word_1_729' title='bbox 2192 4813 2454 4885; x_wconf 65' lang='lat' dir='ltr'><strong>praefecit.</strong></span> <span class='ocrx_word' id='word_1_730' title='bbox 2485 4812 2635 4878; x_wconf 82' lang='lat' dir='ltr'><strong>Quod</strong></span> <span class='ocrx_word' id='word_1_731' title='bbox 2674 4814 2820 4882; x_wconf 90' lang='lat' dir='ltr'><strong>prior</strong></span> <span class='ocrx_word' id='word_1_732' title='bbox 2853 4813 2941 4865; x_wconf 88' lang='lat' dir='ltr'><strong>ille</strong></span> <span class='ocrx_word' id='word_1_733' title='bbox 2977 4810 3218 4866; x_wconf 80' lang='lat' dir='ltr'><strong>Vaivoda</strong></span> <span class='ocrx_word' id='word_1_734' title='bbox 3275 4826 3396 4865; x_wconf 90' lang='lat' dir='ltr'><strong>cum</strong></span> <span class='ocrx_word' id='word_1_735' title='bbox 3429 4809 3762 4870; x_wconf 80' lang='lat' dir='ltr'><strong>rescivisset,</strong></span> 
     </span>
    </p>
   </div>
   <div class='ocr_carea' id='block_1_109' title="bbox 2193 4897 3770 4974">
    <p class='ocr_par' dir='ltr' id='par_1_109' title="bbox 2193 4897 3770 4974">
     <span class='ocr_line' id='line_1_109' title="bbox 2193 4897 3770 4974; baseline -0.006 -18"><span class='ocrx_word' id='word_1_736' title='bbox 2193 4914 2406 4974; x_wconf 92' lang='lat' dir='ltr'><strong>portam</strong></span> <span class='ocrx_word' id='word_1_737' title='bbox 2435 4912 2825 4972; x_wconf 65' lang='lat' dir='ltr'><strong>praepotentem</strong></span> <span class='ocrx_word' id='word_1_738' title='bbox 2857 4903 3085 4970; x_wconf 89' lang='lat' dir='ltr'><strong>ipsemet</strong></span> <span class='ocrx_word' id='word_1_739' title='bbox 3114 4899 3268 4963; x_wconf 85' lang='lat' dir='ltr'><strong>adiit,</strong></span> <span class='ocrx_word' id='word_1_740' title='bbox 3306 4909 3360 4954; x_wconf 90' lang='lat' dir='ltr'><strong>et</strong></span> <span class='ocrx_word' id='word_1_741' title='bbox 3394 4915 3422 4951; x_wconf 89' lang='lat' dir='ltr'><strong>a</strong></span> <span class='ocrx_word' id='word_1_742' title='bbox 3451 4897 3770 4952; x_wconf 77' lang='lat' dir='ltr'><strong>Soleimane</strong></span> 
     </span>
    </p>
   </div>
   <div class='ocr_carea' id='block_1_110' title="bbox 2193 4990 3762 5065">
    <p class='ocr_par' dir='ltr' id='par_1_110' title="bbox 2193 4990 3762 5065">
     <span class='ocr_line' id='line_1_110' title="bbox 2193 4990 3762 5065; baseline -0.005 -17"><span class='ocrx_word' id='word_1_743' title='bbox 2193 4995 2467 5065; x_wconf 89' lang='lat' dir='ltr'><strong>postulata</strong></span> <span class='ocrx_word' id='word_1_744' title='bbox 2510 4995 2908 5064; x_wconf 89' lang='lat' dir='ltr'><strong>impetrataque</strong></span> <span class='ocrx_word' id='word_1_745' title='bbox 2935 4993 3132 5062; x_wconf 74' lang='lat' dir='ltr'><strong>gratia,</strong></span> <span class='ocrx_word' id='word_1_746' title='bbox 3190 4992 3474 5047; x_wconf 87' lang='lat' dir='ltr'><strong>restitutus</strong></span> <span class='ocrx_word' id='word_1_747' title='bbox 3521 4991 3574 5044; x_wconf 92' lang='lat' dir='ltr'><strong>in</strong></span> <span class='ocrx_word' id='word_1_748' title='bbox 3629 4990 3762 5043; x_wconf 85' lang='lat' dir='ltr'><strong>inte-</strong></span> 
     </span>
    </p>
   </div>
   <div class='ocr_carea' id='block_1_111' title="bbox 2192 5080 3767 5159">
    <p class='ocr_par' dir='ltr' id='par_1_111' title="bbox 2192 5080 3767 5159">
     <span class='ocr_line' id='line_1_111' title="bbox 2192 5080 3767 5159; baseline -0.005 -19"><span class='ocrx_word' id='word_1_749' title='bbox 2192 5106 2348 5159; x_wconf 72' lang='lat' dir='ltr'><strong>grum</strong></span> <span class='ocrx_word' id='word_1_750' title='bbox 2384 5087 2508 5144; x_wconf 78' lang='lat' dir='ltr'><strong>fuit.</strong></span> <span class='ocrx_word' id='word_1_751' title='bbox 2563 5087 2900 5141; x_wconf 88' lang='lat' dir='ltr'><strong>Soleimanes</strong></span> <span class='ocrx_word' id='word_1_752' title='bbox 2934 5101 2964 5138; x_wconf 90' lang='lat' dir='ltr'><strong>c</strong></span> <span class='ocrx_word' id='word_1_753' title='bbox 3008 5084 3276 5138; x_wconf 84' lang='lat' dir='ltr'><strong>Moldavia</strong></span> <span class='ocrx_word' id='word_1_754' title='bbox 3331 5091 3631 5146; x_wconf 84' lang='lat' dir='ltr'><strong>revertens,</strong></span> <span class='ocrx_word' id='word_1_755' title='bbox 3663 5080 3767 5133; x_wconf 89' lang='lat' dir='ltr'><strong>lla-</strong></span> 
     </span>
    </p>
   </div>
   <div class='ocr_carea' id='block_1_112' title="bbox 2193 5175 3768 5250">
    <p class='ocr_par' dir='ltr' id='par_1_112' title="bbox 2193 5175 3768 5250">
     <span class='ocr_line' id='line_1_112' title="bbox 2193 5175 3768 5250; baseline -0.01 -12"><span class='ocrx_word' id='word_1_756' title='bbox 2193 5181 2558 5250; x_wconf 78' lang='lat' dir='ltr'><strong>drianOpolim</strong></span> <span class='ocrx_word' id='word_1_757' title='bbox 2593 5194 2652 5232; x_wconf 90' lang='lat' dir='ltr'><strong>se</strong></span> <span class='ocrx_word' id='word_1_758' title='bbox 2704 5177 2978 5230; x_wconf 87' lang='lat' dir='ltr'><strong>contulit:</strong></span> <span class='ocrx_word' id='word_1_759' title='bbox 3036 5177 3128 5229; x_wconf 90' lang='lat' dir='ltr'><strong>ubi</strong></span> <span class='ocrx_word' id='word_1_760' title='bbox 3180 5184 3371 5230; x_wconf 85' lang='lat' dir='ltr'><strong>exacta</strong></span> <span class='ocrx_word' id='word_1_761' title='bbox 3409 5175 3611 5237; x_wconf 86' lang='lat' dir='ltr'><strong>hieme,</strong></span> <span class='ocrx_word' id='word_1_762' title='bbox 3664 5189 3768 5228; x_wconf 65' lang='lat' dir='ltr'><strong>Su.»</strong></span> 
     </span>
    </p>
   </div>
   <div class='ocr_carea' id='block_1_113' title="bbox 2193 5264 3768 5335">
    <p class='ocr_par' dir='ltr' id='par_1_113' title="bbox 2193 5264 3768 5335">
     <span class='ocr_line' id='line_1_113' title="bbox 2193 5264 3768 5335; baseline -0.006 -8"><span class='ocrx_word' id='word_1_763' title='bbox 2193 5274 2337 5328; x_wconf 88' lang='lat' dir='ltr'><strong>veris</strong></span> <span class='ocrx_word' id='word_1_764' title='bbox 2369 5273 2584 5326; x_wconf 90' lang='lat' dir='ltr'><strong>initium</strong></span> <span class='ocrx_word' id='word_1_765' title='bbox 2633 5267 3170 5335; x_wconf 87' lang='lat' dir='ltr'><strong>Constantinopolim</strong></span> <span class='ocrx_word' id='word_1_766' title='bbox 3225 5265 3379 5330; x_wconf 86' lang='lat' dir='ltr'><strong>abiit,</strong></span> <span class='ocrx_word' id='word_1_767' title='bbox 3413 5276 3467 5319; x_wconf 92' lang='lat' dir='ltr'><strong>ct</strong></span> <span class='ocrx_word' id='word_1_768' title='bbox 3501 5264 3671 5334; x_wconf 88' lang='lat' dir='ltr'><strong>quieti</strong></span> <span class='ocrx_word' id='word_1_769' title='bbox 3707 5282 3768 5319; x_wconf 86' lang='lat' dir='ltr'><strong>se</strong></span> 
     </span>
    </p>
   </div>
   <div class='ocr_carea' id='block_1_114' title="bbox 2193 5361 3087 5431">
    <p class='ocr_par' dir='ltr' id='par_1_114' title="bbox 2193 5361 3087 5431">
     <span class='ocr_line' id='line_1_114' title="bbox 2193 5361 3087 5431; baseline -0.008 -9"><span class='ocrx_word' id='word_1_770' title='bbox 2193 5367 2360 5429; x_wconf 88' lang='lat' dir='ltr'><strong>dedit,</strong></span> <span class='ocrx_word' id='word_1_771' title='bbox 2410 5380 2554 5419; x_wconf 85' lang='lat' dir='ltr'><strong>anno</strong></span> <span class='ocrx_word' id='word_1_772' title='bbox 2583 5363 2688 5420; x_wconf 83' lang='grc'><strong>945</strong></span> <span class='ocrx_word' id='word_1_773' title='bbox 2725 5363 2874 5431; x_wconf 86' lang='lat' dir='ltr'><strong>(Chr.</strong></span> <span class='ocrx_word' id='word_1_774' title='bbox 2907 5361 3087 5426; x_wconf 81' lang='grc'><strong>1559).</strong></span> 
     </span>
    </p>
   </div>
   <div class='ocr_carea' id='block_1_115' title="bbox 2269 5445 3768 5508">
    <p class='ocr_par' dir='ltr' id='par_1_115' title="bbox 2269 5445 3768 5508">
     <span class='ocr_line' id='line_1_115' title="bbox 2269 5445 3768 5508; baseline -0.007 0"><span class='ocrx_word' id='word_1_775' title='bbox 2269 5454 2580 5508; x_wconf 85' lang='lat' dir='ltr'><strong>Secundum</strong></span> <span class='ocrx_word' id='word_1_776' title='bbox 2637 5451 2726 5504; x_wconf 89' lang='lat' dir='ltr'><strong>illa</strong></span> <span class='ocrx_word' id='word_1_777' title='bbox 2780 5452 2957 5503; x_wconf 91' lang='lat' dir='ltr'><strong>denuo</strong></span> <span class='ocrx_word' id='word_1_778' title='bbox 2983 5464 3106 5502; x_wconf 91' lang='lat' dir='ltr'><strong>cum</strong></span> <span class='ocrx_word' id='word_1_779' title='bbox 3165 5447 3340 5500; x_wconf 83' lang='lat' dir='ltr'><strong>classe</strong></span> <span class='ocrx_word' id='word_1_780' title='bbox 3381 5445 3768 5500; x_wconf 73' lang='lat' dir='ltr'><strong>Chairadincm</strong></span> 
     </span>
    </p>
   </div>
   <div class='ocr_carea' id='block_1_116' title="bbox 2194 5537 3769 5613">
    <p class='ocr_par' dir='ltr' id='par_1_116' title="bbox 2194 5537 3769 5613">
     <span class='ocr_line' id='line_1_116' title="bbox 2194 5537 3769 5613; baseline -0.009 -13"><span class='ocrx_word' id='word_1_781' title='bbox 2194 5544 2330 5600; x_wconf 89' lang='lat' dir='ltr'><strong>mari</strong></span> <span class='ocrx_word' id='word_1_782' title='bbox 2363 5543 2651 5613; x_wconf 81' lang='lat' dir='ltr'><strong>ablegavit.</strong></span> <span class='ocrx_word' id='word_1_783' title='bbox 2695 5541 2743 5594; x_wconf 90' lang='lat' dir='ltr'><strong>ls</strong></span> <span class='ocrx_word' id='word_1_784' title='bbox 2774 5550 2953 5594; x_wconf 89' lang='lat' dir='ltr'><strong>autcm</strong></span> <span class='ocrx_word' id='word_1_785' title='bbox 2985 5540 3200 5609; x_wconf 73' lang='lat' dir='ltr'><strong>egregie</strong></span> <span class='ocrx_word' id='word_1_786' title='bbox 3229 5540 3553 5600; x_wconf 86' lang='lat' dir='ltr'><strong>instructus,</strong></span> <span class='ocrx_word' id='word_1_787' title='bbox 3581 5548 3639 5590; x_wconf 91' lang='lat' dir='ltr'><strong>ut</strong></span> <span class='ocrx_word' id='word_1_788' title='bbox 3671 5537 3769 5590; x_wconf 81' lang='grc' dir='ltr'><strong>Ιιυ-</strong></span> 
     </span>
    </p>
   </div>
   <div class='ocr_carea' id='block_1_117' title="bbox 2194 5629 3773 5699">
    <p class='ocr_par' dir='ltr' id='par_1_117' title="bbox 2194 5629 3773 5699">
     <span class='ocr_line' id='line_1_117' title="bbox 2194 5629 3773 5699; baseline -0.004 -10"><span class='ocrx_word' id='word_1_789' title='bbox 2194 5643 2330 5689; x_wconf 85' lang='lat' dir='ltr'><strong>stem</strong></span> <span class='ocrx_word' id='word_1_790' title='bbox 2360 5649 2543 5699; x_wconf 91' lang='lat' dir='ltr'><strong>suum,</strong></span> <span class='ocrx_word' id='word_1_791' title='bbox 2605 5632 2877 5687; x_wconf 80' lang='lat' dir='ltr'><strong>Andream</strong></span> <span class='ocrx_word' id='word_1_792' title='bbox 2941 5629 3178 5693; x_wconf 80' lang='lat' dir='ltr'><strong>Dorium,</strong></span> <span class='ocrx_word' id='word_1_793' title='bbox 3205 5639 3472 5698; x_wconf 75' lang='lat' dir='ltr'><strong>qumreret</strong></span> <span class='ocrx_word' id='word_1_794' title='bbox 3509 5647 3523 5682; x_wconf 89' lang='lat'><strong>:</strong></span> <span class='ocrx_word' id='word_1_795' title='bbox 3559 5629 3773 5694; x_wconf 78' lang='lat' dir='ltr'><strong>absque</strong></span> 
     </span>
    </p>
   </div>
   <div class='ocr_carea' id='block_1_118' title="bbox 2195 5721 3777 5795">
    <p class='ocr_par' dir='ltr' id='par_1_118' title="bbox 2195 5721 3777 5795">
     <span class='ocr_line' id='line_1_118' title="bbox 2195 5721 3777 5795; baseline -0.004 -16"><span class='ocrx_word' id='word_1_796' title='bbox 2195 5728 2306 5780; x_wconf 87' lang='lat' dir='ltr'><strong>ullo</strong></span> <span class='ocrx_word' id='word_1_797' title='bbox 2339 5726 2722 5795; x_wconf 89' lang='lat' dir='ltr'><strong>impedimento</strong></span> <span class='ocrx_word' id='word_1_798' title='bbox 2749 5724 3047 5793; x_wconf 81' lang='lat' dir='ltr'><strong>penetravit</strong></span> <span class='ocrx_word' id='word_1_799' title='bbox 3075 5723 3124 5774; x_wconf 91' lang='lat' dir='ltr'><strong>in</strong></span> <span class='ocrx_word' id='word_1_800' title='bbox 3159 5721 3388 5782; x_wconf 79' lang='lat' dir='ltr'><strong>Italiam,</strong></span> <span class='ocrx_word' id='word_1_801' title='bbox 3425 5721 3606 5789; x_wconf 89' lang='lat' dir='ltr'><strong>ibique</strong></span> <span class='ocrx_word' id='word_1_802' title='bbox 3637 5737 3777 5773; x_wconf 85' lang='lat' dir='ltr'><strong>uou-</strong></span> 
     </span>
    </p>
   </div>
   <div class='ocr_carea' id='block_1_119' title="bbox 2196 5812 3776 5885">
    <p class='ocr_par' dir='ltr' id='par_1_119' title="bbox 2196 5812 3776 5885">
     <span class='ocr_line' id='line_1_119' title="bbox 2196 5812 3776 5885; baseline -0.002 -17"><span class='ocrx_word' id='word_1_803' title='bbox 2196 5819 2339 5873; x_wconf 81' lang='lat' dir='ltr'><strong>nulla</strong></span> <span class='ocrx_word' id='word_1_804' title='bbox 2372 5835 2494 5874; x_wconf 85' lang='lat' dir='ltr'><strong>cum</strong></span> <span class='ocrx_word' id='word_1_805' title='bbox 2556 5818 2685 5873; x_wconf 69' lang='lat' dir='ltr'><strong>vicis</strong></span> <span class='ocrx_word' id='word_1_806' title='bbox 2719 5814 2976 5885; x_wconf 71' lang='lat' dir='ltr'><strong>oppidulzt</strong></span> <span class='ocrx_word' id='word_1_807' title='bbox 3020 5812 3400 5881; x_wconf 71' lang='lat' dir='ltr'><strong>depopulatus,</strong></span> <span class='ocrx_word' id='word_1_808' title='bbox 3439 5817 3601 5866; x_wconf 79' lang='lat' dir='ltr'><strong>etiam</strong></span> <span class='ocrx_word' id='word_1_809' title='bbox 3648 5827 3776 5866; x_wconf 72' lang='lat' dir='ltr'><strong>mtt-</strong></span> 
     </span>
    </p>
   </div>
  </div>
