4126 6428
323 382 423 450 645

1588 375 1940 445 ANNALES
1962 374 2296 438 TURCICI.

3486 366 3590 430 656

323 511 454 578 nefa
480 495 786 567 majoribus
810 511 841 552 a
870 494 1186 552 civitatibus
1209 492 1446 566 accepit.
1479 492 1614 549 Cum
1655 494 1746 548 diu
1782 492 1909 548 hinc
1938 492 1985 549 Δ
2084 485 2411 578 Secundum
2448 485 2561 578 haec
2596 496 2814 536 rursum
2848 493 3044 578 magna
3082 495 3207 535 cum
3252 481 3593 578 classe‘mis-

324 590 450 647 inde
483 590 819 653 aberrasset,
844 589 1127 660 inopinato
1143 588 1414 645 Andream
1440 587 1655 642 Doriam
1682 586 1906 655 reperit,

327 691 383 737 et
430 693 660 739 strenue
702 697 826 737 cum
858 697 923 736 eo
966 680 1291 752 conﬂigens,
1314 694 1481 734 naves
1527 678 1753 733 hostiles
1806 677 1909 730 ali-

331 784 461 843 quot
512 774 827 834 submersit.
889 782 945 827 et
989 774 1239 827 triremes
1306 771 1516 839 aliquot
1550 770 1709 839 cepit.
1746 766 1909 821 Doria

335 867 546 921 tandem
593 865 733 919 hosti
775 881 834 919 se
873 867 1139 934 imparem
1174 862 1639 925 animadvertens,
1667 876 1793 916 cum
1821 874 1906 915 re-

333 958 511 1027 liquiis
542 972 655 1012 sum
684 956 886 1011 classis
917 954 1151 1027 aufugit.
1185 954 1251 1008 Et
1273 955 1397 1025 quia
1426 966 1555 1008 tunc
1586 954 1760 1007 hiems
1807 954 1908 1005 im-

329 1047 584 1114 minebat,
614 1048 786 1102 versis
810 1047 1167 1102 Cbairadines
1209 1046 1345 1100 velis
1374 1044 1908 1115 Constantinopolim

323 1139 502 1204 rediit,
532 1155 678 1194 anno
701 1140 806 1196 945
833 1140 984 1212 (Chr.
1023 1141 1207 1210 1539).

394 1232 489 1286 Die
516 1231 692 1297 Jovis.
752 1235 847 1302 qui
886 1234 1134 1289 decimus
1188 1232 1411 1304 quintus
1468 1231 1672 1286 mensis
1707 1227 1914 1287 Seferis

319 1333 464 1385 erat.
500 1326 603 1380 sub
669 1342 977 1396 vesperam,
1040 1328 1355 1382 incendium
1409 1323 1908 1400 Constantinopoli,

320 1432 432 1471 non
459 1418 647 1486 procul
688 1419 757 1472 ab
803 1418 1023 1473 illorum
1082 1434 1326 1483 carcere,
1367 1419 1459 1488 qui
1499 1417 1793 1472 criminum
1834 1417 1910 1472 rei

321 1509 740 1576 custodiuntur,
766 1510 822 1564 in
859 1525 1048 1564 eorum
1082 1510 1326 1566 tabernis
1347 1521 1599 1565 exortum
1635 1509 1736 1565 fuit
1767 1528 1780 1576 ;
1815 1509 1909 1579 qtti

314 1600 526 1668 picem,
551 1602 809 1663 resinam.
844 1601 1162 1671 axungiam,
1191 1601 1436 1672 aliasque
1474 1618 1560 1657 res
1592 1602 1729 1657 tales
1779 1616 1913 1655 ven-

319 1699 483 1746 dunt.
514 1692 613 1747 Hic
654 1693 795 1764 ignis
828 1710 894 1747 ex
928 1694 1181 1749 indicatis
1209 1694 1451 1748 tabernis
1490 1694 1545 1748 in
1576 1693 1749 1764 ipsam
1795 1702 1911 1747 tur-

320 1784 453 1849 rim,
489 1784 604 1839 sive
641 1799 916 1840 carcerem
964 1786 1311 1854 praedictum,
1356 1785 1534 1839 evasit
1572 1802 1585 1838 :
1626 1785 1719 1855 qui
1753 1785 1910 1839 clau-

321 1894 420 1935 sus
444 1894 569 1933 cum
602 1889 770 1943 esset,
817 1878 1070 1934 homines
1112 1879 1164 1932 in
1197 1894 1263 1933 eo
1291 1877 1619 1948 septingenti
1675 1875 1911 1932 ﬂammis

322 1972 512 2027 exusti
560 1970 861 2041 perierunt.
918 1970 996 2025 Ex
1035 1986 1101 2025 eo
1131 1971 1250 2025 loco
1290 1971 1577 2025 diiatatum
1612 1970 1664 2023 in
1718 1972 1912 2025 urbem

326 2066 670 2131 incendium,
712 2080 743 2119 a
785 2065 992 2121 dextris
1017 2075 1071 2119 et
1095 2063 1339 2121 sinistris
1371 2064 1557 2135 vagari
1610 2063 1775 2134 cepit.
1828 2062 1910 2118 Ad

328 2157 756 2228 publicanorum
800 2171 1076 2212 carcerem
1123 2171 1249 2212 cum
1318 2154 1679 2225 pervenisset,
1723 2161 1911 2226 aperto

334 2249 573 2305 carceris
599 2250 762 2317 ostio,
806 2248 1021 2305 dimissi
1066 2248 1219 2303 fuere
1270 2246 1563 2317 publicani.
1596 2245 1716 2313 Quo
1740 2246 1908 2312 facto.

338 2337 507 2394 turris
539 2339 807 2407 ipsa,sive
836 2353 1053 2403 carcer,
1087 2338 1272 2394 itidem
1306 2335 1688 2408 conﬂagravit.
1721 2335 1910 2393 Latius

339 2429 468 2486 inde
495 2430 712 2501 serpsit.
742 2445 918 2501 usque
949 2430 1015 2484 ad
1060 2438 1271 2500 portam
1308 2431 1483 2496 urbis,
1515 2444 1679 2501 quam
1707 2427 1912 2500 Ligna—

336 2524 472 2579 riam
502 2533 722 2588 vocant,
746 2522 836 2578 ubi
878 2524 1120 2579 tabernae
1150 2535 1278 2579 sunt
1310 2521 1592 2579 fabrorum
1652 2521 1911 2577 ferrario-

333 2631 478 2670 rum.
508 2615 576 2671 iis
605 2616 661 2669 in
699 2615 833 2670 locis
860 2615 1046 2669 omnia
1073 2613 1310 2671 ﬂammis
1338 2616 1639 2689 absumpta
1664 2614 1907 2671 fuerunt.

331 2705 465 2763 inde
492 2722 555 2764 se
582 2706 851 2763 convertit
872 2706 961 2763 hic
999 2706 1142 2777 ignis
1184 2706 1251 2762 ad
1281 2708 1430 2762 aedes
1454 2704 1603 2762 Baiis
1640 2705 1796 2778 Agar.
1815 2704 1911 2777 qui

332 2803 591 2856 tribunus
621 2801 752 2855 olim
808 2800 1195 2869 genizarorum
1236 2797 1439 2867 fuerat,
1494 2807 1720 2869 totaque
1763 2799 1914 2856 istaec

337 2892 656 2962 deﬂagravit
684 2892 857 2959 regio.
892 2892 1083 2947 Postea
1122 2889 1364 2961 perrexit
1396 2889 1463 2946 ad
1493 2890 1789 2946 Caravana:
1826 2904 1913 2946 sa-

337 2985 538 3047 raium,
566 2983 710 3039 unde
731 2985 986 3039 tabernas
1015 2997 1204 3038 eorum
1240 2981 1462 3045 invasit,
1494 2982 1588 3052 qui
1618 2990 1778 3037 torno
1810 2996 1915 3037 cte-

336 3070 475 3137 lant,
510 3087 740 3140 quarum
762 3071 953 3127 ordine
976 3072 1147 3127 series
1171 3086 1367 3141 magna
1388 3072 1741 3140 conspicitur.
1777 3070 1915 3129 Hinc

335 3164 403 3218 ad
433 3178 554 3219 eam
607 3163 787 3235 erupit
833 3179 1041 3231 aream,
1066 3180 1189 3235 qua
1218 3162 1444 3220 Tachtal
1493 3164 1622 3220 Cala
1659 3164 1858 3219 dicitur
1893 3180 1909 3219 :
1939 3203 1984 3262 ε

334 3256 483 3312 unde
513 3272 711 3313 rursus
737 3256 801 3312 ad
827 3255 1012 3313 labros
1039 3257 1284 3323 aerarios,
1318 3257 1387 3312 ah
1416 3258 1503 3313 his
1538 3257 1604 3311 ad
1636 3257 1913 3313 vitriarios

339 3349 663 3420 penetravit,
714 3349 878 3405 etiam
941 3347 1032 3403 illa
1102 3350 1332 3419 regione
1378 3349 1634 3405 incendio
1676 3366 1915 3420 prorsus

343 3440 631 3505 exhausta,
648 3456 769 3510 quae
793 3442 999 3511 pictum
1025 3439 1279 3496 balneum
1301 3441 1495 3495 ambit.
1526 3440 1764 3514 Longius
1789 3442 1915 3497 inde

349 3548 716 3606 progressum.
753 3536 820 3590 ad
845 3534 1162 3592 Judteorum
1196 3537 1448 3607 pervenit
1500 3539 1665 3603 aedes,
1709 3538 1913 3593 ibidem

349 3626 588 3681 maximo
608 3642 730 3682 cum
753 3628 1078 3684 detrimento
1100 3637 1407 3700 grassatum
1431 3638 1739 3699 propterea,
1768 3630 1914 3699 quod

342 3719 634 3773 admodum
700 3720 803 3776 illae
849 3720 955 3776 sibi
1004 3722 1274 3791 contiguae
1324 3721 1455 3778 sint.
1503 3721 1641 3776 Hinc.
1709 3737 1915 3792 sparsae

339 3809 566 3865 fuerunt
590 3809 818 3866 ﬂammae
851 3826 1027 3882 usque
1058 3812 1125 3867 ad
1167 3821 1378 3884 portam
1405 3812 1510 3869 fori
1539 3812 1706 3886 348
1734 3814 1914 3884 pisca-

335 3903 428 3971 rii,
489 3912 545 3959 et
590 3904 856 3975 quidquid
907 3904 1265 3960 aediﬁciorum
1306 3912 1427 3960 erat
1465 3905 1606 3960 inter
1654 3907 1819 3970 hanc,
1860 3918 1915 3963 et

331 3994 647 4051 Judzeorum
681 4007 917 4066 portam,
944 4011 1166 4067 prorsus
1184 3996 1254 4052 ab
1279 4000 1403 4068 igne
1418 3997 1657 4053 deletum
1683 3998 1915 4059 fuitIAd

332 4099 632 4153 summam,
666 4087 1056 4156 propemodum
1079 4087 1344 4144 universa:
1363 4086 1679 4144 Judaeorum
1708 4088 1915 4146 domus

331 4177 494 4234 fuere
539 4189 923 4235 concrematas.
990 4177 1127 4235 Nam
1181 4180 1369 4236 aestivo
1401 4190 1650 4252 tempore
1680 4182 1918 4252 contigit

328 4273 435 4329 hoc
476 4272 956 4339 incendium,cum
996 4272 1190 4344 ingens
1226 4282 1372 4328 esset
1406 4273 1918 4333 siccitas.Arbores

323 4365 501 4420 etiam
538 4363 735 4419 virides
761 4365 932 4421 instar
949 4364 1226 4434 sulphuris
1275 4379 1483 4420 arsere.
1508 4361 1707 4419 Nullus
1732 4365 1919 4419 incen-

321 4460 397 4514 dii
427 4458 805 4530 restinguendi
838 4458 1037 4513 modus
1073 4457 1309 4512 inveniri
1336 4466 1572 4526 poterat.
1622 4455 1770 4511 Nihil
1828 4472 1919 4511 ar-

2009 595 2105 637 sus
2152 577 2255 632 fuit
2284 576 2479 632 Chaira
2503 575 2659 637 lines,
2682 585 2739 628 ιιι
2763 589 2943 628 arcem
2970 572 3202 638 Novam,
3225 590 3391 643 quam
3426 574 3587 628 Chri-

2008 670 2171 726 stiani
2230 676 2661 738 occupaverant,
2709 673 3058 734 recuperaret
3096 682 3110 718 :
3150 669 3590 735 imperatumque

2010 762 2292 832 Sangiacis
2316 760 2573 816 omnibus
2598 759 2714 828 ejus
2741 756 3055 828 provinciae,
3092 768 3151 812 ut
3184 756 3456 811 universis
3474 757 3590 810 suis

2010 872 2132 913 cum
2167 854 2366 925 copiis,
2387 862 2444 908 et
2466 863 2733 923 apparatu
2775 851 2992 915 bellico,
3024 849 3092 904 ad
3131 864 3247 903 eam
3277 865 3333 903 se
3370 849 3591 902 confero

2010 948 2514 1003 rentobsidionem.
2558 942 2659 999 Ubi
2690 942 2882 999 classis
2919 942 3246 1012 appulisset,
3298 957 3328 995 e
3357 941 3589 995 navibus

2014 1040 2067 1093 in
2102 1049 2299 1092 terram
2338 1036 2601 1108 expositae
2676 1035 2830 1089 fuere
2865 1034 3136 1088 machinae
3188 1032 3582 1092 tormentarim.

2014 1124 2344 1201 propiusque
2368 1127 2591 1183 militari
2642 1142 2797 1181 more
2823 1126 3069 1182 deducta:
3100 1126 3167 1181 ad
3198 1126 3405 1182 castelli
3462 1141 3586 1178 mu-

2012 1239 2128 1285 ros,
2182 1224 2236 1275 et
2264 1231 2371 1275 tam
2425 1221 2515 1275 diu
2546 1220 2823 1290 displosa.
2862 1220 3039 1276 donec
3073 1220 3401 1279 mtetiiorum
3460 1233 3588 1287 pars

2015 1316 2238 1386 disjeeta
2263 1322 2566 1380 corrueret,
2599 1329 2664 1367 ac
2692 1328 2787 1380 per
2817 1313 2965 1383 ipsas
2988 1313 3178 1367 ruinas
3220 1312 3375 1366 miles
3398 1310 3464 1364 ad
3493 1325 3591 1363 ex—

2012 1413 2359 1479 pugnandam
2400 1421 2583 1462 arcem
2608 1406 3019 1461 immitteretur.
3052 1404 3221 1459 Erant
3248 1406 3301 1459 in
3323 1402 3587 1474 praesidio

2016 1499 2225 1554 castelli
2261 1498 2461 1553 milites
2490 1495 2787 1552 Christiani
2812 1497 3036 1551 virtutis
3090 1496 3328 1559 eximize,
3355 1494 3445 1564 qui
3477 1502 3587 1546 tam

2014 1591 2230 1647 fortiter
2257 1591 2397 1645 hosti
2429 1589 2774 1656 resistebant,
2817 1599 2882 1645 ut
2930 1588 2998 1643 ab
3030 1598 3258 1657 utraque
3283 1597 3435 1657 parte
3465 1588 3587 1655 plu-

2015 1683 2139 1737 rimi
2166 1685 2439 1737 caderent.
2474 1682 2553 1735 Aii
2583 1690 2887 1736 extremum
2935 1691 3118 1736 tamen
3157 1679 3466 1734 animorum
3494 1695 3589 1733 ar-

2018 1774 2150 1827 dore
2194 1774 2437 1836 remisso,
2462 1772 2866 1828 succubuerunt
2901 1791 2915 1838 ;
2950 1780 3008 1828 et
3040 1770 3241 1831 occisis
3297 1786 3589 1842 propemo-

2014 1865 2142 1918 dum
2217 1864 2512 1923 universis.
2582 1862 2871 1936 captisque
2943 1864 3350 1933 superstitibus,
3418 1863 3592 1918 evasit

2014 1971 2196 2011 nemo.
2232 1954 2381 2010 Nova
2406 1964 2643 2026 recepta,
2670 1952 2937 2026 quidquid
2981 1964 3098 2011 erat
3136 1956 3280 2010 inter
3336 1957 3589 2023 captivos

2012 2046 2189 2101 aetatis
2216 2058 2441 2116 vegetas,
2468 2047 2782 2101 damnatum
2833 2047 2935 2102 fuit
2963 2046 3030 2101 ad
3083 2046 3363 2100 triremes.
3396 2045 3588 2101 itidem

2012 2148 2227 2209 reperta
2255 2138 2309 2193 in
2344 2153 2469 2194 arce
2522 2132 2796 2207 mancipia
2838 2135 3092 2204 Turcica,
3147 2138 3422 2192 vindicata
3460 2146 3591 2192 sunt

2011 2233 2067 2289 in
2097 2233 2426 2289 libertatem.
2457 2232 2555 2288 ilis
2599 2233 2765 2288 rebus
2801 2233 2993 2304 gestis,
3022 2243 3075 2288 et
3102 2234 3247 2289 arcis
3282 2234 3583 2297 triremibus.

2012 2340 2118 2395 qua
2146 2324 2327 2379 diruta
2351 2324 2588 2387 fuerant.
2617 2324 2836 2380 reiectis
2854 2369 2869 2392 ,
2896 2324 3258 2381 Chairadines
3288 2326 3438 2381 illinc
3458 2341 3584 2380 cum

2011 2417 2189 2475 classe
2218 2419 2514 2489 digressus,
2545 2418 2753 2488 aliquot
2795 2420 3009 2490 navigia
3060 2420 3335 2475 mercibus
3385 2430 3586 2476 onusta

2011 2510 2340 2569 Christianis
2384 2511 2610 2575 ademit,
2667 2518 2722 2566 et
2776 2511 3053 2581 oppiduiis
3091 2512 3418 2582 quibusdam
3475 2528 3590 2566 ma-

2012 2604 2215 2661 ritimis
2249 2602 2486 2659 ﬂammis
2527 2619 2591 2660 ac
2619 2603 2767 2659 ferro
2800 2604 3029 2670 coactis,
3074 2602 3587 2658 utincoiumitatem

2014 2712 2170 2754 suam
2188 2697 2418 2768 pecunia
2446 2697 2795 2761 redimerent,
2836 2695 3370 2767 Constantinopolim
3403 2696 3589 2763 rediit,

2013 2802 2159 2843 anno
2183 2789 2288 2845 946
2315 2789 2470 2859 (Chr.
2506 2789 2688 2861 1540).

2087 2879 2346 2936 Sullanus
2376 2891 2558 2937 autem
2605 2881 2951 2938 Soleimanes
2982 2883 3071 2938 die
3109 2883 3354 2939 secundo
3384 2885 3592 2942 mensis

2016 2971 2320 3030 Schabanis
2350 2974 2824 3046 Constantinopoli
2859 2977 3161 3047 profectus,
3215 2976 3595 3049 Hadrianopo-

2015 3066 2110 3122 lim
2143 3068 2394 3134 accessit,
2433 3078 2489 3122 et
2532 3069 2732 3123 ibidem
2789 3070 3079 3126 hibernum
3113 3079 3329 3142 tempus
3360 3073 3543 3140 exegit
3576 3086 3594 3127 :

2015 3172 2125 3229 quo
2142 3158 2394 3222 durante,
2411 3167 2660 3213 exortum
2684 3159 2993 3215 incendium
3021 3160 3075 3214 in
3098 3161 3280 3215 saraio
3305 3176 3467 3225 novo,
3485 3176 3597 3230 quo

2018 3251 2294 3306 conclusa:
2320 3250 2523 3305 sultani
2551 3265 2769 3315 uxores,
2791 3251 2972 3315 liberi,
3002 3251 3195 3320 puella:
3228 3252 3468 3321 virgines
3498 3253 3595 3307 ha-

2016 3341 2190 3397 bitare
2215 3344 2414 3407 solent,
2450 3353 2622 3397 totum
2676 3343 2810 3397 illud
2868 3343 3162 3399 aedilicium
3223 3360 3348 3400 cum
3410 3346 3596 3417 magni

2014 3436 2176 3505 pretii
2211 3434 2374 3490 rebus
2440 3435 2675 3490 exussit.
2725 3433 2942 3490 Rursus
2983 3442 3164 3491 tamen
3202 3436 3345 3493 haud
3396 3454 3597 3509 magno

2018 3526 2281 3595 temporis
2302 3526 2486 3595 spatio
2517 3525 2860 3601 splendidius
2884 3534 2969 3581 est
3003 3529 3397 3593 instauratum,
3429 3544 3595 3599 quam

2018 3616 2198 3673 fuerat
2245 3619 2415 3685 prius.
2470 3616 2599 3671 inde
2660 3617 3003 3675 Soieimanes
3065 3619 3600 3691 Constantinopolim

2014 3709 2102 3765 die
2130 3710 2362 3778 septimo
2398 3711 2601 3764 mensis
2632 3710 2886 3765 Siichizis
2931 3725 3212 3776 reversus,
3271 3712 3482 3766 ibidem
3525 3714 3597 3771 ad

2015 3802 2233 3873 aliquod
2276 3811 2490 3872 tempus
2521 3803 2700 3868 hzesit,
2746 3818 2891 3857 anno
2918 3803 3023 3859 947
3058 3803 3211 3871 (Chr.
3250 3804 3433 3873 15M).

2086 3893 2455 3965 Exposuimus
2507 3911 2671 3964 supra
2735 3896 3105 3953 Soleimanem
3160 3900 3446 3968 complura
3501 3915 3598 3969 per

2017 3986 2310 4057 Ungariam
2341 3988 2566 4058 oppida,
2600 4005 2727 4044 cum
2766 3991 2883 4058 ipsa
2929 3993 3081 4060 regni
3130 3992 3416 4060 metropoli
3453 3992 3600 4047 Buda

2016 4080 2269 4150 cepisse:
2298 4089 2618 4150 motumque
2646 4081 2913 4152 singulari
2968 4083 3203 4152 quadam
3254 4085 3451 4154 gratia,
3495 4085 3600 4139 Ba-

2021 4186 2154 4226 num
2188 4168 2391 4225 Erdelii
2417 4185 2635 4226 creasse
2685 4186 2859 4241 regem
2921 4169 3174 4243 Ungarize
3205 4187 3221 4228 :
3251 4188 3373 4227 cum
3404 4174 3470 4228 ad
3505 4173 3607 4227 ali-

2018 4273 2155 4334 quot
2185 4279 2359 4319 anuos
2393 4263 2483 4317 ille
2510 4278 2680 4333 regno
2710 4264 2866 4332 plena
2894 4278 3020 4318 eum
3053 4274 3323 4334 potestate
3356 4264 3609 4334 prefuis-

2019 4366 2123 4423 set,
2151 4356 2323 4411 lilium
2354 4355 2595 4412 moriens
2628 4356 2849 4427 reliquit
2876 4356 3173 4420 hteredem,
3209 4356 3302 4425 qui
3336 4372 3431 4424 per
3478 4365 3610 4410 arta-

2022 4462 2130 4510 tem
2164 4453 2618 4509 administrandae
2659 4452 2980 4523 reipublicae
3018 4466 3125 4505 non
3169 4459 3286 4506 erat
3332 4451 3602 4505 idoneus:

323 4550 534 4605 borum
555 4559 887 4604 resectarutn
906 4546 1307 4617 dejectio,nihil
1325 4561 1467 4614 aqua
1486 4545 1735 4617 juvabat.
1760 4544 1916 4602 Unde
1943 4550 1997 4611 D
2022 4562 2195 4618 eaque
2224 4547 2291 4601 de
2321 4560 2483 4603 causa
2533 4555 2710 4600 mater
2739 4545 2894 4615 pueri
2951 4544 3413 4614 gubernationem
3446 4542 3514 4596 ad
3546 4557 3607 4597 se

319 4642 564 4706 factum,
610 4648 667 4694 ut
699 4649 812 4694 tota
840 4649 1000 4695 nocte
1023 4641 1270 4695 duraret.
1301 4638 1477 4693 Erant
1503 4638 1783 4693 distributi
1818 4652 1917 4709 per

315 4748 529 4789 omnes
559 4731 711 4787 urbis
751 4731 1004 4802 regiones
1058 4730 1326 4801 genizari,
1378 4729 1473 4799 qui
1532 4726 1784 4783 ﬂammas
1813 4745 1915 4785 ex-

314 4828 676 4895 SIinguerent
715 4839 731 4878 :
768 4821 864 4878 sed
897 4822 1173 4878 incassum
1194 4820 1536 4876 laborabant.
1575 4819 1790 4875 Etenim
1820 4835 1921 4890 po-

312 4921 528 4975 stridie
557 4917 704 4974 illius
726 4917 903 4981 diei,a
932 4919 1109 4987 primo
1138 4916 1381 4971 diluculo
1425 4931 1598 4985 usque
1628 4914 1697 4970 ad
1727 4930 1917 4984 vespe-

314 5029 469 5078 ram,
503 5010 581 5065 ita
609 5011 1001 5075 desaevierunt,
1032 5018 1089 5064 ut
1118 5010 1285 5064 etiam
1323 5008 1547 5063 maximi
1580 5006 1740 5077 pretii
1775 5021 1921 5060 mer-

313 5122 414 5162 ces
446 5113 552 5159 aut
581 5103 1030 5168 absumerentur,
1054 5110 1150 5155 aut
1177 5099 1579 5168 direptionibus
1605 5109 1794 5154 essent
1818 5113 1917 5153 ex-

315 5196 553 5267 positae.
584 5192 793 5265 Quippe
812 5194 1010 5264 quibus
1043 5193 1097 5247 in
1127 5192 1263 5248 locis
1293 5192 1445 5247 urbis
1469 5202 1780 5262 grassatum
1815 5192 1919 5247 fuit

318 5286 681 5353 incendium,
728 5288 783 5342 in
822 5288 890 5342 iis
930 5286 1126 5359 majori
1164 5301 1228 5341 ex
1253 5292 1408 5355 parte
1436 5293 1825 5352 mercatorum,
1867 5295 1921 5342 et

318 5380 572 5434 aliorum
617 5377 859 5433 tabernae
888 5378 1239 5433 consistunt:
1285 5377 1515 5447 ideoque
1572 5377 1753 5446 potior
1792 5392 1920 5447 pars

319 5472 489 5527 urbis
519 5470 575 5523 in
608 5470 823 5526 cineres
842 5469 998 5536 abiit,
1036 5485 1160 5525 cum
1193 5469 1336 5524 idem
1362 5469 1637 5524 accideret
1660 5470 1919 5526 omnibus

322 5562 604 5629 aediliciis,
656 5576 777 5633 quae
808 5570 963 5617 extra
1006 5577 1196 5619 muros
1245 5562 1400 5617 urbis
1432 5576 1462 5616 a
1523 5561 1643 5615 foro
1676 5562 1920 5631 piscaria

325 5654 436 5708 sita
476 5655 688 5710 suntin
742 5655 924 5710 littore
970 5654 1164 5711 maris.
1199 5654 1402 5710 Eodem
1458 5662 1705 5723 tempore
1747 5653 1917 5723 pestis

328 5748 505 5802 etiam
545 5748 601 5803 in
643 5747 780 5805 urbe
808 5747 1188 5819 grassabatur,
1228 5756 1526 5816 utrumque
1556 5744 1652 5802 Dei
1683 5746 1919 5817 contigit

329 5847 497 5925 nutu,
523 5852 671 5896 anno
691 5837 796 5897 9L6
826 5837 979 5905 (Chr.
1025 5836 1209 5911 1540).

2029 4640 2334 4695 transtulit.
2368 4638 2483 4694 Hoc
2516 4638 2846 4710 permoleste
2880 4634 3084 4701 ferens,
3119 4634 3343 4704 quidam
3367 4649 3432 4689 ex
3479 4649 3606 4704 pro-

2027 4737 2244 4792 ceribus
2273 4732 2535 4803 Ungaris,
2565 4731 2759 4788 Petrus
2784 4730 3070 4796 Perenius,
3091 4730 3209 4785 suis
3230 4728 3297 4783 ad
3322 4743 3441 4783 eam
3472 4729 3608 4783 mis-

2027 4828 2106 4883 sis
2145 4825 2479 4885 hominibus.
2514 4823 2629 4879 haec
2660 4822 2961 4893 signiﬁcari
3010 4820 3218 4891 jussit:
3271 4834 3392 4876 esse
3432 4820 3606 4890 ipsam

2028 4914 2248 4972 feminei
2298 4927 2485 4979 sexus,
2517 4920 2573 4967 et
2604 4911 2872 4969 institutis
2920 4910 3194 4980 majorum
3229 4910 3455 4964 minime
3487 4925 3609 4979 per-

2027 5007 2191 5072 mitti,
2222 5016 2279 5060 ut
2314 5006 2369 5059 in
2395 5001 2636 5073 ngaria
2670 5003 2864 5057 mulier
2889 5003 3038 5072 regia
3060 5016 3185 5056 cum
3220 5011 3492 5073 potestate
3511 5003 3604 5056 sit.

2027 5100 2395 5168 Quamobrem
2429 5096 2782 5167 metropolim
2818 5095 2973 5165 regni
3005 5094 3217 5151 Budam
3252 5095 3478 5152 Perenio
3506 5093 3606 5149 de-

2029 5196 2201 5252 deret.
2234 5193 2349 5249 Nisi
2379 5191 2603 5258 faceret,
2635 5200 2929 5246 venturum
2960 5205 3087 5246 cum
3125 5192 3394 5253 exercitu,
3424 5198 3478 5244 et
3511 5204 3606 5242 ur-

2029 5288 2154 5344 bem
2188 5286 2238 5340 vi
2268 5294 2693 5355 occupaturum.
2742 5283 2933 5338 Mulier
2963 5283 3157 5353 legatis
3189 5282 3489 5351 rCSpottdil,
3518 5296 3612 5333 ur-

2029 5382 2151 5436 bem
2180 5379 2387 5433 Budaut
2420 5391 2528 5431 non
2553 5391 2712 5430 suam
2740 5390 2885 5439 esse,
2907 5375 3000 5431 sed
3026 5375 3230 5429 sultani
3255 5372 3566 5427 Osmauiilae
3595 5390 3610 5426 :

2029 5487 2060 5527 a
2091 5486 2202 5541 quo
2227 5470 2274 5525 si
2310 5466 2577 5524 Pcrcuius
2609 5481 2729 5520 eam
2787 5475 3079 5534 repeteret,
3150 5480 3216 5519 ac
3263 5464 3605 5532 impetraret,

2029 5564 2258 5619 omnino
2283 5576 2343 5614 se
2373 5558 2704 5614 deditionem
2754 5558 3048 5612 facturam.
3080 5554 3180 5613 Ubi
3217 5555 3484 5611 Perenius
3516 5558 3615 5609 hoc

2033 5661 2105 5713 ab
2142 5673 2205 5712 ea
2245 5668 2567 5724 responsum
2605 5653 2841 5716 tulisset,
2869 5668 2992 5705 eum
3023 5650 3185 5704 Binis
3209 5660 3262 5702 et
3291 5652 3616 5723 proceribus

2030 5742 2248 5799 caeteris
2310 5742 2365 5797 in
2412 5741 2744 5810 colloquium
2800 5740 3049 5803 venit-ns,
3107 5754 3327 5794 summo
3362 5740 3617 5794 dedecori

2033 5835 2307 5893 universis
2339 5835 2694 5891 dominatum
2743 5833 2895 5890 illum
2922 5834 3247 5893 muliebrem
3300 5851 3422 5891 csso
3455 5834 3615 5886 dixit.
