  <div class='ocr_page' id='page_1' title='image "/cluster/home/n/w/nwhite01/storage/ocr_20150623/159/coo.31924054870641/331.png"; bbox 0 0 4126 6436; ppageno 0'>
   <div class='ocr_carea' id='block_1_1' title="bbox 556 385 659 456">
    <p class='ocr_par' dir='ltr' id='par_1_1' title="bbox 556 385 659 456">
     <span class='ocr_line' id='line_1_1' title="bbox 556 385 659 456; baseline 0.039 -4"><span class='ocrx_word' id='word_1_1' title='bbox 556 385 659 456; x_wconf 65' lang='lat' dir='ltr'><strong>(Si?</strong></span> 
     </span>
    </p>
   </div>
   <div class='ocr_carea' id='block_1_2' title="bbox 1827 389 2552 464">
    <p class='ocr_par' dir='ltr' id='par_1_2' title="bbox 1827 389 2552 464">
     <span class='ocr_line' id='line_1_2' title="bbox 1827 389 2552 464; baseline 0.011 -8"><span class='ocrx_word' id='word_1_2' title='bbox 1827 390 2172 457; x_wconf 63' lang='lat' dir='ltr'><strong>ANNAIES</strong></span> <span class='ocrx_word' id='word_1_3' title='bbox 2210 389 2552 464; x_wconf 70' lang='lat' dir='ltr'><strong>TURCICI.</strong></span> 
     </span>
    </p>
   </div>
   <div class='ocr_carea' id='block_1_3' title="bbox 3716 390 3821 457">
    <p class='ocr_par' dir='ltr' id='par_1_3' title="bbox 3716 390 3821 457">
     <span class='ocr_line' id='line_1_3' title="bbox 3716 390 3821 457; baseline -0.01 0"><span class='ocrx_word' id='word_1_4' title='bbox 3716 390 3821 457; x_wconf 75' lang='lat' dir='ltr'><strong>6i8</strong></span> 
     </span>
    </p>
   </div>
   <div class='ocr_carea' id='block_1_4' title="bbox 559 504 3823 592">
    <p class='ocr_par' dir='ltr' id='par_1_4' title="bbox 559 504 3823 592">
     <span class='ocr_line' id='line_1_4' title="bbox 559 504 3823 592; baseline -0 -34"><span class='ocrx_word' id='word_1_5' title='bbox 559 505 820 561; x_wconf 82' lang='lat' dir='ltr'><strong>Proceres</strong></span> <span class='ocrx_word' id='word_1_6' title='bbox 848 505 1087 561; x_wconf 84' lang='lat' dir='ltr'><strong>hominis</strong></span> <span class='ocrx_word' id='word_1_7' title='bbox 1121 507 1370 560; x_wconf 84' lang='lat' dir='ltr'><strong>oratione</strong></span> <span class='ocrx_word' id='word_1_8' title='bbox 1401 507 1905 576; x_wconf 87' lang='lat' dir='ltr'><strong>permoti,lihenter</strong></span> <span class='ocrx_word' id='word_1_9' title='bbox 1939 511 1990 562; x_wconf 87' lang='lat' dir='ltr'><strong>in</strong></span> <span class='ocrx_word' id='word_1_10' title='bbox 2015 526 2134 562; x_wconf 74' lang='lat' dir='ltr'><strong>rant</strong></span> <span class='ocrx_word' id='word_1_11' title='bbox 2171 538 2210 592; x_wconf 68' lang='grc' dir='ltr'><strong>Α</strong></span> <span class='ocrx_word' id='word_1_12' title='bbox 2244 511 2304 572; x_wconf 83' lang='grc' dir='ltr'><strong>ιῑ,</strong></span> <span class='ocrx_word' id='word_1_13' title='bbox 2341 520 2392 564; x_wconf 89' lang='lat' dir='ltr'><strong>et</strong></span> <span class='ocrx_word' id='word_1_14' title='bbox 2423 511 2638 564; x_wconf 88' lang='lat' dir='ltr'><strong>sultano</strong></span> <span class='ocrx_word' id='word_1_15' title='bbox 2687 509 2874 563; x_wconf 82' lang='lat' dir='ltr'><strong>Selitni</strong></span> <span class='ocrx_word' id='word_1_16' title='bbox 2901 508 3135 562; x_wconf 83' lang='lat' dir='ltr'><strong>ditioncs</strong></span> <span class='ocrx_word' id='word_1_17' title='bbox 3178 505 3428 561; x_wconf 90' lang='lat' dir='ltr'><strong>attribuit</strong></span> <span class='ocrx_word' id='word_1_18' title='bbox 3465 526 3474 558; x_wconf 93' lang='lat'><strong>:</strong></span> <span class='ocrx_word' id='word_1_19' title='bbox 3513 504 3588 558; x_wconf 88' lang='lat' dir='ltr'><strong>illi</strong></span> <span class='ocrx_word' id='word_1_20' title='bbox 3625 505 3823 560; x_wconf 54' lang='lat' dir='ltr'><strong>Manis-</strong></span> 
     </span>
    </p>
   </div>
   <div class='ocr_carea' id='block_1_5' title="bbox 561 600 2130 668">
    <p class='ocr_par' dir='ltr' id='par_1_5' title="bbox 561 600 2130 668">
     <span class='ocr_line' id='line_1_5' title="bbox 561 600 2130 668; baseline 0.003 -16"><span class='ocrx_word' id='word_1_21' title='bbox 561 600 884 653; x_wconf 85' lang='lat' dir='ltr'><strong>sententiam</strong></span> <span class='ocrx_word' id='word_1_22' title='bbox 915 600 1330 668; x_wconf 82' lang='lat' dir='ltr'><strong>pedibusibant,</strong></span> <span class='ocrx_word' id='word_1_23' title='bbox 1361 602 1825 657; x_wconf 83' lang='lat' dir='ltr'><strong>utremovendam</strong></span> <span class='ocrx_word' id='word_1_24' title='bbox 1846 603 1913 655; x_wconf 87' lang='lat' dir='ltr'><strong>ab</strong></span> <span class='ocrx_word' id='word_1_25' title='bbox 1945 604 2072 656; x_wconf 68' lang='lat' dir='ltr'><strong>adn:</strong></span> <span class='ocrx_word' id='word_1_26' title='bbox 2093 604 2130 656; x_wconf 93' lang='lat' dir='ltr'><strong>i-</strong></span> 
     </span>
    </p>
   </div>
   <div class='ocr_carea' id='block_1_6' title="bbox 565 689 2138 763">
    <p class='ocr_par' dir='ltr' id='par_1_6' title="bbox 565 689 2138 763">
     <span class='ocr_line' id='line_1_6' title="bbox 565 689 2138 763; baseline 0.004 -23"><span class='ocrx_word' id='word_1_27' title='bbox 565 689 886 745; x_wconf 88' lang='lat' dir='ltr'><strong>nistratione</strong></span> <span class='ocrx_word' id='word_1_28' title='bbox 909 690 1168 746; x_wconf 82' lang='lat' dir='ltr'><strong>feminam</strong></span> <span class='ocrx_word' id='word_1_29' title='bbox 1215 701 1572 748; x_wconf 87' lang='lat' dir='ltr'><strong>statuerent:</strong></span> <span class='ocrx_word' id='word_1_30' title='bbox 1623 707 1722 748; x_wconf 91' lang='lat' dir='ltr'><strong>nec</strong></span> <span class='ocrx_word' id='word_1_31' title='bbox 1781 694 1916 763; x_wconf 89' lang='lat' dir='ltr'><strong>ipsis</strong></span> <span class='ocrx_word' id='word_1_32' title='bbox 1949 694 2138 748; x_wconf 90' lang='lat' dir='ltr'><strong>adver-</strong></span> 
     </span>
    </p>
   </div>
   <div class='ocr_carea' id='block_1_7' title="bbox 563 781 2134 854">
    <p class='ocr_par' dir='ltr' id='par_1_7' title="bbox 563 781 2134 854">
     <span class='ocr_line' id='line_1_7' title="bbox 563 781 2134 854; baseline 0.003 -21"><span class='ocrx_word' id='word_1_33' title='bbox 563 782 812 836; x_wconf 89' lang='lat' dir='ltr'><strong>santibus</strong></span> <span class='ocrx_word' id='word_1_34' title='bbox 867 781 1168 852; x_wconf 85' lang='lat' dir='ltr'><strong>episcopis,</strong></span> <span class='ocrx_word' id='word_1_35' title='bbox 1201 784 1320 854; x_wconf 82' lang='lat' dir='ltr'><strong>qui</strong></span> <span class='ocrx_word' id='word_1_36' title='bbox 1374 785 1623 840; x_wconf 79' lang='lat' dir='ltr'><strong>dicerent</strong></span> <span class='ocrx_word' id='word_1_37' title='bbox 1667 785 1771 840; x_wconf 89' lang='lat' dir='ltr'><strong>hoc</strong></span> <span class='ocrx_word' id='word_1_38' title='bbox 1818 787 1980 839; x_wconf 90' lang='lat' dir='ltr'><strong>modo</strong></span> <span class='ocrx_word' id='word_1_39' title='bbox 2021 801 2134 840; x_wconf 88' lang='lat' dir='ltr'><strong>rem</strong></span> 
     </span>
    </p>
   </div>
   <div class='ocr_carea' id='block_1_8' title="bbox 565 869 2140 945">
    <p class='ocr_par' dir='ltr' id='par_1_8' title="bbox 565 869 2140 945">
     <span class='ocr_line' id='line_1_8' title="bbox 565 869 2140 945; baseline 0.004 -21"><span class='ocrx_word' id='word_1_40' title='bbox 565 869 840 939; x_wconf 84' lang='lat' dir='ltr'><strong>Ungaram</strong></span> <span class='ocrx_word' id='word_1_41' title='bbox 889 872 943 924; x_wconf 92' lang='lat' dir='ltr'><strong>in</strong></span> <span class='ocrx_word' id='word_1_42' title='bbox 990 881 1270 942; x_wconf 91' lang='lat' dir='ltr'><strong>posterum</strong></span> <span class='ocrx_word' id='word_1_43' title='bbox 1337 875 1535 930; x_wconf 89' lang='lat' dir='ltr'><strong>melius</strong></span> <span class='ocrx_word' id='word_1_44' title='bbox 1568 875 1898 929; x_wconf 81' lang='lat' dir='ltr'><strong>habituram.</strong></span> <span class='ocrx_word' id='word_1_45' title='bbox 1953 873 2140 945; x_wconf 78' lang='lat' dir='ltr'><strong>Itaque</strong></span> 
     </span>
    </p>
   </div>
   <div class='ocr_carea' id='block_1_9' title="bbox 565 965 2138 1038">
    <p class='ocr_par' dir='ltr' id='par_1_9' title="bbox 565 965 2138 1038">
     <span class='ocr_line' id='line_1_9' title="bbox 565 965 2138 1038; baseline 0.006 -22"><span class='ocrx_word' id='word_1_46' title='bbox 565 979 822 1031; x_wconf 84' lang='lat' dir='ltr'><strong>proceres</strong></span> <span class='ocrx_word' id='word_1_47' title='bbox 855 974 1047 1020; x_wconf 90' lang='lat' dir='ltr'><strong>mutuo</strong></span> <span class='ocrx_word' id='word_1_48' title='bbox 1097 965 1240 1019; x_wconf 90' lang='lat' dir='ltr'><strong>inter</strong></span> <span class='ocrx_word' id='word_1_49' title='bbox 1274 982 1332 1021; x_wconf 91' lang='lat' dir='ltr'><strong>se</strong></span> <span class='ocrx_word' id='word_1_50' title='bbox 1373 965 1580 1021; x_wconf 76' lang='lat' dir='ltr'><strong>fmdere</strong></span> <span class='ocrx_word' id='word_1_51' title='bbox 1611 968 1870 1033; x_wconf 83' lang='lat' dir='ltr'><strong>devincti,</strong></span> <span class='ocrx_word' id='word_1_52' title='bbox 1912 983 2138 1038; x_wconf 86' lang='lat' dir='ltr'><strong>magnas</strong></span> 
     </span>
    </p>
   </div>
   <div class='ocr_carea' id='block_1_10' title="bbox 565 1058 2137 1130">
    <p class='ocr_par' dir='ltr' id='par_1_10' title="bbox 565 1058 2137 1130">
     <span class='ocr_line' id='line_1_10' title="bbox 565 1058 2137 1130; baseline 0.003 -20"><span class='ocrx_word' id='word_1_53' title='bbox 565 1072 795 1126; x_wconf 82' lang='lat' dir='ltr'><strong>coegere</strong></span> <span class='ocrx_word' id='word_1_54' title='bbox 825 1058 1036 1128; x_wconf 89' lang='lat' dir='ltr'><strong>copias,</strong></span> <span class='ocrx_word' id='word_1_55' title='bbox 1068 1068 1122 1113; x_wconf 91' lang='lat' dir='ltr'><strong>et</strong></span> <span class='ocrx_word' id='word_1_56' title='bbox 1144 1059 1345 1130; x_wconf 84' lang='lat' dir='ltr'><strong>insigni</strong></span> <span class='ocrx_word' id='word_1_57' title='bbox 1365 1075 1488 1114; x_wconf 91' lang='lat' dir='ltr'><strong>cum</strong></span> <span class='ocrx_word' id='word_1_58' title='bbox 1517 1072 1781 1130; x_wconf 87' lang='lat' dir='ltr'><strong>apparatu</strong></span> <span class='ocrx_word' id='word_1_59' title='bbox 1815 1061 2137 1117; x_wconf 90' lang='lat' dir='ltr'><strong>bellicorum</strong></span> 
     </span>
    </p>
   </div>
   <div class='ocr_carea' id='block_1_11' title="bbox 563 1153 2142 1213">
    <p class='ocr_par' dir='ltr' id='par_1_11' title="bbox 563 1153 2142 1213">
     <span class='ocr_line' id='line_1_11' title="bbox 563 1153 2142 1213; baseline 0.005 -9"><span class='ocrx_word' id='word_1_60' title='bbox 563 1157 967 1207; x_wconf 81' lang='lat' dir='ltr'><strong>tormentorum</strong></span> <span class='ocrx_word' id='word_1_61' title='bbox 1013 1153 1080 1209; x_wconf 88' lang='lat' dir='ltr'><strong>ad</strong></span> <span class='ocrx_word' id='word_1_62' title='bbox 1127 1156 1334 1208; x_wconf 84' lang='lat' dir='ltr'><strong>Budam</strong></span> <span class='ocrx_word' id='word_1_63' title='bbox 1382 1165 1757 1213; x_wconf 85' lang='lat' dir='ltr'><strong>accesserunt.</strong></span> <span class='ocrx_word' id='word_1_64' title='bbox 1791 1155 1864 1211; x_wconf 86' lang='lat' dir='ltr'><strong>Ea</strong></span> <span class='ocrx_word' id='word_1_65' title='bbox 1900 1172 1961 1212; x_wconf 89' lang='lat' dir='ltr'><strong>re</strong></span> <span class='ocrx_word' id='word_1_66' title='bbox 2010 1171 2142 1212; x_wconf 83' lang='lat' dir='ltr'><strong>con-</strong></span> 
     </span>
    </p>
   </div>
   <div class='ocr_carea' id='block_1_12' title="bbox 569 1249 2139 1319">
    <p class='ocr_par' dir='ltr' id='par_1_12' title="bbox 569 1249 2139 1319">
     <span class='ocr_line' id='line_1_12' title="bbox 569 1249 2139 1319; baseline 0.003 -20"><span class='ocrx_word' id='word_1_67' title='bbox 569 1256 776 1314; x_wconf 87' lang='lat' dir='ltr'><strong>specta,</strong></span> <span class='ocrx_word' id='word_1_68' title='bbox 813 1257 1038 1317; x_wconf 89' lang='lat' dir='ltr'><strong>repente</strong></span> <span class='ocrx_word' id='word_1_69' title='bbox 1097 1249 1298 1303; x_wconf 86' lang='lat' dir='ltr'><strong>mulier</strong></span> <span class='ocrx_word' id='word_1_70' title='bbox 1349 1249 1602 1319; x_wconf 77' lang='lat' dir='ltr'><strong>exiguam</strong></span> <span class='ocrx_word' id='word_1_71' title='bbox 1642 1249 1880 1304; x_wconf 87' lang='lat' dir='ltr'><strong>militum</strong></span> <span class='ocrx_word' id='word_1_72' title='bbox 1916 1264 2139 1304; x_wconf 89' lang='lat' dir='ltr'><strong>manum</strong></span> 
     </span>
    </p>
   </div>
   <div class='ocr_carea' id='block_1_13' title="bbox 567 1338 2144 1408">
    <p class='ocr_par' dir='ltr' id='par_1_13' title="bbox 567 1338 2144 1408">
     <span class='ocr_line' id='line_1_13' title="bbox 567 1338 2144 1408; baseline 0.003 -16"><span class='ocrx_word' id='word_1_73' title='bbox 567 1338 792 1408; x_wconf 78' lang='lat' dir='ltr'><strong>colligit,</strong></span> <span class='ocrx_word' id='word_1_74' title='bbox 817 1347 869 1392; x_wconf 90' lang='lat' dir='ltr'><strong>et</strong></span> <span class='ocrx_word' id='word_1_75' title='bbox 909 1340 1013 1393; x_wconf 90' lang='lat' dir='ltr'><strong>hoc</strong></span> <span class='ocrx_word' id='word_1_76' title='bbox 1050 1339 1240 1393; x_wconf 86' lang='lat' dir='ltr'><strong>urbem</strong></span> <span class='ocrx_word' id='word_1_77' title='bbox 1275 1340 1531 1408; x_wconf 69' lang='lat' dir='ltr'><strong>prmsidio</strong></span> <span class='ocrx_word' id='word_1_78' title='bbox 1555 1343 1772 1394; x_wconf 87' lang='lat' dir='ltr'><strong>munit:</strong></span> <span class='ocrx_word' id='word_1_79' title='bbox 1805 1357 1928 1395; x_wconf 87' lang='lat' dir='ltr'><strong>cum</strong></span> <span class='ocrx_word' id='word_1_80' title='bbox 1968 1340 2144 1396; x_wconf 85' lang='lat' dir='ltr'><strong>Solei-</strong></span> 
     </span>
    </p>
   </div>
   <div class='ocr_carea' id='block_1_14' title="bbox 570 1430 2143 1500">
    <p class='ocr_par' dir='ltr' id='par_1_14' title="bbox 570 1430 2143 1500">
     <span class='ocr_line' id='line_1_14' title="bbox 570 1430 2143 1500; baseline 0.003 -19"><span class='ocrx_word' id='word_1_81' title='bbox 570 1444 785 1484; x_wconf 85' lang='lat' dir='ltr'><strong>manem</strong></span> <span class='ocrx_word' id='word_1_82' title='bbox 811 1445 1031 1500; x_wconf 86' lang='lat' dir='ltr'><strong>quoque</strong></span> <span class='ocrx_word' id='word_1_83' title='bbox 1063 1433 1131 1485; x_wconf 89' lang='lat' dir='ltr'><strong>de</strong></span> <span class='ocrx_word' id='word_1_84' title='bbox 1165 1431 1330 1484; x_wconf 84' lang='lat' dir='ltr'><strong>rebus</strong></span> <span class='ocrx_word' id='word_1_85' title='bbox 1365 1431 1623 1486; x_wconf 86' lang='lat' dir='ltr'><strong>omnibus</strong></span> <span class='ocrx_word' id='word_1_86' title='bbox 1651 1431 1944 1486; x_wconf 71' lang='lat' dir='ltr'><strong>certiorem</strong></span> <span class='ocrx_word' id='word_1_87' title='bbox 1978 1430 2143 1486; x_wconf 80' lang='lat' dir='ltr'><strong>fecis-</strong></span> 
     </span>
    </p>
   </div>
   <div class='ocr_carea' id='block_1_15' title="bbox 569 1521 2144 1590">
    <p class='ocr_par' dir='ltr' id='par_1_15' title="bbox 569 1521 2144 1590">
     <span class='ocr_line' id='line_1_15' title="bbox 569 1521 2144 1590; baseline 0.001 -14"><span class='ocrx_word' id='word_1_88' title='bbox 569 1531 673 1576; x_wconf 87' lang='lat' dir='ltr'><strong>set.</strong></span> <span class='ocrx_word' id='word_1_89' title='bbox 704 1521 753 1576; x_wconf 85' lang='lat' dir='ltr'><strong>Is</strong></span> <span class='ocrx_word' id='word_1_90' title='bbox 785 1523 850 1576; x_wconf 86' lang='lat' dir='ltr'><strong>ad</strong></span> <span class='ocrx_word' id='word_1_91' title='bbox 891 1523 1119 1590; x_wconf 91' lang='lat' dir='ltr'><strong>hujusce</strong></span> <span class='ocrx_word' id='word_1_92' title='bbox 1153 1533 1335 1577; x_wconf 81' lang='lat' dir='ltr'><strong>moms</strong></span> <span class='ocrx_word' id='word_1_93' title='bbox 1363 1523 1586 1588; x_wconf 89' lang='lat' dir='ltr'><strong>famam,</strong></span> <span class='ocrx_word' id='word_1_94' title='bbox 1611 1523 1899 1579; x_wconf 76' lang='lat' dir='ltr'><strong>confestim</strong></span> <span class='ocrx_word' id='word_1_95' title='bbox 1923 1523 2144 1578; x_wconf 86' lang='lat' dir='ltr'><strong>Muche-</strong></span> 
     </span>
    </p>
   </div>
   <div class='ocr_carea' id='block_1_16' title="bbox 572 1615 2146 1687">
    <p class='ocr_par' dir='ltr' id='par_1_16' title="bbox 572 1615 2146 1687">
     <span class='ocr_line' id='line_1_16' title="bbox 572 1615 2146 1687; baseline 0.002 -20"><span class='ocrx_word' id='word_1_96' title='bbox 572 1623 772 1670; x_wconf 88' lang='lat' dir='ltr'><strong>metem</strong></span> <span class='ocrx_word' id='word_1_97' title='bbox 829 1615 1045 1670; x_wconf 88' lang='lat' dir='ltr'><strong>bassam</strong></span> <span class='ocrx_word' id='word_1_98' title='bbox 1091 1631 1211 1670; x_wconf 89' lang='lat' dir='ltr'><strong>cum</strong></span> <span class='ocrx_word' id='word_1_99' title='bbox 1247 1625 1398 1686; x_wconf 92' lang='lat' dir='ltr'><strong>parte</strong></span> <span class='ocrx_word' id='word_1_100' title='bbox 1431 1617 1837 1687; x_wconf 77' lang='lat' dir='ltr'><strong>genizarorum,</strong></span> <span class='ocrx_word' id='word_1_101' title='bbox 1877 1623 1934 1670; x_wconf 92' lang='lat' dir='ltr'><strong>et</strong></span> <span class='ocrx_word' id='word_1_102' title='bbox 1972 1615 2146 1686; x_wconf 81' lang='lat' dir='ltr'><strong>copi-is</strong></span> 
     </span>
    </p>
   </div>
   <div class='ocr_carea' id='block_1_17' title="bbox 573 1705 2142 1778">
    <p class='ocr_par' dir='ltr' id='par_1_17' title="bbox 573 1705 2142 1778">
     <span class='ocr_line' id='line_1_17' title="bbox 573 1705 2142 1778; baseline 0.003 -20"><span class='ocrx_word' id='word_1_103' title='bbox 573 1705 854 1762; x_wconf 80' lang='lat' dir='ltr'><strong>Romaniae</strong></span> <span class='ocrx_word' id='word_1_104' title='bbox 879 1707 1164 1778; x_wconf 75' lang='lat' dir='ltr'><strong>pmmlsit,</strong></span> <span class='ocrx_word' id='word_1_105' title='bbox 1198 1708 1314 1776; x_wconf 89' lang='lat' dir='ltr'><strong>ipse</strong></span> <span class='ocrx_word' id='word_1_106' title='bbox 1358 1709 1446 1762; x_wconf 88' lang='lat' dir='ltr'><strong>die</strong></span> <span class='ocrx_word' id='word_1_107' title='bbox 1475 1707 1737 1764; x_wconf 90' lang='lat' dir='ltr'><strong>vicesimo</strong></span> <span class='ocrx_word' id='word_1_108' title='bbox 1772 1709 1961 1778; x_wconf 92' lang='lat' dir='ltr'><strong>quinto</strong></span> <span class='ocrx_word' id='word_1_109' title='bbox 1995 1722 2142 1762; x_wconf 77' lang='lat' dir='ltr'><strong>men-</strong></span> 
     </span>
    </p>
   </div>
   <div class='ocr_carea' id='block_1_18' title="bbox 574 1797 2145 1870">
    <p class='ocr_par' dir='ltr' id='par_1_18' title="bbox 574 1797 2145 1870">
     <span class='ocr_line' id='line_1_18' title="bbox 574 1797 2145 1870; baseline -0.001 -16"><span class='ocrx_word' id='word_1_110' title='bbox 574 1799 650 1854; x_wconf 79' lang='lat' dir='ltr'><strong>sis</strong></span> <span class='ocrx_word' id='word_1_111' title='bbox 684 1797 887 1853; x_wconf 77' lang='lat' dir='ltr'><strong>Seferis</strong></span> <span class='ocrx_word' id='word_1_112' title='bbox 921 1799 1394 1870; x_wconf 79' lang='lat' dir='ltr'><strong>Cdnstantinopoli</strong></span> <span class='ocrx_word' id='word_1_113' title='bbox 1418 1801 1722 1870; x_wconf 74' lang='lat' dir='ltr'><strong>digressus,</strong></span> <span class='ocrx_word' id='word_1_114' title='bbox 1767 1799 1974 1854; x_wconf 80' lang='lat' dir='ltr'><strong>Bndam</strong></span> <span class='ocrx_word' id='word_1_115' title='bbox 2020 1815 2145 1854; x_wconf 87' lang='lat' dir='ltr'><strong>ver-</strong></span> 
     </span>
    </p>
   </div>
   <div class='ocr_carea' id='block_1_19' title="bbox 2241 599 3825 664">
    <p class='ocr_par' dir='ltr' id='par_1_19' title="bbox 2241 599 3825 664">
     <span class='ocr_line' id='line_1_19' title="bbox 2241 599 3825 664; baseline -0.003 -10"><span class='ocrx_word' id='word_1_116' title='bbox 2241 617 2384 664; x_wconf 85' lang='lat' dir='ltr'><strong>sam,</strong></span> <span class='ocrx_word' id='word_1_117' title='bbox 2444 602 2574 655; x_wconf 90' lang='lat' dir='ltr'><strong>huic</strong></span> <span class='ocrx_word' id='word_1_118' title='bbox 2642 601 3046 655; x_wconf 85' lang='lat' dir='ltr'><strong>Caramaniam.</strong></span> <span class='ocrx_word' id='word_1_119' title='bbox 3115 599 3341 654; x_wconf 82' lang='lat' dir='ltr'><strong>Factum</strong></span> <span class='ocrx_word' id='word_1_120' title='bbox 3401 599 3502 652; x_wconf 87' lang='lat' dir='ltr'><strong>hoc</strong></span> <span class='ocrx_word' id='word_1_121' title='bbox 3524 613 3667 652; x_wconf 88' lang='lat' dir='ltr'><strong>anno</strong></span> <span class='ocrx_word' id='word_1_122' title='bbox 3718 599 3825 650; x_wconf 27' lang='lat'><strong>9.29</strong></span> 
     </span>
    </p>
   </div>
   <div class='ocr_carea' id='block_1_20' title="bbox 2243 689 2621 762">
    <p class='ocr_par' dir='ltr' id='par_1_20' title="bbox 2243 689 2621 762">
     <span class='ocr_line' id='line_1_20' title="bbox 2243 689 2621 762; baseline 0.005 -19"><span class='ocrx_word' id='word_1_123' title='bbox 2243 690 2395 757; x_wconf 87' lang='lat' dir='ltr'><strong>(Chr.</strong></span> <span class='ocrx_word' id='word_1_124' title='bbox 2439 689 2621 762; x_wconf 71' lang='grc'><strong>1545).</strong></span> 
     </span>
    </p>
   </div>
   <div class='ocr_carea' id='block_1_21' title="bbox 2313 781 3825 850">
    <p class='ocr_par' dir='ltr' id='par_1_21' title="bbox 2313 781 3825 850">
     <span class='ocr_line' id='line_1_21' title="bbox 2313 781 3825 850; baseline -0.005 -12"><span class='ocrx_word' id='word_1_125' title='bbox 2313 781 2653 839; x_wconf 83' lang='lat' dir='ltr'><strong>Soleimanes</strong></span> <span class='ocrx_word' id='word_1_126' title='bbox 2683 785 2820 841; x_wconf 87' lang='lat' dir='ltr'><strong>satis</strong></span> <span class='ocrx_word' id='word_1_127' title='bbox 2853 783 2958 840; x_wconf 88' lang='lat' dir='ltr'><strong>sibi</strong></span> <span class='ocrx_word' id='word_1_128' title='bbox 3000 783 3092 838; x_wconf 87' lang='lat' dir='ltr'><strong>diu</strong></span> <span class='ocrx_word' id='word_1_129' title='bbox 3151 781 3627 850; x_wconf 81' lang='lat' dir='ltr'><strong>Constantinopoli</strong></span> <span class='ocrx_word' id='word_1_130' title='bbox 3691 781 3825 833; x_wconf 80' lang='lat' dir='ltr'><strong>sub-</strong></span> 
     </span>
    </p>
   </div>
   <div class='ocr_carea' id='block_1_22' title="bbox 2243 874 3824 944">
    <p class='ocr_par' dir='ltr' id='par_1_22' title="bbox 2243 874 3824 944">
     <span class='ocr_line' id='line_1_22' title="bbox 2243 874 3824 944; baseline -0.005 -14"><span class='ocrx_word' id='word_1_131' title='bbox 2243 878 2451 932; x_wconf 84' lang='lat' dir='ltr'><strong>stitisse.</strong></span> <span class='ocrx_word' id='word_1_132' title='bbox 2477 877 2652 940; x_wconf 89' lang='lat' dir='ltr'><strong>visus.</strong></span> <span class='ocrx_word' id='word_1_133' title='bbox 2708 878 2774 931; x_wconf 89' lang='lat' dir='ltr'><strong>ad</strong></span> <span class='ocrx_word' id='word_1_134' title='bbox 2811 877 2972 930; x_wconf 91' lang='lat' dir='ltr'><strong>aliam</strong></span> <span class='ocrx_word' id='word_1_135' title='bbox 3040 891 3098 932; x_wconf 90' lang='lat' dir='ltr'><strong>se</strong></span> <span class='ocrx_word' id='word_1_136' title='bbox 3129 875 3344 944; x_wconf 84' lang='lat' dir='ltr'><strong>paravit</strong></span> <span class='ocrx_word' id='word_1_137' title='bbox 3395 874 3824 941; x_wconf 72' lang='lat' dir='ltr'><strong>expeditionem.</strong></span> 
     </span>
    </p>
   </div>
   <div class='ocr_carea' id='block_1_23' title="bbox 2242 961 3825 1039">
    <p class='ocr_par' dir='ltr' id='par_1_23' title="bbox 2242 961 3825 1039">
     <span class='ocr_line' id='line_1_23' title="bbox 2242 961 3825 1039; baseline -0.005 -15"><span class='ocrx_word' id='word_1_138' title='bbox 2242 969 2422 1024; x_wconf 87' lang='lat' dir='ltr'><strong>denuo</strong></span> <span class='ocrx_word' id='word_1_139' title='bbox 2449 969 2740 1026; x_wconf 89' lang='lat' dir='ltr'><strong>invasurus</strong></span> <span class='ocrx_word' id='word_1_140' title='bbox 2775 968 3098 1039; x_wconf 70' lang='lat' dir='ltr'><strong>Ungariam.</strong></span> <span class='ocrx_word' id='word_1_141' title='bbox 3127 966 3313 1036; x_wconf 82' lang='lat' dir='ltr'><strong>Itaque</strong></span> <span class='ocrx_word' id='word_1_142' title='bbox 3343 961 3825 1032; x_wconf 81' lang='lat' dir='ltr'><strong>Constantinopoli</strong></span> 
     </span>
    </p>
   </div>
   <div class='ocr_carea' id='block_1_24' title="bbox 2241 1054 3827 1130">
    <p class='ocr_par' dir='ltr' id='par_1_24' title="bbox 2241 1054 3827 1130">
     <span class='ocr_line' id='line_1_24' title="bbox 2241 1054 3827 1130; baseline -0.005 -15"><span class='ocrx_word' id='word_1_143' title='bbox 2241 1061 2552 1127; x_wconf 86' lang='lat' dir='ltr'><strong>discedens,</strong></span> <span class='ocrx_word' id='word_1_144' title='bbox 2584 1059 3027 1130; x_wconf 82' lang='lat' dir='ltr'><strong>Hadrianopolim</strong></span> <span class='ocrx_word' id='word_1_145' title='bbox 3090 1062 3144 1114; x_wconf 93' lang='lat' dir='ltr'><strong>in</strong></span> <span class='ocrx_word' id='word_1_146' title='bbox 3176 1057 3408 1113; x_wconf 86' lang='lat' dir='ltr'><strong>hiberna</strong></span> <span class='ocrx_word' id='word_1_147' title='bbox 3456 1072 3514 1111; x_wconf 90' lang='lat' dir='ltr'><strong>se</strong></span> <span class='ocrx_word' id='word_1_148' title='bbox 3571 1054 3827 1109; x_wconf 73' lang='lat' dir='ltr'><strong>contulit.</strong></span> 
     </span>
    </p>
   </div>
   <div class='ocr_carea' id='block_1_25' title="bbox 2242 1149 3827 1224">
    <p class='ocr_par' dir='ltr' id='par_1_25' title="bbox 2242 1149 3827 1224">
     <span class='ocr_line' id='line_1_25' title="bbox 2242 1149 3827 1224; baseline -0.003 -18"><span class='ocrx_word' id='word_1_149' title='bbox 2242 1153 2374 1206; x_wconf 90' lang='lat' dir='ltr'><strong>Inde</strong></span> <span class='ocrx_word' id='word_1_150' title='bbox 2407 1167 2604 1224; x_wconf 83' lang='lat' dir='ltr'><strong>magno</strong></span> <span class='ocrx_word' id='word_1_151' title='bbox 2646 1166 2773 1208; x_wconf 87' lang='lat' dir='ltr'><strong>cum</strong></span> <span class='ocrx_word' id='word_1_152' title='bbox 2829 1159 3124 1223; x_wconf 83' lang='lat' dir='ltr'><strong>apparatu.</strong></span> <span class='ocrx_word' id='word_1_153' title='bbox 3181 1159 3236 1205; x_wconf 89' lang='lat' dir='ltr'><strong>et</strong></span> <span class='ocrx_word' id='word_1_154' title='bbox 3299 1149 3576 1205; x_wconf 82' lang='lat' dir='ltr'><strong>universis</strong></span> <span class='ocrx_word' id='word_1_155' title='bbox 3630 1149 3827 1215; x_wconf 86' lang='lat' dir='ltr'><strong>copiis,</strong></span> 
     </span>
    </p>
   </div>
   <div class='ocr_carea' id='block_1_26' title="bbox 2246 1243 3824 1313">
    <p class='ocr_par' dir='ltr' id='par_1_26' title="bbox 2246 1243 3824 1313">
     <span class='ocr_line' id='line_1_26' title="bbox 2246 1243 3824 1313; baseline -0.001 -16"><span class='ocrx_word' id='word_1_156' title='bbox 2246 1243 2524 1313; x_wconf 88' lang='lat' dir='ltr'><strong>profectus</strong></span> <span class='ocrx_word' id='word_1_157' title='bbox 2551 1253 2636 1300; x_wconf 87' lang='lat' dir='ltr'><strong>est</strong></span> <span class='ocrx_word' id='word_1_158' title='bbox 2681 1245 2769 1300; x_wconf 90' lang='lat' dir='ltr'><strong>die</strong></span> <span class='ocrx_word' id='word_1_159' title='bbox 2823 1246 3029 1301; x_wconf 84' lang='lat' dir='ltr'><strong>mensis</strong></span> <span class='ocrx_word' id='word_1_160' title='bbox 3083 1243 3429 1300; x_wconf 78' lang='lat' dir='ltr'><strong>Mucberenis</strong></span> <span class='ocrx_word' id='word_1_161' title='bbox 3491 1255 3709 1299; x_wconf 86' lang='lat' dir='ltr'><strong>octavo.</strong></span> <span class='ocrx_word' id='word_1_162' title='bbox 3766 1243 3824 1296; x_wconf 90' lang='lat' dir='ltr'><strong>In</strong></span> 
     </span>
    </p>
   </div>
   <div class='ocr_carea' id='block_1_27' title="bbox 2245 1329 3827 1408">
    <p class='ocr_par' dir='ltr' id='par_1_27' title="bbox 2245 1329 3827 1408">
     <span class='ocr_line' id='line_1_27' title="bbox 2245 1329 3827 1408; baseline 0 -19"><span class='ocrx_word' id='word_1_163' title='bbox 2245 1329 2540 1407; x_wconf 85' lang='lat' dir='ltr'><strong>Ungariam</strong></span> <span class='ocrx_word' id='word_1_164' title='bbox 2575 1351 2701 1392; x_wconf 88' lang='lat' dir='ltr'><strong>cum</strong></span> <span class='ocrx_word' id='word_1_165' title='bbox 2759 1339 3121 1408; x_wconf 80' lang='lat' dir='ltr'><strong>pervenisset,</strong></span> <span class='ocrx_word' id='word_1_166' title='bbox 3175 1351 3328 1393; x_wconf 86' lang='lat' dir='ltr'><strong>arces</strong></span> <span class='ocrx_word' id='word_1_167' title='bbox 3399 1335 3544 1390; x_wconf 85' lang='lat' dir='ltr'><strong>Petri</strong></span> <span class='ocrx_word' id='word_1_168' title='bbox 3610 1335 3827 1391; x_wconf 83' lang='lat' dir='ltr'><strong>Perenii</strong></span> 
     </span>
    </p>
   </div>
   <div class='ocr_carea' id='block_1_28' title="bbox 2246 1426 3824 1498">
    <p class='ocr_par' dir='ltr' id='par_1_28' title="bbox 2246 1426 3824 1498">
     <span class='ocr_line' id='line_1_28' title="bbox 2246 1426 3824 1498; baseline 0.001 -19"><span class='ocrx_word' id='word_1_169' title='bbox 2246 1431 2482 1496; x_wconf 90' lang='lat' dir='ltr'><strong>primum</strong></span> <span class='ocrx_word' id='word_1_170' title='bbox 2533 1426 3082 1498; x_wconf 76' lang='lat' dir='ltr'><strong>adortus.Valpoum</strong></span> <span class='ocrx_word' id='word_1_171' title='bbox 3146 1427 3418 1482; x_wconf 85' lang='lat' dir='ltr'><strong>machinis</strong></span> <span class='ocrx_word' id='word_1_172' title='bbox 3442 1436 3498 1483; x_wconf 90' lang='lat' dir='ltr'><strong>et</strong></span> <span class='ocrx_word' id='word_1_173' title='bbox 3561 1426 3824 1481; x_wconf 88' lang='lat' dir='ltr'><strong>militibus</strong></span> 
     </span>
    </p>
   </div>
   <div class='ocr_carea' id='block_1_29' title="bbox 2246 1517 3825 1590">
    <p class='ocr_par' dir='ltr' id='par_1_29' title="bbox 2246 1517 3825 1590">
     <span class='ocr_line' id='line_1_29' title="bbox 2246 1517 3825 1590; baseline -0.001 -17"><span class='ocrx_word' id='word_1_174' title='bbox 2246 1519 2500 1584; x_wconf 87' lang='lat' dir='ltr'><strong>admotis,</strong></span> <span class='ocrx_word' id='word_1_175' title='bbox 2535 1521 2862 1590; x_wconf 77' lang='lat' dir='ltr'><strong>expugnavit</strong></span> <span class='ocrx_word' id='word_1_176' title='bbox 2885 1531 2940 1575; x_wconf 91' lang='lat' dir='ltr'><strong>et</strong></span> <span class='ocrx_word' id='word_1_177' title='bbox 2973 1520 3138 1590; x_wconf 85' lang='lat' dir='ltr'><strong>cepit.</strong></span> <span class='ocrx_word' id='word_1_178' title='bbox 3170 1519 3299 1575; x_wconf 89' lang='lat' dir='ltr'><strong>Inde</strong></span> <span class='ocrx_word' id='word_1_179' title='bbox 3348 1517 3574 1574; x_wconf 85' lang='lat' dir='ltr'><strong>Pestnm</strong></span> <span class='ocrx_word' id='word_1_180' title='bbox 3603 1534 3825 1586; x_wconf 70' lang='lat' dir='ltr'><strong>aggres—</strong></span> 
     </span>
    </p>
   </div>
   <div class='ocr_carea' id='block_1_30' title="bbox 2247 1610 3826 1680">
    <p class='ocr_par' dir='ltr' id='par_1_30' title="bbox 2247 1610 3826 1680">
     <span class='ocr_line' id='line_1_30' title="bbox 2247 1610 3826 1680; baseline -0.001 -15"><span class='ocrx_word' id='word_1_181' title='bbox 2247 1627 2368 1678; x_wconf 87' lang='lat' dir='ltr'><strong>sus,</strong></span> <span class='ocrx_word' id='word_1_182' title='bbox 2401 1612 2587 1666; x_wconf 88' lang='lat' dir='ltr'><strong>itidem</strong></span> <span class='ocrx_word' id='word_1_183' title='bbox 2644 1614 2953 1680; x_wconf 80' lang='lat' dir='ltr'><strong>occuparit.</strong></span> <span class='ocrx_word' id='word_1_184' title='bbox 3009 1611 3168 1669; x_wconf 86' lang='lat' dir='ltr'><strong>Pesto</strong></span> <span class='ocrx_word' id='word_1_185' title='bbox 3223 1611 3533 1677; x_wconf 84' lang='lat' dir='ltr'><strong>discedens,</strong></span> <span class='ocrx_word' id='word_1_186' title='bbox 3594 1610 3826 1665; x_wconf 85' lang='lat' dir='ltr'><strong>ulterius</strong></span> 
     </span>
    </p>
   </div>
   <div class='ocr_carea' id='block_1_31' title="bbox 2248 1701 3823 1773">
    <p class='ocr_par' dir='ltr' id='par_1_31' title="bbox 2248 1701 3823 1773">
     <span class='ocr_line' id='line_1_31' title="bbox 2248 1701 3823 1773; baseline -0.001 -17"><span class='ocrx_word' id='word_1_187' title='bbox 2248 1703 2510 1773; x_wconf 78' lang='lat' dir='ltr'><strong>perrexit,</strong></span> <span class='ocrx_word' id='word_1_188' title='bbox 2531 1713 2584 1757; x_wconf 91' lang='lat' dir='ltr'><strong>et</strong></span> <span class='ocrx_word' id='word_1_189' title='bbox 2617 1704 2955 1773; x_wconf 86' lang='lat' dir='ltr'><strong>Strigonium</strong></span> <span class='ocrx_word' id='word_1_190' title='bbox 2987 1703 3233 1768; x_wconf 84' lang='lat' dir='ltr'><strong>obsedit;</strong></span> <span class='ocrx_word' id='word_1_191' title='bbox 3277 1703 3367 1757; x_wconf 91' lang='lat' dir='ltr'><strong>ubi</strong></span> <span class='ocrx_word' id='word_1_192' title='bbox 3392 1702 3521 1756; x_wconf 88' lang='lat' dir='ltr'><strong>licet</strong></span> <span class='ocrx_word' id='word_1_193' title='bbox 3544 1701 3823 1771; x_wconf 72' lang='lat' dir='ltr'><strong>praesidia-</strong></span> 
     </span>
    </p>
   </div>
   <div class='ocr_carea' id='block_1_32' title="bbox 2253 1795 3829 1866">
    <p class='ocr_par' dir='ltr' id='par_1_32' title="bbox 2253 1795 3829 1866">
     <span class='ocr_line' id='line_1_32' title="bbox 2253 1795 3829 1866; baseline -0.001 -18"><span class='ocrx_word' id='word_1_194' title='bbox 2253 1797 2316 1848; x_wconf 89' lang='lat' dir='ltr'><strong>rii</strong></span> <span class='ocrx_word' id='word_1_195' title='bbox 2351 1796 2548 1850; x_wconf 79' lang='lat' dir='ltr'><strong>milites</strong></span> <span class='ocrx_word' id='word_1_196' title='bbox 2573 1799 2791 1866; x_wconf 75' lang='lat' dir='ltr'><strong>egregie</strong></span> <span class='ocrx_word' id='word_1_197' title='bbox 2821 1813 2882 1852; x_wconf 89' lang='lat' dir='ltr'><strong>se</strong></span> <span class='ocrx_word' id='word_1_198' title='bbox 2919 1795 3299 1862; x_wconf 88' lang='lat' dir='ltr'><strong>defenderent,</strong></span> <span class='ocrx_word' id='word_1_199' title='bbox 3354 1797 3570 1850; x_wconf 85' lang='lat' dir='ltr'><strong>tandem</strong></span> <span class='ocrx_word' id='word_1_200' title='bbox 3645 1802 3829 1848; x_wconf 82' lang='lat' dir='ltr'><strong>tamen</strong></span> 
     </span>
    </p>
   </div>
   <div class='ocr_carea' id='block_1_33' title="bbox 574 1879 3832 1963">
    <p class='ocr_par' dir='ltr' id='par_1_33' title="bbox 574 1879 3832 1963">
     <span class='ocr_line' id='line_1_33' title="bbox 574 1879 3832 1963; baseline -0.004 -13"><span class='ocrx_word' id='word_1_201' title='bbox 574 1905 670 1946; x_wconf 75' lang='lat' dir='ltr'><strong>sus</strong></span> <span class='ocrx_word' id='word_1_202' title='bbox 719 1908 844 1946; x_wconf 90' lang='lat' dir='ltr'><strong>cum</strong></span> <span class='ocrx_word' id='word_1_203' title='bbox 912 1892 1090 1947; x_wconf 83' lang='lat' dir='ltr'><strong>Porlae</strong></span> <span class='ocrx_word' id='word_1_204' title='bbox 1135 1895 1421 1956; x_wconf 86' lang='lat' dir='ltr'><strong>comitatu.</strong></span> <span class='ocrx_word' id='word_1_205' title='bbox 1468 1905 1523 1948; x_wconf 90' lang='lat' dir='ltr'><strong>et</strong></span> <span class='ocrx_word' id='word_1_206' title='bbox 1581 1893 1807 1962; x_wconf 85' lang='lat' dir='ltr'><strong>reliquis</strong></span> <span class='ocrx_word' id='word_1_207' title='bbox 1854 1893 2145 1963; x_wconf 83' lang='lat' dir='ltr'><strong>genizaris,</strong></span> <span class='ocrx_word' id='word_1_208' title='bbox 2176 1879 2223 1940; x_wconf 86' lang='grc' dir='ltr'><strong>Β</strong></span> <span class='ocrx_word' id='word_1_209' title='bbox 2253 1885 2594 1944; x_wconf 86' lang='lat' dir='ltr'><strong>Soleimanes</strong></span> <span class='ocrx_word' id='word_1_210' title='bbox 2621 1903 2687 1942; x_wconf 92' lang='lat' dir='ltr'><strong>eo</strong></span> <span class='ocrx_word' id='word_1_211' title='bbox 2729 1891 2936 1958; x_wconf 90' lang='lat' dir='ltr'><strong>potitus</strong></span> <span class='ocrx_word' id='word_1_212' title='bbox 2967 1897 3073 1944; x_wconf 90' lang='lat' dir='ltr'><strong>est.</strong></span> <span class='ocrx_word' id='word_1_213' title='bbox 3115 1887 3255 1944; x_wconf 84' lang='lat' dir='ltr'><strong>Hinc</strong></span> <span class='ocrx_word' id='word_1_214' title='bbox 3278 1888 3580 1945; x_wconf 80' lang='lat' dir='ltr'><strong>exercitum</strong></span> <span class='ocrx_word' id='word_1_215' title='bbox 3618 1888 3687 1940; x_wconf 88' lang='lat' dir='ltr'><strong>ad</strong></span> <span class='ocrx_word' id='word_1_216' title='bbox 3737 1887 3832 1938; x_wconf 78' lang='lat' dir='ltr'><strong>At-</strong></span> 
     </span>
    </p>
   </div>
   <div class='ocr_carea' id='block_1_34' title="bbox 577 1978 2144 2054">
    <p class='ocr_par' dir='ltr' id='par_1_34' title="bbox 577 1978 2144 2054">
     <span class='ocr_line' id='line_1_34' title="bbox 577 1978 2144 2054; baseline 0.002 -19"><span class='ocrx_word' id='word_1_217' title='bbox 577 1978 973 2037; x_wconf 79' lang='lat' dir='ltr'><strong>Muchemetem</strong></span> <span class='ocrx_word' id='word_1_218' title='bbox 1007 1984 1225 2038; x_wconf 88' lang='lat' dir='ltr'><strong>bassam</strong></span> <span class='ocrx_word' id='word_1_219' title='bbox 1258 1986 1524 2039; x_wconf 90' lang='lat' dir='ltr'><strong>continuo</strong></span> <span class='ocrx_word' id='word_1_220' title='bbox 1556 1993 1782 2040; x_wconf 88' lang='lat' dir='ltr'><strong>secutus</strong></span> <span class='ocrx_word' id='word_1_221' title='bbox 1824 1993 1925 2039; x_wconf 91' lang='lat' dir='ltr'><strong>est.</strong></span> <span class='ocrx_word' id='word_1_222' title='bbox 1972 1981 2144 2054; x_wconf 81' lang='lat' dir='ltr'><strong>Urge-</strong></span> 
     </span>
    </p>
   </div>
   <div class='ocr_carea' id='block_1_35' title="bbox 576 2075 2146 2146">
    <p class='ocr_par' dir='ltr' id='par_1_35' title="bbox 576 2075 2146 2146">
     <span class='ocr_line' id='line_1_35' title="bbox 576 2075 2146 2146; baseline -0.001 -15"><span class='ocrx_word' id='word_1_223' title='bbox 576 2075 669 2132; x_wconf 88' lang='lat' dir='ltr'><strong>bat</strong></span> <span class='ocrx_word' id='word_1_224' title='bbox 693 2077 908 2134; x_wconf 90' lang='lat' dir='ltr'><strong>interim</strong></span> <span class='ocrx_word' id='word_1_225' title='bbox 946 2079 1209 2133; x_wconf 89' lang='lat' dir='ltr'><strong>Perenius</strong></span> <span class='ocrx_word' id='word_1_226' title='bbox 1234 2077 1386 2133; x_wconf 90' lang='lat' dir='ltr'><strong>urbis</strong></span> <span class='ocrx_word' id='word_1_227' title='bbox 1429 2077 1792 2136; x_wconf 90' lang='lat' dir='ltr'><strong>obsidionem.</strong></span> <span class='ocrx_word' id='word_1_228' title='bbox 1824 2078 1918 2133; x_wconf 90' lang='lat' dir='ltr'><strong>sed</strong></span> <span class='ocrx_word' id='word_1_229' title='bbox 1961 2091 2024 2132; x_wconf 89' lang='lat' dir='ltr'><strong>ea</strong></span> <span class='ocrx_word' id='word_1_230' title='bbox 2051 2091 2146 2146; x_wconf 89' lang='lat' dir='ltr'><strong>po-</strong></span> 
     </span>
    </p>
   </div>
   <div class='ocr_carea' id='block_1_36' title="bbox 574 2168 2147 2240">
    <p class='ocr_par' dir='ltr' id='par_1_36' title="bbox 574 2168 2147 2240">
     <span class='ocr_line' id='line_1_36' title="bbox 574 2168 2147 2240; baseline 0 -14"><span class='ocrx_word' id='word_1_231' title='bbox 574 2171 664 2226; x_wconf 90' lang='lat' dir='ltr'><strong>tiri</strong></span> <span class='ocrx_word' id='word_1_232' title='bbox 692 2185 798 2225; x_wconf 93' lang='lat' dir='ltr'><strong>non</strong></span> <span class='ocrx_word' id='word_1_233' title='bbox 824 2172 1021 2240; x_wconf 91' lang='lat' dir='ltr'><strong>potuit.</strong></span> <span class='ocrx_word' id='word_1_234' title='bbox 1064 2169 1167 2226; x_wconf 88' lang='lat' dir='ltr'><strong>Ubi</strong></span> <span class='ocrx_word' id='word_1_235' title='bbox 1193 2168 1559 2226; x_wconf 78' lang='lat' dir='ltr'><strong>Muchemetes</strong></span> <span class='ocrx_word' id='word_1_236' title='bbox 1589 2171 1893 2226; x_wconf 71' lang='lat' dir='ltr'><strong>exercitum</strong></span> <span class='ocrx_word' id='word_1_237' title='bbox 1925 2169 2147 2240; x_wconf 86' lang='lat' dir='ltr'><strong>propius</strong></span> 
     </span>
    </p>
   </div>
   <div class='ocr_carea' id='block_1_37' title="bbox 572 2261 2150 2333">
    <p class='ocr_par' dir='ltr' id='par_1_37' title="bbox 572 2261 2150 2333">
     <span class='ocr_line' id='line_1_37' title="bbox 572 2261 2150 2333; baseline -0.001 -17"><span class='ocrx_word' id='word_1_238' title='bbox 572 2262 639 2317; x_wconf 86' lang='lat' dir='ltr'><strong>ad</strong></span> <span class='ocrx_word' id='word_1_239' title='bbox 668 2265 855 2316; x_wconf 86' lang='lat' dir='ltr'><strong>urbem</strong></span> <span class='ocrx_word' id='word_1_240' title='bbox 881 2262 1144 2327; x_wconf 76' lang='lat' dir='ltr'><strong>duxisset,</strong></span> <span class='ocrx_word' id='word_1_241' title='bbox 1194 2278 1526 2333; x_wconf 72' lang='lat' dir='ltr'><strong>magnopere</strong></span> <span class='ocrx_word' id='word_1_242' title='bbox 1572 2261 1900 2317; x_wconf 86' lang='lat' dir='ltr'><strong>Soleimanis</strong></span> <span class='ocrx_word' id='word_1_243' title='bbox 1946 2261 2150 2316; x_wconf 88' lang='lat' dir='ltr'><strong>adven-</strong></span> 
     </span>
    </p>
   </div>
   <div class='ocr_carea' id='block_1_38' title="bbox 575 2353 2148 2422">
    <p class='ocr_par' dir='ltr' id='par_1_38' title="bbox 575 2353 2148 2422">
     <span class='ocr_line' id='line_1_38' title="bbox 575 2353 2148 2422; baseline 0 -14"><span class='ocrx_word' id='word_1_244' title='bbox 575 2365 688 2410; x_wconf 88' lang='lat' dir='ltr'><strong>tum</strong></span> <span class='ocrx_word' id='word_1_245' title='bbox 728 2357 1095 2411; x_wconf 76' lang='lat' dir='ltr'><strong>desiderabat.</strong></span> <span class='ocrx_word' id='word_1_246' title='bbox 1129 2354 1341 2422; x_wconf 84' lang='lat' dir='ltr'><strong>Quippe</strong></span> <span class='ocrx_word' id='word_1_247' title='bbox 1371 2363 1480 2408; x_wconf 89' lang='lat' dir='ltr'><strong>tam</strong></span> <span class='ocrx_word' id='word_1_248' title='bbox 1539 2369 1850 2410; x_wconf 76' lang='lat' dir='ltr'><strong>numerosa:</strong></span> <span class='ocrx_word' id='word_1_249' title='bbox 1880 2353 2148 2409; x_wconf 78' lang='lat' dir='ltr'><strong>Christia-</strong></span> 
     </span>
    </p>
   </div>
   <div class='ocr_carea' id='block_1_39' title="bbox 573 2445 2150 2516">
    <p class='ocr_par' dir='ltr' id='par_1_39' title="bbox 573 2445 2150 2516">
     <span class='ocr_line' id='line_1_39' title="bbox 573 2445 2150 2516; baseline -0.001 -16"><span class='ocrx_word' id='word_1_250' title='bbox 573 2463 770 2503; x_wconf 88' lang='lat' dir='ltr'><strong>norum</strong></span> <span class='ocrx_word' id='word_1_251' title='bbox 808 2458 965 2502; x_wconf 87' lang='lat' dir='ltr'><strong>erant</strong></span> <span class='ocrx_word' id='word_1_252' title='bbox 998 2446 1188 2515; x_wconf 69' lang='lat' dir='ltr'><strong>copias,</strong></span> <span class='ocrx_word' id='word_1_253' title='bbox 1223 2461 1478 2515; x_wconf 81' lang='lat' dir='ltr'><strong>magnam</strong></span> <span class='ocrx_word' id='word_1_254' title='bbox 1537 2455 1595 2498; x_wconf 94' lang='lat' dir='ltr'><strong>ut</strong></span> <span class='ocrx_word' id='word_1_255' title='bbox 1623 2446 1955 2500; x_wconf 83' lang='lat' dir='ltr'><strong>Muchemeti</strong></span> <span class='ocrx_word' id='word_1_256' title='bbox 1986 2445 2150 2516; x_wconf 52' lang='lat'><strong>3&amp;9</strong></span> 
     </span>
    </p>
   </div>
   <div class='ocr_carea' id='block_1_40' title="bbox 577 2537 2149 2608">
    <p class='ocr_par' dir='ltr' id='par_1_40' title="bbox 577 2537 2149 2608">
     <span class='ocr_line' id='line_1_40' title="bbox 577 2537 2149 2608; baseline 0 -16"><span class='ocrx_word' id='word_1_257' title='bbox 577 2538 922 2594; x_wconf 86' lang='lat' dir='ltr'><strong>formidinem</strong></span> <span class='ocrx_word' id='word_1_258' title='bbox 974 2538 1308 2592; x_wconf 85' lang='lat' dir='ltr'><strong>incuterent.</strong></span> <span class='ocrx_word' id='word_1_259' title='bbox 1351 2538 1496 2602; x_wconf 84' lang='lat' dir='ltr'><strong>Quin</strong></span> <span class='ocrx_word' id='word_1_260' title='bbox 1538 2537 1702 2590; x_wconf 92' lang='lat' dir='ltr'><strong>etiam</strong></span> <span class='ocrx_word' id='word_1_261' title='bbox 1763 2546 1948 2606; x_wconf 87' lang='lat' dir='ltr'><strong>spreto</strong></span> <span class='ocrx_word' id='word_1_262' title='bbox 1980 2539 2149 2608; x_wconf 88' lang='lat' dir='ltr'><strong>ipsius</strong></span> 
     </span>
    </p>
   </div>
   <div class='ocr_carea' id='block_1_41' title="bbox 575 2629 2152 2700">
    <p class='ocr_par' dir='ltr' id='par_1_41' title="bbox 575 2629 2152 2700">
     <span class='ocr_line' id='line_1_41' title="bbox 575 2629 2152 2700; baseline -0.001 -14"><span class='ocrx_word' id='word_1_263' title='bbox 575 2632 834 2693; x_wconf 86' lang='lat' dir='ltr'><strong>adventu,</strong></span> <span class='ocrx_word' id='word_1_264' title='bbox 867 2645 934 2684; x_wconf 91' lang='lat' dir='ltr'><strong>ne</strong></span> <span class='ocrx_word' id='word_1_265' title='bbox 959 2629 1125 2682; x_wconf 85' lang='lat' dir='ltr'><strong>latum</strong></span> <span class='ocrx_word' id='word_1_266' title='bbox 1171 2631 1391 2697; x_wconf 84' lang='lat' dir='ltr'><strong>quidem</strong></span> <span class='ocrx_word' id='word_1_267' title='bbox 1439 2645 1674 2700; x_wconf 91' lang='lat' dir='ltr'><strong>unguem</strong></span> <span class='ocrx_word' id='word_1_268' title='bbox 1715 2643 1746 2683; x_wconf 90' lang='lat' dir='ltr'><strong>e</strong></span> <span class='ocrx_word' id='word_1_269' title='bbox 1795 2629 1992 2684; x_wconf 86' lang='lat' dir='ltr'><strong>castris</strong></span> <span class='ocrx_word' id='word_1_270' title='bbox 2032 2645 2152 2684; x_wconf 88' lang='lat' dir='ltr'><strong>ces-</strong></span> 
     </span>
    </p>
   </div>
   <div class='ocr_carea' id='block_1_42' title="bbox 581 2719 2150 2789">
    <p class='ocr_par' dir='ltr' id='par_1_42' title="bbox 581 2719 2150 2789">
     <span class='ocr_line' id='line_1_42' title="bbox 581 2719 2150 2789; baseline -0.003 -13"><span class='ocrx_word' id='word_1_271' title='bbox 581 2737 728 2786; x_wconf 86' lang='lat' dir='ltr'><strong>sere,</strong></span> <span class='ocrx_word' id='word_1_272' title='bbox 771 2723 864 2776; x_wconf 81' lang='lat' dir='ltr'><strong>sed</strong></span> <span class='ocrx_word' id='word_1_273' title='bbox 901 2721 1100 2775; x_wconf 76' lang='lat' dir='ltr'><strong>mmnia</strong></span> <span class='ocrx_word' id='word_1_274' title='bbox 1124 2720 1414 2774; x_wconf 81' lang='lat' dir='ltr'><strong>tormentis</strong></span> <span class='ocrx_word' id='word_1_275' title='bbox 1447 2728 1757 2783; x_wconf 90' lang='lat' dir='ltr'><strong>concutere,</strong></span> <span class='ocrx_word' id='word_1_276' title='bbox 1785 2729 1947 2789; x_wconf 88' lang='lat' dir='ltr'><strong>atque</strong></span> <span class='ocrx_word' id='word_1_277' title='bbox 1973 2719 2150 2788; x_wconf 88' lang='lat' dir='ltr'><strong>ipsam</strong></span> 
     </span>
    </p>
   </div>
   <div class='ocr_carea' id='block_1_43' title="bbox 495 2811 2150 2883">
    <p class='ocr_par' dir='ltr' id='par_1_43' title="bbox 495 2811 2150 2883">
     <span class='ocr_line' id='line_1_43' title="bbox 495 2811 2150 2883; baseline -0.001 -16"><span class='ocrx_word' id='word_1_278' title='bbox 495 2841 502 2853; x_wconf 67' lang='grc' dir='ltr'><strong>ι</strong></span> <span class='ocrx_word' id='word_1_279' title='bbox 578 2815 764 2867; x_wconf 52' lang='lat' dir='ltr'><strong>urbem</strong></span> <span class='ocrx_word' id='word_1_280' title='bbox 817 2817 1135 2883; x_wconf 79' lang='lat' dir='ltr'><strong>oppugnare</strong></span> <span class='ocrx_word' id='word_1_281' title='bbox 1191 2822 1572 2882; x_wconf 80' lang='lat' dir='ltr'><strong>perrexerunt.</strong></span> <span class='ocrx_word' id='word_1_282' title='bbox 1633 2811 1708 2866; x_wconf 88' lang='lat' dir='ltr'><strong>Ea</strong></span> <span class='ocrx_word' id='word_1_283' title='bbox 1737 2826 1865 2866; x_wconf 89' lang='lat' dir='ltr'><strong>vero</strong></span> <span class='ocrx_word' id='word_1_284' title='bbox 1925 2826 2048 2864; x_wconf 93' lang='lat' dir='ltr'><strong>cum</strong></span> <span class='ocrx_word' id='word_1_285' title='bbox 2096 2811 2150 2866; x_wconf 93' lang='lat' dir='ltr'><strong>in</strong></span> 
     </span>
    </p>
   </div>
   <div class='ocr_carea' id='block_1_44' title="bbox 581 2903 2150 2978">
    <p class='ocr_par' dir='ltr' id='par_1_44' title="bbox 581 2903 2150 2978">
     <span class='ocr_line' id='line_1_44' title="bbox 581 2903 2150 2978; baseline -0.001 -17"><span class='ocrx_word' id='word_1_286' title='bbox 581 2905 922 2978; x_wconf 73' lang='lat' dir='ltr'><strong>Ungarorum</strong></span> <span class='ocrx_word' id='word_1_287' title='bbox 978 2914 1300 2975; x_wconf 87' lang='lat' dir='ltr'><strong>potestatem</strong></span> <span class='ocrx_word' id='word_1_288' title='bbox 1352 2903 1578 2975; x_wconf 89' lang='lat' dir='ltr'><strong>jamjam</strong></span> <span class='ocrx_word' id='word_1_289' title='bbox 1624 2915 1852 2960; x_wconf 90' lang='lat' dir='ltr'><strong>ventura</strong></span> <span class='ocrx_word' id='word_1_290' title='bbox 1896 2913 2061 2970; x_wconf 85' lang='lat' dir='ltr'><strong>esset,</strong></span> <span class='ocrx_word' id='word_1_291' title='bbox 2096 2906 2150 2960; x_wconf 92' lang='lat' dir='ltr'><strong>in</strong></span> 
     </span>
    </p>
   </div>
   <div class='ocr_carea' id='block_1_45' title="bbox 577 2995 2153 3067">
    <p class='ocr_par' dir='ltr' id='par_1_45' title="bbox 577 2995 2153 3067">
     <span class='ocr_line' id='line_1_45' title="bbox 577 2995 2153 3067; baseline 0.001 -15"><span class='ocrx_word' id='word_1_292' title='bbox 577 3005 820 3067; x_wconf 86' lang='lat' dir='ltr'><strong>tempore</strong></span> <span class='ocrx_word' id='word_1_293' title='bbox 845 2997 1183 3052; x_wconf 88' lang='lat' dir='ltr'><strong>Soleimanes</strong></span> <span class='ocrx_word' id='word_1_294' title='bbox 1205 3011 1308 3051; x_wconf 91' lang='lat' dir='ltr'><strong>suo</strong></span> <span class='ocrx_word' id='word_1_295' title='bbox 1331 3011 1456 3050; x_wconf 89' lang='lat' dir='ltr'><strong>cum</strong></span> <span class='ocrx_word' id='word_1_296' title='bbox 1483 2997 1770 3061; x_wconf 86' lang='lat' dir='ltr'><strong>comitatu,</strong></span> <span class='ocrx_word' id='word_1_297' title='bbox 1793 3005 1846 3050; x_wconf 91' lang='lat' dir='ltr'><strong>et</strong></span> <span class='ocrx_word' id='word_1_298' title='bbox 1871 2995 2153 3053; x_wconf 85' lang='lat' dir='ltr'><strong>Genizaris</strong></span> 
     </span>
    </p>
   </div>
   <div class='ocr_carea' id='block_1_46' title="bbox 575 3085 2152 3157">
    <p class='ocr_par' dir='ltr' id='par_1_46' title="bbox 575 3085 2152 3157">
     <span class='ocr_line' id='line_1_46' title="bbox 575 3085 2152 3157; baseline -0.001 -12"><span class='ocrx_word' id='word_1_299' title='bbox 575 3099 635 3146; x_wconf 86' lang='lat' dir='ltr'><strong>et</strong></span> <span class='ocrx_word' id='word_1_300' title='bbox 665 3091 908 3144; x_wconf 81' lang='lat' dir='ltr'><strong>exercitu</strong></span> <span class='ocrx_word' id='word_1_301' title='bbox 958 3089 1221 3143; x_wconf 81' lang='lat' dir='ltr'><strong>Anatoliae</strong></span> <span class='ocrx_word' id='word_1_302' title='bbox 1258 3085 1655 3157; x_wconf 77' lang='lat' dir='ltr'><strong>profectionem</strong></span> <span class='ocrx_word' id='word_1_303' title='bbox 1701 3089 1774 3142; x_wconf 91' lang='lat' dir='ltr'><strong>ita</strong></span> <span class='ocrx_word' id='word_1_304' title='bbox 1834 3090 2152 3154; x_wconf 84' lang='lat' dir='ltr'><strong>maturavit,</strong></span> 
     </span>
    </p>
   </div>
   <div class='ocr_carea' id='block_1_47' title="bbox 581 3179 2222 3278">
    <p class='ocr_par' dir='ltr' id='par_1_47' title="bbox 581 3179 2222 3278">
     <span class='ocr_line' id='line_1_47' title="bbox 581 3179 2222 3278; baseline 0.001 -42"><span class='ocrx_word' id='word_1_305' title='bbox 581 3191 642 3236; x_wconf 90' lang='lat' dir='ltr'><strong>ut</strong></span> <span class='ocrx_word' id='word_1_306' title='bbox 669 3183 867 3237; x_wconf 88' lang='lat' dir='ltr'><strong>itinere</strong></span> <span class='ocrx_word' id='word_1_307' title='bbox 905 3182 1054 3236; x_wconf 89' lang='lat' dir='ltr'><strong>bidui</strong></span> <span class='ocrx_word' id='word_1_308' title='bbox 1085 3180 1351 3235; x_wconf 79' lang='lat' dir='ltr'><strong>duntaxat</strong></span> <span class='ocrx_word' id='word_1_309' title='bbox 1379 3196 1408 3233; x_wconf 89' lang='lat' dir='ltr'><strong>a</strong></span> <span class='ocrx_word' id='word_1_310' title='bbox 1432 3179 1791 3238; x_wconf 82' lang='lat' dir='ltr'><strong>Mochemetis</strong></span> <span class='ocrx_word' id='word_1_311' title='bbox 1830 3189 1884 3237; x_wconf 89' lang='lat' dir='ltr'><strong>et</strong></span> <span class='ocrx_word' id='word_1_312' title='bbox 1915 3181 2149 3237; x_wconf 87' lang='lat' dir='ltr'><strong>hostium</strong></span> <span class='ocrx_word' id='word_1_313' title='bbox 2179 3220 2222 3278; x_wconf 64' lang='grc' dir='ltr'>ο</span> 
     </span>
    </p>
   </div>
   <div class='ocr_carea' id='block_1_48' title="bbox 580 3271 2151 3341">
    <p class='ocr_par' dir='ltr' id='par_1_48' title="bbox 580 3271 2151 3341">
     <span class='ocr_line' id='line_1_48' title="bbox 580 3271 2151 3341; baseline 0 -11"><span class='ocrx_word' id='word_1_314' title='bbox 580 3276 777 3330; x_wconf 84' lang='lat' dir='ltr'><strong>castris</strong></span> <span class='ocrx_word' id='word_1_315' title='bbox 817 3273 1051 3329; x_wconf 86' lang='lat' dir='ltr'><strong>abesset.</strong></span> <span class='ocrx_word' id='word_1_316' title='bbox 1090 3273 1146 3327; x_wconf 91' lang='lat' dir='ltr'><strong>Id</strong></span> <span class='ocrx_word' id='word_1_317' title='bbox 1189 3274 1278 3327; x_wconf 91' lang='lat' dir='ltr'><strong>ubi</strong></span> <span class='ocrx_word' id='word_1_318' title='bbox 1327 3271 1592 3327; x_wconf 87' lang='lat' dir='ltr'><strong>Perenius</strong></span> <span class='ocrx_word' id='word_1_319' title='bbox 1627 3274 1868 3341; x_wconf 88' lang='lat' dir='ltr'><strong>rescivit,</strong></span> <span class='ocrx_word' id='word_1_320' title='bbox 1901 3289 2151 3329; x_wconf 90' lang='lat' dir='ltr'><strong>commo-</strong></span> 
     </span>
    </p>
   </div>
   <div class='ocr_carea' id='block_1_49' title="bbox 591 3363 2150 3435">
    <p class='ocr_par' dir='ltr' id='par_1_49' title="bbox 591 3363 2150 3435">
     <span class='ocr_line' id='line_1_49' title="bbox 591 3363 2150 3435; baseline 0 -15"><span class='ocrx_word' id='word_1_321' title='bbox 591 3367 714 3420; x_wconf 85' lang='lat' dir='ltr'><strong>dam</strong></span> <span class='ocrx_word' id='word_1_322' title='bbox 749 3373 943 3418; x_wconf 91' lang='lat' dir='ltr'><strong>nactns</strong></span> <span class='ocrx_word' id='word_1_323' title='bbox 976 3363 1343 3429; x_wconf 83' lang='lat' dir='ltr'><strong>occasionem,</strong></span> <span class='ocrx_word' id='word_1_324' title='bbox 1365 3364 1554 3418; x_wconf 87' lang='lat' dir='ltr'><strong>furtim</strong></span> <span class='ocrx_word' id='word_1_325' title='bbox 1595 3380 1625 3418; x_wconf 92' lang='lat' dir='ltr'><strong>e</strong></span> <span class='ocrx_word' id='word_1_326' title='bbox 1654 3365 1850 3420; x_wconf 90' lang='lat' dir='ltr'><strong>castris</strong></span> <span class='ocrx_word' id='word_1_327' title='bbox 1880 3380 1940 3420; x_wconf 90' lang='lat' dir='ltr'><strong>se</strong></span> <span class='ocrx_word' id='word_1_328' title='bbox 1973 3368 2150 3435; x_wconf 86' lang='lat' dir='ltr'><strong>prori-</strong></span> 
     </span>
    </p>
   </div>
   <div class='ocr_carea' id='block_1_50' title="bbox 589 3454 2153 3529">
    <p class='ocr_par' dir='ltr' id='par_1_50' title="bbox 589 3454 2153 3529">
     <span class='ocr_line' id='line_1_50' title="bbox 589 3454 2153 3529; baseline 0.001 -19"><span class='ocrx_word' id='word_1_329' title='bbox 589 3458 735 3528; x_wconf 88' lang='lat' dir='ltr'><strong>puit,</strong></span> <span class='ocrx_word' id='word_1_330' title='bbox 756 3466 809 3510; x_wconf 93' lang='lat' dir='ltr'><strong>et</strong></span> <span class='ocrx_word' id='word_1_331' title='bbox 831 3454 1064 3527; x_wconf 76' lang='lat' dir='ltr'><strong>aufugit.</strong></span> <span class='ocrx_word' id='word_1_332' title='bbox 1088 3454 1205 3510; x_wconf 87' lang='lat' dir='ltr'><strong>Non</strong></span> <span class='ocrx_word' id='word_1_333' title='bbox 1236 3457 1381 3511; x_wconf 90' lang='lat' dir='ltr'><strong>enim</strong></span> <span class='ocrx_word' id='word_1_334' title='bbox 1412 3455 1659 3511; x_wconf 90' lang='lat' dir='ltr'><strong>futurum</strong></span> <span class='ocrx_word' id='word_1_335' title='bbox 1696 3466 1932 3528; x_wconf 87' lang='lat' dir='ltr'><strong>putarat,</strong></span> <span class='ocrx_word' id='word_1_336' title='bbox 1952 3467 2012 3529; x_wconf 83' lang='lat' dir='ltr'><strong>ut</strong></span> <span class='ocrx_word' id='word_1_337' title='bbox 2040 3458 2153 3528; x_wconf 88' lang='lat' dir='ltr'><strong>ipse</strong></span> 
     </span>
    </p>
   </div>
   <div class='ocr_carea' id='block_1_51' title="bbox 582 3548 2149 3606">
    <p class='ocr_par' dir='ltr' id='par_1_51' title="bbox 582 3548 2149 3606">
     <span class='ocr_line' id='line_1_51' title="bbox 582 3548 2149 3606; baseline 0 -2"><span class='ocrx_word' id='word_1_338' title='bbox 582 3549 841 3604; x_wconf 68' lang='lat' dir='ltr'><strong>sultznnus</strong></span> <span class='ocrx_word' id='word_1_339' title='bbox 872 3548 939 3604; x_wconf 90' lang='lat' dir='ltr'><strong>ad</strong></span> <span class='ocrx_word' id='word_1_340' title='bbox 970 3549 1279 3604; x_wconf 72' lang='lat' dir='ltr'><strong>solvendam</strong></span> <span class='ocrx_word' id='word_1_341' title='bbox 1321 3550 1472 3604; x_wconf 85' lang='lat' dir='ltr'><strong>urbis</strong></span> <span class='ocrx_word' id='word_1_342' title='bbox 1500 3549 1848 3605; x_wconf 85' lang='lat' dir='ltr'><strong>obsidionem</strong></span> <span class='ocrx_word' id='word_1_343' title='bbox 1913 3553 2149 3606; x_wconf 90' lang='lat' dir='ltr'><strong>veniret.</strong></span> 
     </span>
    </p>
   </div>
   <div class='ocr_carea' id='block_1_52' title="bbox 581 3639 2154 3711">
    <p class='ocr_par' dir='ltr' id='par_1_52' title="bbox 581 3639 2154 3711">
     <span class='ocr_line' id='line_1_52' title="bbox 581 3639 2154 3711; baseline 0 -15"><span class='ocrx_word' id='word_1_344' title='bbox 581 3641 778 3697; x_wconf 78' lang='lat' dir='ltr'><strong>Milites</strong></span> <span class='ocrx_word' id='word_1_345' title='bbox 802 3639 1027 3710; x_wconf 82' lang='lat' dir='ltr'><strong>Ungari,</strong></span> <span class='ocrx_word' id='word_1_346' title='bbox 1060 3641 1276 3711; x_wconf 81' lang='lat' dir='ltr'><strong>cognita</strong></span> <span class='ocrx_word' id='word_1_347' title='bbox 1310 3639 1532 3695; x_wconf 85' lang='lat' dir='ltr'><strong>Perenii</strong></span> <span class='ocrx_word' id='word_1_348' title='bbox 1562 3641 1902 3698; x_wconf 78' lang='lat' dir='ltr'><strong>clandestina</strong></span> <span class='ocrx_word' id='word_1_349' title='bbox 1947 3644 2154 3698; x_wconf 88' lang='lat' dir='ltr'><strong>disces-</strong></span> 
     </span>
    </p>
   </div>
   <div class='ocr_carea' id='block_1_53' title="bbox 581 3733 2149 3805">
    <p class='ocr_par' dir='ltr' id='par_1_53' title="bbox 581 3733 2149 3805">
     <span class='ocr_line' id='line_1_53' title="bbox 581 3733 2149 3805; baseline 0.002 -18"><span class='ocrx_word' id='word_1_350' title='bbox 581 3735 753 3796; x_wconf 87' lang='lat' dir='ltr'><strong>sione,</strong></span> <span class='ocrx_word' id='word_1_351' title='bbox 784 3749 915 3789; x_wconf 90' lang='lat' dir='ltr'><strong>suos</strong></span> <span class='ocrx_word' id='word_1_352' title='bbox 947 3742 1001 3788; x_wconf 89' lang='lat' dir='ltr'><strong>et</strong></span> <span class='ocrx_word' id='word_1_353' title='bbox 1036 3733 1138 3802; x_wconf 92' lang='lat' dir='ltr'><strong>ipsi</strong></span> <span class='ocrx_word' id='word_1_354' title='bbox 1165 3733 1530 3787; x_wconf 88' lang='lat' dir='ltr'><strong>deseruerunt</strong></span> <span class='ocrx_word' id='word_1_355' title='bbox 1555 3734 1794 3798; x_wconf 82' lang='lat' dir='ltr'><strong>ordines,</strong></span> <span class='ocrx_word' id='word_1_356' title='bbox 1831 3750 1998 3805; x_wconf 89' lang='lat' dir='ltr'><strong>seque</strong></span> <span class='ocrx_word' id='word_1_357' title='bbox 2028 3753 2149 3792; x_wconf 66' lang='lat' dir='ltr'><strong>mor</strong></span> 
     </span>
    </p>
   </div>
   <div class='ocr_carea' id='block_1_54' title="bbox 581 3824 2154 3896">
    <p class='ocr_par' dir='ltr' id='par_1_54' title="bbox 581 3824 2154 3896">
     <span class='ocr_line' id='line_1_54' title="bbox 581 3824 2154 3896; baseline 0.001 -14"><span class='ocrx_word' id='word_1_358' title='bbox 581 3827 649 3882; x_wconf 89' lang='lat' dir='ltr'><strong>ad</strong></span> <span class='ocrx_word' id='word_1_359' title='bbox 679 3826 970 3880; x_wconf 85' lang='lat' dir='ltr'><strong>iucundam</strong></span> <span class='ocrx_word' id='word_1_360' title='bbox 1008 3824 1192 3894; x_wconf 85' lang='lat' dir='ltr'><strong>fugam</strong></span> <span class='ocrx_word' id='word_1_361' title='bbox 1221 3832 1500 3894; x_wconf 89' lang='lat' dir='ltr'><strong>pararunt.</strong></span> <span class='ocrx_word' id='word_1_362' title='bbox 1531 3825 1588 3879; x_wconf 92' lang='lat' dir='ltr'><strong>Id</strong></span> <span class='ocrx_word' id='word_1_363' title='bbox 1619 3830 1934 3896; x_wconf 89' lang='lat' dir='ltr'><strong>conspicata</strong></span> <span class='ocrx_word' id='word_1_364' title='bbox 1957 3830 2154 3884; x_wconf 90' lang='lat' dir='ltr'><strong>mulier</strong></span> 
     </span>
    </p>
   </div>
   <div class='ocr_carea' id='block_1_55' title="bbox 580 3917 2154 3987">
    <p class='ocr_par' dir='ltr' id='par_1_55' title="bbox 580 3917 2154 3987">
     <span class='ocr_line' id='line_1_55' title="bbox 580 3917 2154 3987; baseline 0.001 -13"><span class='ocrx_word' id='word_1_365' title='bbox 580 3936 667 3985; x_wconf 90' lang='lat' dir='ltr'><strong>ea,</strong></span> <span class='ocrx_word' id='word_1_366' title='bbox 703 3935 864 3987; x_wconf 90' lang='lat' dir='ltr'><strong>quam</strong></span> <span class='ocrx_word' id='word_1_367' title='bbox 889 3919 1149 3982; x_wconf 81' lang='lat' dir='ltr'><strong>diximus,</strong></span> <span class='ocrx_word' id='word_1_368' title='bbox 1183 3932 1246 3972; x_wconf 78' lang='lat' dir='ltr'><strong>ex</strong></span> <span class='ocrx_word' id='word_1_369' title='bbox 1284 3917 1433 3972; x_wconf 86' lang='lat' dir='ltr'><strong>urbis</strong></span> <span class='ocrx_word' id='word_1_370' title='bbox 1463 3917 1787 3973; x_wconf 86' lang='lat' dir='ltr'><strong>sublimiore</strong></span> <span class='ocrx_word' id='word_1_371' title='bbox 1817 3919 1957 3982; x_wconf 91' lang='lat' dir='ltr'><strong>loco,</strong></span> <span class='ocrx_word' id='word_1_372' title='bbox 1982 3922 2154 3976; x_wconf 90' lang='lat' dir='ltr'><strong>misso</strong></span> 
     </span>
    </p>
   </div>
   <div class='ocr_carea' id='block_1_56' title="bbox 585 4011 2156 4079">
    <p class='ocr_par' dir='ltr' id='par_1_56' title="bbox 585 4011 2156 4079">
     <span class='ocr_line' id='line_1_56' title="bbox 585 4011 2156 4079; baseline -0.003 -10"><span class='ocrx_word' id='word_1_373' title='bbox 585 4016 772 4069; x_wconf 88' lang='lat' dir='ltr'><strong>nuntio</strong></span> <span class='ocrx_word' id='word_1_374' title='bbox 794 4015 1186 4068; x_wconf 79' lang='lat' dir='ltr'><strong>Mucltemetem</strong></span> <span class='ocrx_word' id='word_1_375' title='bbox 1210 4011 1426 4066; x_wconf 88' lang='lat' dir='ltr'><strong>bassam</strong></span> <span class='ocrx_word' id='word_1_376' title='bbox 1453 4011 1745 4079; x_wconf 86' lang='lat' dir='ltr'><strong>increpuit,</strong></span> <span class='ocrx_word' id='word_1_377' title='bbox 1770 4026 1870 4066; x_wconf 92' lang='lat' dir='ltr'><strong>cur</strong></span> <span class='ocrx_word' id='word_1_378' title='bbox 1892 4013 2047 4067; x_wconf 90' lang='lat' dir='ltr'><strong>hoste</strong></span> <span class='ocrx_word' id='word_1_379' title='bbox 2074 4013 2156 4066; x_wconf 73' lang='lat' dir='ltr'><strong>fu-</strong></span> 
     </span>
    </p>
   </div>
   <div class='ocr_carea' id='block_1_57' title="bbox 584 4100 2154 4175">
    <p class='ocr_par' dir='ltr' id='par_1_57' title="bbox 584 4100 2154 4175">
     <span class='ocr_line' id='line_1_57' title="bbox 584 4100 2154 4175; baseline -0.001 -20"><span class='ocrx_word' id='word_1_380' title='bbox 584 4105 762 4175; x_wconf 78' lang='lat' dir='ltr'><strong>giente</strong></span> <span class='ocrx_word' id='word_1_381' title='bbox 797 4104 1122 4172; x_wconf 87' lang='lat' dir='ltr'><strong>quiesceret.</strong></span> <span class='ocrx_word' id='word_1_382' title='bbox 1166 4101 1557 4167; x_wconf 83' lang='lat' dir='ltr'><strong>Muchemetes,</strong></span> <span class='ocrx_word' id='word_1_383' title='bbox 1591 4103 1683 4169; x_wconf 85' lang='lat' dir='ltr'><strong>qui</strong></span> <span class='ocrx_word' id='word_1_384' title='bbox 1736 4100 2014 4156; x_wconf 70' lang='lat' dir='ltr'><strong>Romanis:</strong></span> <span class='ocrx_word' id='word_1_385' title='bbox 2043 4110 2154 4154; x_wconf 90' lang='lat' dir='ltr'><strong>tum</strong></span> 
     </span>
    </p>
   </div>
   <div class='ocr_carea' id='block_1_58' title="bbox 587 4193 2157 4264">
    <p class='ocr_par' dir='ltr' id='par_1_58' title="bbox 587 4193 2157 4264">
     <span class='ocr_line' id='line_1_58' title="bbox 587 4193 2157 4264; baseline -0.001 -16"><span class='ocrx_word' id='word_1_386' title='bbox 587 4195 944 4264; x_wconf 76' lang='lat' dir='ltr'><strong>Iieglerbegns</strong></span> <span class='ocrx_word' id='word_1_387' title='bbox 987 4201 1126 4258; x_wconf 90' lang='lat' dir='ltr'><strong>erat,</strong></span> <span class='ocrx_word' id='word_1_388' title='bbox 1179 4193 1266 4246; x_wconf 87' lang='lat' dir='ltr'><strong>bis</strong></span> <span class='ocrx_word' id='word_1_389' title='bbox 1313 4193 1538 4257; x_wconf 87' lang='lat' dir='ltr'><strong>auditis,</strong></span> <span class='ocrx_word' id='word_1_390' title='bbox 1571 4207 1698 4246; x_wconf 78' lang='lat' dir='ltr'><strong>mox</strong></span> <span class='ocrx_word' id='word_1_391' title='bbox 1739 4193 1791 4247; x_wconf 90' lang='lat' dir='ltr'><strong>io</strong></span> <span class='ocrx_word' id='word_1_392' title='bbox 1816 4193 2157 4247; x_wconf 81' lang='lat' dir='ltr'><strong>Christianos</strong></span> 
     </span>
    </p>
   </div>
   <div class='ocr_carea' id='block_1_59' title="bbox 589 4283 2155 4354">
    <p class='ocr_par' dir='ltr' id='par_1_59' title="bbox 589 4283 2155 4354">
     <span class='ocr_line' id='line_1_59' title="bbox 589 4283 2155 4354; baseline -0.001 -14"><span class='ocrx_word' id='word_1_393' title='bbox 589 4303 746 4340; x_wconf 86' lang='lat' dir='ltr'><strong>suum</strong></span> <span class='ocrx_word' id='word_1_394' title='bbox 780 4285 1053 4354; x_wconf 90' lang='lat' dir='ltr'><strong>promovit</strong></span> <span class='ocrx_word' id='word_1_395' title='bbox 1086 4287 1416 4339; x_wconf 82' lang='lat' dir='ltr'><strong>exercitum.</strong></span> <span class='ocrx_word' id='word_1_396' title='bbox 1448 4284 1601 4350; x_wconf 89' lang='lat' dir='ltr'><strong>Quod</strong></span> <span class='ocrx_word' id='word_1_397' title='bbox 1634 4284 1710 4337; x_wconf 93' lang='lat' dir='ltr'><strong>illi</strong></span> <span class='ocrx_word' id='word_1_398' title='bbox 1744 4283 1859 4337; x_wconf 85' lang='lat' dir='ltr'><strong>fieri</strong></span> <span class='ocrx_word' id='word_1_399' title='bbox 1889 4283 2155 4347; x_wconf 87' lang='lat' dir='ltr'><strong>videntes.</strong></span> 
     </span>
    </p>
   </div>
   <div class='ocr_carea' id='block_1_60' title="bbox 590 4377 2158 4447">
    <p class='ocr_par' dir='ltr' id='par_1_60' title="bbox 590 4377 2158 4447">
     <span class='ocr_line' id='line_1_60' title="bbox 590 4377 2158 4447; baseline 0 -16"><span class='ocrx_word' id='word_1_400' title='bbox 590 4379 874 4447; x_wconf 82' lang='lat' dir='ltr'><strong>hostisque</strong></span> <span class='ocrx_word' id='word_1_401' title='bbox 900 4377 1119 4432; x_wconf 89' lang='lat' dir='ltr'><strong>conatui</strong></span> <span class='ocrx_word' id='word_1_402' title='bbox 1149 4377 1338 4432; x_wconf 92' lang='lat' dir='ltr'><strong>leviter</strong></span> <span class='ocrx_word' id='word_1_403' title='bbox 1359 4377 1652 4432; x_wconf 88' lang='lat' dir='ltr'><strong>admodum</strong></span> <span class='ocrx_word' id='word_1_404' title='bbox 1685 4387 2076 4446; x_wconf 83' lang='lat' dir='ltr'><strong>repugnantes,</strong></span> <span class='ocrx_word' id='word_1_405' title='bbox 2103 4377 2158 4431; x_wconf 92' lang='lat' dir='ltr'><strong>in</strong></span> 
     </span>
    </p>
   </div>
   <div class='ocr_carea' id='block_1_61' title="bbox 591 4468 2156 4538">
    <p class='ocr_par' dir='ltr' id='par_1_61' title="bbox 591 4468 2156 4538">
     <span class='ocr_line' id='line_1_61' title="bbox 591 4468 2156 4538; baseline 0.001 -17"><span class='ocrx_word' id='word_1_406' title='bbox 591 4468 773 4538; x_wconf 89' lang='lat' dir='ltr'><strong>fugam</strong></span> <span class='ocrx_word' id='word_1_407' title='bbox 838 4484 966 4524; x_wconf 86' lang='lat' dir='ltr'><strong>sese</strong></span> <span class='ocrx_word' id='word_1_408' title='bbox 1018 4470 1324 4537; x_wconf 89' lang='lat' dir='ltr'><strong>conjecere.</strong></span> <span class='ocrx_word' id='word_1_409' title='bbox 1380 4469 1637 4533; x_wconf 85' lang='lat' dir='ltr'><strong>Quidam,</strong></span> <span class='ocrx_word' id='word_1_410' title='bbox 1678 4484 1842 4524; x_wconf 86' lang='lat' dir='ltr'><strong>naves</strong></span> <span class='ocrx_word' id='word_1_411' title='bbox 1904 4469 2156 4538; x_wconf 83' lang='lat' dir='ltr'><strong>ingressi,</strong></span> 
     </span>
    </p>
   </div>
   <div class='ocr_carea' id='block_1_62' title="bbox 2249 1977 3829 2051">
    <p class='ocr_par' dir='ltr' id='par_1_62' title="bbox 2249 1977 3829 2051">
     <span class='ocr_line' id='line_1_62' title="bbox 2249 1977 3829 2051; baseline -0.001 -17"><span class='ocrx_word' id='word_1_412' title='bbox 2249 1978 2372 2034; x_wconf 88' lang='lat' dir='ltr'><strong>bam</strong></span> <span class='ocrx_word' id='word_1_413' title='bbox 2405 1981 2634 2051; x_wconf 80' lang='lat' dir='ltr'><strong>regalem</strong></span> <span class='ocrx_word' id='word_1_414' title='bbox 2665 1981 2914 2048; x_wconf 81' lang='lat' dir='ltr'><strong>adduxit,</strong></span> <span class='ocrx_word' id='word_1_415' title='bbox 2955 1997 3060 2051; x_wconf 89' lang='lat' dir='ltr'><strong>qua</strong></span> <span class='ocrx_word' id='word_1_416' title='bbox 3118 1981 3172 2036; x_wconf 91' lang='lat' dir='ltr'><strong>in</strong></span> <span class='ocrx_word' id='word_1_417' title='bbox 3205 1982 3341 2037; x_wconf 87' lang='lat' dir='ltr'><strong>urbe</strong></span> <span class='ocrx_word' id='word_1_418' title='bbox 3368 1995 3522 2051; x_wconf 85' lang='lat' dir='ltr'><strong>reges</strong></span> <span class='ocrx_word' id='word_1_419' title='bbox 3579 1977 3829 2048; x_wconf 58' lang='lat' dir='ltr'><strong>Ungaroa</strong></span> 
     </span>
    </p>
   </div>
   <div class='ocr_carea' id='block_1_63' title="bbox 2249 2070 3828 2142">
    <p class='ocr_par' dir='ltr' id='par_1_63' title="bbox 2249 2070 3828 2142">
     <span class='ocr_line' id='line_1_63' title="bbox 2249 2070 3828 2142; baseline -0.002 -18"><span class='ocrx_word' id='word_1_420' title='bbox 2249 2086 2369 2124; x_wconf 89' lang='lat' dir='ltr'><strong>rum</strong></span> <span class='ocrx_word' id='word_1_421' title='bbox 2399 2073 2616 2142; x_wconf 88' lang='lat' dir='ltr'><strong>sepeliri</strong></span> <span class='ocrx_word' id='word_1_422' title='bbox 2637 2081 3063 2128; x_wconf 86' lang='lat' dir='ltr'><strong>consueverant.</strong></span> <span class='ocrx_word' id='word_1_423' title='bbox 3089 2071 3225 2128; x_wconf 87' lang='lat' dir='ltr'><strong>Huic</strong></span> <span class='ocrx_word' id='word_1_424' title='bbox 3242 2086 3368 2128; x_wconf 90' lang='lat' dir='ltr'><strong>cum</strong></span> <span class='ocrx_word' id='word_1_425' title='bbox 3392 2072 3619 2126; x_wconf 88' lang='lat' dir='ltr'><strong>militem</strong></span> <span class='ocrx_word' id='word_1_426' title='bbox 3648 2070 3828 2124; x_wconf 70' lang='lat' dir='ltr'><strong>Solei-</strong></span> 
     </span>
    </p>
   </div>
   <div class='ocr_carea' id='block_1_64' title="bbox 2251 2163 3826 2236">
    <p class='ocr_par' dir='ltr' id='par_1_64' title="bbox 2251 2163 3826 2236">
     <span class='ocr_line' id='line_1_64' title="bbox 2251 2163 3826 2236; baseline 0.002 -22"><span class='ocrx_word' id='word_1_427' title='bbox 2251 2176 2438 2217; x_wconf 86' lang='lat' dir='ltr'><strong>manes</strong></span> <span class='ocrx_word' id='word_1_428' title='bbox 2491 2163 2849 2231; x_wconf 88' lang='lat' dir='ltr'><strong>admovisset,</strong></span> <span class='ocrx_word' id='word_1_429' title='bbox 2914 2165 3269 2236; x_wconf 65' lang='lat' dir='ltr'><strong>praesidiariis</strong></span> <span class='ocrx_word' id='word_1_430' title='bbox 3345 2164 3535 2219; x_wconf 88' lang='lat' dir='ltr'><strong>urbem</strong></span> <span class='ocrx_word' id='word_1_431' title='bbox 3601 2171 3826 2219; x_wconf 85' lang='lat' dir='ltr'><strong>strenue</strong></span> 
     </span>
    </p>
   </div>
   <div class='ocr_carea' id='block_1_65' title="bbox 2247 2257 3827 2328">
    <p class='ocr_par' dir='ltr' id='par_1_65' title="bbox 2247 2257 3827 2328">
     <span class='ocr_line' id='line_1_65' title="bbox 2247 2257 3827 2328; baseline 0.002 -21"><span class='ocrx_word' id='word_1_432' title='bbox 2247 2257 2738 2328; x_wconf 81' lang='lat' dir='ltr'><strong>propugnantibus,</strong></span> <span class='ocrx_word' id='word_1_433' title='bbox 2773 2258 2964 2328; x_wconf 88' lang='lat' dir='ltr'><strong>ingens</strong></span> <span class='ocrx_word' id='word_1_434' title='bbox 2999 2257 3254 2328; x_wconf 90' lang='lat' dir='ltr'><strong>utrinque</strong></span> <span class='ocrx_word' id='word_1_435' title='bbox 3306 2259 3481 2313; x_wconf 73' lang='lat' dir='ltr'><strong>caedes</strong></span> <span class='ocrx_word' id='word_1_436' title='bbox 3513 2257 3659 2312; x_wconf 80' lang='lat' dir='ltr'><strong>edita</strong></span> <span class='ocrx_word' id='word_1_437' title='bbox 3689 2258 3827 2311; x_wconf 85' lang='lat' dir='ltr'><strong>fuit:</strong></span> 
     </span>
    </p>
   </div>
   <div class='ocr_carea' id='block_1_66' title="bbox 2249 2347 3826 2417">
    <p class='ocr_par' dir='ltr' id='par_1_66' title="bbox 2249 2347 3826 2417">
     <span class='ocr_line' id='line_1_66' title="bbox 2249 2347 3826 2417; baseline -0.001 -15"><span class='ocrx_word' id='word_1_438' title='bbox 2249 2347 2344 2403; x_wconf 90' lang='lat' dir='ltr'><strong>sed</strong></span> <span class='ocrx_word' id='word_1_439' title='bbox 2387 2347 2744 2403; x_wconf 91' lang='lat' dir='ltr'><strong>nihilominus</strong></span> <span class='ocrx_word' id='word_1_440' title='bbox 2765 2348 2836 2404; x_wconf 88' lang='lat' dir='ltr'><strong>ad</strong></span> <span class='ocrx_word' id='word_1_441' title='bbox 2865 2359 3170 2404; x_wconf 80' lang='lat' dir='ltr'><strong>extremum</strong></span> <span class='ocrx_word' id='word_1_442' title='bbox 3237 2347 3564 2404; x_wconf 87' lang='lat' dir='ltr'><strong>Soleimanis</strong></span> <span class='ocrx_word' id='word_1_443' title='bbox 3623 2347 3678 2402; x_wconf 92' lang='lat' dir='ltr'><strong>in</strong></span> <span class='ocrx_word' id='word_1_444' title='bbox 3729 2364 3826 2417; x_wconf 56' lang='lat' dir='ltr'><strong>po:-</strong></span> 
     </span>
    </p>
   </div>
   <div class='ocr_carea' id='block_1_67' title="bbox 2251 2442 3818 2514">
    <p class='ocr_par' dir='ltr' id='par_1_67' title="bbox 2251 2442 3818 2514">
     <span class='ocr_line' id='line_1_67' title="bbox 2251 2442 3818 2514; baseline 0.001 -18"><span class='ocrx_word' id='word_1_445' title='bbox 2251 2449 2498 2496; x_wconf 85' lang='lat' dir='ltr'><strong>testatem</strong></span> <span class='ocrx_word' id='word_1_446' title='bbox 2547 2443 2713 2498; x_wconf 90' lang='lat' dir='ltr'><strong>venit.</strong></span> <span class='ocrx_word' id='word_1_447' title='bbox 2755 2444 2804 2499; x_wconf 89' lang='lat' dir='ltr'><strong>Is</strong></span> <span class='ocrx_word' id='word_1_448' title='bbox 2864 2459 2993 2499; x_wconf 87' lang='lat' dir='ltr'><strong>vero</strong></span> <span class='ocrx_word' id='word_1_449' title='bbox 3050 2452 3261 2514; x_wconf 88' lang='lat' dir='ltr'><strong>postea,</strong></span> <span class='ocrx_word' id='word_1_450' title='bbox 3327 2457 3494 2514; x_wconf 88' lang='lat' dir='ltr'><strong>quam</strong></span> <span class='ocrx_word' id='word_1_451' title='bbox 3549 2442 3818 2513; x_wconf 84' lang='lat' dir='ltr'><strong>occupatis</strong></span> 
     </span>
    </p>
   </div>
   <div class='ocr_carea' id='block_1_68' title="bbox 2248 2537 3803 2608">
    <p class='ocr_par' dir='ltr' id='par_1_68' title="bbox 2248 2537 3803 2608">
     <span class='ocr_line' id='line_1_68' title="bbox 2248 2537 3803 2608; baseline -0.001 -18"><span class='ocrx_word' id='word_1_452' title='bbox 2248 2537 2579 2602; x_wconf 86' lang='lat' dir='ltr'><strong>civitatibus,</strong></span> <span class='ocrx_word' id='word_1_453' title='bbox 2611 2538 2853 2601; x_wconf 88' lang='lat' dir='ltr'><strong>arcibus,</strong></span> <span class='ocrx_word' id='word_1_454' title='bbox 2887 2539 3124 2608; x_wconf 87' lang='lat' dir='ltr'><strong>oppidis,</strong></span> <span class='ocrx_word' id='word_1_455' title='bbox 3153 2537 3410 2608; x_wconf 72' lang='lat' dir='ltr'><strong>praesidia</strong></span> <span class='ocrx_word' id='word_1_456' title='bbox 3428 2537 3803 2593; x_wconf 82' lang='lat' dir='ltr'><strong>Genizarorum</strong></span> 
     </span>
    </p>
   </div>
   <div class='ocr_carea' id='block_1_69' title="bbox 2249 2629 3807 2700">
    <p class='ocr_par' dir='ltr' id='par_1_69' title="bbox 2249 2629 3807 2700">
     <span class='ocr_line' id='line_1_69' title="bbox 2249 2629 3807 2700; baseline -0.003 -16"><span class='ocrx_word' id='word_1_457' title='bbox 2249 2638 2303 2684; x_wconf 92' lang='lat' dir='ltr'><strong>et</strong></span> <span class='ocrx_word' id='word_1_458' title='bbox 2335 2629 2562 2683; x_wconf 86' lang='lat' dir='ltr'><strong>aliorum</strong></span> <span class='ocrx_word' id='word_1_459' title='bbox 2601 2629 3239 2700; x_wconf 86' lang='lat' dir='ltr'><strong>militum,imposuisset</strong></span> <span class='ocrx_word' id='word_1_460' title='bbox 3270 2647 3284 2684; x_wconf 94' lang='lat'><strong>:</strong></span> <span class='ocrx_word' id='word_1_461' title='bbox 3321 2630 3518 2685; x_wconf 82' lang='lat' dir='ltr'><strong>itinere</strong></span> <span class='ocrx_word' id='word_1_462' title='bbox 3555 2644 3807 2684; x_wconf 86' lang='lat' dir='ltr'><strong>converso</strong></span> 
     </span>
    </p>
   </div>
   <div class='ocr_carea' id='block_1_70' title="bbox 2253 2716 3822 2788">
    <p class='ocr_par' dir='ltr' id='par_1_70' title="bbox 2253 2716 3822 2788">
     <span class='ocr_line' id='line_1_70' title="bbox 2253 2716 3822 2788; baseline -0.003 -15"><span class='ocrx_word' id='word_1_463' title='bbox 2253 2719 2411 2773; x_wconf 91' lang='lat' dir='ltr'><strong>rediit</strong></span> <span class='ocrx_word' id='word_1_464' title='bbox 2435 2716 2989 2788; x_wconf 83' lang='lat' dir='ltr'><strong>Constantinopolim,</strong></span> <span class='ocrx_word' id='word_1_465' title='bbox 3025 2729 3079 2775; x_wconf 92' lang='lat' dir='ltr'><strong>et</strong></span> <span class='ocrx_word' id='word_1_466' title='bbox 3111 2719 3200 2774; x_wconf 88' lang='lat' dir='ltr'><strong>die</strong></span> <span class='ocrx_word' id='word_1_467' title='bbox 3227 2719 3293 2773; x_wconf 84' lang='lat' dir='ltr'><strong>I7</strong></span> <span class='ocrx_word' id='word_1_468' title='bbox 3344 2719 3554 2774; x_wconf 90' lang='lat' dir='ltr'><strong>mensis</strong></span> <span class='ocrx_word' id='word_1_469' title='bbox 3579 2717 3822 2773; x_wconf 52' lang='lat' dir='ltr'><strong>Schabah</strong></span> 
     </span>
    </p>
   </div>
   <div class='ocr_carea' id='block_1_71' title="bbox 2252 2806 3826 2881">
    <p class='ocr_par' dir='ltr' id='par_1_71' title="bbox 2252 2806 3826 2881">
     <span class='ocr_line' id='line_1_71' title="bbox 2252 2806 3826 2881; baseline -0.001 -17"><span class='ocrx_word' id='word_1_470' title='bbox 2252 2811 2337 2864; x_wconf 80' lang='lat' dir='ltr'><strong>nis</strong></span> <span class='ocrx_word' id='word_1_471' title='bbox 2395 2811 2582 2864; x_wconf 89' lang='lat' dir='ltr'><strong>urbem</strong></span> <span class='ocrx_word' id='word_1_472' title='bbox 2618 2811 2897 2878; x_wconf 84' lang='lat' dir='ltr'><strong>ingressus</strong></span> <span class='ocrx_word' id='word_1_473' title='bbox 2933 2819 3036 2876; x_wconf 88' lang='lat' dir='ltr'><strong>est,</strong></span> <span class='ocrx_word' id='word_1_474' title='bbox 3065 2825 3209 2865; x_wconf 89' lang='lat' dir='ltr'><strong>anno</strong></span> <span class='ocrx_word' id='word_1_475' title='bbox 3239 2806 3346 2865; x_wconf 82' lang='lat'><strong>950</strong></span> <span class='ocrx_word' id='word_1_476' title='bbox 3373 2810 3601 2881; x_wconf 87' lang='lat' dir='ltr'><strong>(Christ.</strong></span> <span class='ocrx_word' id='word_1_477' title='bbox 3642 2808 3826 2880; x_wconf 64' lang='grc' dir='ltr'><strong>ιδιι).</strong></span> 
     </span>
    </p>
   </div>
   <div class='ocr_carea' id='block_1_72' title="bbox 2328 2900 3832 2972">
    <p class='ocr_par' dir='ltr' id='par_1_72' title="bbox 2328 2900 3832 2972">
     <span class='ocr_line' id='line_1_72' title="bbox 2328 2900 3832 2972; baseline 0.001 -17"><span class='ocrx_word' id='word_1_478' title='bbox 2328 2900 2600 2956; x_wconf 85' lang='lat' dir='ltr'><strong>Postridie</strong></span> <span class='ocrx_word' id='word_1_479' title='bbox 2638 2918 2803 2972; x_wconf 86' lang='lat' dir='ltr'><strong>quam</strong></span> <span class='ocrx_word' id='word_1_480' title='bbox 2863 2905 3192 2969; x_wconf 83' lang='lat' dir='ltr'><strong>advenisset,</strong></span> <span class='ocrx_word' id='word_1_481' title='bbox 3253 2903 3475 2958; x_wconf 84' lang='lat' dir='ltr'><strong>allatum</strong></span> <span class='ocrx_word' id='word_1_482' title='bbox 3539 2902 3641 2957; x_wconf 90' lang='lat' dir='ltr'><strong>fuit</strong></span> <span class='ocrx_word' id='word_1_483' title='bbox 3687 2901 3832 2957; x_wconf 57' lang='lat' dir='ltr'><strong>Cone</strong></span> 
     </span>
    </p>
   </div>
   <div class='ocr_carea' id='block_1_73' title="bbox 2255 2994 3828 3066">
    <p class='ocr_par' dir='ltr' id='par_1_73' title="bbox 2255 2994 3828 3066">
     <span class='ocr_line' id='line_1_73' title="bbox 2255 2994 3828 3066; baseline 0 -16"><span class='ocrx_word' id='word_1_484' title='bbox 2255 2995 2668 3066; x_wconf 89' lang='lat' dir='ltr'><strong>stantin0polim</strong></span> <span class='ocrx_word' id='word_1_485' title='bbox 2701 2996 2936 3051; x_wconf 82' lang='lat' dir='ltr'><strong>cadaver</strong></span> <span class='ocrx_word' id='word_1_486' title='bbox 2958 2996 3074 3062; x_wconf 81' lang='lat' dir='ltr'><strong>filii,</strong></span> <span class='ocrx_word' id='word_1_487' title='bbox 3140 2996 3347 3051; x_wconf 85' lang='lat' dir='ltr'><strong>sultani</strong></span> <span class='ocrx_word' id='word_1_488' title='bbox 3411 2994 3778 3051; x_wconf 74' lang='lat' dir='ltr'><strong>Muchemetis</strong></span> <span class='ocrx_word' id='word_1_489' title='bbox 3813 3011 3828 3050; x_wconf 89' lang='lat'><strong>:</strong></span> 
     </span>
    </p>
   </div>
   <div class='ocr_carea' id='block_1_74' title="bbox 2254 3087 3843 3160">
    <p class='ocr_par' dir='ltr' id='par_1_74' title="bbox 2254 3087 3843 3160">
     <span class='ocr_line' id='line_1_74' title="bbox 2254 3087 3843 3160; baseline 0.003 -19"><span class='ocrx_word' id='word_1_490' title='bbox 2254 3088 2398 3158; x_wconf 90' lang='lat' dir='ltr'><strong>quod</strong></span> <span class='ocrx_word' id='word_1_491' title='bbox 2435 3089 2670 3156; x_wconf 85' lang='lat' dir='ltr'><strong>peractis</strong></span> <span class='ocrx_word' id='word_1_492' title='bbox 2727 3089 3007 3159; x_wconf 82' lang='lat' dir='ltr'><strong>exsequiis</strong></span> <span class='ocrx_word' id='word_1_493' title='bbox 3044 3087 3186 3142; x_wconf 87' lang='lat' dir='ltr'><strong>baud</strong></span> <span class='ocrx_word' id='word_1_494' title='bbox 3227 3089 3423 3160; x_wconf 90' lang='lat' dir='ltr'><strong>procul</strong></span> <span class='ocrx_word' id='word_1_495' title='bbox 3485 3089 3555 3144; x_wconf 81' lang='lat' dir='ltr'><strong>ab</strong></span> <span class='ocrx_word' id='word_1_496' title='bbox 3607 3087 3843 3159; x_wconf 88' lang='lat' dir='ltr'><strong>antiquo</strong></span> 
     </span>
    </p>
   </div>
   <div class='ocr_carea' id='block_1_75' title="bbox 2255 3176 3840 3251">
    <p class='ocr_par' dir='ltr' id='par_1_75' title="bbox 2255 3176 3840 3251">
     <span class='ocr_line' id='line_1_75' title="bbox 2255 3176 3840 3251; baseline 0.004 -20"><span class='ocrx_word' id='word_1_497' title='bbox 2255 3176 2533 3234; x_wconf 86' lang='lat' dir='ltr'><strong>domicilio</strong></span> <span class='ocrx_word' id='word_1_498' title='bbox 2571 3180 2979 3251; x_wconf 81' lang='lat' dir='ltr'><strong>genizarornm,</strong></span> <span class='ocrx_word' id='word_1_499' title='bbox 3030 3190 3389 3236; x_wconf 89' lang='lat' dir='ltr'><strong>monumento</strong></span> <span class='ocrx_word' id='word_1_500' title='bbox 3442 3179 3549 3236; x_wconf 86' lang='lat' dir='ltr'><strong>fuit</strong></span> <span class='ocrx_word' id='word_1_501' title='bbox 3594 3180 3840 3238; x_wconf 86' lang='lat' dir='ltr'><strong>illatum.</strong></span> 
     </span>
    </p>
   </div>
   <div class='ocr_carea' id='block_1_76' title="bbox 2255 3271 3842 3342">
    <p class='ocr_par' dir='ltr' id='par_1_76' title="bbox 2255 3271 3842 3342">
     <span class='ocr_line' id='line_1_76' title="bbox 2255 3271 3842 3342; baseline 0.001 -14"><span class='ocrx_word' id='word_1_502' title='bbox 2255 3273 2486 3328; x_wconf 81' lang='lat' dir='ltr'><strong>Mortem</strong></span> <span class='ocrx_word' id='word_1_503' title='bbox 2525 3274 2616 3327; x_wconf 83' lang='lat' dir='ltr'><strong>lilii</strong></span> <span class='ocrx_word' id='word_1_504' title='bbox 2651 3271 2995 3327; x_wconf 87' lang='lat' dir='ltr'><strong>Soleimanes</strong></span> <span class='ocrx_word' id='word_1_505' title='bbox 3023 3279 3180 3342; x_wconf 90' lang='lat' dir='ltr'><strong>pater</strong></span> <span class='ocrx_word' id='word_1_506' title='bbox 3214 3273 3410 3329; x_wconf 90' lang='lat' dir='ltr'><strong>acerbe</strong></span> <span class='ocrx_word' id='word_1_507' title='bbox 3439 3273 3602 3329; x_wconf 79' lang='lat' dir='ltr'><strong>luxit.</strong></span> <span class='ocrx_word' id='word_1_508' title='bbox 3670 3275 3842 3329; x_wconf 40' lang='lat' dir='ltr'><strong>[deos</strong></span> 
     </span>
    </p>
   </div>
   <div class='ocr_carea' id='block_1_77' title="bbox 2253 3367 3848 3440">
    <p class='ocr_par' dir='ltr' id='par_1_77' title="bbox 2253 3367 3848 3440">
     <span class='ocr_line' id='line_1_77' title="bbox 2253 3367 3848 3440; baseline 0.004 -18"><span class='ocrx_word' id='word_1_509' title='bbox 2253 3382 2361 3439; x_wconf 88' lang='lat' dir='ltr'><strong>que</strong></span> <span class='ocrx_word' id='word_1_510' title='bbox 2383 3383 2633 3436; x_wconf 83' lang='lat' dir='ltr'><strong>magnam</strong></span> <span class='ocrx_word' id='word_1_511' title='bbox 2681 3369 2932 3424; x_wconf 89' lang='lat' dir='ltr'><strong>ciborum</strong></span> <span class='ocrx_word' id='word_1_512' title='bbox 2991 3367 3206 3437; x_wconf 85' lang='lat' dir='ltr'><strong>copiam</strong></span> <span class='ocrx_word' id='word_1_513' title='bbox 3263 3370 3427 3440; x_wconf 80' lang='lat' dir='ltr'><strong>coqui</strong></span> <span class='ocrx_word' id='word_1_514' title='bbox 3477 3370 3714 3434; x_wconf 87' lang='lat' dir='ltr'><strong>curavit,</strong></span> <span class='ocrx_word' id='word_1_515' title='bbox 3792 3379 3848 3428; x_wconf 86' lang='lat' dir='ltr'><strong>et</strong></span> 
     </span>
    </p>
   </div>
   <div class='ocr_carea' id='block_1_78' title="bbox 2253 3459 3844 3533">
    <p class='ocr_par' dir='ltr' id='par_1_78' title="bbox 2253 3459 3844 3533">
     <span class='ocr_line' id='line_1_78' title="bbox 2253 3459 3844 3533; baseline 0.004 -20"><span class='ocrx_word' id='word_1_516' title='bbox 2253 3461 2474 3528; x_wconf 89' lang='lat' dir='ltr'><strong>epulum</strong></span> <span class='ocrx_word' id='word_1_517' title='bbox 2502 3459 2730 3515; x_wconf 85' lang='lat' dir='ltr'><strong>funebre</strong></span> <span class='ocrx_word' id='word_1_518' title='bbox 2761 3459 3070 3528; x_wconf 87' lang='lat' dir='ltr'><strong>quibusvis,</strong></span> <span class='ocrx_word' id='word_1_519' title='bbox 3103 3468 3213 3514; x_wconf 85' lang='lat' dir='ltr'><strong>tam</strong></span> <span class='ocrx_word' id='word_1_520' title='bbox 3251 3461 3606 3533; x_wconf 82' lang='lat' dir='ltr'><strong>pauperibus,</strong></span> <span class='ocrx_word' id='word_1_521' title='bbox 3669 3479 3844 3533; x_wconf 87' lang='lat' dir='ltr'><strong>quam</strong></span> 
     </span>
    </p>
   </div>
   <div class='ocr_carea' id='block_1_79' title="bbox 2255 3551 3846 3627">
    <p class='ocr_par' dir='ltr' id='par_1_79' title="bbox 2255 3551 3846 3627">
     <span class='ocr_line' id='line_1_79' title="bbox 2255 3551 3846 3627; baseline 0.003 -19"><span class='ocrx_word' id='word_1_522' title='bbox 2255 3552 2550 3622; x_wconf 87' lang='lat' dir='ltr'><strong>cpulentis,</strong></span> <span class='ocrx_word' id='word_1_523' title='bbox 2583 3551 2778 3604; x_wconf 83' lang='lat' dir='ltr'><strong>animae</strong></span> <span class='ocrx_word' id='word_1_524' title='bbox 2800 3551 2893 3605; x_wconf 87' lang='lat' dir='ltr'><strong>lilii</strong></span> <span class='ocrx_word' id='word_1_525' title='bbox 2920 3567 3108 3616; x_wconf 90' lang='lat' dir='ltr'><strong>causa,</strong></span> <span class='ocrx_word' id='word_1_526' title='bbox 3136 3553 3388 3622; x_wconf 68' lang='lat' dir='ltr'><strong>praebuit.</strong></span> <span class='ocrx_word' id='word_1_527' title='bbox 3419 3552 3586 3609; x_wconf 83' lang='lat' dir='ltr'><strong>Ilulta</strong></span> <span class='ocrx_word' id='word_1_528' title='bbox 3617 3571 3846 3627; x_wconf 83' lang='lat' dir='ltr'><strong>quoque</strong></span> 
     </span>
    </p>
   </div>
   <div class='ocr_carea' id='block_1_80' title="bbox 2256 3637 3844 3717">
    <p class='ocr_par' dir='ltr' id='par_1_80' title="bbox 2256 3637 3844 3717">
     <span class='ocr_line' id='line_1_80' title="bbox 2256 3637 3844 3717; baseline 0.004 -19"><span class='ocrx_word' id='word_1_529' title='bbox 2256 3643 2522 3712; x_wconf 87' lang='lat' dir='ltr'><strong>mancipia</strong></span> <span class='ocrx_word' id='word_1_530' title='bbox 2557 3637 2723 3696; x_wconf 77' lang='lat' dir='ltr'><strong>sexus</strong></span> <span class='ocrx_word' id='word_1_531' title='bbox 2787 3641 3096 3714; x_wconf 89' lang='lat' dir='ltr'><strong>utriusque,</strong></span> <span class='ocrx_word' id='word_1_532' title='bbox 3149 3659 3249 3700; x_wconf 89' lang='lat' dir='ltr'><strong>suo</strong></span> <span class='ocrx_word' id='word_1_533' title='bbox 3299 3647 3577 3717; x_wconf 84' lang='lat' dir='ltr'><strong>redempta</strong></span> <span class='ocrx_word' id='word_1_534' title='bbox 3632 3651 3844 3717; x_wconf 84' lang='lat' dir='ltr'><strong>pretio.</strong></span> 
     </span>
    </p>
   </div>
   <div class='ocr_carea' id='block_1_81' title="bbox 2255 3731 3846 3794">
    <p class='ocr_par' dir='ltr' id='par_1_81' title="bbox 2255 3731 3846 3794">
     <span class='ocr_line' id='line_1_81' title="bbox 2255 3731 3846 3794; baseline 0.003 -4"><span class='ocrx_word' id='word_1_535' title='bbox 2255 3736 2506 3790; x_wconf 86' lang='lat' dir='ltr'><strong>libertate</strong></span> <span class='ocrx_word' id='word_1_536' title='bbox 2539 3733 2779 3789; x_wconf 88' lang='lat' dir='ltr'><strong>donavit.</strong></span> <span class='ocrx_word' id='word_1_537' title='bbox 2811 3731 3080 3788; x_wconf 64' lang='lat' dir='ltr'><strong>Prmtcrea</strong></span> <span class='ocrx_word' id='word_1_538' title='bbox 3109 3745 3520 3790; x_wconf 89' lang='lat' dir='ltr'><strong>monumentum</strong></span> <span class='ocrx_word' id='word_1_539' title='bbox 3573 3737 3684 3791; x_wconf 82' lang='lat' dir='ltr'><strong>lilio</strong></span> <span class='ocrx_word' id='word_1_540' title='bbox 3717 3755 3846 3794; x_wconf 57' lang='lat' dir='ltr'><strong>mae</strong></span> 
     </span>
    </p>
   </div>
   <div class='ocr_carea' id='block_1_82' title="bbox 2256 3825 3846 3901">
    <p class='ocr_par' dir='ltr' id='par_1_82' title="bbox 2256 3825 3846 3901">
     <span class='ocr_line' id='line_1_82' title="bbox 2256 3825 3846 3901; baseline 0.005 -21"><span class='ocrx_word' id='word_1_541' title='bbox 2256 3827 2512 3896; x_wconf 77' lang='lat' dir='ltr'><strong>gniﬁcum</strong></span> <span class='ocrx_word' id='word_1_542' title='bbox 2543 3826 2833 3882; x_wconf 79' lang='lat' dir='ltr'><strong>exstruxit.</strong></span> <span class='ocrx_word' id='word_1_543' title='bbox 2863 3825 3197 3882; x_wconf 83' lang='lat' dir='ltr'><strong>Acciderunt</strong></span> <span class='ocrx_word' id='word_1_544' title='bbox 3222 3829 3336 3884; x_wconf 73' lang='lat' dir='ltr'><strong>haec</strong></span> <span class='ocrx_word' id='word_1_545' title='bbox 3371 3844 3514 3884; x_wconf 90' lang='lat' dir='ltr'><strong>anno</strong></span> <span class='ocrx_word' id='word_1_546' title='bbox 3549 3829 3846 3901; x_wconf 68' lang='lat' dir='ltr'><strong>950(C11r.</strong></span> 
     </span>
    </p>
   </div>
   <div class='ocr_carea' id='block_1_83' title="bbox 2257 3919 2441 3987">
    <p class='ocr_par' dir='ltr' id='par_1_83' title="bbox 2257 3919 2441 3987">
     <span class='ocr_line' id='line_1_83' title="bbox 2257 3919 2441 3987; baseline 0.011 -15"><span class='ocrx_word' id='word_1_547' title='bbox 2257 3921 2280 3972; x_wconf 80' lang='lat' dir='ltr'><strong>I</strong></span> <span class='ocrx_word' id='word_1_548' title='bbox 2293 3919 2416 3987; x_wconf 74' lang='grc' dir='ltr'><strong>διι)</strong></span> <span class='ocrx_word' id='word_1_549' title='bbox 2427 3960 2441 3974; x_wconf 93' lang='grc'><strong>.</strong></span> 
     </span>
    </p>
   </div>
   <div class='ocr_carea' id='block_1_84' title="bbox 2329 4010 3850 4084">
    <p class='ocr_par' dir='ltr' id='par_1_84' title="bbox 2329 4010 3850 4084">
     <span class='ocr_line' id='line_1_84' title="bbox 2329 4010 3850 4084; baseline 0.004 -20"><span class='ocrx_word' id='word_1_550' title='bbox 2329 4010 2670 4065; x_wconf 84' lang='lat' dir='ltr'><strong>Soleimanes</strong></span> <span class='ocrx_word' id='word_1_551' title='bbox 2702 4012 3005 4068; x_wconf 89' lang='lat' dir='ltr'><strong>secundum</strong></span> <span class='ocrx_word' id='word_1_552' title='bbox 3038 4013 3127 4068; x_wconf 88' lang='lat' dir='ltr'><strong>illa</strong></span> <span class='ocrx_word' id='word_1_553' title='bbox 3161 4013 3633 4084; x_wconf 88' lang='lat' dir='ltr'><strong>Constantinopoli</strong></span> <span class='ocrx_word' id='word_1_554' title='bbox 3695 4026 3850 4071; x_wconf 59' lang='lat' dir='ltr'><strong>tem»</strong></span> 
     </span>
    </p>
   </div>
   <div class='ocr_carea' id='block_1_85' title="bbox 2257 4102 3848 4177">
    <p class='ocr_par' dir='ltr' id='par_1_85' title="bbox 2257 4102 3848 4177">
     <span class='ocr_line' id='line_1_85' title="bbox 2257 4102 3848 4177; baseline 0.006 -21"><span class='ocrx_word' id='word_1_555' title='bbox 2257 4117 2360 4172; x_wconf 90' lang='lat' dir='ltr'><strong>pus</strong></span> <span class='ocrx_word' id='word_1_556' title='bbox 2397 4102 2459 4155; x_wconf 81' lang='lat' dir='ltr'><strong>ad</strong></span> <span class='ocrx_word' id='word_1_557' title='bbox 2495 4102 2713 4171; x_wconf 89' lang='lat' dir='ltr'><strong>aliquod</strong></span> <span class='ocrx_word' id='word_1_558' title='bbox 2747 4107 2970 4169; x_wconf 86' lang='lat' dir='ltr'><strong>mansit,</strong></span> <span class='ocrx_word' id='word_1_559' title='bbox 3002 4120 3104 4160; x_wconf 88' lang='lat' dir='ltr'><strong>nec</strong></span> <span class='ocrx_word' id='word_1_560' title='bbox 3135 4106 3210 4161; x_wconf 93' lang='lat' dir='ltr'><strong>rei</strong></span> <span class='ocrx_word' id='word_1_561' title='bbox 3257 4106 3557 4177; x_wconf 81' lang='lat' dir='ltr'><strong>quidquam</strong></span> <span class='ocrx_word' id='word_1_562' title='bbox 3624 4123 3848 4165; x_wconf 81' lang='lat' dir='ltr'><strong>memo-</strong></span> 
     </span>
    </p>
   </div>
   <div class='ocr_carea' id='block_1_86' title="bbox 2258 4189 3849 4262">
    <p class='ocr_par' dir='ltr' id='par_1_86' title="bbox 2258 4189 3849 4262">
     <span class='ocr_line' id='line_1_86' title="bbox 2258 4189 3849 4262; baseline 0.005 -18"><span class='ocrx_word' id='word_1_563' title='bbox 2258 4191 2448 4245; x_wconf 87' lang='lat' dir='ltr'><strong>rabilis</strong></span> <span class='ocrx_word' id='word_1_564' title='bbox 2471 4199 2556 4244; x_wconf 88' lang='lat' dir='ltr'><strong>est</strong></span> <span class='ocrx_word' id='word_1_565' title='bbox 2608 4189 2850 4245; x_wconf 86' lang='lat' dir='ltr'><strong>molitus.</strong></span> <span class='ocrx_word' id='word_1_566' title='bbox 2883 4191 3092 4246; x_wconf 88' lang='lat' dir='ltr'><strong>Interea</strong></span> <span class='ocrx_word' id='word_1_567' title='bbox 3123 4205 3379 4249; x_wconf 87' lang='lat' dir='ltr'><strong>mortuus</strong></span> <span class='ocrx_word' id='word_1_568' title='bbox 3411 4203 3496 4249; x_wconf 88' lang='lat' dir='ltr'><strong>est</strong></span> <span class='ocrx_word' id='word_1_569' title='bbox 3519 4195 3608 4250; x_wconf 85' lang='lat' dir='ltr'><strong>die</strong></span> <span class='ocrx_word' id='word_1_570' title='bbox 3642 4197 3849 4262; x_wconf 88' lang='lat' dir='ltr'><strong>quinto</strong></span> 
     </span>
    </p>
   </div>
   <div class='ocr_carea' id='block_1_87' title="bbox 2260 4281 3846 4358">
    <p class='ocr_par' dir='ltr' id='par_1_87' title="bbox 2260 4281 3846 4358">
     <span class='ocr_line' id='line_1_87' title="bbox 2260 4281 3846 4358; baseline 0.003 -22"><span class='ocrx_word' id='word_1_571' title='bbox 2260 4284 2462 4337; x_wconf 88' lang='lat' dir='ltr'><strong>mensis</strong></span> <span class='ocrx_word' id='word_1_572' title='bbox 2485 4281 2882 4338; x_wconf 82' lang='lat' dir='ltr'><strong>Zemasiellulae</strong></span> <span class='ocrx_word' id='word_1_573' title='bbox 2927 4284 3008 4337; x_wconf 84' lang='lat' dir='ltr'><strong>vir</strong></span> <span class='ocrx_word' id='word_1_574' title='bbox 3043 4300 3227 4340; x_wconf 89' lang='lat' dir='ltr'><strong>rerum</strong></span> <span class='ocrx_word' id='word_1_575' title='bbox 3257 4295 3496 4342; x_wconf 80' lang='lat' dir='ltr'><strong>strenua:</strong></span> <span class='ocrx_word' id='word_1_576' title='bbox 3558 4297 3846 4358; x_wconf 84' lang='lat' dir='ltr'><strong>gestarum</strong></span> 
     </span>
    </p>
   </div>
   <div class='ocr_carea' id='block_1_88' title="bbox 2261 4370 3846 4447">
    <p class='ocr_par' dir='ltr' id='par_1_88' title="bbox 2261 4370 3846 4447">
     <span class='ocr_line' id='line_1_88' title="bbox 2261 4370 3846 4447; baseline 0.006 -24"><span class='ocrx_word' id='word_1_577' title='bbox 2261 4370 2432 4439; x_wconf 83' lang='lat' dir='ltr'><strong>gloria</strong></span> <span class='ocrx_word' id='word_1_578' title='bbox 2471 4371 2835 4435; x_wconf 85' lang='lat' dir='ltr'><strong>clarissimus,</strong></span> <span class='ocrx_word' id='word_1_579' title='bbox 2905 4372 3271 4430; x_wconf 87' lang='lat' dir='ltr'><strong>Chairadines</strong></span> <span class='ocrx_word' id='word_1_580' title='bbox 3320 4376 3528 4433; x_wconf 88' lang='lat' dir='ltr'><strong>bassa:</strong></span> <span class='ocrx_word' id='word_1_581' title='bbox 3589 4379 3846 4447; x_wconf 87' lang='lat' dir='ltr'><strong>sepultus</strong></span> 
     </span>
    </p>
   </div>
   <div class='ocr_carea' id='block_1_89' title="bbox 2261 4461 3848 4541">
    <p class='ocr_par' dir='ltr' id='par_1_89' title="bbox 2261 4461 3848 4541">
     <span class='ocr_line' id='line_1_89' title="bbox 2261 4461 3848 4541; baseline 0.007 -25"><span class='ocrx_word' id='word_1_582' title='bbox 2261 4463 2485 4527; x_wconf 88' lang='lat' dir='ltr'><strong>inloco,</strong></span> <span class='ocrx_word' id='word_1_583' title='bbox 2522 4465 2614 4532; x_wconf 85' lang='lat' dir='ltr'><strong>qui</strong></span> <span class='ocrx_word' id='word_1_584' title='bbox 2657 4461 2899 4518; x_wconf 87' lang='lat' dir='ltr'><strong>Besictas</strong></span> <span class='ocrx_word' id='word_1_585' title='bbox 2933 4466 3258 4534; x_wconf 83' lang='lat' dir='ltr'><strong>appellatur.</strong></span> <span class='ocrx_word' id='word_1_586' title='bbox 3294 4467 3538 4541; x_wconf 82' lang='lat' dir='ltr'><strong>Contigit</strong></span> <span class='ocrx_word' id='word_1_587' title='bbox 3567 4472 3671 4526; x_wconf 86' lang='lat' dir='ltr'><strong>hoc</strong></span> <span class='ocrx_word' id='word_1_588' title='bbox 3693 4485 3848 4526; x_wconf 89' lang='lat' dir='ltr'><strong>anno</strong></span> 
     </span>
    </p>
   </div>
   <div class='ocr_carea' id='block_1_90' title="bbox 587 4553 2789 4628">
    <p class='ocr_par' dir='ltr' id='par_1_90' title="bbox 587 4553 2789 4628">
     <span class='ocr_line' id='line_1_90' title="bbox 587 4553 2789 4628; baseline -0.002 -13"><span class='ocrx_word' id='word_1_589' title='bbox 587 4568 882 4615; x_wconf 88' lang='lat' dir='ltr'><strong>evaserunt</strong></span> <span class='ocrx_word' id='word_1_590' title='bbox 919 4578 933 4613; x_wconf 93' lang='lat'><strong>:</strong></span> <span class='ocrx_word' id='word_1_591' title='bbox 968 4559 1060 4612; x_wconf 88' lang='lat' dir='ltr'><strong>alii</strong></span> <span class='ocrx_word' id='word_1_592' title='bbox 1102 4567 1275 4614; x_wconf 79' lang='lat' dir='ltr'><strong>semet</strong></span> <span class='ocrx_word' id='word_1_593' title='bbox 1297 4559 1350 4612; x_wconf 93' lang='lat' dir='ltr'><strong>in</strong></span> <span class='ocrx_word' id='word_1_594' title='bbox 1386 4559 1695 4613; x_wconf 89' lang='lat' dir='ltr'><strong>Danubium</strong></span> <span class='ocrx_word' id='word_1_595' title='bbox 1727 4557 2159 4628; x_wconf 67' lang='lat' dir='ltr'><strong>praecipitantes,</strong></span> <span class='ocrx_word' id='word_1_596' title='bbox 2194 4558 2238 4615; x_wconf 87' lang='lat' dir='ltr'><strong>D</strong></span> <span class='ocrx_word' id='word_1_597' title='bbox 2269 4553 2546 4618; x_wconf 81' lang='lat' dir='ltr'><strong>955(Chr.</strong></span> <span class='ocrx_word' id='word_1_598' title='bbox 2605 4556 2789 4624; x_wconf 70' lang='lat' dir='ltr'><strong>15H).</strong></span> 
     </span>
    </p>
   </div>
   <div class='ocr_carea' id='block_1_91' title="bbox 590 4651 2166 4719">
    <p class='ocr_par' dir='ltr' id='par_1_91' title="bbox 590 4651 2166 4719">
     <span class='ocr_line' id='line_1_91' title="bbox 590 4651 2166 4719; baseline 0 -15"><span class='ocrx_word' id='word_1_599' title='bbox 590 4651 747 4719; x_wconf 91' lang='lat' dir='ltr'><strong>aquis</strong></span> <span class='ocrx_word' id='word_1_600' title='bbox 787 4651 968 4704; x_wconf 91' lang='lat' dir='ltr'><strong>obruti</strong></span> <span class='ocrx_word' id='word_1_601' title='bbox 1023 4651 1264 4719; x_wconf 91' lang='lat' dir='ltr'><strong>periere,</strong></span> <span class='ocrx_word' id='word_1_602' title='bbox 1295 4651 1510 4704; x_wconf 85' lang='lat' dir='ltr'><strong>caeteris</strong></span> <span class='ocrx_word' id='word_1_603' title='bbox 1576 4658 1672 4705; x_wconf 90' lang='lat' dir='ltr'><strong>aut</strong></span> <span class='ocrx_word' id='word_1_604' title='bbox 1721 4651 1900 4714; x_wconf 83' lang='lat' dir='ltr'><strong>caesis,</strong></span> <span class='ocrx_word' id='word_1_605' title='bbox 1949 4659 2044 4704; x_wconf 88' lang='lat' dir='ltr'><strong>aut</strong></span> <span class='ocrx_word' id='word_1_606' title='bbox 2075 4665 2166 4704; x_wconf 86' lang='lat' dir='ltr'><strong>ca-</strong></span> 
     </span>
    </p>
   </div>
   <div class='ocr_carea' id='block_1_92' title="bbox 589 4739 2158 4812">
    <p class='ocr_par' dir='ltr' id='par_1_92' title="bbox 589 4739 2158 4812">
     <span class='ocr_line' id='line_1_92' title="bbox 589 4739 2158 4812; baseline 0 -16"><span class='ocrx_word' id='word_1_607' title='bbox 589 4744 723 4812; x_wconf 91' lang='lat' dir='ltr'><strong>ptis.</strong></span> <span class='ocrx_word' id='word_1_608' title='bbox 760 4743 882 4811; x_wconf 89' lang='lat' dir='ltr'><strong>lpso</strong></span> <span class='ocrx_word' id='word_1_609' title='bbox 916 4742 1206 4798; x_wconf 83' lang='lat' dir='ltr'><strong>conflictus</strong></span> <span class='ocrx_word' id='word_1_610' title='bbox 1255 4751 1530 4797; x_wconf 88' lang='lat' dir='ltr'><strong>momento</strong></span> <span class='ocrx_word' id='word_1_611' title='bbox 1589 4739 1933 4796; x_wconf 87' lang='lat' dir='ltr'><strong>Soleimanes</strong></span> <span class='ocrx_word' id='word_1_612' title='bbox 1992 4743 2158 4796; x_wconf 89' lang='lat' dir='ltr'><strong>etiam</strong></span> 
     </span>
    </p>
   </div>
   <div class='ocr_carea' id='block_1_93' title="bbox 592 4833 2162 4904">
    <p class='ocr_par' dir='ltr' id='par_1_93' title="bbox 592 4833 2162 4904">
     <span class='ocr_line' id='line_1_93' title="bbox 592 4833 2162 4904; baseline -0.001 -15"><span class='ocrx_word' id='word_1_613' title='bbox 592 4849 716 4889; x_wconf 88' lang='lat' dir='ltr'><strong>cum</strong></span> <span class='ocrx_word' id='word_1_614' title='bbox 755 4836 872 4889; x_wconf 92' lang='lat' dir='ltr'><strong>suis</strong></span> <span class='ocrx_word' id='word_1_615' title='bbox 911 4834 1151 4888; x_wconf 75' lang='lat' dir='ltr'><strong>advenit.</strong></span> <span class='ocrx_word' id='word_1_616' title='bbox 1188 4833 1426 4904; x_wconf 89' lang='lat' dir='ltr'><strong>Direptis</strong></span> <span class='ocrx_word' id='word_1_617' title='bbox 1464 4833 1904 4888; x_wconf 85' lang='lat' dir='ltr'><strong>Christianorum</strong></span> <span class='ocrx_word' id='word_1_618' title='bbox 1941 4835 2162 4900; x_wconf 85' lang='lat' dir='ltr'><strong>castris,</strong></span> 
     </span>
    </p>
   </div>
   <div class='ocr_carea' id='block_1_94' title="bbox 593 4926 2167 4996">
    <p class='ocr_par' dir='ltr' id='par_1_94' title="bbox 593 4926 2167 4996">
     <span class='ocr_line' id='line_1_94' title="bbox 593 4926 2167 4996; baseline 0 -16"><span class='ocrx_word' id='word_1_619' title='bbox 593 4926 881 4981; x_wconf 86' lang='lat' dir='ltr'><strong>machinas</strong></span> <span class='ocrx_word' id='word_1_620' title='bbox 934 4927 1178 4990; x_wconf 76' lang='lat' dir='ltr'><strong>bellicas,</strong></span> <span class='ocrx_word' id='word_1_621' title='bbox 1222 4935 1276 4981; x_wconf 89' lang='lat' dir='ltr'><strong>et</strong></span> <span class='ocrx_word' id='word_1_622' title='bbox 1320 4927 1685 4996; x_wconf 88' lang='lat' dir='ltr'><strong>pertinentem</strong></span> <span class='ocrx_word' id='word_1_623' title='bbox 1727 4927 1791 4980; x_wconf 90' lang='lat' dir='ltr'><strong>ad</strong></span> <span class='ocrx_word' id='word_1_624' title='bbox 1819 4942 1914 4984; x_wconf 88' lang='lat' dir='ltr'><strong>cas</strong></span> <span class='ocrx_word' id='word_1_625' title='bbox 1938 4941 2167 4996; x_wconf 88' lang='lat' dir='ltr'><strong>appara-</strong></span> 
     </span>
    </p>
   </div>
   <div class='ocr_carea' id='block_1_95' title="bbox 597 5018 2167 5089">
    <p class='ocr_par' dir='ltr' id='par_1_95' title="bbox 597 5018 2167 5089">
     <span class='ocr_line' id='line_1_95' title="bbox 597 5018 2167 5089; baseline -0.001 -15"><span class='ocrx_word' id='word_1_626' title='bbox 597 5029 736 5084; x_wconf 90' lang='lat' dir='ltr'><strong>tum,</strong></span> <span class='ocrx_word' id='word_1_627' title='bbox 774 5019 826 5072; x_wconf 92' lang='lat' dir='ltr'><strong>in</strong></span> <span class='ocrx_word' id='word_1_628' title='bbox 870 5019 1055 5073; x_wconf 91' lang='lat' dir='ltr'><strong>urbem</strong></span> <span class='ocrx_word' id='word_1_629' title='bbox 1099 5019 1325 5074; x_wconf 83' lang='lat' dir='ltr'><strong>convehi</strong></span> <span class='ocrx_word' id='word_1_630' title='bbox 1347 5019 1534 5088; x_wconf 88' lang='lat' dir='ltr'><strong>jussit.</strong></span> <span class='ocrx_word' id='word_1_631' title='bbox 1574 5018 1715 5074; x_wconf 83' lang='lat' dir='ltr'><strong>Hinc</strong></span> <span class='ocrx_word' id='word_1_632' title='bbox 1737 5018 1902 5074; x_wconf 71' lang='lat' dir='ltr'><strong>Budae</strong></span> <span class='ocrx_word' id='word_1_633' title='bbox 1953 5020 2167 5089; x_wconf 85' lang='lat' dir='ltr'><strong>begler-</strong></span> 
     </span>
    </p>
   </div>
   <div class='ocr_carea' id='block_1_96' title="bbox 597 5111 2166 5182">
    <p class='ocr_par' dir='ltr' id='par_1_96' title="bbox 597 5111 2166 5182">
     <span class='ocr_line' id='line_1_96' title="bbox 597 5111 2166 5182; baseline -0.001 -14"><span class='ocrx_word' id='word_1_634' title='bbox 597 5114 795 5182; x_wconf 88' lang='lat' dir='ltr'><strong>begum</strong></span> <span class='ocrx_word' id='word_1_635' title='bbox 842 5111 958 5166; x_wconf 90' lang='lat' dir='ltr'><strong>sive</strong></span> <span class='ocrx_word' id='word_1_636' title='bbox 992 5112 1208 5166; x_wconf 88' lang='lat' dir='ltr'><strong>bassam</strong></span> <span class='ocrx_word' id='word_1_637' title='bbox 1267 5112 1578 5175; x_wconf 87' lang='lat' dir='ltr'><strong>constituit,</strong></span> <span class='ocrx_word' id='word_1_638' title='bbox 1629 5121 1685 5166; x_wconf 89' lang='lat' dir='ltr'><strong>et</strong></span> <span class='ocrx_word' id='word_1_639' title='bbox 1717 5112 1918 5166; x_wconf 86' lang='lat' dir='ltr'><strong>milites</strong></span> <span class='ocrx_word' id='word_1_640' title='bbox 1967 5111 2166 5166; x_wconf 90' lang='lat' dir='ltr'><strong>ibidem</strong></span> 
     </span>
    </p>
   </div>
   <div class='ocr_carea' id='block_1_97' title="bbox 596 5203 2170 5274">
    <p class='ocr_par' dir='ltr' id='par_1_97' title="bbox 596 5203 2170 5274">
     <span class='ocr_line' id='line_1_97' title="bbox 596 5203 2170 5274; baseline -0.001 -15"><span class='ocrx_word' id='word_1_641' title='bbox 596 5203 856 5259; x_wconf 84' lang='lat' dir='ltr'><strong>Turcicos</strong></span> <span class='ocrx_word' id='word_1_642' title='bbox 889 5205 940 5257; x_wconf 92' lang='lat' dir='ltr'><strong>in</strong></span> <span class='ocrx_word' id='word_1_643' title='bbox 977 5203 1550 5274; x_wconf 75' lang='lat' dir='ltr'><strong>praesidiocollocavit</strong></span> <span class='ocrx_word' id='word_1_644' title='bbox 1585 5220 1600 5257; x_wconf 93' lang='lat'><strong>:</strong></span> <span class='ocrx_word' id='word_1_645' title='bbox 1628 5204 1903 5273; x_wconf 75' lang='lat' dir='ltr'><strong>assignato</strong></span> <span class='ocrx_word' id='word_1_646' title='bbox 1933 5205 2170 5268; x_wconf 89' lang='lat' dir='ltr'><strong>mulieri,</strong></span> 
     </span>
    </p>
   </div>
   <div class='ocr_carea' id='block_1_98' title="bbox 595 5295 2172 5367">
    <p class='ocr_par' dir='ltr' id='par_1_98' title="bbox 595 5295 2172 5367">
     <span class='ocr_line' id='line_1_98' title="bbox 595 5295 2172 5367; baseline -0.002 -16"><span class='ocrx_word' id='word_1_647' title='bbox 595 5298 824 5367; x_wconf 89' lang='lat' dir='ltr'><strong>ejusque</strong></span> <span class='ocrx_word' id='word_1_648' title='bbox 859 5296 990 5363; x_wconf 88' lang='lat' dir='ltr'><strong>tilio,</strong></span> <span class='ocrx_word' id='word_1_649' title='bbox 1018 5295 1218 5350; x_wconf 87' lang='lat' dir='ltr'><strong>Erdelii</strong></span> <span class='ocrx_word' id='word_1_650' title='bbox 1254 5297 1497 5367; x_wconf 80' lang='lat' dir='ltr'><strong>regione,</strong></span> <span class='ocrx_word' id='word_1_651' title='bbox 1527 5311 1688 5366; x_wconf 88' lang='lat' dir='ltr'><strong>quam</strong></span> <span class='ocrx_word' id='word_1_652' title='bbox 1709 5298 1863 5366; x_wconf 88' lang='lat' dir='ltr'><strong>pueri</strong></span> <span class='ocrx_word' id='word_1_653' title='bbox 1894 5305 2051 5366; x_wconf 84' lang='lat' dir='ltr'><strong>pater</strong></span> <span class='ocrx_word' id='word_1_654' title='bbox 2073 5311 2172 5349; x_wconf 82' lang='lat' dir='ltr'><strong>an-</strong></span> 
     </span>
    </p>
   </div>
   <div class='ocr_carea' id='block_1_99' title="bbox 594 5389 2173 5460">
    <p class='ocr_par' dir='ltr' id='par_1_99' title="bbox 594 5389 2173 5460">
     <span class='ocr_line' id='line_1_99' title="bbox 594 5389 2173 5460; baseline -0.002 -16"><span class='ocrx_word' id='word_1_655' title='bbox 594 5392 746 5460; x_wconf 66' lang='grc' dir='ltr'><strong>εἰςιυο</strong></span> <span class='ocrx_word' id='word_1_656' title='bbox 785 5391 906 5460; x_wconf 84' lang='lat' dir='ltr'><strong>jure</strong></span> <span class='ocrx_word' id='word_1_657' title='bbox 955 5389 1223 5458; x_wconf 83' lang='lat' dir='ltr'><strong>majorum</strong></span> <span class='ocrx_word' id='word_1_658' title='bbox 1260 5391 1627 5458; x_wconf 84' lang='lat' dir='ltr'><strong>possederat:</strong></span> <span class='ocrx_word' id='word_1_659' title='bbox 1668 5400 1837 5459; x_wconf 86' lang='lat' dir='ltr'><strong>atque</strong></span> <span class='ocrx_word' id='word_1_660' title='bbox 1876 5389 2006 5443; x_wconf 92' lang='lat' dir='ltr'><strong>illuc</strong></span> <span class='ocrx_word' id='word_1_661' title='bbox 2057 5404 2173 5442; x_wconf 92' lang='lat' dir='ltr'><strong>ma-</strong></span> 
     </span>
    </p>
   </div>
   <div class='ocr_carea' id='block_1_100' title="bbox 597 5480 2173 5553">
    <p class='ocr_par' dir='ltr' id='par_1_100' title="bbox 597 5480 2173 5553">
     <span class='ocr_line' id='line_1_100' title="bbox 597 5480 2173 5553; baseline -0.001 -19"><span class='ocrx_word' id='word_1_662' title='bbox 597 5489 759 5542; x_wconf 89' lang='lat' dir='ltr'><strong>trem,</strong></span> <span class='ocrx_word' id='word_1_663' title='bbox 795 5499 919 5536; x_wconf 88' lang='lat' dir='ltr'><strong>cum</strong></span> <span class='ocrx_word' id='word_1_664' title='bbox 957 5483 1086 5548; x_wconf 89' lang='lat' dir='ltr'><strong>lilio,</strong></span> <span class='ocrx_word' id='word_1_665' title='bbox 1122 5497 1245 5535; x_wconf 73' lang='lat' dir='ltr'><strong>mox</strong></span> <span class='ocrx_word' id='word_1_666' title='bbox 1292 5481 1584 5553; x_wconf 84' lang='lat' dir='ltr'><strong>ablegavit.</strong></span> <span class='ocrx_word' id='word_1_667' title='bbox 1623 5480 1771 5542; x_wconf 87' lang='lat' dir='ltr'><strong>Inde.</strong></span> <span class='ocrx_word' id='word_1_668' title='bbox 1813 5496 1919 5550; x_wconf 86' lang='lat' dir='ltr'><strong>qua</strong></span> <span class='ocrx_word' id='word_1_669' title='bbox 1949 5488 2173 5534; x_wconf 86' lang='lat' dir='ltr'><strong>venerat</strong></span> 
     </span>
    </p>
   </div>
   <div class='ocr_carea' id='block_1_101' title="bbox 599 5574 2174 5644">
    <p class='ocr_par' dir='ltr' id='par_1_101' title="bbox 599 5574 2174 5644">
     <span class='ocr_line' id='line_1_101' title="bbox 599 5574 2174 5644; baseline 0.003 -20"><span class='ocrx_word' id='word_1_670' title='bbox 599 5575 711 5633; x_wconf 81' lang='lat' dir='ltr'><strong>via,</strong></span> <span class='ocrx_word' id='word_1_671' title='bbox 743 5591 1020 5644; x_wconf 82' lang='lat' dir='ltr'><strong>regressus</strong></span> <span class='ocrx_word' id='word_1_672' title='bbox 1062 5575 1424 5639; x_wconf 86' lang='lat' dir='ltr'><strong>Soleimanes,</strong></span> <span class='ocrx_word' id='word_1_673' title='bbox 1469 5574 1560 5629; x_wconf 89' lang='lat' dir='ltr'><strong>die</strong></span> <span class='ocrx_word' id='word_1_674' title='bbox 1607 5575 1814 5629; x_wconf 88' lang='lat' dir='ltr'><strong>mensis</strong></span> <span class='ocrx_word' id='word_1_675' title='bbox 1866 5574 2174 5628; x_wconf 86' lang='lat' dir='ltr'><strong>Schabanis</strong></span> 
     </span>
    </p>
   </div>
   <div class='ocr_carea' id='block_1_102' title="bbox 601 5664 2170 5735">
    <p class='ocr_par' dir='ltr' id='par_1_102' title="bbox 601 5664 2170 5735">
     <span class='ocr_line' id='line_1_102' title="bbox 601 5664 2170 5735; baseline 0.003 -20"><span class='ocrx_word' id='word_1_676' title='bbox 601 5678 796 5718; x_wconf 73' lang='lat' dir='ltr'><strong>Octavo</strong></span> <span class='ocrx_word' id='word_1_677' title='bbox 847 5665 1385 5735; x_wconf 83' lang='lat' dir='ltr'><strong>Constantinopolim</strong></span> <span class='ocrx_word' id='word_1_678' title='bbox 1453 5665 1636 5730; x_wconf 89' lang='lat' dir='ltr'><strong>rediit,</strong></span> <span class='ocrx_word' id='word_1_679' title='bbox 1679 5679 1825 5719; x_wconf 83' lang='lat' dir='ltr'><strong>anno</strong></span> <span class='ocrx_word' id='word_1_680' title='bbox 1865 5664 1969 5720; x_wconf 58' lang='lat'><strong>9&amp;8</strong></span> <span class='ocrx_word' id='word_1_681' title='bbox 2017 5665 2170 5733; x_wconf 81' lang='lat' dir='ltr'><strong>(Chr.</strong></span> 
     </span>
    </p>
   </div>
   <div class='ocr_carea' id='block_1_103' title="bbox 603 5755 787 5822">
    <p class='ocr_par' dir='ltr' id='par_1_103' title="bbox 603 5755 787 5822">
     <span class='ocr_line' id='line_1_103' title="bbox 603 5755 787 5822; baseline 0.011 -16"><span class='ocrx_word' id='word_1_682' title='bbox 603 5755 787 5822; x_wconf 52' lang='lat' dir='ltr'><strong>ISiéL</strong></span> 
     </span>
    </p>
   </div>
   <div class='ocr_carea' id='block_1_104' title="bbox 675 5849 2175 5918">
    <p class='ocr_par' dir='ltr' id='par_1_104' title="bbox 675 5849 2175 5918">
     <span class='ocr_line' id='line_1_104' title="bbox 675 5849 2175 5918; baseline 0.001 -16"><span class='ocrx_word' id='word_1_683' title='bbox 675 5849 782 5903; x_wconf 89' lang='lat' dir='ltr'><strong>Illic</strong></span> <span class='ocrx_word' id='word_1_684' title='bbox 817 5850 940 5904; x_wconf 80' lang='lat' dir='ltr'><strong>dum</strong></span> <span class='ocrx_word' id='word_1_685' title='bbox 978 5853 1164 5918; x_wconf 69' lang='lat' dir='ltr'><strong>lmret,</strong></span> <span class='ocrx_word' id='word_1_686' title='bbox 1204 5852 1326 5905; x_wconf 84' lang='lat' dir='ltr'><strong>lihis</strong></span> <span class='ocrx_word' id='word_1_687' title='bbox 1357 5851 1585 5917; x_wconf 83' lang='lat' dir='ltr'><strong>duobus,</strong></span> <span class='ocrx_word' id='word_1_688' title='bbox 1623 5851 1837 5906; x_wconf 80' lang='lat' dir='ltr'><strong>suitano</strong></span> <span class='ocrx_word' id='word_1_689' title='bbox 1873 5850 2175 5906; x_wconf 79' lang='lat' dir='ltr'><strong>.‘lIncheme-</strong></span> 
     </span>
    </p>
   </div>
   <div class='ocr_carea' id='block_1_105' title="bbox 2341 4646 3850 4724">
    <p class='ocr_par' dir='ltr' id='par_1_105' title="bbox 2341 4646 3850 4724">
     <span class='ocr_line' id='line_1_105' title="bbox 2341 4646 3850 4724; baseline 0.009 -24"><span class='ocrx_word' id='word_1_690' title='bbox 2341 4646 2478 4702; x_wconf 82' lang='lat' dir='ltr'><strong>Hinc</strong></span> <span class='ocrx_word' id='word_1_691' title='bbox 2505 4663 2656 4702; x_wconf 89' lang='lat' dir='ltr'><strong>arma</strong></span> <span class='ocrx_word' id='word_1_692' title='bbox 2686 4649 3030 4706; x_wconf 83' lang='lat' dir='ltr'><strong>Soleimanes</strong></span> <span class='ocrx_word' id='word_1_693' title='bbox 3059 4651 3255 4707; x_wconf 90' lang='lat' dir='ltr'><strong>iterum</strong></span> <span class='ocrx_word' id='word_1_694' title='bbox 3287 4655 3548 4724; x_wconf 76' lang='lat' dir='ltr'><strong>expediit,</strong></span> <span class='ocrx_word' id='word_1_695' title='bbox 3606 4657 3661 4712; x_wconf 89' lang='lat' dir='ltr'><strong>in</strong></span> <span class='ocrx_word' id='word_1_696' title='bbox 3712 4657 3850 4713; x_wconf 62' lang='lat' dir='ltr'><strong>Paro</strong></span> 
     </span>
    </p>
   </div>
   <div class='ocr_carea' id='block_1_106' title="bbox 2275 4741 3846 4815">
    <p class='ocr_par' dir='ltr' id='par_1_106' title="bbox 2275 4741 3846 4815">
     <span class='ocr_line' id='line_1_106' title="bbox 2275 4741 3846 4815; baseline 0.006 -19"><span class='ocrx_word' id='word_1_697' title='bbox 2275 4743 2441 4796; x_wconf 88' lang='lat' dir='ltr'><strong>thiam</strong></span> <span class='ocrx_word' id='word_1_698' title='bbox 2471 4741 2736 4796; x_wconf 87' lang='lat' dir='ltr'><strong>ducturus</strong></span> <span class='ocrx_word' id='word_1_699' title='bbox 2765 4743 3104 4810; x_wconf 80' lang='lat' dir='ltr'><strong>exercitum;</strong></span> <span class='ocrx_word' id='word_1_700' title='bbox 3157 4744 3302 4815; x_wconf 84' lang='lat' dir='ltr'><strong>quod</strong></span> <span class='ocrx_word' id='word_1_701' title='bbox 3357 4748 3575 4813; x_wconf 88' lang='lat' dir='ltr'><strong>quidem</strong></span> <span class='ocrx_word' id='word_1_702' title='bbox 3636 4749 3846 4806; x_wconf 87' lang='lat' dir='ltr'><strong>bellum</strong></span> 
     </span>
    </p>
   </div>
   <div class='ocr_carea' id='block_1_107' title="bbox 2276 4833 3839 4905">
    <p class='ocr_par' dir='ltr' id='par_1_107' title="bbox 2276 4833 3839 4905">
     <span class='ocr_line' id='line_1_107' title="bbox 2276 4833 3839 4905; baseline 0.004 -18"><span class='ocrx_word' id='word_1_703' title='bbox 2276 4833 2417 4887; x_wconf 85' lang='lat' dir='ltr'><strong>hanc</strong></span> <span class='ocrx_word' id='word_1_704' title='bbox 2445 4847 2664 4888; x_wconf 90' lang='lat' dir='ltr'><strong>causam</strong></span> <span class='ocrx_word' id='word_1_705' title='bbox 2707 4835 2916 4889; x_wconf 88' lang='lat' dir='ltr'><strong>habuit.</strong></span> <span class='ocrx_word' id='word_1_706' title='bbox 2957 4833 3081 4890; x_wconf 80' lang='lat' dir='ltr'><strong>Erat</strong></span> <span class='ocrx_word' id='word_1_707' title='bbox 3107 4837 3307 4892; x_wconf 90' lang='lat' dir='ltr'><strong>scacho</strong></span> <span class='ocrx_word' id='word_1_708' title='bbox 3326 4836 3614 4894; x_wconf 86' lang='lat' dir='ltr'><strong>Techmasi</strong></span> <span class='ocrx_word' id='word_1_709' title='bbox 3642 4841 3839 4905; x_wconf 81' lang='lat' dir='ltr'><strong>frater.</strong></span> 
     </span>
    </p>
   </div>
   <div class='ocr_carea' id='block_1_108' title="bbox 2270 4924 3842 5000">
    <p class='ocr_par' dir='ltr' id='par_1_108' title="bbox 2270 4924 3842 5000">
     <span class='ocr_line' id='line_1_108' title="bbox 2270 4924 3842 5000; baseline 0.004 -23"><span class='ocrx_word' id='word_1_710' title='bbox 2270 4924 2354 4977; x_wconf 91' lang='lat' dir='ltr'><strong>cui</strong></span> <span class='ocrx_word' id='word_1_711' title='bbox 2386 4940 2582 4980; x_wconf 89' lang='lat' dir='ltr'><strong>nomen</strong></span> <span class='ocrx_word' id='word_1_712' title='bbox 2621 4924 2849 4981; x_wconf 88' lang='lat' dir='ltr'><strong>Ercases</strong></span> <span class='ocrx_word' id='word_1_713' title='bbox 2891 4926 3107 4993; x_wconf 87' lang='lat' dir='ltr'><strong>Imirsa,</strong></span> <span class='ocrx_word' id='word_1_714' title='bbox 3142 4929 3388 4984; x_wconf 76' lang='lat' dir='ltr'><strong>Sirvana:</strong></span> <span class='ocrx_word' id='word_1_715' title='bbox 3419 4946 3678 5000; x_wconf 88' lang='lat' dir='ltr'><strong>supremo</strong></span> <span class='ocrx_word' id='word_1_716' title='bbox 3712 4947 3842 4985; x_wconf 83' lang='lat' dir='ltr'><strong>cum</strong></span> 
     </span>
    </p>
   </div>
   <div class='ocr_carea' id='block_1_109' title="bbox 2271 5016 3844 5086">
    <p class='ocr_par' dir='ltr' id='par_1_109' title="bbox 2271 5016 3844 5086">
     <span class='ocr_line' id='line_1_109' title="bbox 2271 5016 3844 5086; baseline 0.003 -16"><span class='ocrx_word' id='word_1_717' title='bbox 2271 5016 2502 5085; x_wconf 88' lang='lat' dir='ltr'><strong>imperio</strong></span> <span class='ocrx_word' id='word_1_718' title='bbox 2532 5017 2818 5086; x_wconf 81' lang='lat' dir='ltr'><strong>princeps.</strong></span> <span class='ocrx_word' id='word_1_719' title='bbox 2847 5019 2948 5072; x_wconf 83' lang='lat' dir='ltr'><strong>Hic</strong></span> <span class='ocrx_word' id='word_1_720' title='bbox 2973 5031 3153 5073; x_wconf 87' lang='lat' dir='ltr'><strong>certas</strong></span> <span class='ocrx_word' id='word_1_721' title='bbox 3177 5021 3247 5074; x_wconf 93' lang='lat' dir='ltr'><strong>ob</strong></span> <span class='ocrx_word' id='word_1_722' title='bbox 3279 5036 3476 5079; x_wconf 82' lang='lat' dir='ltr'><strong>causas</strong></span> <span class='ocrx_word' id='word_1_723' title='bbox 3509 5023 3575 5075; x_wconf 85' lang='lat' dir='ltr'><strong>ab</strong></span> <span class='ocrx_word' id='word_1_724' title='bbox 3605 5026 3844 5077; x_wconf 83' lang='lat' dir='ltr'><strong>amic&#39;tia</strong></span> 
     </span>
    </p>
   </div>
   <div class='ocr_carea' id='block_1_110' title="bbox 2272 5109 3843 5184">
    <p class='ocr_par' dir='ltr' id='par_1_110' title="bbox 2272 5109 3843 5184">
     <span class='ocr_line' id='line_1_110' title="bbox 2272 5109 3843 5184; baseline 0.003 -21"><span class='ocrx_word' id='word_1_725' title='bbox 2272 5109 2481 5175; x_wconf 87' lang='lat' dir='ltr'><strong>fratris,</strong></span> <span class='ocrx_word' id='word_1_726' title='bbox 2515 5109 2697 5162; x_wconf 86' lang='lat' dir='ltr'><strong>scachi</strong></span> <span class='ocrx_word' id='word_1_727' title='bbox 2727 5110 3069 5179; x_wconf 85' lang='lat' dir='ltr'><strong>Techmasis,</strong></span> <span class='ocrx_word' id='word_1_728' title='bbox 3125 5113 3447 5179; x_wconf 85' lang='lat' dir='ltr'><strong>discedens;</strong></span> <span class='ocrx_word' id='word_1_729' title='bbox 3480 5123 3542 5169; x_wconf 89' lang='lat' dir='ltr'><strong>ut</strong></span> <span class='ocrx_word' id='word_1_730' title='bbox 3569 5131 3709 5184; x_wconf 72' lang='lat' dir='ltr'><strong>aegre</strong></span> <span class='ocrx_word' id='word_1_731' title='bbox 3762 5117 3843 5168; x_wconf 75' lang='lat' dir='ltr'><strong>fa-</strong></span> 
     </span>
    </p>
   </div>
   <div class='ocr_carea' id='block_1_111' title="bbox 2271 5201 3846 5276">
    <p class='ocr_par' dir='ltr' id='par_1_111' title="bbox 2271 5201 3846 5276">
     <span class='ocr_line' id='line_1_111' title="bbox 2271 5201 3846 5276; baseline 0.001 -19"><span class='ocrx_word' id='word_1_732' title='bbox 2271 5212 2419 5257; x_wconf 86' lang='lat' dir='ltr'><strong>ceret</strong></span> <span class='ocrx_word' id='word_1_733' title='bbox 2457 5201 2637 5264; x_wconf 89' lang='lat' dir='ltr'><strong>fratri.</strong></span> <span class='ocrx_word' id='word_1_734' title='bbox 2671 5202 2737 5256; x_wconf 83' lang='lat' dir='ltr'><strong>ad</strong></span> <span class='ocrx_word' id='word_1_735' title='bbox 2799 5203 3076 5258; x_wconf 87' lang='lat' dir='ltr'><strong>sultanum</strong></span> <span class='ocrx_word' id='word_1_736' title='bbox 3143 5204 3507 5260; x_wconf 87' lang='lat' dir='ltr'><strong>Soleimanem</strong></span> <span class='ocrx_word' id='word_1_737' title='bbox 3578 5207 3846 5276; x_wconf 82' lang='lat' dir='ltr'><strong>profugit,</strong></span> 
     </span>
    </p>
   </div>
   <div class='ocr_carea' id='block_1_112' title="bbox 2271 5295 3848 5365">
    <p class='ocr_par' dir='ltr' id='par_1_112' title="bbox 2271 5295 3848 5365">
     <span class='ocr_line' id='line_1_112' title="bbox 2271 5295 3848 5365; baseline 0.003 -17"><span class='ocrx_word' id='word_1_738' title='bbox 2271 5295 2498 5364; x_wconf 88' lang='lat' dir='ltr'><strong>ejusque</strong></span> <span class='ocrx_word' id='word_1_739' title='bbox 2533 5310 2592 5349; x_wconf 91' lang='lat' dir='ltr'><strong>se</strong></span> <span class='ocrx_word' id='word_1_740' title='bbox 2634 5295 2753 5349; x_wconf 82' lang='lat' dir='ltr'><strong>fidei</strong></span> <span class='ocrx_word' id='word_1_741' title='bbox 2781 5297 3049 5365; x_wconf 87' lang='lat' dir='ltr'><strong>permisit.</strong></span> <span class='ocrx_word' id='word_1_742' title='bbox 3079 5296 3191 5352; x_wconf 78' lang='lat' dir='ltr'><strong>Hoc</strong></span> <span class='ocrx_word' id='word_1_743' title='bbox 3224 5308 3406 5352; x_wconf 90' lang='lat' dir='ltr'><strong>autem</strong></span> <span class='ocrx_word' id='word_1_744' title='bbox 3443 5299 3547 5353; x_wconf 91' lang='lat' dir='ltr'><strong>iter</strong></span> <span class='ocrx_word' id='word_1_745' title='bbox 3579 5300 3658 5353; x_wconf 83' lang='lat' dir='ltr'><strong>sic</strong></span> <span class='ocrx_word' id='word_1_746' title='bbox 3689 5301 3848 5353; x_wconf 83' lang='lat' dir='ltr'><strong>insti-</strong></span> 
     </span>
    </p>
   </div>
   <div class='ocr_carea' id='block_1_113' title="bbox 2274 5385 3855 5459">
    <p class='ocr_par' dir='ltr' id='par_1_113' title="bbox 2274 5385 3855 5459">
     <span class='ocr_line' id='line_1_113' title="bbox 2274 5385 3855 5459; baseline 0.001 -21"><span class='ocrx_word' id='word_1_747' title='bbox 2274 5386 2399 5449; x_wconf 89' lang='lat' dir='ltr'><strong>tuit,</strong></span> <span class='ocrx_word' id='word_1_748' title='bbox 2423 5392 2478 5437; x_wconf 92' lang='lat' dir='ltr'><strong>ut</strong></span> <span class='ocrx_word' id='word_1_749' title='bbox 2507 5399 2603 5454; x_wconf 91' lang='lat' dir='ltr'><strong>per</strong></span> <span class='ocrx_word' id='word_1_750' title='bbox 2635 5385 2909 5455; x_wconf 84' lang='lat' dir='ltr'><strong>regionem</strong></span> <span class='ocrx_word' id='word_1_751' title='bbox 2959 5386 3341 5441; x_wconf 86' lang='lat' dir='ltr'><strong>Circassorum</strong></span> <span class='ocrx_word' id='word_1_752' title='bbox 3379 5389 3557 5458; x_wconf 81' lang='lat' dir='ltr'><strong>longis</strong></span> <span class='ocrx_word' id='word_1_753' title='bbox 3608 5392 3855 5459; x_wconf 83' lang='lat' dir='ltr'><strong>ambagi-</strong></span> 
     </span>
    </p>
   </div>
   <div class='ocr_carea' id='block_1_114' title="bbox 2275 5476 3852 5550">
    <p class='ocr_par' dir='ltr' id='par_1_114' title="bbox 2275 5476 3852 5550">
     <span class='ocr_line' id='line_1_114' title="bbox 2275 5476 3852 5550; baseline 0.002 -19"><span class='ocrx_word' id='word_1_754' title='bbox 2275 5478 2376 5532; x_wconf 82' lang='lat' dir='ltr'><strong>bus</strong></span> <span class='ocrx_word' id='word_1_755' title='bbox 2403 5476 2572 5531; x_wconf 83' lang='lat' dir='ltr'><strong>Cofen</strong></span> <span class='ocrx_word' id='word_1_756' title='bbox 2607 5483 2838 5544; x_wconf 89' lang='lat' dir='ltr'><strong>peteret,</strong></span> <span class='ocrx_word' id='word_1_757' title='bbox 2880 5476 3035 5532; x_wconf 91' lang='lat' dir='ltr'><strong>unde</strong></span> <span class='ocrx_word' id='word_1_758' title='bbox 3093 5479 3624 5550; x_wconf 80' lang='lat' dir='ltr'><strong>Constantinopolim</strong></span> <span class='ocrx_word' id='word_1_759' title='bbox 3674 5496 3852 5550; x_wconf 79' lang='lat' dir='ltr'><strong>appu-</strong></span> 
     </span>
    </p>
   </div>
   <div class='ocr_carea' id='block_1_115' title="bbox 2276 5567 3854 5641">
    <p class='ocr_par' dir='ltr' id='par_1_115' title="bbox 2276 5567 3854 5641">
     <span class='ocr_line' id='line_1_115' title="bbox 2276 5567 3854 5641; baseline 0.001 -18"><span class='ocrx_word' id='word_1_760' title='bbox 2276 5567 2651 5637; x_wconf 86' lang='lat' dir='ltr'><strong>lit.Perqttam</strong></span> <span class='ocrx_word' id='word_1_761' title='bbox 2720 5579 2909 5638; x_wconf 87' lang='lat' dir='ltr'><strong>gratus</strong></span> <span class='ocrx_word' id='word_1_762' title='bbox 2966 5570 3188 5624; x_wconf 78' lang='lat' dir='ltr'><strong>sultano</strong></span> <span class='ocrx_word' id='word_1_763' title='bbox 3241 5571 3539 5626; x_wconf 85' lang='lat' dir='ltr'><strong>Soleimani</strong></span> <span class='ocrx_word' id='word_1_764' title='bbox 3589 5573 3854 5641; x_wconf 71' lang='lat' dir='ltr'><strong>principis</strong></span> 
     </span>
    </p>
   </div>
   <div class='ocr_carea' id='block_1_116' title="bbox 2278 5659 3855 5732">
    <p class='ocr_par' dir='ltr' id='par_1_116' title="bbox 2278 5659 3855 5732">
     <span class='ocr_line' id='line_1_116' title="bbox 2278 5659 3855 5732; baseline 0.001 -17"><span class='ocrx_word' id='word_1_765' title='bbox 2278 5662 2444 5728; x_wconf 87' lang='lat' dir='ltr'><strong>hujus</strong></span> <span class='ocrx_word' id='word_1_766' title='bbox 2468 5659 2734 5714; x_wconf 88' lang='lat' dir='ltr'><strong>adventus</strong></span> <span class='ocrx_word' id='word_1_767' title='bbox 2757 5660 2974 5715; x_wconf 89' lang='lat' dir='ltr'><strong>accidit.</strong></span> <span class='ocrx_word' id='word_1_768' title='bbox 2997 5659 3234 5731; x_wconf 83' lang='lat' dir='ltr'><strong>Ideoque</strong></span> <span class='ocrx_word' id='word_1_769' title='bbox 3256 5674 3455 5732; x_wconf 87' lang='lat' dir='ltr'><strong>magno</strong></span> <span class='ocrx_word' id='word_1_770' title='bbox 3478 5679 3544 5716; x_wconf 92' lang='lat' dir='ltr'><strong>cu</strong></span> <span class='ocrx_word' id='word_1_771' title='bbox 3560 5680 3608 5717; x_wconf 80' lang='lat' dir='ltr'><strong>nt</strong></span> <span class='ocrx_word' id='word_1_772' title='bbox 3641 5667 3855 5717; x_wconf 77' lang='lat' dir='ltr'><strong>honme</strong></span> 
     </span>
    </p>
   </div>
   <div class='ocr_carea' id='block_1_117' title="bbox 2275 5751 3855 5823">
    <p class='ocr_par' dir='ltr' id='par_1_117' title="bbox 2275 5751 3855 5823">
     <span class='ocr_line' id='line_1_117' title="bbox 2275 5751 3855 5823; baseline 0 -16"><span class='ocrx_word' id='word_1_773' title='bbox 2275 5763 2584 5821; x_wconf 78' lang='lat' dir='ltr'><strong>exceptum,</strong></span> <span class='ocrx_word' id='word_1_774' title='bbox 2641 5751 2958 5806; x_wconf 85' lang='lat' dir='ltr'><strong>muneribus</strong></span> <span class='ocrx_word' id='word_1_775' title='bbox 2991 5753 3217 5808; x_wconf 85' lang='lat' dir='ltr'><strong>donavit</strong></span> <span class='ocrx_word' id='word_1_776' title='bbox 3272 5756 3653 5823; x_wconf 85' lang='lat' dir='ltr'><strong>amplissimis.</strong></span> <span class='ocrx_word' id='word_1_777' title='bbox 3704 5755 3855 5820; x_wconf 85' lang='lat' dir='ltr'><strong>Quin</strong></span> 
     </span>
    </p>
   </div>
   <div class='ocr_carea' id='block_1_118' title="bbox 2279 5843 3853 5918">
    <p class='ocr_par' dir='ltr' id='par_1_118' title="bbox 2279 5843 3853 5918">
     <span class='ocr_line' id='line_1_118' title="bbox 2279 5843 3853 5918; baseline 0.001 -17"><span class='ocrx_word' id='word_1_778' title='bbox 2279 5846 2443 5902; x_wconf 87' lang='lat' dir='ltr'><strong>etiam</strong></span> <span class='ocrx_word' id='word_1_779' title='bbox 2477 5843 2649 5914; x_wconf 84' lang='lat' dir='ltr'><strong>ipsius</strong></span> <span class='ocrx_word' id='word_1_780' title='bbox 2675 5858 2842 5900; x_wconf 83' lang='lat' dir='ltr'><strong>causa</strong></span> <span class='ocrx_word' id='word_1_781' title='bbox 2890 5848 3224 5914; x_wconf 85' lang='lat' dir='ltr'><strong>numerosis,</strong></span> <span class='ocrx_word' id='word_1_782' title='bbox 3260 5848 3344 5903; x_wconf 84' lang='lat' dir='ltr'><strong>vel</strong></span> <span class='ocrx_word' id='word_1_783' title='bbox 3367 5849 3622 5903; x_wconf 84' lang='lat' dir='ltr'><strong>omnibus</strong></span> <span class='ocrx_word' id='word_1_784' title='bbox 3668 5849 3853 5918; x_wconf 88' lang='lat' dir='ltr'><strong>potius</strong></span> 
     </span>
    </p>
   </div>
   <div class='ocr_carea' id='block_1_119' title="bbox 4000 3087 4006 3740">
    <p class='ocr_par' dir='ltr' id='par_1_119' title="bbox 4000 3087 4004 3308">
     <span class='ocr_line' id='line_1_119' title="bbox 4000 3087 4004 3308; baseline 0 0"><span class='ocrx_word' id='word_1_785' title='bbox 4000 3087 4004 3308; x_wconf 87' lang='grc' dir='ltr'>ι</span> 
     </span>
    </p>
   </div>
  </div>
