4126 6450
333 346 435 407 £49

1429 339 1803 402 SUPPLEM.
1853 339 2111 400 ANNAL
2169 339 2484 400 TURCIC.

3474 332 3583 394 050

338 463 510 532 ropiis
539 460 656 517 suis
695 461 926 522 coactis.
963 457 1166 528 insigni
1208 473 1332 512 cum
1385 468 1652 529 apparatu
1709 455 1798 511 die
1839 457 1902 511 19
1935 463 1978 518 Α
2011 456 2178 520 turni,
2210 468 2511 524 parumque
2541 452 2833 516 (ructuasi,
2887 450 3086 506 taedere
3111 449 3296 518 cmpit.
3346 447 3584 519 Ideoque

329 554 530 607 mensis
572 551 797 617 Seleris,
817 566 964 606 anno
995 550 1102 605 955
1126 549 1279 620 (Chr.
1318 550 1501 617 1519),
1522 549 1913 604 Constantino-

2015 547 2199 601 dolum
2221 545 2612 614 excogitantes,
2669 554 2730 600 ut
2752 542 3049 597 vindictam
3083 548 3151 595 de
3173 547 3401 595 auctore
3457 541 3581 596 belli

332 644 434 713 poli
480 643 778 711 digressus,
824 642 878 695 in
925 640 1233 694 Anatolium
1289 639 1608 704 transmisit,
1659 650 1912 708 rectaque
2015 638 2212 692 Ercase
2241 646 2535 702 sumerent,
2586 636 2751 690 variis
2778 651 2902 690 cum
2934 632 3234 688 mendaciis
3280 632 3422 704 apud
3479 631 3582 686 So-

329 733 603 788 Parthiam
638 747 825 787 versus
841 731 1014 786 duxit.
1038 729 1232 786 Postea
1259 747 1421 801 quam
1452 733 1728 801 ingressus
1777 730 1910 788 fuis-

329 835 408 880 set
442 825 733 888 hosticum,
783 833 892 877 tarn
925 837 1131 885 arcem,
1175 837 1340 890 quam
1368 820 1643 875 civitatem
1673 819 1907 882 Wauum

332 916 576 970 Wastani
609 916 842 971 obsedit.
876 912 1078 969 Parum
1109 915 1249 968 hosti
1296 915 1492 969 civitas
1525 916 1782 969 resistere
1808 929 1904 983 po-

326 1011 448 1074 tuit,
480 1011 716 1076 inquam
747 1008 816 1061 ab
839 1007 986 1061 enini
1007 1016 1159 1076 parte
1188 1014 1395 1075 pateret
1421 1006 1600 1062 aditus
1626 1005 1751 1069 ;sed
1782 1019 1909 1060 arce

331 1117 438 1153 non
468 1101 568 1153 nisi
599 1115 795 1167 magno
823 1100 1010 1153 latiore
1035 1097 1371 1152 Soleimanes
1400 1097 1603 1167 potitus
1631 1106 1733 1160 est,
1762 1097 1905 1167 quod

329 1191 522 1245 idoneo
581 1193 958 1248 Parthicarum
1031 1191 1267 1246 militum
1341 1189 1595 1260 praesidio
1653 1189 1906 1244 defende-

328 1291 500 1337 retur.
540 1281 642 1337 llbi
672 1282 907 1337 Wanqu
939 1297 1121 1338 arcem
1153 1280 1492 1337 Soieimancs
1520 1291 1903 1352 expugnasset,

327 1390 550 1443 sparsus
580 1391 676 1445 per
704 1392 922 1430 omnem
950 1376 1225 1445 regionem
1254 1375 1410 1428 miles
1433 1374 1757 1435 snltanicus,
1783 1390 1902 1428 eam

327 1465 532 1535 rapinis
561 1476 614 1520 et
668 1465 813 1519 ferro
851 1467 1103 1520 vastavit.
1144 1463 1423 1533 Nusquam
1453 1463 1693 1519 Scachus
1731 1465 1904 1518 'I‘ct-h-

330 1574 504 1612 mases
559 1559 808 1627 reperiri,
863 1573 1131 1626 nusquam
1187 1557 1354 1628 350
1393 1559 1634 1625 conspici
1706 1558 1899 1625 potuit,

328 1665 596 1718 nusquam
624 1650 765 1703 hosti
792 1665 850 1703 se
875 1649 1156 1718 opposuit.
1194 1651 1426 1703 ldrcases
1452 1663 1585 1703 vero
1656 1649 1901 1704 laborem

327 1743 533 1796 nullum
567 1755 850 1805 recusans,
877 1743 1007 1796 dum
1040 1743 1163 1796 hinc
1201 1743 1328 1796 inde
1355 1757 1480 1796 cum
1505 1741 1621 1796 suis
1643 1755 1897 1793 excurre-

2016 731 2304 786 leitnanem
2358 730 2596 783 delatum
2673 735 2996 782 onerarunt.
3060 723 3283 779 Summa
3340 722 3418 779 rei
3467 723 3582 777 haec

2011 836 2154 888 erat,
2179 823 2324 891 quod
2351 823 2588 888 leporem
2640 819 3046 882 dimittendum,
3078 831 3268 870 canem
3303 829 3434 869 vero
3494 829 3584 868 ca-

2015 915 2274 985 piendum
2305 911 2632 967 soadebant.
2656 907 2794 963 Cutn
2821 908 3050 962 Ercases
3071 906 3262 960 ltnirsa
3302 902 3584 973 conspira-

2013 1008 2214 1059 tionem
2251 1005 2492 1072 ipsorum
2531 998 3015 1064 animadverteret,
3059 1005 3224 1067 atque
3267 995 3431 1049 etiam
3454 1008 3580 1064 per-

1993 1099 2246 1165 ,SpEccret
2275 1111 2372 1149 ens
2420 1095 2541 1148 vita:
2570 1108 2681 1147 sua-
2721 1090 2996 1156 insidiari,
3019 1089 3372 1144 vehementer
3397 1089 3581 1140 animo

2010 1190 2388 1257 perturbatus,
2417 1186 2470 1240 in
2502 1183 2988 1253 art-emt‘ujusdum
3017 1181 3352 1237 Curtiist-anii
3380 1178 3582 1250 princi-

2010 1283 2111 1348 pis,
2135 1295 2242 1350 prae
2277 1279 2570 1334 formidine
2588 1293 2646 1333 se
2669 1276 2892 1346 recepit;
2920 1275 3127 1330 tametsi
3147 1289 3214 1328 ne
3235 1274 3452 1343 quidem
3472 1273 3582 1328 illic

2009 1376 2188 1430 vitare
2243 1373 2612 1428 calamitatem
2682 1371 3062 1426 imminentem
3123 1369 3317 1438 potuit.
3368 1368 3581 1436 Quippe

2009 1468 2394 1520 Curdistanius
2419 1466 2509 1519 ille
2533 1465 2788 1534 princeps
2817 1463 3070 1514 lmirsam
3135 1469 3352 1530 captum
3416 1456 3579 1511 Iratri

2007 1555 2222 1613 Scacho
2245 1556 2538 1611 Techmasi
2566 1556 2741 1621 misit,
2769 1553 2862 1624 qui
2885 1553 3143 1620 deinceps
3162 1565 3287 1604 eum
3319 1547 3581 1602 custodire

2007 1652 2376 1718 mancipatum
2413 1649 2465 1702 in
2499 1662 2724 1702 carcere
2766 1646 3020 1701 detinuit.
3065 1643 3350 1714 Expeditio
3410 1640 3580 1696 Solei—

2007 1741 2190 1796 manis
2226 1756 2429 1795 annum
2463 1739 2687 1793 duravit
2721 1739 3015 1809 integrum,
3039 1752 3167 1792 cum
3199 1749 3400 1790 novem
3431 1747 3582 1786 men-

328 1841 431 1894 ret,
489 1847 844 1902 quoscunque
907 1835 1193 1888 thesauros
1255 1831 1481 1898 adipisri
1534 1836 1726 1900 potuit,
1797 1829 1902 1885 50-
1935 1807 2179 1888 Bsibus.
2211 1834 2392 1899 Atque
2444 1831 2527 1886 his
2584 1831 2749 1885 rebus
2789 1807 2982 1900 gestis,
3039 1825 3577 1896 Constantinopolim

328 1923 544 1978 leimani
612 1927 780 1979 misit.
848 1924 1086 1978 Tandem
1146 1922 1680 1979 tanIOIIOstnunicos
1711 1940 1900 1993 proce-

323 2031 432 2077 res,
462 2028 528 2068 ac
549 2016 719 2070 duces
750 2016 1038 2081 militares,
1073 2031 1399 2086 magnopere
1438 2017 1564 2072 belli
1603 2028 1711 2070 tam
1767 2017 1898 2070 diu-

2009 1923 2350 1978 Soleitnanes
2375 1921 2552 1992 primo
2582 1923 2667 1977 die
2699 1921 2905 1977 mensis
2957 1920 3232 1985 Silchizis,
3282 1932 3426 1974 anno
3471 1917 3584 1972 Ma-

2010 2019 2306 2072 hunietano
2333 2014 2437 2070 956
2471 2014 2624 2082 (Chr.
2655 2013 2844 2084 1550),
2905 2027 3162 2068 reversus
3187 2019 3298 2067 est.

1905 2215 2094 2226 —.————

325 2213 3530 2247 Μ

326 2237 690 2253 ——-—_

914 2400 2869 2584 35‘SUPPLEMENTUM

1577 2721 2329 2842 ANNALIUM

468 2961 623 3036 QUO
663 2965 808 3025 RES
847 2955 1202 3027 TURCIC/E
1223 2959 1856 3033 CONTINUANTUR,
1887 2962 1988 3023 AD
2027 2961 2307 3027 ANNUM
2343 2913 2962 3025 MAHUMETANUM
3007 2955 3442 3022 DCCCCX-CVI.

607 3095 625 3101 κ
1201 3079 1333 3151 QUI
1372 3076 1896 3139 CHRISTIANUS
1927 3079 2068 3140 EST
2100 3079 2217 3139 C13
2239 3079 2312 3140 ID
2333 3078 2709 3141 LXXXVIII.

1303 3231 1410 3290 Ex
1440 3229 1714 3290 Joannis
1773 3228 2144 3294 Leunclavit'
2173 3230 2590 3295 Adversariis.

384 3582 544 3634 Anno
567 3576 1074 3633 MalmmetanoQSG
1103 3574 1256 3645 (Chr.
1285 3571 1444 3642 1⁸550)
1476 3571 1700 3624 ineunte
1743 3582 1890 3632 vere,
1923 3581 1964 3640 ο
1998 3567 2292 3633 Americam
2342 3566 2535 3634 copiis,
2567 3564 2852 3636 Tripolim,
2879 3580 3059 3620 arcem
3087 3577 3138 3622 et
3184 3567 3445 3637 oppidum
3502 3565 3586 3620 di-

310 3672 576 3739 Dragutes
601 3669 820 3737 Itaisus,
847 3674 1021 3740 pirata
1045 3669 1296 3732 celebris,
1334 3665 1592 3735 oppidum
1618 3660 1889 3716 Barbarie:

303 3765 414 3834 (sic
447 3763 739 3830 Apiiiicam
767 3762 1098 3815 maritimam
1125 3758 1288 3812 hodie
1323 3769 1602 3818 vocamus,
1654 3751 1888 3826 appella-

296 3858 455 3910 tione
484 3853 745 3906 Romanis
770 3853 931 3907 etiam
958 3850 1201 3906 historiis
1247 3863 1354 3903 non
1385 3844 1592 3918 ignota)
1616 3843 1758 3915 quod
1782 3842 1888 3898 Μει-

303 3947 510 4000 hadian
568 3945 738 3998 Mauri
792 3943 1019 4009 dicunt,
1071 3942 1368 4013 Aphricam
1419 3941 1620 4004 nostri,
1675 3951 1888 3994 veteres

299 4031 972 4100 Aphrodisiam,solerter
1000 4031 1311 4099 occupavit,
1339 4045 1403 4085 ac
1427 4029 1680 4100 praesidio
1706 4029 1886 4083 muni-

297 4125 406 4178 vit.
433 4123 556 4188 Quo
578 4123 818 4192 cognito,
846 4123 1039 4176 Karuli
1079 4123 1233 4190 Augu
1271 4123 1312 4176 ti
1346 4121 1539 4176 classis
1568 4123 1886 4190 imperator,

297 4214 764 4278 Andreas-Devia,
798 4224 1009 4269 mature
1033 4213 1335 4269 cavendum
1370 4222 1548 4279 ratus,
1579 4227 1644 4267 ne
1670 4213 1800 4282 quid
1821 4230 1884 4266 es

294 4319 372 4361 eo
400 4305 522 4373 ioco
548 4305 816 4359 barbarus
839 4305 1153 4359 detrimenti
1185 4304 1518 4374 reipublicae,
1571 4317 1635 4358 ac
1659 4319 1887 4372 praeser-

294 4399 410 4453 tim
431 4397 800 4465 Neapolitanis
825 4404 881 4450 et
905 4397 1213 4466 llispanicis
1247 4397 1528 4452 littoribus
1547 4396 1704 4451 daret
1725 4413 1740 4451 :
1761 4410 1885 4450 cuin

293 4491 480 4545 classe
509 4488 788 4556 militeque
823 4487 1101 4557 profectus
1127 4489 1181 4544 in
1236 4488 1558 4557 Apitricam,
1607 4487 1886 4544 Monaste—

296 4582 444 4633 rimn
472 4579 752 4648 oppidum,
777 4579 1110 4650 Aphrodisia
1167 4579 1500 4648 proximum,
1563 4589 1836 4650 expugnat
1868 4597 1884 4646 ;

292 4671 457 4726 (τιθεῖς
484 4687 549 4725 ex
583 4671 818 4725 hostium
840 4669 1094 4740 praesidio
1124 4669 1251 4735 500,
1269 4669 1522 4725 abductis
1571 4670 1711 4724 1200
1735 4686 1884 4724 man-

293 4762 481 4835 cipiis.
527 4762 658 4817 Inde
703 4760 1014 4830 conjunctis
1061 4775 1186 4816 cum
1241 4759 1591 4816 Ferdinando
1634 4760 1882 4832 Gonzaga

292 4869 402 4922 pro
425 4869 554 4923 rege
589 4853 790 4907 Sicilia:
814 4852 1009 4922 copiis,
1034 4850 1430 4920 Aphrodisium
1455 4852 1710 4907 obsidet:
1735 4854 1883 4924 quod

2010 3659 2182 3713 tionis
2231 3659 2479 3729 equitum
2533 3659 2920 3725 Melitensium,
2969 3676 3279 3728 eorumque
3332 3660 3582 3729 praesidio

1999 3753 2296 3819 munitam,
2324 3753 2611 3807 obsidione
2638 3760 2921 3807 tentarunt
2953 3770 2968 3819 ;
3001 3768 3063 3807 ac
3097 3753 3286 3809 fraude
3331 3753 3582 3823 Dragutis

1996 3859 2048 3899 et
2081 3843 2240 3908 Salue,
2277 3842 2515 3912 przefecti
2548 3843 2806 3911 Gasparis
2834 3843 3051 3898 Vallerii
3073 3843 3209 3896 Galli
3260 3844 3579 3896 credulitate

1998 3937 2245 4008 A"gositti
2277 3936 2494 4003 Ilispani
2523 3937 2829 4001 formidine,
2883 3935 3186 4006 proditione
3223 3935 3459 4004 denique
3481 3949 3578 3987 cu-

1992 4031 2210 4103 jusdam
2249 4048 2311 4084 ex
2344 4048 2408 4084 ea
2436 4039 2590 4100 parte
2621 4029 2922 4100 provincia:
2969 4027 3336 4082 Narbonensis
3393 4027 3580 4078 oriun-

2003 4125 2079 4189 di,
2102 4140 2222 4193 quzr.
2251 4122 2506 4177 Romano
2534 4125 2778 4194 pontiiici
2813 4125 2912 4179 Sttb
2965 4122 3330 4178 Avenienrnsi
3379 4122 3586 4175 ditione‘

1997 4226 2170 4282 paret,
2227 4215 2281 4266 in
2345 4221 2668 4282 potestatem
2731 4213 3081 4284 redegerunt.
3129 4213 3337 4267 Collata
3397 4220 3578 4267 tamen

1998 4307 2269 4371 praecipue
2295 4306 2456 4377 culpa
2490 4307 2594 4362 fuit
2626 4307 2842 4363 amissae
2894 4308 3220 4362 munitionis
3271 4307 3458 4376 hujus,
3513 4309 3581 4361 ab

1996 4397 2116 4466 ipso
2149 4396 2392 4466 equiti-tm
2431 4391 2797 4451 Melitensium
2825 4385 3025 4468 magno
3045 4401 3327 4471 magistro,
3352 4401 3581 4469 ejusque

1995 4489 2248 4557 collegio,
2284 4497 2449 4558 atque
2480 4489 2629 4554 aliis,
2659 4489 2714 4542 in
2745 4489 3176 4545 Atamoutanum
3224 4490 3410 4546 Galliae
3438 4494 3582 4562 regis

1996 4581 2215 4638 Ilenrici
2255 4582 2493 4651 legatum
2531 4599 2545 4635 :
2576 4582 2666 4651 qui
2702 4580 3030 4638 Solcimanis
3057 4593 3114 4637 ut
3181 4600 3333 4639 arma
3393 4587 3578 4639 conri-

1998 4681 2142 4730 taret
2207 4674 2261 4728 in
2321 4673 2595 4728 Karulum
2650 4673 2983 4745 Augustum,
3041 4673 3576 4748 Constantinopolim

1994 4765 2217 4829 missus,
2252 4765 2358 4821 huc
2387 4765 2671 4836 appulerat.
2695 4775 2790 4832 ιρι
2826 4766 2930 4821 sub
2958 4775 3222 4834 praetexui
3275 4769 3581 4825 conticinn-

1993 4857 2074 4912 dae
2119 4855 2288 4925 pacis,
2359 4857 2774 4928 obsidionisque
2851 4858 3146 4926 solvenda),
3205 4859 3580 4917 Melitcnsibits
3627 4853 3634 4860 '

293 4960 490 4997 mense
519 4946 682 4998 tertio
715 4943 934 4998 tandem
967 4942 1021 4996 in
1043 4951 1376 5012 potestatem
1406 4945 1573 4999 venit.
1621 4943 1763 5000 Caesi
1818 4959 1883 4998 ex
1918 4939 1961 4993 Β
1991 4948 2168 5004 fraudi
2198 4947 2367 5004 fuisse
2392 4949 2732 5019 perhibetur.
2767 4948 3047 5020 Occupata
3080 4949 3182 5006 fuit
3223 4951 3465 5022 Tripolis
3490 4954 3582 5010 die

289 5035 550 5088 barbaris
590 5035 833 5103 plurimi,
870 5042 1028 5104 capta
1067 5034 1314 5103 capitum
1364 5034 1434 5089 ad
1486 5035 1647 5090 7600.
1702 5034 1878 5090 Velie-

177 5175 189 5182 .
288 5136 513 5179 menter
564 5125 667 5178 hoc
709 5127 908 5181 sultani
946 5127 1274 5181 Soleimanis
1298 5128 1568 5182 {animum
1625 5129 1876 5198 pupugit,

283 5216 388 5272 cui
418 5234 478 5271 se
505 5233 611 5270 non
637 5220 709 5272 ita
743 5218 1334 5287 pridem,operamque
1395 5233 1548 5273 suam
1609 5215 1877 5288 Dragutes

280 5309 602 5366 addixerat.
620 5309 856 5364 Czesaris
874 5324 1003 5363 vero
1020 5308 1206 5364 Karuli
1221 5310 1385 5379 jussu
1403 5308 1650 5365 funditus
1665 5311 1876 5382 Aphro-

279 5403 494 5458 disium
535 5402 634 5454 fuit
662 5416 938 5456 eversum.

362 5489 523 5549 Anno
548 5495 795 5563 sequenti
821 5494 1068 5562 proximo
1091 5494 1341 5550 sultanus
1369 5493 1708 5551 Soleimanes
1739 5498 1874 5553 clas—

278 5601 409 5644 sem
441 5585 720 5649 instruxit,
751 5585 910 5654 eique
940 5584 1202 5639 Si'nanem
1237 5585 1457 5640 bassam
1494 5587 1754 5655 praefecit,
1781 5587 1881 5642 ad-

273 5677 501 5751 junctis
550 5676 678 5731 huic
725 5675 984 5745 Dragute,
1049 5673 1289 5745 Salaque
1341 5676 1531 5740 Ba'isis
1563 5696 1577 5734 :
1613 5681 1706 5749 qui
1751 5695 1875 5736 cum

282 5783 478 5824 arcem
511 5767 844 5822 Melitensetn
878 5767 1082 5818 frustra
1115 5772 1442 5834 tentassent,
1475 5772 1778 5840 transjcetis
1824 5775 1879 5828 in

647 5865 921 5928 PATROL.
969 5863 1088 5925 Gn.
1139 5861 1338 5924 CLIX.

1986 5043 2054 5096 15
2080 5042 2284 5097 mensis
2317 5043 2573 5110 Auguszi,
2627 5058 2769 5095 anno
2816 5041 3202 5098 Mahumetano
3256 5046 3355 5101 957
3424 5047 3577 5114 (Chr.
3670 5067 3675 5122 ξ

1985 5133 2272 5203 1551),(·ιιὶ
2305 5134 2554 5187 sultanus
2586 5133 2923 5189 Soleimanes
2962 5135 3244 5207 Dragutem
3270 5154 3392 5192 cum
3424 5143 3584 5206 impe'
3672 5190 3676 5194 ,

1990 5225 2072 5278 rio
2102 5223 2355 5294 Sangiaci
2391 5225 2511 5294 lit-gi
2547 5224 2807 5295 praefecit.
2829 5226 2879 5280 Is
2907 5226 3163 5296 deinceps
3192 5228 3424 5283 infestus
3449 5228 3582 5283 Car-
3670 5208 3677 5232 '-

1983 5330 2172 5370 t'ennaz
2201 5316 2332 5385 regi,
2366 5316 2521 5384 cujus
2547 5316 2680 5371 ditio
2699 5317 2803 5372 500
2834 5317 3159 5374 milliaribus
3187 5318 3386 5374 Italicis
3415 5335 3441 5370 a
3465 5315 3584 5372 Tri-

1987 5408 2097 5478 poli
2131 5407 2322 5472 distat,
2355 5409 2422 5463 ob
2461 5407 2783 5478 denegatam
2827 5423 2988 5480 opem
3042 5410 3269 5465 ebsesso
3313 5410 3584 5480 Aphrodi-

1994 5498 2099 5565 sio,
2133 5499 2324 5568 majori
2353 5507 2506 5568 parte
2539 5498 2766 5553 ditionis
2785 5515 2909 5554 eum
2936 5500 3120 5555 exuit:
3157 5501 3370 5571 aliaque
3394 5502 3582 5571 gessit,

1998 5590 2064 5645 dc
2089 5590 2419 5664 quibus_suo
2455 5590 2569 5644 loco
2606 5591 2839 5646 dicetur.

2067 5681 2460 5753 Superioribus
2489 5684 2649 5738 annis
2683 5683 2833 5755 (Chr.
2860 5685 3019 5753 1548,
3042 5687 3201 5753 1519,
3220 5687 3380 5758 1550)
3402 5686 3586 5743 Fcrdi-

1992 5774 2204 5830 nandus
2227 5771 2430 5840 Caesar,
2454 5773 2726 5847 Ungarite,
2752 5775 3138 5850 Boliemiteque
3164 5795 3279 5850 res,
3311 5795 3430 5852 post
3459 5781 3585 5838 obi-

3019 5871 3094 5934 21
