4126 6436
502 322 707 398 ³6517

1740 319 2066 383 ῘΟΑΝΝΙΒ
2100 316 2566 380 ΕΕΠΧΕΜΝΙῙ

3662 310 3785 374 “652

522 462 644 509 tum
677 447 909 514 l’crenii,
942 444 1185 515 Agriani,
1219 440 1471 513 Ungarim
1527 439 1911 510 municipium,
1949 436 2097 507 quod
2130 443 2168 499 Α
2200 452 2324 490 cum
2350 445 2534 505 praeter
2599 434 3014 490 Osmanidarum
3047 446 3255 489 morem
3307 428 3608 497 Sole-iuraui,
3652 429 3781 495 legi,

523 545 699 598 Erlam
721 542 878 609 vulgo
896 546 1111 601 vocant,
1134 535 1218 589 sui
1242 536 1382 604 juris
1408 533 1610 588 iecerat
1627 548 1641 585 :
1660 542 1716 585 et
1737 528 2088 585 illustrissimi

520 636 746 689 Comitis
769 632 1066 688 Salmcnsis
1100 628 1303 682 Nicolai
1325 642 1485 697 opera
1504 627 1850 695 Zaibraginm,
1867 622 2087 688 Levam,

519 728 814 799 Zythnam,
857 725 1146 778 Muranum
1171 728 1527 790 expugnarat.
1553 717 1664 773 Nec
1712 716 1885 772 multo
1940 724 2085 784 post,

516 817 763 889 ejusdem
796 814 939 885 regis
959 812 1240 877 mandato,
1298 809 1632 866 Zoluoccum
1688 806 1853 879 351
1894 804 2091 862 Turcis

516 911 811 982 Agrienscs
839 906 1172 976 eripuerant.
1198 901 1308 958 llas
1337 902 1410 958 ob
1446 915 1647 958 causas
1678 900 1928 954 irritatus
1984 897 2090 953 So-

515 1000 801 1063 leimanes,
835 993 1233 1050 Temesuarum
1258 1005 1355 1062 per
1384 1004 1518 1046 suos
1545 989 1784 1053 obsedit,
1832 1000 1887 1044 et
1929 986 2087 1043 dedi-

516 1093 666 1145 tione
700 1087 865 1159 cepit,
889 1085 1179 1141 interfecto
1216 1097 1314 1153 per
1346 1080 1529 1137 scelus
1559 1079 1772 1135 violatae
1800 1078 1924 1132 ildei
1963 1076 2089 1133 Ste-

519 1187 701 1256 phauo
721 1180 1015 1243 Losoncio,
1042 1178 1193 1233 illius
1235 1176 1341 1231 luci
1402 1182 1845 1245 propugnatore;
1874 1170 2088 1241 Lipam,

516 1277 871 1335 Soliiuosum,
899 1266 1282 1333 Cbianadiam,
1313 1279 1439 1320 cum
1468 1263 1593 1319 aliis
1632 1261 1878 1318 castellis
1925 1273 2088 1315 oceu-

514 1366 661 1435 parit
687 1380 705 1432 ;
728 1362 1015 1417 Erasmum
1048 1355 1344 1422 Teil’elum,
1362 1351 1694 1411 Ferdinandi
1723 1352 1944 1416 ducem,
1963 1363 2088 1405 cum

512 1456 713 1513 Stantia
739 1453 1071 1518 Palavicino,
1097 1459 1149 1507 et
1198 1449 1504 1519 Augustino
1562 1444 1930 1509 Sbardellato,
1989 1442 2093 1496 Va—

513 1550 687 1607 ciensi
742 1546 977 1617 prrsule
1031 1544 1101 1600 ad
1142 1542 1441 1609 Palastnm,
1471 1541 1588 1597 Alis
1627 1542 1798 1595 basem
1829 1537 2096 1593 Budensis

513 1643 701 1705 ductu,
738 1640 977 1694 cecidit:
1009 1650 1184 1707 eaque
1217 1635 1422 1704 potitos
1475 1632 1725 1692 victoria,
1786 1629 2092 1699 Drcgeltum

515 1746 721 1791 arcem,
748 1728 1121 1788 Giarmatum,
1160 1723 1451 1784 Zetenum,
1483 1720 1698 1791 aliaque
1743 1719 1860 1773 loca
1915 1717 2091 1772 vicina

2194 529 2326 582 time
2354 527 2651 598 nupsisset,
2680 528 2748 581 de
2780 527 3013 581 liliorum
3052 526 3106 578 in
3166 522 3395 593 imperio
3429 522 3786 577 successione

2190 616 2451 676 sollicita.
2498 615 2780 672 Rustemis
2800 616 2985 686 generi
3014 612 3513 677 criminationibus,
3533 622 3585 666 et
3622 626 3781 666 reuo-

2190 708 2331 763 ﬁeiis
2347 707 2696 777 quibusdam,
2728 710 2795 760 ab
2838 705 3065 761 llebraea
3117 705 3284 774 striga
3326 704 3781 763 subministratis.

2191 799 2521 855 fascinatum
2557 798 2760 853 sultani
2814 799 3080 863 animum.
3127 812 3156 852 a
3211 797 3493 866 Mustapha
3551 808 3785 864 prorsus

2193 890 2547 944 abalienarat.
2587 887 2827 944 Fuerant
2856 900 2914 944 et
2959 893 3135 944 bassae
3174 887 3463 956 cujusdam
3502 886 3638 954 patri
3687 898 3785 938 er-

2195 982 2383 1037 hibita:
2425 982 2641 1045 litterae,
2673 981 2873 1050 quibus
2895 981 2962 1036 ad
2993 980 3312 1035 Rnstemem
3340 980 3568 1047 scriptis
3600 976 3782 1032 conti-

2194 1076 2446 1140 nebatur,
2483 1075 2550 1129 de
2571 1073 2930 1129 matrimonio
2962 1074 3106 1129 inter
3132 1071 3496 1140 blustapbain,
3526 1079 3580 1124 et
3608 1068 3777 1124 tiliam

2193 1165 2373 1219 scachi
2422 1163 2713 1221 Persarum
2777 1164 3117 1230 Tecbmasis,
3170 1177 3411 1234 quocum
3475 1160 3780 1216 Soleimaui

2193 1256 2444 1328 pluribus
2497 1258 2567 1313 ab
2600 1258 2763 1313 annis
2814 1256 3016 1312 bellum
3065 1266 3206 1321 erat,
3262 1252 3508 1310 tractari.
3555 1242 3824 1309 Miriﬁco’

2194 1350 2590 1420 suspiciosum,
2626 1366 2692 1404 ex
2726 1350 2845 1406 aliis
2870 1365 3088 1421 quoque
3115 1347 3510 1411 delationibus,
3535 1346 3778 1400 animum

2194 1443 2363 1515 patris
2390 1459 2453 1499 ea
2477 1458 2566 1499 res
2598 1442 2954 1513 perturbare:
2981 1440 3126 1512 quod
3156 1448 3459 1500 vereretur.
3483 1454 3552 1493 ne
3582 1437 3786 1492 Hosta-

2195 1537 2334 1606 phas
2361 1535 2681 1592 Techmasis
2716 1534 2939 1605 adjutus
2980 1533 3233 1601 auxiliis,
3286 1531 3520 1602 imperio
3570 1538 3777 1599 patrem

2195 1639 2494 1683 excuteret.
2520 1629 2708 1698 Itaque
2736 1628 2943 1683 missus
2967 1627 3071 1681 fuit
3092 1640 3239 1681 anno
3265 1624 3372 1681 958
3428 1622 3587 1694 (Chr.
3641 1622 3781 1676 155i

2200 1729 2254 1774 et
2286 1719 2447 1789 13⁵55)
2502 1734 2624 1773 cum
2654 1720 2897 1774 exercitu
2934 1718 3220 1773 Rustemes
3237 1716 3388 1771 rezir
3420 1716 3780 1781 azemes,sub

515 1826 620 1880 sub
640 1825 828 1893 jugttnt
861 1820 1030 1873 misit.
1092 1816 1224 1871 Tam
1256 1827 1516 1884 prospero
1566 1828 1749 1868 rerum
1822 1825 2086 1865 successu
2123 1803 2163 1859 Β
2194 1822 2460 1884 praetextu
2490 1812 2712 1882 quidem
2739 1811 2865 1866 belli
2890 1810 3110 1866 Parthis
3135 1809 3430 1873 inferendi,
3457 1809 3553 1862 sed
3585 1824 3778 1875 reapse

514 1918 688 1970 elatus
713 1911 826 1966 Alis
864 1910 1020 1963 bassa
1046 1906 1337 1969 Budensis,
1369 1917 1530 1972 quem
1555 1901 1774 1963 Caram,
1818 1899 1937 1954 sive
1989 1894 2086 1949 Ni-

515 2023 673 2081 grum
696 2007 834 2061 Alim
863 2004 1150 2063 vocabant,
1172 2000 1434 2069 adjuncto
1461 1994 1564 2052 sibi
1599 1994 1858 2048 Achmete
1882 1990 2079 2044 Roma-

515 2079 619 2155 nia:
646 2095 987 2169 beglcrbego,
1020 2102 1077 2147 et
1099 2090 1346 2155 Cosanis,
1372 2089 1603 2157 aliisque
1625 2083 1875 2155 pluribus
1914 2079 2088 2151 begis,

514 2191 847 2247 Zolnoccum
880 2185 1127 2243 adoritur
1162 2197 1390 2253 :eoque,
1414 2177 1768 2252 praesidiariis
1794 2177 1880 2232 die
1909 2173 2092 2243 480p-

514 2284 743 2340 tembris
770 2283 914 2337 ultro
943 2279 1280 2341 redeuntibus,
1312 2282 1373 2330 ut
1401 2273 1641 2342 Agriam.
1683 2262 1805 2339 quae
1830 2266 2089 2323 momenti

517 2376 742 2448 majoris
765 2382 907 2439 erat,
927 2373 1193 2429 adversus
1250 2368 1462 2424 bouem
1516 2361 1893 2423 defenderent,
1946 2357 2089 2429 peti-

506 2485 624 2526 tur.
654 2468 783 2525 lude
812 2465 1084 2538 promotis
1117 2461 1186 2517 ad
1224 2459 1441 2530 Agriani
1468 2455 1695 2520 castris,
1727 2466 1946 2509 summo
1967 2450 2092 2521 qui-

515 2565 640 2617 dem
669 2562 818 2616 illam
853 2561 1058 2627 impetu
1087 2552 1478 2625 aggrediuntur
1507 2558 1562 2603 et
1596 2554 1936 2617 oppugnant,
1992 2542 2090 2597 sed

520 2655 677 2709 irrito
711 2660 936 2715 conatu,
964 2658 1018 2704 et
1046 2662 1240 2716 mang
1268 2660 1394 2700 cum
1438 2643 1726 2698 bassarum
1779 2637 2044 2693 dedecore
2073 2651 2088 2688 :

517 2747 664 2818 quod
696 2742 932 2799 feliciter
960 2757 988 2795 a
1014 2738 1310 2810 Stephanis
1340 2735 1564 2791 Doboue
1593 2732 1872 2795 Ruscano,
1913 2726 2094 2783 Mozi—

517 2841 552 2896 Ιι
588 2840 663 2905 io,
696 2837 930 2903 Zoltaio,
963 2832 1233 2906 Gregorio
1303 2832 1492 2893 Diaco,
1551 2825 1765 2881 Joanne
1818 2821 2092 2893 Figedaeo.

517 2945 683 3002 atque
712 2931 836 2987 aliis
860 2930 1095 2986 fortibus
1120 2924 1695 2985 v‘iris'defenderctur.
1751 2918 1918 2974 Gesta
1969 2916 2092 2991 fue-

518 3034 647 3082 runt
673 3025 787 3079 haec
810 3039 956 3078 anno
989 3021 1372 3075 Mahunnetano
1395 3016 1500 3072 958
1539 3013 1691 3083 (Chr.
1720 3009 1902 3079 1552).

590 3118 806 3174 Dictum
832 3115 993 3185 paulo
1012 3121 1162 3178 ante,
1188 3110 1374 3165 Galliae
1391 3124 1568 3180 regem
1587 3106 1905 3168 Henricuin,
1927 3103 2097 3157 misso

496 3213 717 3282 tlegato,
751 3208 1031 3264 sultanum
1070 3203 1439 3259 Soleimanem
1500 3200 1766 3256 adversus
1833 3195 2095 3253 Karidum

518 3307 942 3373 Augustum,“
974 3298 1092 3367 lege
1151 3294 1326 3350 mutui
1402 3291 1649 3369 hederis,
1696 3288 1857 3358 cujus
1909 3298 2098 3342 auctor

506 3368 848 3449 Franciseus
884 3398 1033 3460 pater
1091 3387 1405 3450 exstiterat,
1464 3368 1749 3437 incitasse.
1811 3377 2097 3432 Perniotus

520 3487 590 3542 ab
625 3485 995 3538 Araniontano
1038 3478 1395 3541 Soleimanes,
1424 3478 1518 3546 qui
1572 3473 1639 3527 ad
1671 3471 1919 3528 Persicos
1963 3469 2098 3523 lines

510 3575 810 3649 postulatis
839 3573 960 3645 ejus
991 3571 1203 3637 adnuit,
1234 3583 1362 3623 mox
1385 3566 1619 3622 classem
1644 3564 1890 3633 expediri
1920 3561 2098 3630 jubet,

516 3685 639 3742 quae
664 3666 887 3723 Gallicis
909 3668 1095 3738 juncta
1120 3661 1317 3733 copiis,
1355 3656 1544 3714 Karuli
1602 3655 1838 3712 ditiones
1890 3652 2099 3707 mariti-

519 3779 638 3818 mas
680 3763 995 3818 infestaret.
1031 3757 1189 3824 Quod
1215 3753 1438 3826 quidem
1474 3767 1545 3808 ex
1578 3757 1705 3804 voto
1736 3745 2038 3825 prastitum
2068 3760 2098 3798 a

518 3854 641 3910 lidis
675 3854 863 3913 sociis,
896 3848 1333 3921 gravissiinaque
1377 3842 1751 3912 Neapolitanis
1805 3846 1860 3894 et
1901 3836 2100 3893 Siculis

513 3947 792 4005 littoribus
841 3943 987 3997 illata
1022 3941 1237 3995 damno.
1287 3935 1508 3992 Corsica
1559 3945 1797 4002 quoque,
1841 3928 2100 3983 Genuen-

484 4041 657 4105 ,sittm
709 4036 911 4098 insula,
939 4041 1096 4102 capta
1119 4030 1271 4093 iuit;
1308 4035 1363 4083 et
1411 4025 1604 4080 incolae
1651 4036 1776 4078 cum
1829 4020 2105 4090 praesidia-

515 4131 615 4185 riis’
644 4133 843 4198 partim
899 4124 1049 4188 caesi,
1098 4120 1295 4191 partim
1351 4116 1648 4173 crudeliter
1698 4112 1919 4180 habiti;
1955 4110 2100 4182 quod

517 4222 739 4291 quidem
768 4216 966 4272 accidit
1005 4228 1150 4268 anno
1176 4208 1281 4266 959
1309 4209 1462 4281 (Chr.
1488 4204 1675 4276 155⁸2).
1699 4203 1808 4260 Nec
1850 4203 2100 4259 restituta

516 4311 901 4368 Ccnuensihus
935 4303 1161 4361 Corsica
1215 4303 1366 4373 prius
1408 4300 1530 4366 fuit,
1580 4312 1745 4370 quam
1806 4310 1909 4365 pax
1962 4297 2104 4350 inter

517 4406 827 4476 Philippum
905 4409 962 4455 et
999 4392 1616 4464 llenricumJlispaniie
1662 4388 1961 4459 Galliaeque
2019 4403 2103 4442 re-

2191 1919 2315 1961 curn
2352 1905 2578 1959 secretis
2608 1903 2810 1960 sultani
2859 1902 3153 1965 mandatis,
3177 1910 3236 1956 ut
3292 1914 3623 1971 quocunque
3660 1914 3780 1955 mo-

2191 1997 2262 2051 do
2292 1996 2630 2066 Mustapbam
2658 2010 2688 2050 e
2719 1994 2902 2049 medio
2924 1993 3160 2048 tolleret.
3194 1990 3484 2048 Rustemes
3512 1993 3568 2045 in
3592 1992 3777 2045 Asiam

2192 2086 2490 2156 profectus.
2517 2084 2887 2141 Soleimanem
2921 2082 3131 2153 trepide
3170 2081 3459 2138 certiorem
3495 2082 3650 2145 facit,
3682 2096 3780 2151 per

2191 2177 2524 2235 calumniam
2549 2186 2755 2242 tamen,
2780 2176 2834 2230 lu
2886 2189 3084 2245 magno
3142 2188 3258 2228 rem
3309 2174 3524 2230 versari
3584 2174 3780 2229 discri-

2194 2271 2342 2325 mine
2374 2287 2389 2325 :
2428 2268 2742 2337 genizaros,
2765 2275 3106 2337 ceterosque
3132 2264 3335 2321 milites
3376 2266 3452 2321 ita
3482 2264 3779 2335 blustaplm

2193 2363 2437 2441 studere.
2465 2362 2533 2417 de
2555 2361 2815 2431 patrisut
2851 2368 3031 2413 actum
3061 2357 3292 2429 imperio
3321 2358 3592 2413 videatur.
3645 2356 3779 2411 Nul-

2195 2455 2308 2511 lum
2340 2454 2485 2509 aliud
2512 2465 2799 2523 superesse
2828 2450 3156 2512 remedium,
3223 2464 3386 2518 quam
3449 2457 3509 2503 ut
3549 2449 3774 2518 ipsemet
3812 2466 3817 2473 ν

2195 2549 2250 2604 in
2286 2546 2501 2619 Syriam
2541 2543 2841 2601 advolaret.
2868 2542 3120 2598 Territus
3151 2543 3257 2596 hoc
3284 2542 3477 2596 nuntio
3516 2541 3767 2596 Soleima-

2198 2656 2319 2701 nes.
2351 2638 2534 2693 subito
2559 2636 2858 2705 Chalepum
2892 2647 3017 2689 cum
3042 2634 3288 2689 exercitu
3325 2645 3596 2704 properat,
3613 2634 3765 2703 quasi

2195 2732 2414 2789 Parthis
2441 2731 2643 2786 bellum
2674 2727 2918 2782 facturus
2951 2734 3117 2782 esset.
3149 2725 3468 2781 Arcessitur
3494 2740 3581 2797 per
3622 2726 3771 2780 litte—

2196 2838 2286 2877 ras
2311 2821 2475 2886 illius,
2504 2819 2581 2875 uti
2620 2817 2920 2887 Chalcpum
2966 2816 3031 2871 ad
3081 2826 3294 2887 patrem
3345 2816 3466 2871 sine
3521 2830 3666 2870 mora
3714 2830 3778 2868 se

2196 2914 2492 2970 conferret.
2556 2910 2873 2978 Mustaphas
2905 2947 2923 2973 ,
2975 2909 3105 2963 licet
3158 2907 3227 2963 de
3279 2909 3524 2978 paternis
3567 2908 3779 2964 insidiis

2200 3006 2529 3070 inandisset,
2566 3002 2915 3072 monitusque
2944 3009 3164 3056 secreto
3197 2990 3393 3055 fuisset
3423 3001 3491 3055 ab
3521 3000 3783 3056 Achmete

2202 3098 2388 3161 bassa,
2417 3094 2613 3151 salutis
2644 3101 2703 3147 ut
2733 3106 2846 3148 suae
2870 3092 3138 3147 rationem
3163 3091 3392 3147 haberet
3423 3108 3439 3144 :
3470 3090 3782 3147 innocentia

2208 3198 2396 3244 tamen
2427 3202 2527 3242 sua
2558 3187 2750 3251 fretus,
2774 3185 2945 3254 patris
2982 3183 3230 3253 imperio
3289 3193 3464 3254 paret.
3510 3184 3568 3238 ιη
3599 3176 3781 3238 castra

2197 3295 2321 3336 cum
2349 3279 2608 3343 venisset,
2639 3280 2706 3332 ad
2735 3275 3037 3331 tentorium
3068 3285 3356 3344 paternum
3386 3284 3534 3331 recta
3562 3275 3738 3345 pergit
3763 3292 3779 3329 :

2200 3371 2290 3428 ubi
2317 3379 2472 3442 patre
2498 3369 2669 3425 mutis
2699 3367 2911 3437 aliquot
2935 3360 3201 3434 robustis,
3232 3382 3373 3436 quos
3430 3368 3632 3424 sultani
3678 3366 3785 3423 Os-

2199 3461 2449 3533 manigae,
2481 3459 2647 3515 veluti
2671 3457 2762 3513 hic
2792 3458 2963 3513 etiam
3021 3455 3263 3515 Mnrates
3316 3458 3407 3525 lll,
3467 3460 3529 3517 in
3572 3460 3785 3516 deliciis

2200 3553 2403 3608 habere
2443 3550 2643 3613 solent,
2704 3549 2995 3606 minaciter
3058 3549 3350 3615 innuente,
3386 3553 3781 3620 prosternitur,

2199 3643 2512 3713 injectoque
2534 3653 2705 3695 nervo
2760 3639 3157 3708 strangulatur.
3209 3639 3339 3695 lude
3388 3640 3632 3713 Ziangir,
3684 3645 3781 3712 qui

2200 3735 2462 3804 gibhosus
2488 3741 2627 3795 erat,
2653 3732 3023 3805 minimusque
3048 3743 3178 3790 natu
3221 3735 3551 3794 Soleimanis
3610 3722 3783 3804 lilius,

2201 3841 2230 3880 a
2262 3834 2415 3896 patre
2444 3824 2605 3895 quasi
2648 3840 2746 3894 per
2776 3825 2968 3881 ludum
2987 3840 3053 3882 ac
3073 3826 3286 3897 iocum,
3330 3827 3630 3899 Hustapba:
3668 3829 3782 3885 l'ra-

2202 3919 2292 3982 tri,
2325 3931 2487 3987 quem
2511 3930 2763 3974 necatum
2801 3917 3109 3989 ignorabat,
3139 3919 3357 3975 obriam
3381 3921 3601 3990 prodire
3626 3923 3785 3987 jube-

2136 4022 2141 4027 '
2204 4020 2316 4066 tur.
2362 4010 2411 4066 ls
2453 4010 2542 4066 ubi
2578 4011 2804 4081 propius
2843 4010 2910 4064 ad
2943 4009 3245 4066 fraternum
3291 4013 3529 4069 cadaver
3592 4028 3785 4070 acces—

2201 4097 2386 4169 sisset,
2409 4104 2663 4175 quamvis
2687 4112 3041 4158 consternato
3079 4118 3207 4160 mox
3240 4106 3551 4177 interempti
3589 4108 3782 4164 fratris

2200 4199 2352 4269 equi,
2380 4195 2671 4267 mancipia,
2694 4198 2948 4257 tentoria,
2975 4197 3239 4261 thesauri,
3271 4207 3596 4253 ornamenta
3617 4210 3784 4257 caete-

2201 4306 2283 4356 ra,
2310 4304 2432 4344 cum
2467 4288 2763 4343 Amasiana
2795 4288 3096 4359 provincia,
3127 4290 3384 4344 mandato
3407 4291 3580 4361 patris
3611 4290 3781 4348 oﬂ'er-

2202 4390 2413 4449 rentur,
2447 4390 2629 4436 tamen
2670 4382 2755 4435 his
2788 4381 3048 4434 omnibus
3069 4381 3292 4450 spretis,
3348 4391 3405 4436 et
3450 4381 3780 4453 exprobrata

516 4514 633 4568 ges,
661 4472 842 4550 hanno
880 4499 1004 4564 post
1034 4498 1190 4546 sexto
1220 4486 1500 4543 coivisset.
1547 4482 1757 4554 Quippe
1774 4496 1884 4536 non
1926 4481 2100 4536 multo
2132 4492 2176 4549 ι)
2207 4474 2344 4546 patri
2376 4473 2561 4527 verbis
2593 4472 2971 4527 acerbissimis
2994 4482 3101 4527 tam
3155 4474 3326 4542 impio
3367 4474 3597 4544 diroque
3648 4478 3785 4529 l‘aci-

516 4600 637 4661 post
660 4581 969 4640 confectam
999 4581 1142 4634 hanc
1190 4591 1402 4647 pacem,
1463 4574 1753 4629 infeliciter
1813 4577 2090 4631 exstincto

518 4673 1131 4752 patrc,Franciscusll,
1166 4669 1384 4727 Henrici
1419 4670 1463 4726 ll
1517 4668 1576 4723 F.
1635 4685 1699 4725 ex
1759 4669 1914 4741 pacis
1966 4681 2088 4724 eam

517 4774 728 4839 legibus
776 4768 1091 4840 reipublicae
1115 4763 1386 4820 Ccnuensi
1423 4760 1679 4816 reddidit.

592 4865 721 4918 Erat
744 4861 964 4916 sultano
1006 4854 1316 4911 ‘Soleimani
1370 4854 1514 4908 [ilius
1566 4852 1907 4922 Mustaphas,
1957 4861 2091 4907 natu

519 4955 812 5018 maximus,
853 4967 923 5025 ex
966 4946 1288 5004 muliercula
1324 4947 1600 5013 Circassa,
1654 4943 1868 5001 servilis
1905 4944 2093 4998 condi-

521 5051 685 5106 tionis
711 5065 726 5102 :
747 5046 831 5101 cui
853 5055 1006 5114 pater
1035 5041 1190 5096 initio
1214 5038 1569 5110 Magnesiam,
1597 5038 1721 5093 inde
1742 5036 2088 5092 Amasianain

518 5140 853 5217 provinciam
875 5137 1122 5201 dederat,
1154 5132 1248 5188 ubi
1270 5134 1392 5186 cuni
1428 5140 1606 5186 matre
1640 5130 1863 5200 degeret
1899 5143 1913 5181 :
1941 5126 2090 5182 deui-

517 5214 623 5309 que
655 5230 1069 5291 Carahemidam
1099 5223 1520 5295 Mesopotamia},
1563 5221 1810 5276 Persicos
1850 5218 1919 5273 ad
1955 5214 2099 5272 tlnes‘

518 5332 701 5395 sitam,
737 5325 1065 5395 assignaret.
1097 5319 1267 5392 Erant
1286 5317 1462 5372 eidem
1492 5326 1545 5370 et
1579 5314 1671 5369 alii
1717 5312 1899 5376 liberi,
1952 5326 2091 5380 riuos

519 5437 586 5474 cx
621 5418 826 5474 femina
854 5413 1045 5467 formae
1079 5410 1267 5482 (Veluti
1303 5406 1520 5478 quidem
1558 5403 1896 5475 perhibetur)
1950 5402 2091 5457 libe-

517 5512 670 5577 ralis,
708 5508 927 5562 natione
963 5503 1156 5565 Rossa,
1181 5503 1295 5556 sive
1327 5497 1626 5558 Roxolana.
1650 5498 1947 5552 sustulerat
1979 5511 2093 5550 ma-

519 5617 608 5659 res
637 5612 894 5670 quatuor,
949 5595 1340 5659 Muchemetes,
1396 5591 1648 5657 Seliiues,
1698 5587 1984 5657 Bajazites,
2038 5597 2094 5642 et

517 5693 738 5761 Ziaugir
766 5709 781 5745 :
810 5691 971 5746 unica
993 5688 1210 5743 femella
1239 5684 1553 5747 Chameria,
1584 5698 1748 5754 quam
1773 5681 1864 5737 alii
1891 5680 2091 5736 Came-

521 5801 645 5840 nani
681 5791 894 5848 iocant,
940 5782 1219 5837 Rustemis
1251 5779 1445 5836 veziris
1502 5794 1660 5834 tuor.
1711 5774 1836 5833 ιιωυ
1893 5772 2089 5840 llossa,

2200 4585 2353 4634 nore,
2378 4576 2561 4625 statim
2587 4570 2705 4625 suis
2734 4568 2993 4623 manibus
3016 4569 3070 4622 in
3099 4569 3312 4623 viscera
3351 4569 3644 4639 pugionem
3664 4567 3782 4619 adi-

2199 4662 2297 4732 git,
2325 4661 2653 4717 etcadaveri
2689 4659 2878 4714 fratris
2947 4658 3294 4724 incumbens,
3347 4661 3608 4730 exspirat.
3669 4659 3786 4721 δρα

2200 4755 2375 4809 multo
2410 4764 2554 4824 post,
2581 4752 2829 4822 ejusdem
2885 4750 3073 4806 Rossae
3126 4752 3286 4805 malis
3346 4751 3558 4806 artibus
3614 4751 3782 4806 etiam

2200 4848 2363 4903 unico
2386 4845 2683 4912 Mustapha:
2703 4843 2819 4899 (ilio
2853 4843 3070 4909 Murali,
3102 4847 3195 4913 qui
3221 4843 3406 4897 Prusae
3459 4842 3604 4912 apud
3665 4857 3785 4897 ma-

2198 4950 2336 4995 trem
2367 4939 2726 5002 educabatur,
2754 4949 2919 5005 opera
2965 4934 3257 4990 lbrahimis
3312 4935 3552 4989 eunuchi
3608 4935 3785 4989 bassa:

2199 5031 2401 5098 injecto
2430 5042 2597 5083 nervo
2615 5034 2804 5096 guttur
2834 5024 3071 5086 eliditur,
3094 5025 3268 5093 ipsius
3304 5022 3393 5078 avi
3423 5023 3621 5089 jussu:
3652 5036 3780 5076 cum

2198 5122 2246 5200 ei
2277 5120 2605 5190 periculum,
2636 5118 2796 5194 353
2831 5117 2972 5187 quod
3005 5132 3034 5171 a
3099 5123 3297 5185 nepote
3353 5123 3539 5184 posset
3595 5115 3776 5168 humi.

2200 5228 2348 5276 nere,
2373 5210 2530 5280 cuius
2562 5220 2769 5281 patrem
2810 5210 3050 5280 genizari
3102 5218 3387 5277 tantopere
3455 5205 3777 5269 coluissent.

2200 5318 2479 5371 nunquam
2514 5302 2605 5357 illa
2658 5300 2799 5355 furia
2853 5299 3132 5354 desineret
3191 5299 3263 5353 ob
3326 5298 3518 5352 oculos
3555 5306 3784 5368 ponere.

2198 5397 2556 5467 Contigerant
2585 5394 2700 5449 bare
2737 5408 2879 5447 anno
2910 5391 3013 5447 959
3049 5390 3204 5461 (Chr.
3240 5389 3424 5458 1555).

2271 5486 2404 5543 Post
2431 5487 2666 5543 solutam
2698 5499 2842 5538 anno
2868 5473 3171 5553 superiore,
3206 5500 3406 5553 magno
3434 5499 3562 5539 cum
3598 5484 3743 5538 detri
3763 5516 3783 5525 ο

2200 5593 2386 5637 mento
2418 5592 2472 5636 et
2497 5578 2797 5650 ignominia
2833 5576 3163 5645 Turcorum,
3202 5577 3546 5633 obsidionem
3573 5576 3783 5649 Agrim,

2201 5692 2349 5731 nunc
2375 5676 2595 5730 tandem
2629 5670 3165 5739 Coustantinoiiolim
3195 5686 3226 5724 a
3257 5666 3606 5724 Ferdiuando
3651 5684 3788 5740 rege

2198 5767 2377 5859 legati‘
2426 5768 2737 5829 mittuntur,
2799 5764 3070 5818 Antonius
3141 5744 3453 5828 Verantius,
3494 5762 3791 5831 episcopus
