4126 6428
401 340 507 404 633

1553 339 1909 404 SUPPLEM
1924 387 1937 404 .
1987 339 2261 402 ANNAL.
2295 333 2605 401 TURCIC.

3561 343 3668 406 δέ

404 474 714 545 Agriensis,
766 483 826 530 et
880 474 1212 533 Franciscua
1285 475 1326 530 Ζ
1367 476 1436 542 is,
1488 477 1872 532 Cassoviensis
1932 474 1987 530 in

2093 460 2253 523 rique
2280 472 2474 512 omnes
2539 455 2838 526 Bajazitem
2881 455 3027 512 hunc
3088 455 3291 512 Selime.
3325 468 3452 512 natu
3510 463 3684 531 majo-

405 569 644 638 t'ngaria
697 567 980 639 superiore
1043 572 1492 641 praefectttszqui
1531 573 1595 625 de
1655 586 1792 640 pace
1861 584 1986 624 cum

405 662 632 715 sultano
689 662 1079 716 constituenda
1138 663 1268 716 dum
1311 663 1588 726 laborant.
1641 672 1814 717 totum
1847 661 1979 716 Con-

406 753 769 824 stantinopoli
802 753 1086 809 biennium
1114 755 1350 810 haerent.
1603 737 1611 746 ’

483 865 557 922 De
585 865 776 923 Galliae
805 868 975 937 regis,
1007 876 1062 922 et
1096 867 1428 923 Soleimanis
1467 868 1675 925 foedere
1728 870 1995 937 diximus,

411 961 495 1015 cui
530 961 790 1017 sultanns
819 969 879 1013 ut
941 960 1318 1021 satisfaceret.
1363 961 1572 1032 aliquot
1631 963 1792 1017 annis
1849 964 1999 1019 hisce
2045 975 2052 983 '

406 1052 637 1106 classem
663 1049 936 1120 ablegavit
984 1050 1050 1103 ad
1103 1049 1475 1105 infestandum
1520 1067 1672 1106 mare
1728 1049 1993 1108 Tuscum.

404 1139 480 1194 Ea
523 1140 698 1210 prius,
732 1156 896 1211 quam
961 1140 1182 1209 longius
1246 1159 1391 1196 nunc
1438 1143 1900 1213 progrederetur,
1942 1161 1997 1202 et

399 1244 526 1284 cum
551 1230 835 1285 Gallorum
868 1245 927 1285 se
979 1232 1157 1286 classe
1206 1232 1606 1304 conjuugcret:
1649 1233 1995 1291 Mariniauus

405 1320 677 1387 Marchio,
737 1321 992 1377 Karulini
1058 1322 1351 1394 pra-fectus
1407 1325 1708 1390 exercitus,
1773 1337 1993 1396 portum

403 1412 678 1478 Herculis,
703 1429 866 1483 quem
899 1413 1039 1468 Galli
1075 1414 1357 1477 tenebant,
1388 1414 1620 1479 invadit,
1674 1431 1994 1486 arcemque,

405 1506 766 1576 praesidiariis
787 1508 1154 1572 obtruncatis,
1194 1520 1456 1580 occupat.
1493 1510 1810 1567 Secundum
1879 1514 1995 1568 haec

405 1597 569 1664 Turci
599 1597 949 1653 Plumbinutn
983 1598 1270 1655 obsidione
1307 1601 1556 1671 cingunt,
1626 1615 1678 1656 et
1708 1619 1819 1658 non
1873 1605 1995 1660 sine

305 1735 308 1740 .
403 1693 558 1747 t-lade
592 1691 805 1762 rejecti,
841 1692 1031 1747 Elbam
1063 1691 1326 1760 insulam,
1365 1704 1563 1748 conatu
1596 1695 1784 1752 itidem
1812 1698 1992 1764 irrito,

407 1795 636 1840 tentant.
665 1785 998 1841 Acciderunt
1029 1785 1146 1842 haec
1173 1803 1320 1842 anno
1359 1788 1457 1844 961
1507 1788 1663 1860 (Chr.
1731 1790 1918 1862 1555).

481 1901 683 1964 Eodem
711 1916 878 1968 anno,
906 1901 1038 1954 dum
1080 1901 1235 1956 missi
1275 1903 1344 1956 de
1381 1918 1513 1972 pace
1567 1905 1728 1975 legati
1765 1907 1998 1961 necdum

408 1994 726 2056 rediissem,
749 1993 909 2048 bassa
933 1992 1226 2058 Budensis,
1247 1995 1340 2062 qui
1367 1994 1605 2065 Tuigon,
1626 1997 1850 2053 nomine
1871 2012 1996 2052 cum

401 2086 622 2142 ciconia
641 2087 940 2150 communi,
962 2087 1298 2152 vocabatur,
1318 2087 1496 2156 Capos
1519 2086 1838 2154 Vbivarum,
1861 2105 1998 2159 pra:-

405 2177 648 2232 sidiariis
667 2179 732 2230 ad
752 2178 1086 2232 deditionem
1129 2179 1460 2247 compulsis,
1505 2180 1672 2248 cepit.
1708 2180 1896 2236 Eidem
1941 2192 1997 2236 et

411 2271 655 2333 Baboza,
682 2270 914 2323 necdum
935 2269 1142 2340 aliquid
1170 2271 1241 2324 ab
1271 2270 1431 2325 hoste
1457 2285 1712 2342 perpessa
1751 2275 1994 2343 gravius,

411 2363 514 2418 fide
529 2363 745 2417 militari
765 2362 1002 2429 deserta,
1031 2377 1091 2417 se
1103 2362 1329 2416 dedidit.
1348 2362 1706 2419 Consimilem
1726 2366 1791 2420 de
1807 2364 1996 2437 Zigeto

411 2458 514 2514 sibi
539 2471 854 2512 successum
883 2455 1266 2524 pollicebatur,
1299 2457 1392 2510 sed
1427 2471 1548 2509 cum
1572 2457 1787 2513 fortiter
1812 2459 1863 2512 in
1898 2459 1994 2512 ho-

410 2561 548 2606 SIem
584 2547 906 2620 prasidiarii
945 2563 1004 2603 se
1035 2557 1310 2618 gererent,
1350 2551 1550 2618 suique
1581 2559 1890 2617 monerent,
1926 2567 1995 2606 ne

405 2650 612 2696 temere
635 2650 896 2694 tcntatam
923 2639 1267 2694 obsidionem
1292 2639 1505 2694 solvere
1532 2650 1783 2704 coactus,
1817 2642 1992 2697 sulta-

404 2749 535 2788 num
588 2732 912 2794 o-fleuderet,
974 2732 1042 2786 ab
1071 2732 1322 2787 instituto
1379 2733 1652 2788 discessit.
1707 2732 1832 2790 [huc
1899 2752 1994 2807 per

399 2841 733 2884 autumnum
790 2828 936 2882 illius
971 2828 1126 2890 anni,
1159 2840 1330 2888 quem
1364 2826 1629 2893 diximus,
1668 2829 1811 2898 apud
1874 2829 1993 2886 Un~

401 2938 565 2992 garos
595 2919 751 2975 fuere
777 2930 952 2990 gesta.

473 3035 733 3092 Proximo
763 3035 1045 3105 sequentis
1104 3035 1368 3092 anni962
1430 3038 1582 3107 (Chr.
1631 3037 1786 3110 l556)
1845 3054 1990 3103 vere,

402 3130 747 3186 Soleimanes
781 3129 922 3183 Alim
956 3129 1176 3185 bassam
1219 3147 1341 3186 cum
1369 3133 1543 3202 copiis
1575 3133 1628 3187 in
1688 3130 1984 3202 Ungariam

400 3222 571 3288 misit,
599 3223 688 3292 qui
721 3220 967 3290 Zigetttm
991 3221 1282 3278 obsidione
1319 3232 1612 3292 premeret,
1667 3239 1732 3280 ac
1790 3225 1844 3280 in
1883 3241 1984 3296 po-

398 3324 651 3371 testatem
709 3314 997 3385 redigeret.
1051 3312 1197 3369 Nihil
1233 3330 1340 3369 non
1391 3315 1480 3370 ille
1534 3314 1681 3381 fecit,
1746 3323 1806 3371 ut
1870 3317 1980 3372 voti

403 3423 633 3478 compos
696 3408 867 3472 lieret,
908 3409 975 3463 ad
1035 3409 1254 3464 tertium
1319 3425 1493 3480 usque
1533 3425 1776 3466 mensem
1806 3412 1984 3466 conti-

405 3507 573 3551 nuata
608 3499 1047 3568 oppugnatione:
1079 3501 1172 3554 sed
1203 3499 1538 3555 Christianis
1592 3515 1812 3555 munem
1872 3502 1983 3557 vim

407 3593 686 3658 hostilem,
725 3609 915 3666 magna
957 3607 1081 3648 cum
1119 3602 1305 3662 strage
1333 3593 1669 3660 Turcorum,
1713 3594 1983 3666 intrepide

405 3667 824 3753 repellentibus,
858 3687 1078 3755 infecta
1105 3700 1164 3740 rc
1223 3686 1454 3740 militem
1518 3703 1643 3741 cutn
1713 3689 1987 3745 machinis

399 3779 615 3834 bellicis
650 3779 915 3850 inglorius
938 3777 1383 3835 a'bduxiLTurci
1444 3781 1618 3850 prius,
1673 3796 1838 3850 quam
1892 3780 1984 3837 Zi-

396 3870 507 3940 gx-ti
570 3870 856 3925 obsilioue
916 3871 1092 3925 soluta
1150 3886 1210 3927 se
1267 3873 1597 3940 reciperent,
1683 3871 1981 3939 Babozam,

395 3947 647 4017 sanctum
671 3961 988 4029 Martinum,
1020 3962 1397 4034 Geresgalum,
1439 3962 1688 4027 Sallium,
1718 3963 1777 4019 S.
1837 3964 1985 4022 Lau-

398 4059 662 4124 rentium,
691 4069 746 4113 et
776 4059 1206 4121 Calamanciam,
1237 4059 1437 4128 partim
1473 4057 1712 4114 ﬂammis
1769 4060 1985 4131 injectis

398 4151 782 4223 absumpsere,
813 4153 1014 4223 partim
1045 4152 1162 4207 solo
1184 4163 1495 4222 aequarunt.

473 4265 786 4321 Secundum
823 4265 960 4330 ltazc,
987 4281 1134 4320 anno
1174 4265 1278 4321 964
1304 4267 1454 4335 (Chr.
1523 4266 1658 4321 l558
1711 4275 1764 4321 et
1798 4267 1980 4336 1559),

399 4358 634 4413 Sclimes
665 4357 1046 4426 Bajazitesque
1078 4357 1292 4422 fratres,
1341 4357 1669 4412 Soleimanis
1727 4356 1835 4412 FF.
1895 4376 1985 4414 su-

398 4454 631 4522 perstite
661 4461 841 4521 patre,
864 4451 1008 4505 inter
1044 4466 1106 4505 se
1133 4452 1201 4506 de
1229 4453 1461 4521 imperio
1523 4453 1985 4524 successioneque

2101 565 2241 614 rem,
2270 549 2414 617 quod
2445 549 2702 616 equidem
2729 564 2834 602 non
2874 560 3022 605 recte
3071 550 3187 604 fieri
3232 561 3383 621 puto.
3439 550 3574 606 Nam
3631 555 3685 608 in

2101 643 2527 697 circumcisione
2561 642 2796 696 tiliorum
2845 641 3194 704 Soleimanis,
3233 645 3484 700 videlicet
3537 646 3686 702 Mus-

2102 734 2299 802 taphte,
2333 732 2695 787 Muchemetis
2729 734 2844 802 (qui
2870 733 3056 788 multis
3089 744 3218 791 ante
3264 744 3472 806 patrem
3525 739 3689 794 anuis

2101 826 2244 881 diem
2271 841 2433 880 suum
2471 825 2750 889 obierunt)
2805 835 2860 880 et
2918 823 3159 892 Selimis,
3228 829 3375 884 nulla
3430 831 3688 900 Bajazitis

2102 919 2268 982 hujus
2311 918 2364 972 in
2401 916 2650 970 Turcicis
2705 918 2954 972 mentio:
2985 934 3104 987 qua:
3164 921 3386 990 quidem
3444 925 3688 1000 circum:

2101 1011 2241 1065 cisio
2276 1011 2547 1064 Celebrala
2583 1011 2684 1063 fuit
2735 1027 2881 1066 anno
2907 1010 3294 1068 Mahumetano
3329 1015 3434 1070 958
3465 1014 3683 1088 [1552}.

2104 1103 2374 1157 Pra-terea
2395 1118 2519 1156 cum
2549 1101 2894 1159 Sulcimanes
2923 1120 3070 1162 anno
3096 1106 3201 1161 949
3231 1105 3439 1180 [1543],
3470 1110 3686 1179 Magne-

2100 1195 2239 1250 siam
2307 1193 2660 1260 Mucltemeti,
2724 1194 3110 1252 Caramaniam
3174 1197 3361 1256 Selimi
3422 1203 3682 1268 traderet,

2101 1288 2247 1343 nulla
2275 1303 2496 1344 rursum
2539 1288 2797 1359 Rajazitis
2831 1292 3057 1346 mentio.
3086 1291 3163 1347 De
3196 1308 3306 1362 quo
3333 1308 3464 1350 sane
3494 1295 3682 1366 liquet,

2101 1379 2396 1450 Bajazitem
2437 1380 2584 1436 hunc
2607 1381 2810 1435 Selime
2841 1391 2972 1436 natu
3012 1384 3280 1440 minorem
3313 1386 3508 1442 fuisse.

2169 1473 2311 1528 Ante
2331 1487 2446 1528 non
2491 1473 2692 1528 multos
2737 1489 2912 1529 annos
2966 1475 3231 1546 Tripolim
3264 1479 3516 1549 Apltricze
3569 1480 3685 1536 Me-

2101 1565 2394 1622 litensibus
2426 1566 2669 1637 ereptam
2713 1566 2885 1624 fuisse
2909 1569 3173 1634 diximus,
3200 1580 3254 1627 et
3287 1585 3317 1626 a
3375 1573 3688 1630 Soleimane

2099 1660 2475 1729 sangiacatum
2536 1659 2936 1732 Tripolitanum
3009 1663 3236 1734 Dragnti
3310 1681 3681 1728 concessum,

2098 1753 2257 1822 cujus
2279 1768 2444 1823 opera
2488 1755 2838 1824 potissimum
2871 1757 2923 1810 in
2985 1765 3308 1826 patestatem
3352 1767 3596 1814 venerat.
3634 1760 3685 1814 ls

2031 1827 2075 1888 Β
2103 1846 2219 1901 suis
2249 1844 2450 1900 finibus
2483 1846 2627 1901 haud
2663 1857 2975 1913 contentus,
3015 1866 3121 1906 non
3181 1851 3344 1908 modo
3385 1852 3688 1909 Carvennaa

2102 1951 2285 2008 regem
2320 1936 2596 2002 Maurum,
2629 1937 2787 2007 cujus
2815 1956 2982 2010 supra
3049 1945 3426 2010 meminimus,
3476 1946 3685 2017 majore

2099 2028 2442 2098 principatus
2461 2028 2545 2083 sui
2581 2039 2738 2098 parte
2762 2033 3016 2102 spoliavit
3048 2052 3065 2091 :
3099 2051 3286 2090 verum
3325 2038 3492 2091 etiam
3561 2053 3688 2109 pro-

2098 2134 2322 2190 gressus
2351 2120 2600 2186 ulterius,
2627 2124 2902 2194 corruptis
2947 2125 3266 2182 Maurorum
3308 2129 3531 2193 animis,
3587 2130 3683 2200 qui

2098 2211 2434 2270 Gerbensem
2501 2215 2740 2270 insulam
2812 2217 3143 2283 incolebant,
3174 2219 3328 2289 .olim
3367 2220 3450 2293 (ut
3497 2223 3684 2291 Opinio

2099 2305 2393 2359 tnultorum
2427 2309 2533 2376 est)
2583 2322 2614 2362 a
2674 2307 3012 2379 Lotopltagis
3055 2319 3337 2382 tantopere
3393 2315 3684 2372 celebrat}

2099 2397 2481 2464 inhabitatam,
2502 2415 2569 2454 co
2594 2416 2706 2455 rem
2738 2411 2859 2457 astu
2896 2417 3085 2469 gerere
3114 2406 3310 2474 potuit,
3345 2415 3405 2460 ut
3451 2409 3680 2462 sceehcs

2097 2494 2214 2548 sive
2276 2496 2496 2564 regulus
2583 2495 2778 2550 insula:
2853 2502 3216 2562 So'etmanes,
3275 2501 3376 2554 sub
3426 2501 3682 2563 amicitiae

2097 2575 2362 2657 praetextu
2395 2587 2663 2659 Tripolim
2689 2590 3096 2646 deduceretur:
3153 2592 3241 2646 ubi
3271 2593 3401 2647 dum
3453 2594 3681 2649 haereret

2096 2680 2439 2750 imprudens,
2467 2680 2867 2737 interveniente
2914 2683 3222 2752 proditione
3283 2685 3550 2758 Dragutes
3589 2688 3678 2742 ἰη-

2095 2775 2270 2828 sulam
2309 2774 2616 2843 eccnpavit.
2653 2775 2840 2845 Neque
2875 2776 3060 2833 multls
3123 2779 3324 2850 elapsis
3349 2781 3544 2836 diebus
3575 2782 3679 2838 So-

2097 2867 2387 2921 leimanem
2439 2867 2701 2922 sccchem
2765 2870 3066 2939 suspendio
3127 2875 3361 2938 necavit,
3411 2885 3465 2929 et
3519 2875 3678 2930 alteri

2094 2959 2269 3020 srchi,
2303 2975 2396 3014 sex
2427 2976 2722 3017 aureorum
2773 2963 2942 3018 millia
3001 2964 3192 3018 tributi
3242 2967 3410 3020 annui
3456 2969 3679 3023 nomine

2094 3050 2358 3118 policito,
2446 3066 2542 3121 per
2588 3053 2938 3107 traditio-nem
2991 3055 3174 3108 vexilli
3225 3057 3435 3121 viridis,
3483 3058 3679 3112 insulae

2096 3141 2407 3198 dominium
2441 3145 2714 3214 permisit.
2745 3145 2880 3200 Erat
2920 3147 2972 3200 in
3005 3161 3224 3202 omnem
3275 3148 3524 3203 intentus
3586 3165 3681 3205 oc-

2095 3237 2374 3298 casionem
2403 3254 2633 3309 magnus
2660 3240 2923 3310 magister
2950 3241 3248 3298 Melitensis
3273 3281 3288 3306 ,
3340 3253 3402 3297 ut
3442 3242 3682 3312 Tripolis

2093 3325 2418 3394 aliquandiu
2447 3341 2888 3400 recuperaretur.
2917 3332 3104 3402 Itaque
3169 3335 3312 3389 facta
3363 3337 3506 3391 inter
3551 3336 3677 3391 llis-

2095 3433 2298 3486 panum
2320 3419 2649 3491 Gallumque
2670 3437 2824 3492 pace,
2847 3427 2997 3494 quod
3038 3424 3269 3496 Hispani
3297 3429 3442 3497 regis
3473 3431 3682 3484 auxilo

2093 3513 2204 3565 voti
2239 3527 2300 3566 se
2347 3523 2654 3583 compotem
2701 3515 2820 3570 fore
2849 3527 3115 3586 speraret,
3157 3520 3319 3587 cujus
3381 3521 3677 3590 plurimum

2094 3603 2408 3671 interesset,
2455 3614 2667 3662 mature
2710 3607 2868 3664 nidos
2922 3607 3045 3664 illos
3103 3614 3434 3679 piratarum,
3486 3615 3681 3668 Turcis

2091 3695 2304 3764 ejectis,
2345 3697 2398 3750 in
2438 3707 2762 3765 potestatem
2793 3699 3009 3769 redigi:
3045 3702 3234 3758 multis
3288 3703 3410 3758 duci
3449 3703 3678 3760 Medium

2090 3787 2206 3843 Celi
2235 3791 2540 3845 rationibus
2571 3793 2834 3860 ostendit,
2865 3808 3025 3863 posse
3053 3810 3160 3850 mn
3201 3811 3396 3864 magno
3452 3799 3675 3868 negotio

2091 3881 2355 3950 Tripolim
2391 3885 2716 3953 expugnari,
2757 3885 3072 3954 prasidium
3131 3887 3186 3941 in
3237 3903 3304 3942 eo
3337 3890 3674 3960 quingento-

2092 3989 2213 4028 rum
2251 3975 2519 4031 duntaxat
2537 3976 2842 4032 Turcorum
2868 3993 3034 4033 esse:
3097 3979 3401 4035 Carvennaa
3454 3996 3678 4052 quoque

2091 4083 2295 4139 regem,
2329 4069 2554 4140 Dragnti
2588 4086 2652 4126 ac
2683 4069 2884 4127 Turcis
2921 4073 3371 4135 infestissimum,
3425 4074 3491 4128 ad
3527 4075 3676 4144 :jnn-

2089 4161 2324 4231 gendam
2348 4177 2630 4218 armorum
2678 4166 2997 4220 societatem
3047 4166 3189 4221 haud
3239 4166 3531 4223 dilliculler
3587 4183 3654 4225 ac

2089 4268 2377 4308 cessurum
2404 4273 2418 4318 ;
2449 4257 2607 4324 cujus
2632 4270 2797 4325 opera
2841 4266 2993 4312 tanto
3045 4257 3212 4330 355
3247 4257 3429 4314 futura
3487 4261 3560 4316 sit
3591 4262 3673 4317 eis

2093 4346 2278 4399 utilior
2309 4357 2477 4415 atque
2497 4348 2740 4413 ﬁdelior,
2773 4360 2982 4419 quanto
3011 4355 3234 4418 gravius
3266 4353 3354 4406 ille
3383 4369 3539 4408 suam
3566 4356 3670 4410 sibi

2091 4439 2366 4508 regionem
2393 4452 2636 4509 ereptam
2660 4441 2863 4510 doleat,
2900 4452 2953 4497 et
3001 4443 3206 4497 certius
3266 4446 3370 4498 sibi
3425 4446 3672 4514 polliceri

391 4547 749 4610 dimicarunt,
786 4547 1073 4616 victusque
1097 4544 1368 4615 Bajazites
1407 4560 1437 4599 e
1485 4544 1811 4600 Caramania
1855 4563 1979 4601 cum

2093 4533 2286 4602 possit,
2317 4532 2587 4598 futurum,
2621 4546 2680 4588 ut
2728 4535 2936 4604 Tripoli
2965 4534 3160 4590 Turcis
3221 4545 3453 4602 extorta,
3517 4553 3671 4593 suam

393 4637 603 4704 20,000
634 4652 1000 4706 armatorum,
1031 4647 1087 4693 et
1118 4646 1357 4709 quatuor
1410 4639 1556 4702 ﬁliis,
1613 4641 1679 4694 ad
1713 4641 1974 4695 scachum

390 4730 681 4786 Persicum
741 4732 1098 4788 Tecltmasem
1168 4731 1433 4803 profugit.
1497 4731 1713 4786 Veritus
1799 4743 1981 4788 autem

392 4833 556 4894 pater
601 4822 968 4889 Suleimanes,
1008 4826 1100 4894 qui
1141 4824 1363 4879 Selimis
1412 4834 1598 4896 partes
1629 4823 1862 4890 foverat,
1917 4841 1984 4879 ne

390 4915 717 4970 'l‘ecltmasis
748 4917 955 4972 auxilio
990 4917 1074 4971 vel
1099 4917 1266 4982 ﬁlius,
1299 4917 1380 4971 vel
1412 4917 1687 4971 exstincto
1720 4917 1831 4970 filio
1888 4935 1983 4972 ne-

389 5021 576 5080 potes,
610 5024 700 5064 res
733 5025 906 5066 novas
955 5011 1319 5065 molirentur:
1383 5011 1596 5078 magnis
1633 5010 1977 5077 pollicitatio-

394 5101 564 5156 nibus
598 5101 908 5170 impetravit
961 5116 992 5155 a
1046 5100 1376 5182 Techmase,
1421 5103 1615 5156 mortis
1679 5111 1737 5154 ut
1788 5116 1984 5170 genere

394 5190 546 5261 genti
578 5189 1003 5245 Osmanidarum
1034 5191 1294 5246 familiari
1327 5193 1393 5246 de
1425 5191 1982 5274 inedioatollerentur.

398 5284 479 5338 Ne
509 5299 617 5353 qua
657 5293 837 5341 tamen
869 5286 1023 5341 fraus
1054 5287 1438 5348 interveniret,
1497 5286 1703 5341 missus
1755 5286 1859 5340 fuit
1917 5287 1982 5340 ad

398 5375 720 5429 interiorem
779 5375 962 5432 Persa:
1024 5377 1228 5445 regiam
1267 5376 1588 5432 Casmiuum
1655 5375 1984 5432 Soleimanis

397 5465 734 5537 Zescltniger
761 5468 864 5539 (sic
893 5477 1341 5540 praegustatorem
1380 5467 1545 5524 Turci
1589 5470 1832 5540 vocant),
1895 5471 1981 5524 cui

398 5556 671 5626 Bajazites
701 5576 826 5614 cum
864 5561 992 5615 llliis
1035 5571 1199 5618 notus
1231 5568 1370 5616 erat.
1429 5561 1543 5616 lloc
1579 5571 1845 5630 praesente
1893 5579 1984 5632 pa-

407 5661 484 5703 ter
507 5667 629 5708 cum
661 5652 808 5716 filiis,
841 5652 1088 5708 adhibito
1131 5669 1320 5718 nervo,
1356 5653 1658 5710 suffocatus
1692 5655 1814 5719 fuit,
1841 5668 1892 5709 ct
1918 5658 1984 5710 ab

405 5741 590 5800 eodem
630 5751 952 5798 necatorum
981 5723 1242 5797 cadavera
1302 5742 1608 5797 Sebastiam
1672 5743 1981 5819 deportata,

406 5846 607 5906 promte
640 5852 791 5892 more
815 5838 1190 5895 monumentis
1214 5838 1386 5893 illata.
1427 5837 1664 5892 Faciunt
1689 5853 1812 5893 vero
1871 5839 1980 5904 ple-

2088 4637 2142 4680 et
2174 4627 2289 4696 ipse
2318 4628 2584 4684 ditionem
2640 4628 2885 4698 recipiat.
2946 4627 3222 4698 Hispanus
3264 4631 3414 4687 hisce
3473 4647 3671 4702 propc-

2092 4722 2313 4777 modum
2391 4733 2556 4778 certae
2621 4721 2864 4777 victoriae
2946 4733 3226 4792 permotus
3293 4725 3675 4793 argumentis,

2088 4815 2321 4868 classem
2347 4812 2570 4878 instrui,
2608 4813 2890 4885 militeque
2916 4813 3180 4881 compleri
3209 4814 3385 4880 jubet,
3418 4832 3482 4869 ac
3519 4832 3676 4870 sum-

2089 4921 2189 4959 mae
2229 4921 2411 4960 rerum
2439 4921 2562 4960 cum
2601 4905 2834 4976 imperio
2861 4905 3232 4960 Mediuensem
3273 4906 3518 4977 pra‘ficit.
3573 4907 3675 4962 Fc-

2091 4999 2266 5052 liciter
2313 5013 2646 5054 successum
2708 4998 3038 5054 videbantur
3074 4999 3284 5065 omnia,
3344 5000 3391 5055 si
3458 5009 3677 5056 mature

2091 5091 2354 5164 Tripolim
2387 5109 2511 5148 cum
2546 5092 2720 5148 milite
2747 5092 2943 5148 classis
2991 5093 3313 5163 appulisset.
3379 5093 3482 5149 Sed
3543 5109 3674 5162 pro-

2088 5186 2322 5243 fcetionc
2350 5186 2531 5241 varias
2550 5186 2621 5240 ob
2665 5201 2882 5249 causas,
2941 5197 2994 5241 ct
3037 5187 3337 5254 praesertim
3388 5188 3562 5242 ventis
3611 5204 3675 5242 ac

2089 5280 2510 5350 tempestatibus
2599 5278 2883 5342 adversis,
2961 5276 3269 5349 impedita,
3363 5279 3672 5348 Dragutes,

2090 5373 2366 5428 intellecto
2434 5371 2875 5426 Christianorum
2980 5372 3277 5436 instituto,
3352 5371 3671 5440 praesidium

2091 5465 2490 5534 Tripolitanum
2557 5465 2776 5518 duobus
2846 5465 2998 5519 anxit
3049 5463 3354 5518 Turcorum
3407 5463 3671 5519 millibus.

2089 5556 2278 5626 Itaque
2302 5555 2603 5610 Christiani
2636 5570 2755 5624 spe,
2793 5555 2847 5608 in
2883 5557 2988 5608 hoc
3011 5553 3230 5623 quidem
3257 5563 3526 5623 tempore,
3553 5554 3674 5609 Tri-

2091 5651 2230 5721 polis
2252 5649 2628 5718 expuguanda:
2667 5649 2884 5718 dejecti,
2947 5647 3289 5702 Gerbensem
3318 5686 3332 5710 ,
3371 5662 3533 5716 quam
3594 5649 3674 5702 di-

2092 5745 2292 5808 ximus,
2320 5743 2554 5797 insulam
2592 5755 2738 5797 recta
2787 5750 2996 5812 petunt,
3061 5757 3160 5795 nec
3216 5757 3412 5810 magno
3457 5746 3673 5810 negotio

2089 5840 2345 5895 scechcm
2381 5838 2702 5892 Maurorum
2745 5835 3010 5898 adigunt,
3070 5843 3129 5888 ut
3183 5835 3383 5890 tradito
3421 5835 3666 5892 castello.
