4126 6506
472 365 599 425 '535

1719 386 2039 449 JOANNIS
2081 391 2542 456 LEUNCLAVII

3645 414 3745 480 655

501 477 763 544 deinceps
796 479 1035 549 Hispano
1073 498 1130 536 se
1166 487 1275 557 regi
1313 492 1637 562 pariturnm,
1693 511 1745 550 et
1790 504 2083 568 quotannis
2117 514 2155 567 Α
2192 508 2412 578 utrique
2445 513 2583 579 parti
2641 524 2804 585 graue
2835 525 3126 578 aurarunt‘
3166 523 3408 593 quaude
3447 526 3740 589 lt‘crdiuau-

497 574 579 619 tnt
636 584 927 626 aureorum
997 576 1163 630 millia
1232 579 1425 636 tributi
1477 589 1698 641 nomine
1740 592 2065 659 soluturum,

494 670 627 730 quot
659 664 855 720 Turcis
891 668 1127 735 pendere
1163 676 1560 757 consuevissct,
1598 681 1739 737 datis
1784 685 2070 757 subsigna-

494 752 676 823 tisque
723 760 1071 830 syngraphis,
1150 751 1526 838 stipularetur.
1577 771 1697 828 Mox
1752 751 1965 832 inutilis
2014 791 2065 835 et

494 845 703 901 ruinosi
755 851 964 906 castelli
1019 852 1139 909 loco
1180 871 1281 912 arx
1346 875 1553 933 magnae
1612 866 1931 935 capacitatis
1976 886 2068 926 ex-

490 944 718 1004 structa,
765 952 818 993 et
852 942 1113 1010 opinione
1165 947 1463 1005 multorum
1517 951 1976 1027 inexpugnabilis,
2018 961 2064 1017 si

470 1027 644 1096 plene
673 1031 884 1099 perfici,
916 1034 1190 1105 rebusque
1233 1044 1562 1098 necessariis
1591 1060 1657 1100 ex
1702 1063 1803 1104 usu
1862 1052 2062 1108 muniri

487 1122 777 1186 potuisset.
804 1123 932 1179 Arci
969 1140 1165 1181 nomen
1210 1128 1466 1193 inditum,
1501 1143 1561 1189 ut
1609 1135 2061 1210 Phlllppalcaaer,

392 1228 397 1231 ‘
485 1212 541 1265 in
574 1218 839 1269 honorem
881 1222 1317 1291 memoriamque
1370 1227 1515 1298 regis
1567 1227 1815 1301 llispani,
1850 1235 2062 1292 dicere.

485 1314 595 1359 tur.
626 1305 869 1364 Monilus
907 1311 1178 1370 interima
1221 1314 1457 1388 Dragute
1500 1321 1568 1376 de
1608 1322 2057 1385 Christianorum

480 1406 725 1462 conatu,
784 1414 848 1454 ac
892 1405 1317 1475 progressibus,
1373 1411 1622 1470 sultanus
1686 1414 2054 1487 Soleitnanes,

467 1503 695 1544 summa
722 1493 1003 1550 celeritate
1032 1497 1268 1554 classem
1332 1505 1533 1574 parari,
1583 1509 1876 1581 multisque
1934 1515 2057 1570 mil-

476 1580 622 1635 libus
675 1581 1078 1655 genizarorum,
1140 1594 1509 1663 spachiorum,
1554 1600 1895 1675 aliorumque
1948 1608 2055 1661 mi-

477 1671 633 1725 litum
687 1676 1025 1744 complcriet
1093 1682 1337 1750 expediri
1395 1688 1635 1746 mandat.
1681 1671 2059 1750 Rel'summtu

476 1760 667 1815 Pialim
720 1764 937 1821 bassam
1029 1784 1154 1824 cum
1217 1783 1492 1842 potestate
1541 1780 2053 1849 praeﬁcit,‘classis

2175 597 2274 652 dos
2292 611 2569 667 superstes
2592 604 2713 661 fuit.

2245 738 2400 803 Anno
2424 740 2525 793 967
2569 742 2720 811 (Chr.
2760 744 2917 813 l56l)
2973 747 3211 806 Jacobus
3256 752 3479 821 quidam
3520 757 3735 813 natione

2168 828 2414 895 Gnaeus,
2446 833 2623 901 quiet
2679 836 3007 900 Heraclidis,
3071 850 3126 894 et
3180 841 3398 900 Basilici
3430 861 3731 917 cognomen

2169 935 2468 991 usurpans,
2549 925 2617 979 ab
2664 928 2906 998 antiquis
2980 929 3251 987 Valachim
3301 938 3505 999 regulis
3564 956 3734 1011 genus

2167 1026 2323 1067 suum
2353 1015 2653 1089 repetebat,
2681 1033 2849 1089 seque
2885 1022 3187 1079 insularmn
3222 1027 3276 1081 in
3324 1028 3553 1098 Egeo,
3584 1030 3733 1086 Sami

2164 1105 2470 1176 despotam,
2502 1106 2621 1163 Pari
2653 1111 3033 1169 marchettium
3061 1116 3176 1171 sive
3214 1120 3586 1177 marchionem
3637 1137 3734 1177 ro-

2162 1202 2347 1266 cabat,
2383 1202 2527 1271 apud
2579 1205 2846 1274 quosdam
2887 1205 3124 1263 Polonia
3174 1226 3433 1280 proceres
3460 1254 3478 1279 ,
3533 1215 3734 1284 quibus

2162 1295 2496 1362 iunotuerat,
2544 1307 2756 1353 tantum
2814 1300 3024 1356 elllcere
3069 1306 3290 1372 potuit:
3349 1306 3431 1361 uti
3486 1308 3733 1376 complu-

2160 1386 2301 1440 rium
2326 1390 2626 1458 corrogatis
2655 1391 3058 1457 auxiliis,inter
3089 1409 3230 1463 quos
3259 1397 3530 1466 principes
3550 1410 3729 1465 erant,

2159 1480 2414 1534 Alhertus
2439 1480 2667 1549 Luscus,
2694 1481 3100 1555 Philippovius,
3133 1488 3449 1550 Lassocius,
3494 1492 3550 1545 in
3592 1491 3728 1546 Mol-

2157 1574 2374 1628 (inviam
2414 1584 2622 1630 armata
2648 1591 2811 1631 manu
2851 1577 3237 1635 deduceretur.
3275 1581 3404 1636 Erat
3438 1590 3552 1638 tum
3606 1584 3727 1654 ejus

2157 1663 2400 1731 regionis
2430 1665 2706 1734 princeps,
2739 1680 2865 1721 cum
2901 1668 3058 1723 titulo
3089 1669 3348 1733 desputm,
3392 1673 3724 1739 Alexander,

2155 1755 2225 1808 ob
2262 1754 2562 1809 inauditam
2619 1757 2912 1826 quamdam
2967 1758 3363 1815 immanitatem
3408 1777 3538 1832 erga
3598 1779 3728 1820 suos

475 1853 736 1908 ducenda,
787 1872 976 1912 curam
1044 1860 1365 1935 κυδωνίηῇ
1433 1845 1596 1939 (μιθῆ
1650 1845 1888 1940 ϐψω,
1940 1870 2124 1935 me”
2159 1846 2401 1900 infamis.
2461 1845 2617 1902 Hunc
2669 1851 2997 1907 "numeroso
3050 1852 3378 1907 instructum
3441 1855 3725 1921 exercitu,

473 1928 700 2014 Nigrum
757 1952 1130 2023 appellabant,
1188 1928 1506 2018 committit.
1543 1964 1673 2035 Ejus
1729 1928 2051 2029 rei—nuntio

472 2037 710 2095 diversis
740 2056 806 2095 ex
834 2042 969 2098 locis
998 2058 1247 2118 accepto,
1279 2066 1404 2107 niox
1433 2052 1593 2110 Joan.
1642 2057 1892 2117 Andreas
1947 2063 2051 2119 Do-

468 2129 573 2192 ria,
606 2146 816 2203 magna:
846 2135 927 2190 vir
946 2137 1019 2192 ob
1050 2138 1385 2210 singularem
1422 2148 1500 2202 rei
1534 2151 1789 2209 militaris
1837 2170 1901 2211 ac
1953 2173 2051 2212 na-

459 2227 608 2297 valis
633 2243 792 2285 usum
824 2234 1196 2303 auctoritatis,
1222 2252 1348 2294 cum
1402 2241 1525 2299 aliis
1563 2247 1893 2316 quibusdam
1931 2269 2048 2311 mo-

468 2331 618 2383 lere,
652 2320 886 2387 hortari,
918 2340 1116 2398 urgere
1140 2328 1545 2402 Medinensem,
1581 2348 1641 2394 ut
1675 2342 1874 2399 idoneo
1892 2362 2046 2403 nova:

461 2413 577 2466 arci
610 2414 867 2482 praesidio
921 2420 1205 2488 imposito,
1268 2438 1392 2479 cum
1456 2427 1654 2496 classe,
1704 2433 2044 2507 reliquisque

462 2505 659 2572 copiis,
693 2507 847 2574 prius
875 2508 1005 2563 inde
1029 2510 1437 2582 discederetur,
1465 2533 1629 2587 quam
1656 2521 1841 2589 Turci,
1877 2505 2042 2584 rebus

462 2594 531 2645 ab
558 2595 815 2651 omnibus
871 2597 1149 2666 instructi,
1188 2603 1543 2664 multitudine
1585 2615 1918 2683 superiores,
1976 2633 2040 2675 ac
2102 2602 2105 2605 l
2213 2594 2372 2684 an"?
2399 2594 2505 2636 HW
2537 2594 2689 2688 “im?
2723 2594 2895 2690 ﬁt?)
2950 2594 3189 2692 “imbus
3237 2594 3468 2699 dum.“
3524 2604 3639 2645 sum
3680 2605 3705 2646 ³

462 2692 711 2739 recentes
742 2685 1096 2744 advenissent
1123 2707 1143 2748 :
1169 2691 1428 2748 insosuue
1461 2680 1810 2748 ηεοιιιιέηρνη
1857 2721 2014 2748 ..αι-με
2099 2723 2107 2730 -
2145 2672 2423 2740 ν³¹³⁶¹³¹³ν
2462 2675 2776 2731 ¹¹⁰¹¹¹¹¹¹¹¹³¹⁵³
2806 2680 3089 2748 'mpmb's’
3123 2683 3317 2740 "me
3363 2701 3705 2745 arcuum“-

422 2669 711 2739 'recentes
742 2685 1096 2744 advenissent
1121 2707 1143 2757 ;
1169 2691 1428 2765 ipsosque
1461 2713 1563 2755 nec
1582 2680 1810 2760 numero
1857 2721 2036 2777 pares,

453 2782 510 2827 et
530 2774 738 2829 viribus
767 2779 1085 2845 exhaustos,
1127 2783 1211 2838 vel
1272 2786 1478 2845 invitos
1537 2792 1605 2846 ad
1658 2774 2035 2854 dimicandum

442 2875 733 2934 cogerent,
783 2870 868 2926 vel
917 2887 1159 2942 pugnam
1217 2875 1587 2938 detrectantes
1634 2885 1702 2939 ad
1757 2897 2035 2946 extremas

453 2972 641 3012 rerum
680 2958 1031 3019 difﬁcultates
1059 2965 1369 3037 adigereut.
1397 2970 1505 3028 Sed
1537 2975 1670 3030 nihil
1705 2981 1850 3048 apud
1913 2996 2035 3051 per-

448 3049 712 3114 tinacem,
741 3062 793 3108 et
824 3054 894 3109 ab
915 3055 1040 3112 aliis
1067 3070 1397 3129 praeceptum
1426 3062 1758 3125 Medinensis
1788 3049 2031 3129 animum

452 3149 598 3196 recte
623 3144 847 3199 valuere
872 3147 1127 3204 consilia.
1164 3150 1437 3209 Nimirum
1467 3158 1821 3228 amplissima!
1864 3167 2026 3223 classi

2156 1937 2367 1994 Laseas
2392 1938 2553 2009 longe
2577 1941 2753 2010 copiis
2786 1941 2984 2011 impar,
3038 1942 3243 2008 fundit.
3300 1944 3472 2015 fugat,
3524 1946 3723 2004 ﬂuida-

2153 2031 2255 2085 viai
2277 2046 2450 2103 regno
2486 2032 2659 2103 pellit,
2718 2042 2996 2105 totamque
3045 2038 3336 2099 ditionem,
3391 2040 3563 2097 armis
3624 2041 3721 2097 do~

2152 2124 2362 2186 mitam,
2388 2122 2593 2178 Jacobs
2612 2126 3001 2193 possidendam
3039 2129 3224 2191 tradit,
3289 2129 3479 2197 Victus
3533 2132 3722 2201 praelia

2149 2215 2250 2269 fuit
2284 2224 2550 2285 tyrannus
2571 2215 2880 2273 Alexander
2917 2218 3015 2273 die
3039 2218 3107 2273 18
3154 2217 3507 2277 Novembris.
3563 2222 3703 2279 laco-

2148 2308 2251 2364 bus
2282 2307 2561 2365 Holiaviae
2593 2309 2817 2380 despota
2877 2312 3073 2374 factus,
3106 2311 3348 2381 profusis
3393 2314 3539 2382 apud
3591 2329 3718 2384 por-

2148 2410 2256 2455 tam
2287 2401 2669 2473 largitionibus
2698 2416 2731 2456 a
2770 2404 2988 2458 sultano
3028 2402 3334 2461 Soleimaue
3384 2406 3718 2476 impetravit,

2147 2502 2205 2546 ut
2233 2494 2287 2545 in
2308 2504 2575 2562 occupato
2597 2496 2906 2563 principatu
2940 2511 3036 2563 pro
3071 2512 3222 2551 more
3278 2496 3714 2556 conﬁrmaretur.

2213 2579 2372 2633 Anno
2399 2580 2505 2636 969
2537 2581 2689 2650 (Chr.
2723 2583 2895 2654 l565)
2950 2584 3189 2644 lacubus
3237 2587 3468 2658 despola
3524 2590 3639 2645 suis
3680 2605 3711 2646 ι

2141 2770 2252 2828 tus,
2281 2772 2338 2818 ut
2360 2765 2501 2819 elabi
2532 2783 2637 2820 non
2660 2778 2869 2837 posset,
2899 2771 2988 2825 die
3013 2771 3048 2827 ὅ
3072 2770 3396 2832 Novembris
3422 2777 3701 2835 occiditur.

2146 2855 2258 2911 Hoc
2288 2858 2663 2924 memorabile,
2703 2860 2849 2926 quod
2919 2864 3260 2922 moriendum
3329 2868 3436 2923 sibi
3492 2869 3701 2935 videns.

2138 2948 2344 3002 nullum
2387 2947 2582 3017 abjecti
2630 2950 2794 3004 animi
2836 2951 3050 3021 signum
3097 2954 3287 3013 dedit:
3345 2959 3441 3014 sed
3486 2961 3705 3019 indutus

2135 3044 2339 3098 amictu
2404 3046 2573 3117 regio,
2635 3048 2789 3104 vultu
2851 3049 3143 3121 intrepido.
3199 3057 3451 3112 oratione
3510 3058 3703 3125 libera,

2134 3134 2294 3198 bene,
2327 3146 2585 3208 recteque
2607 3148 2817 3208 gestam
2849 3141 2915 3206 ab
2942 3158 3001 3197 se
3056 3147 3467 3216 rempublicam,
3510 3152 3705 3207 multa-

450 3230 629 3287 falalis
661 3236 887 3304 quidam
917 3237 1236 3298 imminehm
1270 3206 1817 3309 σηιωξίιιξξῗῶῖξῗ
1837 3206 2027 3316 οἷ”ἒξ
2053 3206 2098 3264 C
2130 3242 2239 3297 que
2255 3228 2555 3299 singularia
2591 3230 2853 3288 beneﬁcia
2881 3231 3133 3292 Valachis
3172 3239 3288 3295 suis
3333 3243 3705 3310 exprobravit.

447 3323 646 3379 licebat
702 3327 1000 3397 conjicere,
1060 3335 1207 3403 quod
1266 3339 1631 3407 expeditionis
1691 3345 1870 3413 initio,
1937 3352 2023 3405 vix

438 3430 645 3486 magna
680 3433 804 3473 cum
827 3420 1139 3481 dillicultate
1163 3428 1335 3485 trium
1370 3441 1424 3487 et
1456 3436 1619 3494 medii
1655 3442 1853 3495 mensis
1897 3457 2024 3514 spa-

443 3507 523 3562 tio
556 3508 791 3569 vicinam
819 3511 988 3569 Italiae
1013 3516 1330 3590 Siciliaque
1354 3521 1676 3583 Barbariem
1704 3531 1809 3602 (sic
1827 3507 2023 3602 Apbri-

442 3613 565 3654 eam
604 3602 933 3661 maritimam
969 3609 1174 3675 vocari,
1212 3626 1380 3684 supra
1407 3615 1722 3690 docuimus)
1754 3623 2021 3694 attingere

443 3691 615 3746 nostri
660 3702 1003 3759 potuerunt:
1062 3716 1188 3756 cum
1230 3702 1465 3761 Turcica
1516 3707 1712 3766 classis
1748 3691 2018 3770 adeo—se-

440 3770 765 3843 cundis‘usa
818 3790 892 3843 sit
946 3792 1144 3858 ventis,
1180 3804 1242 3849 ut
1290 3807 1477 3866 postea
1504 3814 1668 3870 quam
1706 3803 2019 3862 Constanti»

440 3877 627 3945 nepoti
668 3879 944 3945 subisset,
974 3882 1112 3939 intra
1150 3886 1303 3942 diem
1348 3890 1667 3949 vicesimum
1718 3895 1783 3950 ad
1826 3898 2015 3955 Chris-

438 3970 643 4027 tianam
668 3972 920 4040 profecta
954 3974 1143 4032 fuerit.
1183 3978 1363 4050 thue
1392 3980 1555 4038 Tui-ci
1590 3994 1742 4041 tanto
1798 3986 2013 4045 felicius

437 4063 637 4123 animis
670 4066 938 4121 destinata
969 4069 1312 4138 perlicerent,
1355 4075 1468 4130 sub
1524 4077 1753 4133 mediam
1795 4087 2011 4143 noctem
2042 4089 2047 4093 ’

435 4162 628 4208 ventus
663 4154 988 4215 Christianis
1015 4160 1276 4218 adversus
1301 4179 1425 4223 esse
1449 4168 1633 4238 capit,
1662 4168 1857 4227 Turcis
1883 4188 2009 4241 pro-

432 4243 597 4310 pitius
622 4261 635 4297 :
671 4262 781 4313 quo
824 4248 1081 4305 nimirum
1116 4252 1290 4322 prima
1312 4255 1658 4317 Christianos
1682 4276 1881 4319 aurora
1908 4281 2009 4322 nec

426 4334 712 4402 opinantes
743 4340 1134 4408 apprimereut.
1175 4345 1312 4403 llinc
1343 4350 1673 4407 miserabilis
1706 4356 1794 4409 illa
1823 4356 2005 4415 clades

426 4435 637 4493 secuta,
675 4447 780 4498 qua
820 4433 901 4489 vel
933 4434 1004 4490 ab
1034 4437 1289 4497 hostibus
1341 4442 1534 4509 occisi,
1576 4446 1658 4500 vel
1707 4448 1865 4517 aquis
1911 4450 2006 4505 ab-r

2131 3320 2301 3377 Deum
2332 3330 2589 3390 precatus
2625 3323 2919 3390 vindiCem,
2946 3327 3021 3379 uti
3046 3327 3329 3398 perfidiam
3380 3341 3434 3388 et
3476 3333 3691 3405 ingrati-

2128 3414 2372 3479 tmliuem
2407 3416 2651 3472 barbara:
2673 3416 2848 3489 gentis
2880 3418 3252 3478 ulcisceretur.
3284 3422 3545 3495 Equidem
3576 3428 3704 3481 ado-

2124 3509 2333 3564 lescens
2382 3510 2659 3564 hominem
2717 3508 2825 3563 vidi
2880 3520 2935 3564 ct
2981 3512 3102 3567 novi
3170 3514 3362 3583 prius,
3410 3535 3571 3588 quam
3642 3522 3701 3576 in

2123 3597 2405 3656 Poloniam
2463 3598 2624 3675 355
2682 3600 3141 3669 proficisceretur.
3207 3605 3366 3661 \‘ullu
3436 3611 3702 3679 praeditus

2121 3701 2237 3749 erat
2270 3693 2505 3757 liberali,
2531 3702 2737 3749 statura
2800 3709 2907 3751 non
2964 3710 3182 3766 magna,
3211 3697 3433 3757 robusto
3488 3711 3697 3769 tamen,

2120 3798 2465 3856 nervosoque
2505 3799 2758 3855 corpore,
2790 3788 2987 3857 capillo
3018 3789 3194 3859 nigro,
3244 3790 3427 3875 lingua
3469 3792 3697 3850 diserta.

2120 3874 2301 3935 Rebus
2327 3877 2380 3932 iu
2413 3877 2668 3931 omnibus
2706 3880 2999 3948 quamdam
3040 3896 3151 3950 pra:
3172 3898 3230 3936 se
3258 3874 3466 3937 ferebat
3511 3885 3698 3957 digni-

2118 3976 2305 4023 tatem.
2330 3967 2502 4023 Norat
2535 3983 2668 4026 sane
2698 3985 2859 4040 quam
2888 3972 3161 4043 eleganter
3215 3974 3426 4041 Graece,
3467 3977 3688 4046 Latine,

2117 4061 2319 4127 ltalice,
2346 4059 2575 4116 Gallice.
2639 4061 3069 4121 Commemorari
3099 4076 3153 4122 et
3182 4068 3287 4123 alia
3317 4069 3386 4124 de
3428 4069 3526 4125 hoc
3559 4087 3691 4141 pos-

2113 4161 2257 4215 sent,
2288 4151 2489 4220 quibus
2518 4151 3011 4221 supersedendum,
3042 4157 3186 4224 quod
3228 4157 3395 4226 hujus
3421 4175 3526 4215 non
3551 4172 3690 4217 sunt

2111 4241 2235 4296 loci.
2261 4241 2419 4309 Quod
2449 4254 2630 4295 autem
2676 4243 2730 4296 in
2762 4244 2952 4311 primis
2991 4246 3098 4300 huc
3145 4249 3403 4316 pertinet,
3462 4251 3690 4323 quando

2112 4334 2246 4387 nulli
2279 4345 2407 4389 sunt
2447 4335 2498 4387 in
2536 4335 2667 4389 orbe
2723 4335 2945 4390 barbari
2981 4334 3232 4394 Valachis
3289 4342 3692 4399 inconstantio-

2110 4419 2197 4479 Fes
2238 4439 2362 4494 erga
2385 4425 2642 4481 dominos
2674 4441 2826 4491 suos,
2857 4442 2996 4497 quos
3023 4428 3345 4500 frequenter
3387 4442 3440 4489 et
3477 4442 3697 4491 temere

424 4520 618 4587 sorpti,
649 4522 729 4577 vel
764 4523 823 4581 in
854 4527 1174 4589 servitutem
1203 4533 1423 4591 abducti
1460 4534 1633 4599 fuere,
1666 4540 1747 4592 vel
1798 4542 1999 4611 alioqui
2034 4556 2079 4612 ι)
2108 4525 2358 4612 ¹¹¹¹¹ίξ³¹¹ξ²
2394 4518 2527 4612 mm
2557 4518 2645 4612 Ρὲο
2697 4519 2997 4612 59"i‘°e'e'
3030 4540 3196 4594 quam
3236 4526 3439 4582 mum”
3485 4543 3681 4597 pauc"

423 4611 587 4677 rariis
614 4614 828 4682 periere
869 4619 1092 4679 casibus
1127 4621 1307 4681 decies
1336 4636 1391 4683 et
1423 4627 1594 4689 cities
1626 4630 1772 4685 mille
1803 4631 1994 4686 Curis-

423 4702 577 4756 tiani.
617 4704 894 4765 'l‘riremes
919 4712 1140 4769 amissaa
1180 4724 1315 4777 sunt
1367 4715 1458 4779 27,
1518 4735 1681 4783 naves
1735 4725 1998 4789 onerariae

424 4791 508 4844 14.
571 4790 687 4846 Dux
741 4794 1095 4868 Medineusis,
1154 4814 1371 4872 arrepta
1438 4804 1612 4879 luga,
1659 4824 1783 4873 cum
1834 4808 1995 4869 Joau.

421 4882 639 4937 Audrea
675 4885 832 4940 Doria
877 4888 1093 4946 Meliten
1143 4894 1337 4965 evasit.
1403 4894 1568 4952 Gaslo
1596 4938 1612 4964 ,
1665 4897 1994 4957 Mcdinensis

425 4971 590 5038 illius,
639 4973 691 5026 in
733 4986 1067 5049 potestatem
1093 4982 1337 5040 hostium
1369 4988 1678 5059 venit:qui
1724 5006 1852 5045 arce
1902 5008 1994 5046 oc-

418 5073 635 5133 cupata,
662 5074 883 5139 tamque
905 5071 1193 5141 splendida
1220 5078 1379 5146 petiti
1422 5079 1670 5147 victoria,
1731 5081 1834 5136 sub
1872 5098 1990 5137 me-

418 5155 569 5207 dium
600 5172 839 5212 mensem
870 5160 1177 5232 Augustum
1231 5166 1561 5236 discessere,
1595 5186 1759 5226 cursu
1800 5187 1990 5230 versus

417 5246 948 5309 AuloncmAlbauia:
973 5253 1207 5313 directo.
1262 5259 1624 5333 Contigcrunt
1683 5261 1797 5321 haec
1844 5279 1988 5323 anno

412 5338 796 5412 Malmmctano
826 5345 928 5403 966
960 5348 1117 5412 (Chr.
1152 5349 1353 5421 £560).

482 5432 683 5489 Eodem
720 5453 867 5494 anno
909 5438 1073 5495 Turci
1126 5441 1368 5499 Filecum
1429 5445 1482 5501 in
1540 5443 1775 5517 Ungaria
1820 5438 1982 5519 srich

406 5522 576 5589 riore,
612 5526 961 5586 locumsatis
1015 5534 1306 5600 munitum,
1362 5549 1640 5606 ceperunt.
1696 5539 1775 5623 lbi
1841 5543 1983 5597 Sau-

404 5614 623 5685 giacum
649 5619 989 5680 Solcimanes
1021 5627 1333 5691 constituit,
1370 5630 1462 5700 qui
1518 5614 1754 5688 Budensi
1799 5630 1981 5689 Bassa:

408 5706 692 5776 subjectus
724 5725 891 5768 esset.
924 5715 1110 5787 Neque
1154 5720 1328 5775 multo
1355 5731 1480 5791 post
1535 5723 1788 5781 inducias
1842 5724 1976 5781 Fer-

405 5799 678 5856 dinandus
706 5801 987 5875 Augustus
1014 5820 1067 5865 et
1121 5810 1459 5872 Solcimancs
1513 5815 1786 5882 pepigere,
1849 5834 1970 5876 tunc

2103 4608 2265 4662 annis
2289 4607 2647 4665 Jacobushic
2704 4611 2933 4682 despota
2990 4616 3683 4674 successores'habuerit.

2102 4699 2313 4770 Quippe
2344 4702 2530 4758 statim
2583 4704 2653 4758 ab
2719 4704 2841 4772 ejus
2905 4706 3152 4771 interitu,
3190 4719 3415 4765 vocatus
3443 4725 3475 4765 a
3511 4709 3687 4764 Vala-

2099 4796 2218 4849 chis
2243 4795 2357 4849 Dux
2392 4795 2703 4852 Demetrius
2742 4797 3112 4868 Visnovecius,
3168 4801 3468 4858 Soleimani
3520 4804 3680 4859 Con-

2098 4888 2507 4961 stantinopolim
2543 4890 2764 4946 vinctus
2791 4895 2857 4946 ad
2895 4901 3100 4947 certam
3158 4909 3350 4951 necem
3408 4898 3684 4954 mittitur.

2095 4979 2224 5048 Ejus
2256 4980 2377 5036 loco
2402 4979 2639 5036 Thomsa
2668 4982 2924 5052 princeps
2991 5000 3021 5040 a
3075 4984 3323 5044 factiosis
3373 4991 3673 5047 salutatur.

2090 5072 2145 5128 ls
2174 5088 2301 5128 cum
2340 5076 2638 5144 perexiguo
2686 5082 2931 5144 tempore
2987 5094 3102 5133 rem
3135 5079 3424 5137 Valacham
3483 5082 3673 5153 admi-

2093 5168 2400 5233 nistrasset,
2433 5167 2501 5223 ab
2560 5167 2865 5224 Alexandro
2911 5170 3025 5239 jam
3081 5186 3302 5229 reverso
3350 5178 3670 5245 expellitur,

2091 5259 2223 5315 etin
2253 5257 2505 5314 Rossiam
2548 5259 2833 5327 profugus,
2899 5260 3236 5332 Sigismuncli
3267 5269 3495 5339 Augusti
3554 5270 3666 5324 Ρυ-

2090 5351 2249 5408 Imm“
2282 5352 2423 5422 τρεῖς
2456 5351 2639 5420 ill-35".
2670 5352 2737 5406 ad
2775 5350 3011 5410 Podolize
3041 5355 3418 5429 Leontopnlim
3478 5361 3674 5431 capite

2089 5446 2364 5512 plectitur.
2389 5444 2701 5499 Alexandro
2730 5447 2939 5511 reduci,
2996 5461 3287 5519 postquam
3349 5452 3512 5506 rebus
3558 5453 3670 5506 hu-

2088 5537 2265 5590 manis
2290 5547 2581 5604 exemptus
2610 5536 2823 5603 fuisset,
2847 5542 3106 5596 successit
3151 5542 3297 5598 lilius
3328 5542 3614 5612 Bogdauus
3640 5560 3663 5598 :

2086 5627 2342 5698 Bogilano
2373 5627 2581 5690 Ironia,
2612 5629 2705 5698 qui
2764 5632 3128 5701 sc'Stcphani
3178 5637 3454 5700 quondam
3526 5633 3663 5689 Vai-

2086 5720 2236 5774 roda:
2313 5717 2482 5772 lilium
2543 5734 2608 5774 ex
2662 5706 2967 5775 concubina
3040 5726 3381 5794 perhibebat.
3466 5724 3663 5782 lvonia

2084 5815 2187 5878 (sic
2215 5812 2478 5867 Joannem
2512 5813 2613 5882 ipsi
2678 5817 2894 5880 vocant)
2932 5832 3054 5871 cum
3109 5818 3295 5886 iniqua
3344 5822 3661 5885 petentibus
