4126 6426
431 401 541 464 657

437 613 773 668 Polonorum
805 618 1051 684 equitum
1084 622 1430 692 militumque
1463 645 1718 698 numero,
1753 653 1848 690 nec
1887 613 2018 693 con-

438 705 749 776 tempcndis
780 723 1004 764 suorum
1032 715 1240 771 coactis
1272 722 1467 788 Copiis,
1495 724 1660 781 nimis
1681 745 1743 796 gr
1783 746 1843 784 ve
1891 733 2016 786 bar-

438 795 909 870 barorumjugum
944 818 1198 877 excutere
1233 827 1546 879 conaretur,
1591 834 1622 872 a
1684 822 2016 880 ﬁdelissimis

440 886 543 939 sibi
580 890 800 945 creditis
828 895 1096 961 proditus,
1123 901 1212 964 qui
1245 903 1396 958 missi
1422 905 1661 972 fuerant,
1691 925 1750 966 ut
1775 929 1802 965 a
1829 924 2011 972 trans-

430 979 669 1045 jectione
706 981 937 1040 Danubii
1001 989 1209 1047 Turcos
1240 1009 1513 1062 arcerent,
1551 1001 1827 1070 indignam
1892 1025 2008 1062 ma.

431 1070 793 1137 gnanimitate
821 1093 918 1132 sua
944 1093 1173 1136 mortem
1197 1089 1447 1155 oppetiit.
1503 1091 1566 1145 Ei
1601 1092 1817 1162 Petrus,
1879 1102 2012 1154 alte-

431 1158 546 1216 rius
583 1159 854 1221 Valachia:
885 1172 1151 1243 principis
1201 1163 1392 1244 frater,
1451 1180 1764 1242 faventibus
1816 1187 2014 1248 Turcis

429 1252 693 1310 suffectus
733 1259 856 1313 l'uit.
888 1261 992 1317 Sed
1019 1266 1164 1320 etaim
1193 1269 1257 1323 de
1284 1272 1390 1338 his,
1425 1274 1528 1330 hoc
1548 1278 1768 1346 quidem
1793 1281 1846 1334 in
1865 1283 2012 1350 loco,

429 1347 565 1442 satis
619 1366 633 1402 :
695 1354 918 1420 quando
963 1361 1029 1411 ad
1089 1360 1439 1432 insequentes
1486 1385 1660 1427 annos
1718 1375 2013 1442 pertinent.

431 1431 586 1495 Nune
621 1443 685 1496 ad
721 1447 1012 1502 Annalium
1043 1454 1238 1508 seriem
1275 1462 1582 1518 redeamus.

500 1533 657 1589 Anno
690 1539 792 1592 970
838 1543 987 1605 (Chr.
1035 1546 1217 1617 1564),
1257 1567 1442 1608 mense
1496 1558 1828 1626 Septembri,
1877 1565 2020 1622 duce

427 1625 618 1680 Carzia
655 1629 920 1689 Toletano
982 1635 1218 1693 feliciter
1240 1657 1506 1714 occupata
1558 1625 1657 1705 fuit
1687 1670 1782 1707 arx
1815 1625 1870 1708 in
1920 1673 2016 1712 ora

431 1721 721 1775 maritimm
744 1725 998 1794 Aphricm
1027 1730 1142 1786 sive
1172 1732 1446 1790 Barbaria!
1472 1741 1597 1804 sita,
1627 1761 1791 1810 quam
1821 1759 2019 1804 vocant.

431 1809 731 1883 Pignonem
765 1819 880 1874 sive
917 1838 1104 1891 rupem
1172 1824 1376 1891 Velezi,
1400 1833 1544 1899 quod
1579 1809 1763 1904 oppidi
1814 1856 2014 1896 nomen

428 1916 532 1967 est,
568 1908 619 1961 in
659 1912 974 1969 continente
1000 1917 1110 1978 siti,
1138 1935 1167 1974 a
1197 1938 1298 1989 qua
1337 1939 1499 1992 rupes
1529 1931 1674 1984 arcis
1719 1933 2012 2000 disiuncta.
2056 1901 2096 1954 Β

428 1999 664 2069 undique
693 2005 850 2072 aquis
880 2010 1394 2076 cingitur.Turcicis
1414 2034 1474 2071 ca
1492 2019 1694 2085 piratis,
1720 2021 2016 2094 Hispanum

426 2093 649 2161 pelagus
683 2096 1090 2168 infestantibtts,
1128 2121 1383 2163 securum
1435 2110 1702 2170 hactenus
1737 2129 2014 2189 receptum

427 2188 762 2252 przcbuerat:
796 2195 939 2261 quod
959 2207 1103 2250 esset
1133 2198 1184 2252 in
1217 2207 1507 2272 przeruptis
1547 2209 1716 2274 posita
1751 2188 2013 2282 scopulis,

429 2290 482 2332 et
512 2282 750 2351 undique
782 2285 903 2355 (ceu
932 2289 1164 2362 dictum)
1217 2297 1354 2348 mari
1399 2297 1724 2357 circumfluo
1752 2310 1980 2361 munita.

505 2370 616 2426 Sub
642 2377 846 2431 exitum
879 2380 1124 2448 ejusdem
1173 2387 1325 2449 anui,
1380 2402 1597 2445 mortuo
1628 2396 1781 2462 prius
1830 2397 2014 2455 Ferui-

431 2466 611 2520 nando
633 2467 902 2537 Augusto,
957 2472 1041 2527 die
1065 2474 1134 2528 ‘25
1178 2474 1329 2544 Julii,
1363 2482 1583 2551 lilioque
1635 2483 2014 2544 Maximiliano

427 2559 516 2612 vix
578 2559 863 2627 imperiutn
928 2567 1251 2635 auspicato,
1306 2569 1546 2629 Joannes
1619 2577 2012 2647 Sigismundus

426 2652 682 2722 princeps
728 2652 1176 2724 Transsilranizc,
1217 2663 1298 2716 vel
1329 2664 1411 2734 (ut
1449 2665 1610 2722 Turei
1653 2681 1867 2739 vocant)
1919 2674 2016 2728 Er-

425 2744 554 2798 delii
590 2746 781 2816 begus,
817 2749 1002 2805 infelix
1035 2753 1240 2810 sultani
1265 2755 1596 2814 Soleimauis
1657 2766 2013 2820 successione

426 2848 651 2904 paterna
676 2841 870 2903 cliens,
912 2841 1101 2899 'l'retus
1138 2847 1348 2903 viribus
1373 2852 1588 2916 patroni
1640 2862 1746 2907 tam
1777 2858 2013 2923 potentis

427 2930 520 2996 qui
556 2939 736 2985 tamen
757 2948 940 3000 suum,
965 2952 1071 2991 non
1105 2939 1324 2996 clientis
1349 2946 1698 2998 commodum
1733 2948 2008 3016 captabat,

428 3034 484 3076 ct
511 3024 864 3092 perduellium
898 3033 1260 3097 quorumdam
1317 3051 1632 3104 procerum,
1689 3042 1851 3109 inque
1906 3046 2012 3110 pri-

433 3117 537 3171 mis
624 3118 844 3190 Georgii
916 3122 1106 3178 Bcheei
1203 3129 1383 3180 noxiis
1480 3131 1792 3200 reipublicae
1853 3134 2013 3188 Chri-

437 3212 635 3264 stianae
668 3215 918 3270 consiliis
959 3217 1240 3285 incitatus,
1273 3219 1610 3286 Zatmarum,
1668 3240 1774 3278 non
1829 3228 2010 3296 exigui
2043 3248 2086 3305 ο
2127 3244 2388 3300 Viennam
2423 3262 2546 3300 cum
2599 3249 2774 3302 ιςηιριί

433 3306 693 3359 momenti
755 3308 1138 3373 munitionem,
1194 3311 1371 3380 eiecto
1429 3313 1724 3370 Melehiore
1771 3319 2011 3382 Balassa,

436 3396 688 3462 praal'ecto
711 3399 963 3469 Caesaris,
996 3417 1060 3457 ae
1099 3403 1378 3461 thesauris
1407 3407 1546 3476 ejus.
1570 3410 1824 3480 conjuge,
1883 3411 2016 3466 libe-

442 3485 624 3553 risque
649 3491 841 3558 captis,
870 3506 1026 3547 suam
1055 3495 1107 3548 in
1136 3505 1460 3564 potestatem
1504 3500 1729 3569 redegit.
1765 3502 1896 3566 Quae
1931 3519 2015 3559 res

441 3592 567 3630 cum
592 3577 955 3639 Maxiiniliano
985 3586 1230 3656 Augusto
1260 3606 1604 3661 nequaquam
1630 3595 1682 3646 in
1710 3593 1830 3661 ipso
1859 3597 2010 3663 regni

441 3671 666 3727 exordio
699 3672 920 3731 ferenda
945 3679 1245 3748 videretur,
1275 3698 1396 3737 cum
1442 3686 1578 3738 alios
1608 3687 1748 3740 bello
1776 3689 2018 3757 gerendo

437 3768 607 3822 duces
657 3767 881 3826 idoneos
931 3777 1256 3840 arcessivit,
1308 3787 1426 3830 tum
1494 3778 1701 3834 Lazaro
1751 3783 2013 3848 Sucltdio,

435 3857 638 3916 Baroni
681 3863 818 3918 Altae
855 3864 1258 3937 Landispergm,
1313 3871 1473 3925 rebus
1523 3874 1736 3938 magilis
1788 3875 2019 3929 solerter

435 3959 492 4005 et
533 3954 794 4020 prati-lare
832 3957 999 4026 gestis
1043 3960 1106 4012 ad
1129 3975 1348 4014 onmem
1385 3963 1716 4029 pesteritazis
1753 3968 2020 4020 memori-

438 4057 524 4095 am
553 4044 750 4100 illustri
776 4048 918 4108 viro.
949 4064 1220 4105 summam
1257 4051 1379 4107 belli
1413 4055 1859 4119 administrandi,
1894 4075 2016 4112 am-

440 4136 828 4202 plissima'cum
853 4149 1146 4210 potestate,
1173 4147 1474 4200 commisit.
1542 4148 1658 4203 Sub
1687 4165 1773 4215 eo,
1825 4160 2019 4219 praeter

443 4227 707 4297 Ungaros,
735 4233 968 4288 feliciter
1001 4235 1104 4290 hoc
1148 4237 1287 4291 bello
1315 4239 1571 4294 Germani
1607 4241 1816 4312 aliquot
1860 4244 2019 4298 nehi-

440 4322 634 4377 Iissimi
691 4327 896 4378 tribuni
959 4329 1265 4382 militarunt
1329 4347 1346 4383 :
1413 4333 1708 4400 equitum,
1779 4335 2020 4391 Joannes

439 4414 692 4470 Ruben-us
742 4433 772 4472 a
808 4417 1162 4488 Pixendm-l'o,
1219 4421 1461 4479 Joannes
1503 4426 1572 4478 ab
1628 4427 2017 4496 Ascemburgo,

435 4506 678 4564 Jacobus
707 4524 736 4564 a
788 4512 1242 4583 Selmlemburgo,
1281 4513 1548 4571 Henricus
1583 4532 1612 4570 a
1663 4518 2016 4582 Gleizeutala;

441 4599 680 4667 peditum
716 4618 866 4668 vero,
890 4602 1132 4660 Joannes
1167 4605 1502 4662 Wernherus
1533 4623 1562 4662 a
1597 4607 1880 4672 ltaitenau,
1911 4613 2022 4664 llu-

437 4691 622 4750 dolfus
652 4708 680 4746 a
720 4693 882 4760 Salis,
918 4697 1119 4767 aliique
1149 4703 1484 4771 complures.
1515 4702 1782 4758 Sueudius
1817 4705 2025 4773 absque

444 4800 594 4839 mora
630 4800 736 4840 non
773 4787 1001 4857 exiguas
1036 4792 1281 4860 equitnm
1316 4793 1671 4864 peditumque
1723 4794 2025 4849 Germano-

439 4896 560 4934 rum
596 4881 785 4950 copias
813 4883 866 4937 in
891 4896 1081 4955 agrum
1110 4885 1200 4953 qui
1227 4900 1255 4938 a
1283 4884 1528 4956 Gepidis,
1549 4889 1774 4956 antiqua
1801 4891 2026 4943 natione

439 4972 761 5029 Germanica
788 5015 806 5042 ,
833 4975 1162 5044 Cepisiensis
1207 4978 1478 5045 hodieque
1539 4980 1744 5032 dicitur
1771 5023 1783 5042 ,
1810 4981 2021 5035 eduxit.

514 5069 654 5122 Anni
677 5070 959 5140 sequentis
995 5071 1148 5142 (Chr.
1180 5073 1336 5128 l565l
1391 5074 1569 5135 initio,
1605 5076 1780 5127 media
1809 5077 2023 5140 lnnma,

442 5161 700 5214 'l‘ocaium
737 5161 1012 5216 Sueudius
1047 5164 1327 5218 celeritate
1353 5164 1664 5217 admirabili
1694 5181 1969 5234 expugnat
2007 5187 2020 5220 :

441 5265 552 5318 quo
568 5263 727 5320 capto
743 5269 921 5323 neque
942 5257 1115 5309 multo
1134 5270 1254 5326 post
1278 5257 1388 5310 ictu
1411 5257 1635 5325 sclopeti
1655 5260 1838 5312 occiso
1857 5259 2028 5313 Frau-

440 5345 589 5398 cisco
629 5346 918 5402 Nemetbio
953 5348 1231 5420 praefecto,
1273 5367 1365 5404 arx
1406 5352 1568 5404 etiam
1600 5367 1628 5404 a
1671 5352 2022 5420 praesidiariis

441 5437 625 5493 dedita
656 5440 780 5496 fuit.
838 5441 877 5494 li
909 5443 1028 5496 suis
1067 5453 1214 5496 cum
1243 5441 1433 5512 gladiis
1465 5443 1728 5496 duntaxat
1765 5459 1830 5498 ex
1863 5453 2028 5512 pacto

443 5530 686 5596 dimissi,
726 5534 937 5587 caeteris
995 5537 1165 5588 arunis
1199 5549 1262 5588 ac
1304 5536 1471 5588 rebus
1502 5535 1554 5587 in
1609 5549 1736 5588 arce
1795 5535 2022 5590 relictis.

446 5618 636 5675 Vidure
682 5623 953 5678 Nemethii
1003 5627 1244 5681 mundus
1302 5626 1684 5680 tantummodo
1740 5627 2029 5682 muliebris

445 5727 766 5770 concessus.
802 5715 934 5781 Quae
972 5715 1094 5771 licet
1131 5718 1329 5772 deinde
1387 5718 1568 5772 mariti
1626 5732 1865 5788 suosque
1917 5735 2026 5771 non

444 5807 630 5876 exigui
699 5812 857 5878 pretii
917 5812 1209 5865 thesauros
1267 5812 1541 5875 aveheret,
1604 5811 2025 5865 reclamantibus

453 5894 710 5970 Ungaris,
785 5905 998 5958 Audrca
1069 5900 1321 5970 Batorio,
1401 5903 1690 5958 Melchiore
1770 5903 2021 5968 Balassa,

1548 425 1918 492 SUPI‘LEM.
1966 434 2240 502 ANNAL.
2273 442 2582 511 TURCIC.

440 520 640 579 Turcis
689 523 1042 595 denegasset,
1103 531 1472 604 adjunctoque
1528 543 1633 596 sibi
1693 560 1802 600 non
1843 564 2043 618 magno
2075 554 2114 608 Α
2146 555 2260 612 Gah

3606 475 3713 533 €le

2267 560 2397 617 riele
2434 562 2683 632 Percnio,
2724 583 3022 643 contraque
3089 579 3257 647 legem
3310 560 3602 642 deditionis
3661 589 3714 644 id

2141 649 2255 702 ﬁeri
2297 659 2655 715 causantibus
2696 679 2707 713 :
2744 665 2968 722 Suendii
3020 677 3195 726 tamen
3230 679 3575 747 auctoritate,
3623 691 3712 753 qui

2131 741 2214 792 vel
2249 757 2373 797 cum
2413 746 2592 816 aliqua
2619 751 2833 820 jactura
2864 757 3022 812 (idem
3059 761 3238 816 datam
3291 768 3542 836 religiose
3595 741 3685 825 ser

2132 836 2364 888 vaudam
2391 838 2620 908 diceret,
2653 847 2948 913 quominus
2975 850 3040 905 iis
3076 857 3429 930 spoliaretur,
3457 862 3714 920 obtinuit.

2131 925 2260 980 lude
2309 929 2630 987 Zerenzium
2693 937 2746 990 in
2786 950 3110 1006 potestatem
3173 952 3338 1014 venit,
3404 925 3717 1025 lilrdeliique

2130 1015 2298 1084 begus
2321 1021 2388 1075 de
2423 1023 2664 1080 Zatmari
2696 1029 3019 1088 defensione
3051 1038 3374 1108 «lesimrans,
3431 1045 3712 1102 incensam

2127 1115 2488 1169 munitionem
2519 1119 2661 1172 hosti
2693 1124 2911 1194 reliquit
2941 1129 3145 1184 invitus
3177 1151 3189 1186 :
3219 1151 3381 1200 quam
3412 1137 3710 1200 Suendius.

2125 1203 2197 1256 oh
2230 1208 2537 1262 naturalem
2595 1213 2734 1266 situs
2761 1219 3227 1283 commoditatem,
3266 1242 3386 1279 mox
3440 1229 3709 1284 instaurn.

2127 1297 2222 1348 vit.
2262 1297 2399 1354 llinc
2459 1305 2784 1361 transmisso
2825 1310 3072 1379 Tibisco,
3143 1315 3412 1383 lCrdeuda,
3475 1323 3715 1384 Cuvara.

2128 1386 2313 1453 Balor,
2359 1390 2608 1457 Vibania,
2679 1395 3010 1456 Scnderevia
3070 1405 3252 1472 (quod
3311 1422 3337 1460 a
3385 1407 3442 1461 S.
3499 1412 3712 1477 Audi-ea

2127 1481 2422 1539 deductum
2453 1503 2652 1542 nomen
2680 1491 2809 1558 est),
2838 1508 3102 1564 prospero
3131 1497 3370 1551 victoriae
3392 1498 3716 1554 Suemlaniu:

2126 1591 2314 1642 Clll'SIl,
2356 1579 2713 1638 Maximiliaui
2751 1587 2988 1642 Caesaris
3037 1591 3329 1658 imperium
3363 1607 3710 1663 acceperunt.

2126 1668 2259 1724 Tam
2291 1671 2526 1744 denique
2577 1676 2761 1732 felices
2794 1679 2843 1732 bi
2880 1697 3169 1738 successus
3209 1696 3385 1744 erant.
3449 1698 3505 1740 ut
3557 1704 3712 1756 opem

2127 1763 2462 1834 implorante
2504 1770 2642 1839 bego
2676 1772 2899 1838 Erdrlii,
2932 1777 3184 1830 sultauus
3229 1777 3569 1834 Soleimaues
3605 1798 3711 1834 non

2126 1872 2448 1915 succurrere
2476 1864 2742 1919 iluutaxat
2775 1867 2820 1919 ci
2859 1870 2985 1922 totis
3025 1872 3255 1937 viribus,
3317 1889 3507 1927 verum
3545 1875 3716 1944 ipsius

2127 1950 2290 2004 etiam
2331 1953 2454 2007 huic
2496 1955 2547 2009 iu
2585 1954 2880 2027 Ungariam
2943 1964 3278 2031 expeditioni
3335 1980 3570 2034 praeesse
3626 1969 3718 2016 de-

2125 2045 2376 2098 creverit.
2414 2045 2519 2100 Sed
2555 2051 2981 2106 existimabatur
3010 2055 3077 2108 a—b
3136 2055 3236 2112 hoc
3281 2058 3530 2113 instituto
3586 2074 3714 2112 suo-

2123 2149 2241 2186 rum
2280 2139 2528 2192 consiliis
2591 2142 2819 2201 retrahi.
2883 2146 2975 2213 qui
3013 2148 3342 2210 suadebant,
3399 2158 3454 2201 ut
3509 2150 3710 2219 ingenti

2123 2229 2380 2296 cxpedita‘
2413 2231 2586 2286 clasSe
2659 2233 2874 2289 Meliten
2913 2236 3216 2302 invaderet,
3255 2250 3311 2294 et
3344 2239 3532 2296 fractis
3557 2243 3714 2312 equi-

2123 2327 2238 2372 tum
2273 2320 2633 2378 Melitensium
2666 2327 2880 2383 viribus
2933 2329 3169 2384 insulam
3201 2343 3517 2402 occuparet.
3553 2334 3708 2399 Quod

2122 2410 2340 2478 quidem
2409 2423 2469 2467 ut
2531 2416 2758 2480 faceret,
2822 2419 2876 2472 in
2912 2420 3102 2488 primis
3131 2420 3412 2479 Chasanes
3469 2426 3710 2479 Ccsairis

2123 2508 2501 2572 prosultanus,
2532 2507 2881 2566 Chairadiuis
2912 2511 3262 2569 Barbarossze
3288 2516 3451 2580 (ilius,
3486 2526 3538 2570 et
3574 2518 3709 2570 Dra—

2121 2607 2279 2666 gutcs
2338 2599 2640 2671 Saugiacus
2703 2602 3101 2674 Tripolitanus,
3166 2609 3455 2680 urgebant.
3522 2610 3710 2679 Itaque

2123 2691 2266 2744 hanc.
2297 2693 2350 2745 in
2383 2697 2710 2749 sententlam
2745 2698 2927 2749 animo
2972 2700 3336 2768 propendens,
3396 2711 3453 2755 ut
3489 2702 3706 2755 interim

2121 2783 2274 2837 vafro
2304 2796 2617 2841 commento
2651 2787 2817 2859 356
2847 2788 3275 2845 Maximilianum
3331 2796 3527 2861 partim
3562 2795 3708 2856 gravi

2121 2885 2337 2943 sumptu
2377 2876 2501 2932 belli
2536 2878 2872 2942 exhauriret,
2925 2883 3188 2936 instinctu
3257 2885 3551 2947 Erdcliaui,
3587 2903 3710 2953 par-

2122 2968 2216 3021 tim
2254 2969 2544 3032 inhiberet,
2596 2973 2896 3039 qtromiuus
2945 2973 3176 3028 ulterius
3235 2976 3707 3045 progrederetur:

2121 3061 2425 3130 aposiatam
2459 3063 2808 3118 Cibiuensem
2851 3067 3088 3136 ablegat,
3125 3069 3218 3136 qui
3259 3084 3382 3121 cum
3422 3068 3486 3122 ad
3522 3083 3709 3137 pacem

2121 3169 2242 3206 cum
2304 3155 2597 3209 Erdeliano
2654 3158 2939 3210 colendam
3003 3160 3411 3213 exhortaretur.
3475 3159 3629 3214 Venit
3659 3171 3714 3216 et

2784 3253 2871 3303 :tni
2919 3252 3188 3305 mandatis
3223 3254 3410 3307 eodem
3465 3264 3711 3324 tempore

2119 3338 2388 3404 Georgius
2426 3341 2702 3404 Batorius,
2734 3353 2787 3396 et
2828 3343 3164 3414 Sigismundi
3193 3347 3442 3415 Augusti,
3476 3347 3712 3404 Polonia:

2121 3435 2288 3504 regis,
2320 3435 2410 3502 qui
2451 3436 2722 3490 l'Irdeliani
2783 3438 3088 3493 avunculus
3124 3449 3261 3506 erat,
3296 3441 3528 3509 legatus.
3559 3454 3616 3498 ιιι
3647 3449 3711 3498 de

2120 3527 2499 3596 componendo
2533 3529 2674 3582 bello
2724 3544 2848 3584 cum
2916 3530 3293 3586 Maximiliano
3336 3543 3578 3602 agerent.
3615 3534 3713 3587 Ve-

2123 3633 2239 3670 rum
2277 3619 2412 3681 btec,
2445 3619 2529 3672 uti
2566 3620 2827 3683 diximus,
2862 3631 3041 3676 astute
3072 3624 3406 3693 gerebantur
3436 3639 3464 3678 a
3491 3625 3707 3687 Turcis.

2122 3719 2176 3761 ut
2205 3725 2231 3762 a
2273 3725 2435 3763 cursu
2465 3711 2707 3765 victoria:
2733 3712 2938 3776 Ca'sar,
2978 3715 3063 3768 cui
3103 3716 3266 3769 rebus
3291 3718 3546 3772 omnibus
3577 3719 3710 3771 infc-

2125 3803 2234 3856 rior
2264 3814 2384 3858 erat
2437 3803 2784 3868 Erdclianus,
2843 3815 3190 3873 avocaretur,
3254 3818 3309 3862 et
3369 3809 3709 3864 Soleimanes

2123 3896 2339 3950 interim
2370 3898 2512 3950 vires
2549 3911 2680 3950 suas
2715 3897 2767 3950 in
2802 3895 3112 3952 Melitenses
3146 3909 3333 3967 posset
3361 3913 3707 3958 convertere.

2195 3987 2447 4043 Rhodum
2487 3989 2571 4044 his
2633 3989 2869 4044 insulam
2926 3990 3026 4046 sub
3090 3989 3307 4046 initimn
3361 3993 3534 4062 regni,
3581 4009 3703 4047 cum

2122 4081 2384 4136 omnibus
2433 4063 2495 4134 in
2562 4079 2768 4152 IEgaro,
2793 4092 2847 4137 et
2905 4083 3056 4149 Asia,
3086 4084 3406 4155 Graeciaque
3448 4085 3708 4149 castellis,

2122 4174 2340 4227 arrilms
2365 4187 2429 4227 ae
2479 4173 2806 4239 territoriis;
2844 4188 2942 4229 nec
2972 4175 3159 4228 amitis
3185 4185 3311 4231 ante
3347 4179 3448 4231 hoc
3496 4187 3712 4246 tempus

2123 4267 2307 4331 annis,
2344 4265 2608 4338 Tripolim
2650 4267 2921 4335 Aphricaa,
2955 4267 3113 4322 sicuti
3157 4280 3438 4323 narratum
3468 4286 3495 4323 a
3544 4270 3700 4323 nobis

2122 4371 2222 4422 est,
2261 4359 2558 4415 ademerat.
2621 4357 2833 4424 Quibus
2889 4361 3108 4427 injuriis
3146 4367 3246 4414 eos
3302 4361 3552 4416 aﬂ‘ccisse
3601 4379 3706 4414 non

2124 4460 2462 4514 Contentus,
2527 4452 2692 4503 etiam
2761 4466 2991 4521 prorsus
3057 4452 3385 4521 exstirpatos
3452 4455 3708 4507 volebat:

2059 4593 2100 4645 ι)
2126 4543 2269 4614 quod
2299 4550 2351 4597 et
2377 4542 2728 4597 mercimonio
2781 4559 3001 4597 suorum
3034 4543 3387 4615 impedirent,
3428 4554 3483 4597 et
3526 4545 3711 4613 gravia

2130 4650 2272 4704 sa‘pe
2293 4634 2621 4687 detrimenta
2657 4633 2887 4687 navibus
2921 4631 3171 4688 Turcicis
3215 4633 3500 4690 inferrent.
3545 4635 3713 4689 Acce-

2129 4727 2481 4780 debataltius
2511 4726 2676 4779 animi
2724 4726 2942 4790 vulnus,
2993 4724 3138 4793 quod
3191 4725 3460 4779 hat-tenus
3504 4741 3533 4779 a
3561 4726 3714 4780 Meli-

2130 4819 2266 4872 tensi
2311 4817 2755 4872 Christianorum
2811 4817 3223 4887 propugnaculo
3258 4818 3534 4888 quoddam
3595 4821 3716 4871 libi-

2128 4913 2243 4965 dini
2288 4927 2399 4965 sme
2448 4911 2761 4981 repagulum
2819 4911 2983 4981 objici
3038 4911 3266 4974 doleret,
3313 4908 3609 4980 quominds
3659 4913 3709 4965 in

2133 5001 2520 5072 Hispaniarum
2563 5012 2615 5054 et
2649 5004 2816 5057 Italia!
2877 5004 3088 5058 viscera
3118 5005 3442 5072 jamdudum
3495 5022 3715 5073 grassa-

2131 5108 2304 5149 retur.
2338 5096 2447 5150 llos
2491 5095 2656 5164 igitur
2720 5095 2964 5149 utibcllo
3027 5107 3448 5165 persequeretur
3507 5107 3558 5148 et
3614 5111 3715 5163 op-

2131 5188 2420 5258 primeret,
2493 5189 2726 5242 classem
2813 5188 3110 5254 instruxit,
3172 5205 3293 5258 qua:
3379 5189 3711 5247 triremibus,

2131 5281 2422 5346 onerariis,
2459 5281 2690 5348 aliisque
2724 5280 2956 5334 diversis
3016 5280 3245 5349 navigiis
3269 5275 3377 5334 9.50
3408 5281 3710 5333 eonsialmt.

2129 5371 2482 5428 Vehebantur
2508 5373 2610 5425 hac.
2641 5375 2814 5426 classe
2842 5373 2982 5426 bello
3021 5372 3342 5425 idoneorum
3367 5370 3599 5423 militum
3648 5371 3713 5420 ad

2130 5461 2198 5517 40
2260 5463 2448 5516 millia.
2518 5459 2891 5515 Terrestribus
2947 5460 3118 5528 copiis
3181 5457 3543 5524 Muetaphas,
3608 5456 3703 5524 qui

2131 5555 2386 5625 deinceps
2411 5555 2551 5607 bello
2586 5555 2786 5622 (ivprio
2818 5569 2882 5607 ex
2921 5552 3145 5606 immani
3183 5551 3503 5604 crudelitate
3542 5549 3716 5634 magis

2133 5648 2404 5713 inclaruit,
2431 5648 2585 5700 cla<si
2625 5647 2784 5700 l'i-dis
2813 5647 2973 5700 hassa
3001 5661 3123 5698 cum
3173 5643 3404 5712 imperio
3428 5651 3663 5712 praeerat
3693 5660 3704 5694 :

2133 5741 2335 5809 quibus
2363 5737 2705 5791 Sulciulttltcs
2735 5737 3026 5803 “mgnicm
3068 5736 3448 5805 prosultanum
3472 5731 3723 5802 Tripolis-

2134 5833 2320 5886 adesse
2366 5833 2554 5896 voluit,
2595 5831 2869 5882 hominem
2926 5831 3086 5880 rebus
3147 5837 3285 5882 terra
3335 5831 3582 5898 marique
3622 5842 3710 5897 ge.

2142 5923 2324 5980 rcudis
2359 5923 2752 5977 cxucricutcm.
2784 5919 2874 5982 qui
2906 5920 3177 5973 lcthaliter
3211 5920 3314 5974 hoc
3348 5921 3483 5975 bello
3526 5918 3709 5971 vuln"--
