4126 6440
417 408 524 472 659

1628 420 1957 484 JOANNIS
2006 374 2466 488 LEUNCLAVII

3566 428 3679 495 660

415 535 738 591 ratus.cum
785 531 1001 598 jactura
1053 549 1278 591 suorum
1344 546 1400 594 et
1457 539 1745 595 commodo
1797 543 2064 601 nostroA
2094 548 2198 600 hoc
2236 561 2342 600 non
2375 558 2472 615 per
2498 546 2704 617 legatos
2757 543 3155 608 tantummodo,
3204 543 3300 600 sed
3335 543 3498 599 etiam
3545 561 3673 613 pro-

416 619 631 677 interiit
664 638 679 677 :
711 623 921 696 fuitque
974 626 1239 687 suﬂectus
1261 645 1291 686 a
1326 629 1611 702 Mustapba
1639 632 1695 687 in
1750 634 1874 703 ejus
1906 634 1991 688 lo-

414 727 562 777 cum,
595 723 654 770 ut
681 714 887 787 Tripoli
925 732 1199 788 praeesset.
1240 723 1354 779 Alis
1406 725 1496 780 ille
1529 724 1784 790 Calaber,
1815 743 1983 796 quem

414 807 575 861 etiam
611 824 754 863 nunc
781 811 1144 879 ignominioso
1194 813 1386 869 Turcis
1418 818 1642 872 nomine
1691 820 1862 873 uestri
1897 834 1991 872 vo-

415 908 562 959 cant,
596 897 884 969 Vlttzalim,
918 904 1021 958 hoc
1043 914 1148 973 est,
1204 905 1346 959 Alim
1402 916 1743 987 apostatam:
1788 922 1911 961 cum
1954 922 1984 960 a

416 987 613 1046 Turcis
635 991 791 1049 bassa
813 994 1133 1065 capitaneus
1163 997 1421 1067 appellari
1453 997 1645 1063 soleat,
1680 998 1844 1052 veluti
1874 1012 1990 1051 ma-

415 1081 497 1139 ris
537 1084 850 1153 praefectus,
898 1095 953 1140 et
995 1087 1145 1142 solus
1198 1098 1320 1158 post
1355 1087 1738 1145 Cbairadinem
1786 1087 1990 1143 Barba—

416 1191 651 1240 rossam.
681 1177 753 1234 ob
785 1193 883 1271 res.
911 1191 1102 1236 contra
1134 1180 1473 1238 Christianos
1517 1184 1766 1252 gnaviter
1806 1192 1990 1251 gestas

414 1272 801 1337 promeruerit,
842 1268 899 1325 u't
922 1286 1047 1326 cum
1085 1273 1253 1328 maris
1286 1268 1610 1342 praefectura
1644 1275 1841 1331 veziris
1866 1276 1990 1345 dig-

413 1359 640 1414 nitatem
674 1362 1053 1431 coniungeret.
1087 1364 1310 1433 Appulit
1358 1365 1549 1431 etiam,
1583 1366 1817 1423 durante
1843 1368 1990 1423 obsi-

414 1451 603 1520 dione,
639 1468 762 1508 cum
794 1453 864 1506 27
900 1455 1240 1521 triremibus,
1284 1456 1566 1514 Chasanes
1601 1459 1840 1514 Cesairis
1870 1477 1993 1530 pro-

412 1542 683 1601 sullanus.
728 1544 1073 1601 Chairadinis
1103 1545 1188 1609 F.,
1226 1546 1384 1615 cujus
1409 1557 1467 1602 ut
1518 1550 1679 1619 paulo
1727 1559 1876 1616 ante,
1907 1552 1988 1608 sic

412 1645 461 1686 et
497 1634 626 1689 alibi
683 1636 884 1705 sacpius
919 1637 971 1691 in
1007 1638 1313 1694 Annalibus
1348 1641 1500 1697 hisce
1556 1642 1803 1699 Turcicis
1845 1644 1988 1698 facta

417 1727 514 1780 fuit
556 1729 780 1784 mentio.
817 1728 951 1781 Cum
996 1731 1157 1802 igitur
1188 1733 1243 1787 lti
1278 1733 1450 1789 bassaa
1497 1731 1659 1788 Junio
1687 1750 1874 1791 mense
1905 1736 1993 1790 lit-

417 1831 532 1876 tora
570 1822 778 1877 Melites
813 1825 1142 1894 attigissent,
1178 1842 1242 1881 ae
1273 1826 1389 1881 dies
1411 1826 1618 1895 aliquot
1651 1830 1987 1898 exponendis

388 1900 469 1967 ’iu
507 1913 744 1967 insulam
802 1915 1066 1970 militibus
1094 1925 1149 1971 et
1200 1918 1454 1979 annonis.
1494 1918 1851 1989 locorumque
1881 1922 1990 1975 situ

413 2001 746 2070 explorando
811 2005 1305 2074 consumpsissem,
1366 2022 1682 2078 Oppugnare
1723 2009 1991 2066 machinis

415 2096 631 2151 bellicis
668 2097 726 2151 S.
790 2097 1002 2154 Elmutn
1063 2101 1167 2170 (sic
1216 2100 1519 2156 llermetem
1571 2102 1734 2172 vulgo
1769 2104 1989 2173 vocant)

412 2190 696 2246 castellum
722 2194 773 2247 in
808 2192 924 2263 ipso
955 2204 1141 2261 portus
1167 2194 1312 2249 ostio
1345 2194 1513 2249 situm
1565 2210 1800 2266 cmpere.
1833 2195 1989 2263 Quod

413 2300 537 2339 cum
575 2284 829 2354 pluribus
869 2287 1063 2342 diebus
1115 2285 1297 2343 facere
1323 2304 1433 2344 non
1489 2287 1821 2355 desinerent,
1849 2289 1990 2361 jam-

415 2395 521 2448 que
570 2395 763 2451 magna
841 2384 1104 2437 mmnium
1160 2396 1286 2451 pars
1348 2391 1744 2438 tormentorum
1813 2382 1990 2453 globis

414 2471 621 2541 dejecta
676 2474 757 2530 sic
825 2466 1144 2540 corruisset.
1212 2485 1273 2530 ut
1332 2473 1388 2529 in
1412 2489 1593 2531 arcem
1644 2470 1790 2532 latus
1842 2475 1987 2531 busti

412 2574 623 2636 pateret
688 2564 911 2622 aditus:
943 2567 1156 2637 equites
1188 2565 1522 2632 Melitenses,
1562 2581 1824 2638 perquam
1848 2577 1989 2623 stre-

416 2675 523 2715 nue
546 2676 604 2715 se
637 2660 876 2728 gerendo
902 2660 973 2716 35
1022 2659 1216 2715 diebus
1272 2659 1758 2731 oppugnationem.
1790 2674 1986 2728 magna

413 2770 538 2811 cum
595 2755 835 2810 hostium
886 2752 1062 2816 clade,
1119 2753 1524 2817 sustinuerunt,
1579 2753 1746 2822 idque
1794 2762 1999 2822 pratter-

413 2847 726 2917 opinionem
785 2845 1102 2916 multorum,
1164 2844 1259 2913 qui
1307 2844 1591 2900 castellum
1650 2852 1842 2899 contra
1877 2843 1984 2896 vim

416 2936 669 2992 hostilem
733 2950 1076 3005 nequaquam
1119 2948 1281 3003 posse
1335 2931 1670 3002 propugnari
1708 2940 1984 3002 putaraut.

414 3028 655 3085 Tandem
690 3044 815 3084 cum
843 3029 1054 3097 equites
1087 3041 1189 3081 nec
1219 3027 1455 3079 hostium
1486 3024 1708 3093 impetui
1737 3023 1986 3088 ferendo,

420 3140 522 3179 nec
564 3136 795 3177 numero
827 3135 886 3174 se
914 3134 1071 3188 pares
1094 3116 1363 3180 viderent,
1390 3127 1443 3169 et
1477 3131 1576 3169 arx
1601 3114 1841 3184 undique
1874 3124 1982 3169 tam

414 3224 582 3280 terra,
614 3227 777 3283 quam
807 3208 994 3263 maria
1025 3206 1279 3261 Barbaris
1305 3205 1483 3260 cincta
1511 3203 1718 3258 nullum
1750 3202 1984 3274 amplius

413 3307 665 3362 alicunde
729 3299 1036 3358 subsidium
1109 3305 1425 3367 exspectare
1488 3304 1734 3364 posset:
1794 3295 1980 3350 occiso

410 3395 874 3456 Christianorum,
935 3390 1028 3461 qui
1085 3395 1425 3460 supererant,
1490 3387 1674 3457 aliquo
1733 3401 1983 3452 numero,

400 3478 733 3544 ’l‘urcorum‘
762 3487 815 3541 in
863 3492 1183 3557 potestatem
1235 3483 1405 3537 venit.
1455 3480 1572 3547 Qua
1622 3482 1808 3536 hostes
1855 3479 1983 3536 elati

411 3583 668 3648 victoria,
694 3578 949 3647 deinceps
982 3577 1264 3632 tormentis
1285 3584 1514 3645 quatere
1541 3574 1722 3629 Sancti
1744 3572 1984 3629 Michae-

410 3678 480 3731 lis
504 3672 852 3728 munitiunem
892 3671 1141 3726 insanum
1175 3669 1227 3722 in
1266 3668 1485 3722 modum
1516 3680 1750 3738 coepere,
1796 3665 1987 3741 globos

415 3772 621 3823 ferreos
646 3775 694 3822 et
749 3764 993 3833 lapideos
1042 3760 1284 3831 quinque
1349 3766 1626 3827 septemve
1681 3756 1981 3823 palmorum

413 3858 760 3929 cjaculaudo.
790 3855 894 3911 Sed
923 3854 1064 3924 quod
1101 3858 1245 3906 totos
1275 3863 1511 3916 quatuor
1544 3848 1648 3903 boc
1670 3847 1809 3903 bello
1836 3862 1986 3900 men-

415 3969 503 4008 ses
532 3948 980 4019 absumpsissent,
1010 3955 1064 4002 et
1094 3944 1274 3999 hiems
1297 3943 1410 4011 jam
1440 3950 1738 4010 appeteret,
1771 3939 1841 3993 de
1871 3939 1987 3993 dis-

415 4060 572 4100 cessu
600 4043 845 4110 cOgitare
880 4045 1195 4107 coeperunt,
1213 4043 1267 4089 et
1296 4049 1362 4088 eo
1391 4032 1612 4103 quidem
1657 4028 1850 4098 majori
1910 4030 1986 4084 le-

312 4112 329 4125 χ
416 4137 730 4200 sliuatioue,
795 4133 939 4200 quod
1001 4129 1115 4198 jam
1179 4126 1405 4181 Garzias
1452 4123 1750 4178 Toletanus
1787 4122 1988 4177 Sicilia:

418 4244 639 4300 prorex,
696 4222 982 4280 inStructis
1013 4218 1330 4276 triremibus
1389 4216 1701 4286 Hispanicis
1726 4256 1744 4282 ,
1786 4216 1989 4282 quibus

417 4316 618 4383 10,000
640 4314 883 4386 peditum
908 4309 1263 4372 vehebantur,
1290 4322 1415 4363 cum
1439 4306 1624 4360 multis
1650 4306 1773 4363 aliis
1804 4303 1993 4362 Chris-

417 4411 602 4476 tianis,
638 4409 704 4463 ad
733 4404 1136 4475 suscipiendam
1166 4403 1308 4457 hanc
1338 4399 1740 4471 expeditionem
1771 4401 1990 4473 religio-

415 4519 489 4559 sae
523 4499 743 4572 pietatis
766 4479 884 4553 ielo
934 4495 1244 4561 commotis,
1273 4494 1570 4548 auxiliares
1601 4491 1769 4549 basce
1798 4495 1990 4563 copias

2106 637 2241 708 priis
2271 639 2531 708 auspiciis
2560 653 2766 709 gerere.
2806 638 3027 693 Interim
3054 650 3209 704 vero,
3240 637 3370 692 dum
3405 638 3671 707 majorem

2105 730 2339 800 ipsemet
2370 731 2672 786 adduceret
2696 731 3019 795 exercitum,
3054 730 3227 786 bassa‘.
3255 729 3487 784 Budeusi
3514 735 3675 783 inan-

2100 823 2196 877 dat
2240 832 2302 877 ut
2346 823 2722 893 amplissimis,
2775 838 2912 893 quas
2966 814 3172 892 posset,
3219 806 3428 877 coactis
3468 824 3670 892 cupiis,

2104 911 2246 970 bello
2273 915 2603 985 principium
2624 916 2797 970 daret.
2819 914 3268 971 Temesvarensis
3295 916 3457 970 etiam
3484 916 3671 978 bassa,

2100 1007 2168 1060 de
2199 1005 2480 1061 voluntate
2511 1004 2862 1068 Soleimanis,
2900 1006 3160 1075 paulatim
3194 1007 3260 1060 ad
3287 1006 3668 1076 occupandum

2100 1096 2315 1153 Giulam
2347 1098 2555 1152 aditum
2595 1097 2698 1153 sibi
2751 1097 3133 1168 patefaciebat,
3196 1109 3504 1168 expugnato
3531 1098 3673 1151 Pan-

2097 1196 2220 1243 cota
2250 1189 2494 1244 castello.
2536 1187 2646 1245 Nec
2681 1189 2806 1256 sibi,
2853 1190 3080 1259 suisque
3118 1190 3276 1243 rebus
3324 1190 3508 1244 deerat
3564 1188 3673 1243 Er-

2097 1281 2363 1347 dclianns,
2396 1281 2638 1347 Zadane,
2700 1281 2978 1352 Genoque,
3041 1283 3176 1338 locis
3229 1283 3402 1338 Giulze
3452 1283 3672 1346 vicinis,

2097 1387 2196 1440 per
2222 1386 2354 1428 suos
2380 1382 2507 1428 octo
2529 1373 2833 1429 Turcorum
2882 1374 3125 1429 millibus
3158 1374 3445 1440 adauctus,
3506 1390 3673 1429 occu-

2098 1465 2261 1534 patis.
2314 1466 2460 1520 ldem
2508 1477 2633 1522 astu
2686 1467 2938 1532 barbaro,
2997 1468 3292 1538 perniciem
3349 1484 3414 1523 ac
3473 1463 3670 1522 furiam

2097 1558 2307 1624 patriae,
2344 1568 2549 1627 patrem
2601 1544 2871 1624 imitatus,
2917 1559 3011 1627 qui
3068 1559 3235 1613 simili
3284 1569 3672 1628 stratagemate

2095 1647 2282 1703 fuerat
2309 1666 2461 1710 usus.
2507 1650 2575 1706 ad
2607 1649 2965 1706 obsidendam
3019 1649 3282 1706 Viennam
3342 1652 3670 1706 adventante

2095 1753 2228 1795 tunc
2252 1740 2582 1806 Soleimane,
2643 1743 2855 1798 litteras
2902 1759 2998 1812 per
3030 1741 3319 1811 Ungariam
3349 1743 3505 1799 initio
3536 1744 3671 1798 anni

2096 1829 2394 1885 Christiani
2460 1832 2715 1898 proximi,
2784 1848 2975 1888 mense
3037 1833 3296 1888 nimirum
3365 1833 3670 1889 Februario

2026 1909 2066 1965 Β
2093 1922 2256 1993 357
2287 1922 2592 1992 publicatas
2637 1924 2835 1993 sparsit
2865 1938 2879 1975 :
2913 1924 3110 1993 quibus
3162 1925 3215 1978 in
3245 1925 3440 1981 litteris
3481 1926 3668 1995 Unga-

2095 2014 2193 2069 rize
2216 2029 2276 2069 se
2308 2029 2486 2086 regem
2520 2015 2751 2070 electum
2778 2030 3002 2079 vocans.
3034 2017 3211 2073 aiebat
3241 2017 3446 2073 sultani
3490 2016 3666 2075 Solei-

2094 2107 2290 2172 manis,
2321 2106 2738 2162 clementissimi
2786 2109 2999 2177 patroni
3036 2109 3146 2174 sui,
3175 2109 3316 2165 hanc
3344 2125 3466 2167 esse
3516 2127 3671 2167 men-

2093 2210 2225 2267 tem,
2255 2210 2314 2256 ut
2344 2216 2538 2257 omnes
2575 2202 2723 2270 regni
2787 2202 3011 2260 ordines
3068 2203 3242 2273 ipsius
3289 2204 3563 2262 Erdeliani
3608 2221 3669 2263 se

2090 2292 2431 2363 subjicereiit
2462 2291 2715 2363 imperio,
2749 2293 2795 2347 si
2829 2292 2965 2348 salvi
2993 2307 3116 2350 esse
3170 2294 3386 2350 vellent.
3419 2294 3549 2351 Eam
3595 2297 3666 2354 ob

2090 2397 2206 2438 rem
2254 2383 2524 2439 indixisse
2572 2398 2633 2439 se
2660 2392 2992 2440 conventum
3026 2385 3093 2440 ad
3128 2384 3405 2441 Thordam
3464 2385 3664 2443 Erdelii

2093 2474 2583 2547 (Torrenburgum
2665 2475 2923 2530 Germani
2979 2477 3519 2534 Transsilvanienses
3573 2494 3663 2533 vo-

2092 2564 2258 2635 cant)
2311 2564 2705 2621 celebrandum
2770 2566 3022 2635 proximo
3085 2568 3290 2625 mensis
3344 2568 3522 2624 Martii
3573 2570 3658 2624 die

2092 2658 2303 2712 decimo
2332 2676 2345 2711 :
2378 2673 2501 2726 quae
2532 2657 2750 2726 quidem
2775 2658 2841 2712 ad
2871 2659 3093 2713 comitia
3122 2669 3350 2715 cunctos
3382 2661 3652 2723 invitabat,

2090 2749 2170 2803 uti
2229 2748 2298 2802 de
2328 2751 2700 2804 conservanda
2769 2751 2943 2818 patria
3002 2751 3387 2807 communibus
3423 2753 3561 2807 votis
3605 2751 3660 2805 in

2089 2841 2324 2894 medium
2369 2841 2741 2896 consulerent.
2795 2841 2886 2896 lla:
2934 2843 3146 2906 litterae,
3198 2842 3284 2898 ne
3328 2842 3506 2898 fucata
3538 2842 3662 2898 boni

2089 2931 2294 3001 publici
2325 2933 2530 3001 specie,
2565 2933 2746 2987 minus
2780 2933 3298 3003 circumspectorum
3329 2935 3517 2990 oculos
3548 2950 3667 2999 pcr-

2089 3022 2423 3090 stringerent
2450 3038 2465 3076 :
2499 3037 2528 3075 a
2560 3021 2801 3077 Suendio
2832 3032 3046 3078 mature
3095 3023 3394 3093 solidoque,
3462 3025 3664 3092 scripto

2090 3111 2370 3166 contrario
2405 3111 2473 3165 ad
2520 3112 2736 3167 eosdem
2773 3114 3019 3178 ordines,
3071 3115 3160 3169 die
3211 3113 3391 3168 Martii
3447 3123 3662 3184 quarto,

2090 3203 2234 3272 apud
2275 3199 2597 3271 linguarum
2632 3202 2926 3272 publicato,
2962 3204 3213 3259 refutatu:
3246 3206 3510 3259 fuerunt:
3554 3212 3667 3274 quo

2095 3293 2299 3360 scripto
2322 3293 2641 3349 manifestas
2673 3293 2944 3350 Erdeliani
2980 3294 3200 3351 fraudes
3222 3296 3514 3365 retegebat.
3543 3298 3666 3366 qui-

2092 3384 2200 3440 bus
2224 3385 2413 3442 lideles
2441 3385 2794 3442 Maximiliaui
2814 3390 3043 3457 Augusti
3064 3388 3313 3445 subditos
3339 3391 3667 3459 perturbare

2092 3488 2410 3546 conaretur,
2440 3478 2599 3550 quasi
2621 3480 2832 3535 scilicet
2854 3480 3194 3538 Soleimanes
3216 3482 3283 3537 de
3304 3483 3478 3538 salute
3513 3484 3663 3553 regni

2093 3570 2348 3642 Ungarite
2366 3571 2633 3628 sollicitus
2661 3580 2806 3628 esset
2838 3588 2855 3625 :
2886 3587 3013 3628 eum
3067 3573 3184 3629 suis
3216 3574 3306 3630 ille
3341 3590 3467 3630 cum
3492 3575 3668 3645 majo-

2093 3661 2247 3718 ribus
2279 3678 2308 3716 a
2331 3662 2586 3718 ducentis
2608 3664 2773 3720 annis
2809 3665 2915 3718 hoc
2946 3679 3116 3718 unum
3147 3665 3426 3733 spectarit,
3464 3673 3525 3720 ut
3563 3679 3668 3718 no.

2063 3745 2220 3808 'bilis
2247 3755 2399 3823 regni
2428 3753 2803 3818 fundamenta,
2831 3755 2916 3810 vel
2939 3755 2991 3809 vi
3017 3764 3074 3811 et
3093 3756 3283 3821 armis,
3309 3756 3394 3812 vel
3415 3756 3667 3813 discidiis

2093 3844 2370 3910 civilibus,
2391 3853 2447 3901 et
2466 3843 2967 3903 machinationibus
2997 3846 3277 3903 insidiosis
3301 3849 3665 3904 subverteret.

2092 3934 2363 3991 Gavcrent
2411 3934 2517 3989 sibi
2541 3934 2612 3990 ab
2665 3934 2937 4004 ejusmodi
2990 3947 3098 3992 tam
3158 3936 3452 4003 Erdeliani,
3496 3954 3667 4009 quam

2096 4025 2428 4083 Soleimanis
2464 4025 2808 4097 imposturis,
2870 4044 2973 4085 nec
3018 4044 3144 4086 cum
3196 4029 3487 4087 Erdeliano
3514 4046 3671 4087 com-

2095 4133 2263 4174 mune
2311 4120 2609 4189 quidquam
2667 4119 2952 4184 baberent,
3017 4137 3119 4178 nec
3181 4122 3251 4179 ad
3300 4121 3671 4189 fraudulenta,

2096 4211 2396 4279 patriaeque
2449 4211 2695 4266 nocitura
2748 4212 2972 4269 comitia
3004 4229 3338 4286 quemquam
3376 4217 3481 4273 sub
3509 4230 3672 4287 pana

2097 4302 2493 4372 perduellionis
2513 4304 2851 4374 ablegarent.

2166 4394 2369 4451 Eodem
2406 4410 2571 4461 anno,
2620 4411 2751 4452 vere
2795 4397 3041 4466 ineunte,
3092 4397 3259 4455 Pialis
3289 4399 3449 4456 bassa
3494 4401 3670 4471 prius,

2096 4503 2258 4559 quam
2314 4488 2869 4560 Constantinopolim,
2918 4491 3086 4548 rebus
3132 4494 3199 4547 ad
3235 4491 3457 4547 Meliten
3486 4491 3674 4546 infeli-

417 4594 472 4646 in
524 4591 759 4648 insulam
818 4587 1184 4657 exposuisset.
1252 4583 1371 4652 Quo
1411 4583 1637 4648 factum,
1700 4592 1761 4639 ut
1821 4581 1987 4639 Turci
2026 4583 2233 4670 Deiter
2271 4581 2465 4649 gestis,
2515 4595 2642 4636 cum
2692 4581 2869 4638 classe
2920 4583 3157 4649 rediret;
3210 4599 3281 4638 ne
3310 4585 3445 4638 nihil
3489 4586 3679 4654 egisse

419 4685 641 4747 fallam,
673 4698 783 4753 pra:
816 4680 1131 4744 formidine,
1173 4676 1353 4749 fugam
1385 4676 1731 4747 arriperent:
1765 4684 1820 4730 et
1849 4674 1992 4729 mul-

422 4776 491 4830 tis
530 4788 751 4829 suorum
802 4771 1041 4827 millibus
1101 4756 1446 4835 desidi-ratis,
1486 4765 1853 4837 ignominioso
1897 4765 1994 4820 do-

422 4879 571 4919 mum
617 4864 873 4919 redirent.
906 4861 1131 4934 Pigebat
1158 4876 1222 4917 ac
1252 4862 1485 4931 pudebat
1534 4858 1845 4929 suscepisse
1876 4873 1990 4914 rem

423 4970 531 5012 tam
572 4957 824 5020 arduam,
883 4956 936 5010 in
998 4953 1157 5025 cujus
1213 4952 1553 5022 perﬁciendae
1597 4960 1797 5006 conatu
1849 4966 1993 5007 vano

418 5047 620 5114 23,000
677 5061 899 5121 suorum
934 5046 1268 5100 amisissent.
1327 5042 1401 5097 Ex
1462 5042 1833 5111 Mclitensibus
1884 5043 1993 5097 ξω

419 5144 655 5210 equites,
694 5138 926 5193 militum
960 5135 1149 5201 3,000,
1172 5136 1316 5192 bello
1356 5137 1563 5190 inutilis
1595 5135 1768 5190 turba:
1813 5136 1991 5205 capita

419 5234 558 5307 47,00
581 5247 744 5287 caesa.
781 5230 984 5284 Bellum
1009 5238 1219 5300 gestum
1252 5229 1351 5284 luit
1404 5243 1550 5282 anno
1610 5226 1994 5281 Mahumetauo

417 5327 515 5381 θη
556 5326 708 5395 (cm.
754 5322 935 5393 1565).

493 5418 838 5488 lnauspicat‘o
877 5426 1084 5473 tentata
1109 5414 1317 5471 Melites
1344 5412 1700 5482 expugnatio,
1718 5411 1994 5481 quotidia—

422 5511 586 5579 niquc
616 5508 967 5565 Maximiliaui
990 5507 1224 5563 Czesaris
1249 5504 1542 5561 Erdeliano
1568 5503 1710 5559 bello
1743 5519 1994 5574 progres-

421 5616 539 5665 sus,
588 5617 723 5669 pene
775 5601 976 5656 sultani
1033 5597 1364 5653 Soleimanis
1398 5596 1640 5650 auimmn
1686 5597 1753 5650 ad
1784 5597 1992 5650 rabiem

420 5689 746 5761 adegerunt.
779 5690 1027 5762 Cumque
1053 5704 1159 5744 non
1191 5697 1436 5744 cessaret
1462 5686 1532 5753 is,
1556 5702 1718 5757 quem
1755 5686 1996 5741 diximus

424 5782 626 5837 Erdelii
662 5783 851 5852 begus,
889 5798 1014 5837 cum
1048 5779 1343 5851 perpetuis,
1376 5780 1440 5831 ad
1474 5778 1832 5833 invadendam
1885 5777 1999 5832 Un-

424 5875 655 5949 gariam,
686 5875 922 5931 stimulis
945 5882 1185 5929 excitare
1219 5889 1232 5926 :
1270 5872 1507 5929 decrevit
1530 5872 1763 5946 denique
1790 5869 1992 5927 bellum

1593 6004 1603 6033 l

2099 4673 2202 4730 hac
2229 4673 2573 4743 expeditione
2617 4672 2914 4740 videretur,
2947 4674 3146 4731 Chium
3178 4675 3349 4747 Egmi
3384 4676 3554 4732 maris
3580 4676 3675 4730 in-

2096 4766 2298 4828 sulam,
2330 4782 2361 4820 a
2391 4765 2724 4823 Christianis
2768 4766 2968 4836 partim
3026 4766 3197 4835 Italis,
3235 4769 3432 4838 partim
3467 4767 3678 4823 Graecis

2097 4858 2478 4921 inhabitatam.
2518 4859 2624 4914 sub
2673 4859 2864 4929 jugum
2915 4858 3136 4915 mittere
3182 4862 3398 4916 statuit.
3449 4859 3523 4914 Ea
3567 4857 3673 4915 Ge-

2098 4951 2383 5007 nuensium
2433 4953 2486 5007 in
2523 4961 2813 5020 potestate.
2837 4951 2947 5020 jam
2978 4953 3120 5008 ultra
3153 4954 3264 5008 duo
3318 4952 3518 5009 saecula
3546 4946 3671 5010 fue-

2096 5051 2202 5104 rat.
2248 5042 2377 5097 inde
2427 5059 2600 5113 usque
2646 5058 2676 5097 a
2720 5041 3034 5100 Grecorum
3098 5032 3491 5115 imperatorum
3538 5054 3672 5098 tem-

2097 5134 2326 5204 poribus
2383 5134 2582 5190 libera.
2643 5133 2753 5189 Sed
2806 5136 3085 5190 crescente
3147 5134 3363 5191 tandem
3430 5134 3673 5204 potentia

2097 5225 2347 5292 Turcica,
2379 5242 2448 5283 ne
2498 5241 2726 5294 prorsus
2790 5228 2846 5282 in
2898 5227 3219 5285 servitutem
3269 5227 3675 5299 redigerentur,

2098 5327 2291 5389 sponte
2323 5335 2423 5377 sua
2453 5319 2721 5374 tributum
2762 5320 3097 5378 obtulerant.
3150 5319 3281 5390 Ejus
3333 5319 3524 5375 tributi
3567 5333 3675 5372 no-

2098 5411 2248 5466 mine
2279 5412 2580 5483 quotannis
2630 5410 2805 5468 10000
2845 5427 3131 5467 nummum
3180 5426 3496 5478 aureorum,
3536 5425 3676 5480 quos

2101 5504 2333 5559 ducatos
2361 5512 2581 5567 vocant.
2616 5504 3006 5571 solvebantur;
3062 5519 3128 5560 ac
3176 5516 3438 5574 Praterea
3486 5503 3669 5558 distri-

2100 5594 2407 5651 buebantur
2449 5595 2504 5650 in
2544 5595 2737 5650 bassas
2791 5596 2999 5651 vczires
3022 5596 3088 5651 ad
3117 5597 3228 5652 duo
3263 5597 3453 5652 millia.
3484 5597 3675 5650 Causa:

2100 5694 2321 5756 prapter
2346 5702 2483 5755 quas
2521 5701 2641 5740 eam
2681 5686 2869 5750 Pialis.
2903 5688 3106 5743 abolita
3134 5689 3386 5749 libertate
3419 5688 3675 5758 pristina,

2099 5778 2496 5848 subjugaudam
2534 5779 2790 5845 ducebat,
2836 5780 2919 5835 ha:
2937 5781 3421 5850 ’pra'texebantur.
3467 5778 3675 5843 Prima,

2100 5872 2246 5942 quod
2309 5870 2609 5942 exploratis
2638 5869 2942 5932 Turcorum
2990 5873 3261 5933 consiliis.
3315 5889 3460 5929 anno
3507 5886 3676 5935 supe-
