4126 6426
377 440 484 505 661

1482 439 1830 500 SUPI’LEM
1848 483 1860 496 .
1905 439 2180 503 ANNAL.
2225 439 2536 502 TURCIC.

3529 438 3648 498 δεῖ

377 563 527 615 riore
560 553 935 611 Melitensibus
988 553 1358 617 nuntiassent,
1407 569 1526 620 quae
1574 552 1626 606 in
1660 567 1756 607 eos
1780 551 1943 606 Turci
1981 554 2025 613 Α
2055 569 2173 617 qum.
2207 553 2424 620 quidem
2453 551 2631 621 pranla
2666 566 2787 608 mos
2822 551 3173 607 obsessorum
3200 554 3490 608 commodo
3513 569 3636 607 ces-

381 651 723 705 molirentnr.
759 646 985 710 Deinde,
1025 644 1170 715 quod
1208 633 1413 701 biennii
1446 645 1709 698 tributum
1745 643 1960 698 sultano

383 740 682 796 Solcimani
709 738 990 794 deberent.
1042 736 1096 790 ld
1158 737 1390 791 avaritia
1427 737 1612 804 legati.
1644 735 1961 789 Constanti-

376 832 569 900 nopoli
607 845 691 884 res
719 829 962 896 ipsorum
996 828 1140 897 apud
1193 827 1413 882 Portam
1463 829 1704 898 gerentis
1744 827 1962 880 accide-

390 933 502 986 rat;
543 921 631 990 qui
665 921 829 976 etiam
855 919 1107 973 donanda
1151 917 1470 973 Mecbemeti
1511 921 1687 974 bassaa
1715 919 1883 971 veziri
1909 928 1962 971 et

381 1012 506 1068 aliis
535 1027 785 1074 munera,
815 1027 949 1067 suos
975 1011 1030 1066 in
1059 1025 1195 1066 usus
1231 1020 1486 1065 verterat.
1523 1007 1792 1064 Praeterea
1823 1026 1962 1064 con-

379 1101 658 1158 ferebatur
703 1104 757 1158 in
811 1119 906 1158 eos
936 1103 1096 1172 culpa
1137 1113 1472 1173 receptorum
1518 1103 1960 1158 Christianorum

381 1195 816 1264 mancipiorum,
865 1211 987 1266 quae
1046 1196 1298 1266 quotidie
1351 1195 1833 1263 Constantinopoli
1894 1195 1961 1248 ad

381 1289 530 1356 ipsos
567 1286 942 1359 profugerent,
989 1303 1131 1356 eque
1170 1285 1310 1344 Chio
1341 1287 1564 1342 domum
1606 1289 1672 1342 ad
1703 1304 1839 1343 suos
1873 1303 1964 1342 re-

380 1382 749 1434 mitterentur.
783 1378 850 1432 Et
909 1379 1072 1448 paulo
1134 1390 1263 1433 ante
1325 1379 1604 1434 ferebatur
1659 1380 1964 1437 Meebeme-

381 1471 450 1524 tis
533 1470 710 1523 bass:e
795 1470 994 1524 veziris
1056 1469 1240 1523 nobile
1288 1471 1564 1538 quoddam
1628 1472 1960 1540 mancipium

383 1576 448 1614 eo
481 1576 540 1615 se
573 1560 892 1625 contulisse,
939 1561 1098 1625 cujus
1137 1561 1252 1630 ipse
1284 1561 1367 1614 vel
1409 1563 1844 1618 restitutionem.
1883 1565 1962 1617 vel

384 1651 620 1717 pretium
679 1653 750 1706 ab
807 1653 888 1708 eis
957 1654 1238 1721 poscebat.
1292 1651 1400 1708 llas
1459 1653 1626 1719 igitur
1664 1655 1736 1710 ob
1768 1672 1964 1712 causas

385 1742 551 1796 l’ialis
581 1757 676 1796 eos
721 1743 1112 1810 castigaturus,
1145 1742 1213 1796 ad
1246 1743 1484 1797 insulam
1523 1746 1782 1800 universa
1837 1761 1961 1800 cum

387 1837 560 1889 classe
584 1833 734 1890 feriis
761 1834 1133 1904 paschalibus,
1167 1849 1307 1904 quas
1335 1835 1779 1890 Christianorum
1814 1852 1964 1892 more

385 1930 644 1982 Chienses
681 1936 794 1982 tum
844 1926 1214 1990 celebrabant,
1268 1925 1520 1994 appellit;
1554 1927 1955 1995 confestimque
1989 1917 2028 1972 Β

375 2021 532 2088 jubet
579 2023 644 2075 ad
701 2035 758 2074 se
790 2019 1100 2088 praetoriam
1147 2020 1201 2073 in
1253 2020 1530 2073 triremem
1590 2021 1775 2073 venire
1817 2035 1957 2088 prte-

380 2116 583 2170 fectutn
635 2113 824 2168 insulae
888 2128 1014 2168 cum
1071 2111 1355 2166 duodecim
1399 2112 1530 2166 viris
1565 2111 1955 2180 rempublicam

383 2207 921 2261 administrantibus.
955 2204 1188 2268 Interea,
1221 2205 1348 2257 dum
1383 2205 1436 2258 hi
1472 2207 1540 2258 ab
1577 2204 1695 2272 ipso
1727 2203 1779 2256 in
1823 2219 1956 2271 prte-

387 2299 523 2352 toria
558 2299 887 2361 detinentur,
919 2297 1178 2368 palatium
1211 2299 1467 2360 civitatis.
1503 2297 1554 2350 in
1586 2313 1697 2366 quo
1732 2308 1957 2351 Senatus.

385 2391 578 2447 haberi
607 2392 833 2456 solebat,
893 2393 945 2444 in
999 2400 1316 2459 potestatem
1363 2407 1392 2446 a
1425 2390 1620 2446 Turcis
1678 2406 1802 2445 eum
1831 2405 1958 2446 arce

383 2485 666 2553 redigitur,
701 2485 1048 2551 magistratus
1076 2485 1156 2538 eis
1206 2484 1472 2540 'l'ureicus
1527 2485 1709 2550 datur,
1757 2483 1957 2552 templa

379 2578 691 2634 Christiana
731 2578 849 2633 solo
889 2587 1197 2644 aequantur.
1266 2576 1500 2630 Unicum
1563 2577 1740 2632 sancti
1774 2575 1957 2629 Domi-

377 2672 486 2726 nici
514 2673 792 2736 relictum,
835 2671 1034 2726 ritibus
1079 2670 1385 2724 Turcorum
1427 2669 1774 2732 initiatur,ut
1813 2685 1956 2749 mes-

375 2765 494 2819 sitze
547 2763 670 2819 loco
706 2762 899 2817 Turcis
956 2770 1121 2818 esset.
1156 2761 1334 2831 Ipsius
1397 2761 1669 2830 pra-tecti,
1711 2776 1776 2816 ac
1817 2761 1958 2816 duo-

376 2851 743 2912 decitnvirttm
807 2854 1049 2919 familiae,
1116 2869 1241 2909 cum
1297 2854 1419 2908 aliis
1471 2853 1773 2922 primariis.
1813 2855 1960 2908 Con-

379 2949 792 3017 stantinopolim
847 2947 1165 3008 mittuntur,
1229 2955 1284 3000 et
1335 2946 1463 3000 hinc
1522 2947 1648 3001 inde
1679 2945 1867 3001 varias
1902 2945 1955 3000 iu

381 3045 632 3113 regiones
664 3041 1048 3110 deportantur;
1101 3037 1279 3093 dncc
1314 3039 1533 3092 tandem
1568 3038 1956 3108 subsequenti-

377 3139 480 3193 bus
508 3136 692 3201 annis,
734 3133 1106 3188 intercedente
1137 3149 1262 3200 rege
1300 3131 1476 3190 Gallo.
1513 3131 1711 3186 Turcis
1747 3132 1960 3186 confir-

2065 643 2153 698 sit.
2191 642 2380 696 Soluta
2407 656 2601 711 praeter
2630 659 2779 712 spem
2809 644 2862 698 in
2898 644 3046 699 hunc
3071 644 3293 698 modum
3329 645 3638 711 obsidione,

2063 733 2374 801 praesidium
2407 735 2551 790 arcis
2598 746 2817 791 auctum
2867 735 2989 800 fuit,
3015 744 3091 812 [et
3141 737 3432 791 instaurati
3469 739 3634 798 muri,

2063 827 2131 878 ab
2165 827 2321 881 hoste
2354 828 2542 882 diruti.

2137 918 2386 974 Liberata
2417 921 2701 976 obsidione
2739 920 2948 986 Palota,
2978 938 3104 977 mox
3151 924 3281 976 ittnn
3313 923 3378 976 ad
3406 923 3636 987 eripien-

2062 1011 2187 1064 dam
2243 1012 2385 1066 hosti
2427 1014 2704 1067 civitatem
2757 1012 3243 1082 Vespriuicnsetn;
3294 1015 3460 1086 358
3491 1016 3633 1081 quod

2063 1103 2238 1171 captis
2273 1104 2579 1159 Turcorum
2615 1105 3078 1174 exploratoribus,
3105 1109 3438 1161 intellectum
3470 1117 3632 1169 esset,

2066 1198 2229 1263 huius
2278 1198 2380 1251 loci
2455 1197 2674 1265 begum,
2753 1199 2936 1254 studio
3010 1202 3238 1253 nocendi
3307 1200 3637 1254 Christianis
3729 1207 3741 1262 _‘

2061 1302 2366 1358 egressum,
2399 1291 2627 1344 meliore
2668 1291 2906 1358 prmsidii
2952 1301 3102 1357 parte
3155 1290 3496 1359 Vespriniutn
3536 1309 3638 1342 nn-

2063 1382 2244 1436 dasse.
2271 1381 2613 1451 Quapropter
2640 1383 2822 1451 Egone
2849 1382 3115 1437 Salmeusi
3151 1384 3350 1437 comite
3385 1383 3639 1436 illustris-

2063 1477 2204 1529 simo
2243 1491 2372 1531 suas
2405 1492 2526 1531 eum
2563 1475 2902 1530 llelfestaino
2958 1487 3008 1531 cl
3059 1475 3284 1531 Nicolao
3321 1476 3638 1531 llatestadio

2063 1571 2428 1638 conjungente
2485 1569 2695 1637 copias,
2723 1569 3034 1637 penultimo
3066 1568 3216 1623 Janii
3269 1569 3356 1622 die
3398 1577 3634 1636 emptum

2064 1661 2307 1715 obsideri
2345 1659 2716 1728 Vesprininm,
2761 1661 3024 1729 postridie
3069 1661 3414 1714 memorabili
3443 1661 3639 1713 celeri-

2066 1763 2176 1807 tate
2257 1753 2358 1806 fuit
2426 1762 2821 1822 expugnatum,
2887 1768 3029 1806 anno
3084 1753 3472 1808 Mahumetano
3533 1754 3642 1807 8'75

2066 1845 2219 1914 (Chr.
2258 1843 2440 1911 1566).
2472 1845 2725 1914 Quinque
2751 1845 3018 1900 duntaxat
3063 1847 3330 1910 exceptis,
3362 1844 3541 1898 caeteri
3572 1845 3645 1896 ad-

2059 1951 2228 1990 unum
2259 1935 2515 1990 trucidati
2570 1937 2720 1990 fuere
2770 1937 3021 2001 Barbari,
3080 1937 3225 2004 quod
3279 1953 3385 1990 non
3423 1936 3495 1990 ita
3529 1938 3640 2004 pri-

2058 2029 2178 2082 dem
2203 2029 2448 2097 captivos
2472 2043 2668 2097 magno
2695 2043 2925 2083 numero
2947 2027 3293 2082 Christianos
3327 2027 3640 2081 immaniter

2058 2123 2406 2177 occidissent.

2127 2214 2210 2269 Ab
2238 2213 2428 2268 eodem
2467 2211 2649 2284 Egone
2699 2213 2900 2269 comite
2947 2213 3215 2269 Salmensi
3261 2220 3421 2282 capta
3456 2210 3557 2264 fuit
3585 2217 3641 2264 et

2058 2309 2218 2374 Tata,
2280 2323 2466 2363 mense
2515 2308 2680 2374 Julio,
2728 2307 2886 2364 cmsis
2934 2305 3326 2377 praesidiariis;
3395 2305 3639 2373 itemque

2057 2401 2249 2456 Gester
2281 2385 2599 2464 castellum,
2636 2401 2703 2455 ab
2746 2399 2944 2454 incolis
2973 2397 3172 2452 Turcis
3227 2405 3377 2451 metu
3430 2396 3638 2450 adven-

2059 2485 2227 2547 tantis
2254 2491 2473 2546 comitis
2516 2491 2824 2556 desertum;
2858 2506 2998 2560 quos
3047 2488 3241 2543 imitati
3292 2485 3640 2541 Vethaimen-

2060 2598 2170 2649 ses,
2224 2581 2536 2637 lscochiaui
2593 2590 2649 2636 et
2714 2581 2947 2635 aliorum
3017 2579 3367 2634 castellorum
3423 2575 3639 2639 incolae,

2058 2677 2274 2731 flamma
2300 2676 2544 2731 castellis
2581 2678 2700 2730 suis
2735 2673 2961 2744 injecta,
3010 2672 3352 2744 Strigonium
3401 2684 3459 2725 se
3490 2683 3641 2724 recc-

2057 2778 2288 2841 perunt;
2347 2770 2492 2839 quod
2539 2770 2898 2832 obsessurus,
2963 2767 3208 2822 victoriae
3246 2761 3642 2835 prosequendm

2059 2876 2246 2924 causa,
2281 2876 2407 2916 mox
2440 2870 2560 2916 erat
2597 2860 2905 2916 Salmensis
2944 2873 3154 2920 comes,
3186 2856 3291 2910 nisi
3319 2856 3386 2912 de
3416 2855 3643 2925 quibus-

2061 2953 2184 3006 dam
2240 2953 2423 3009 eausis
2463 2953 2618 3007 aliud
2666 2951 2985 3022 imperatori
3039 2949 3408 3004 Maximiliano
3463 2947 3647 3000 visum

2061 3047 2278 3101 fuisset.

2131 3143 2376 3213 Augusto
2414 3159 2598 3196 mense
2641 3142 2936 3203 Suendius,
2970 3141 3060 3211 qui
3096 3149 3246 3194 certo
3277 3137 3511 3194 consilio
3543 3152 3638 3190 sn-

375 3231 587 3291 derato,
629 3228 816 3298 patriae
843 3225 1080 3282 restituti
1114 3224 1356 3287 fuerunt,
1384 3234 1439 3280 et
1474 3228 1668 3279 umbra
1703 3229 1952 3294 qumdatn
1980 3260 2026 3323 ο
2061 3237 2275 3306 periure
2311 3233 2364 3287 in
2404 3233 2664 3304 Uttgaria,
2705 3244 2760 3290 οι
2817 3249 2949 3304 agro
2981 3233 3308 3302 Cepisiensi,
3345 3230 3474 3284 dum
3526 3227 3639 3282 Ma...

374 3319 877 3376 administrationis
929 3319 1376 3387 judiciorumque
1441 3320 1801 3386 pristinorum
1856 3321 1956 3372 mi-

377 3415 520 3468 seris
554 3412 882 3466 Chiensibus
912 3425 1198 3474 concessa,
1257 3412 1644 3478 provocatione
1691 3411 1956 3465 duntaxat

381 3507 450 3557 ad
510 3505 749 3573 judiccm
805 3503 1101 3558 Turcicum
1157 3504 1420 3568 remissa;
1482 3506 1626 3573 quod
1686 3521 1751 3558 eo
1815 3504 1954 3558 faci-

383 3599 488 3652 lius
553 3597 930 3665 itupetratum,
1014 3612 1083 3652 ne
1165 3595 1498 3652 Christianis
1567 3597 1760 3652 incolis
1849 3597 1957 3651 alio

379 3688 888 3759 connnigrautibus,
927 3688 1106 3744 insula
1157 3687 1373 3743 deserta
1415 3689 1548 3742 nulli
1583 3688 1780 3743 Turcis
1813 3701 1959 3744 esset

378 3782 525 3838 usui.

446 3875 527 3928 Ad
573 3890 661 3930 res
713 3875 767 3929 in
818 3873 1056 3946 Ungaria
1102 3889 1280 3946 gestas
1328 3889 1386 3933 ut
1432 3879 1740 3944 redeamus,
1800 3877 1956 3932 bassa

377 3964 664 4030 Budensis,
709 3977 768 4020 ut
799 3966 1031 4035 imperio
1080 3969 1286 4022 sultaui
1343 3969 1676 4048 §oleimanis
1720 3978 1956 4038 pareret.

381 4057 536 4111 initio
567 4059 774 4114 mensis
805 4055 952 4114 Junii
1013 4060 1259 4114 Palotatn
1320 4060 1556 4112 militum
1594 4075 1798 4114 corona
1852 4056 1960 4113 cir-

378 4149 636 4204 cumdare
664 4151 850 4216 etrapit.
880 4149 1010 4204 Eam
1034 4161 1261 4207 strenue
1290 4167 1412 4203 cum
1441 4152 1555 4206 suis
1583 4151 1962 4221 propugttabat

381 4241 647 4311 Georgius
709 4242 912 4297 Thuris
972 4241 1242 4316 U-garus.
1325 4245 1406 4296 vir
1473 4244 1858 4311 magnanimus
1906 4253 1962 4297 et

382 4333 566 4389 tnultis
597 4337 763 4390 rebus
798 4335 1012 4390 fortiter
1042 4337 1217 4405 gestis
1263 4336 1470 4392 clarus.
1504 4336 1644 4391 Toto
1668 4336 1782 4405 jam
1815 4336 1956 4390 Octi-

380 4427 489 4479 duo
512 4441 700 4480 muros
759 4429 917 4481 bassa
979 4437 1378 4483 tormentorum
1427 4429 1711 4483 continuis
1759 4427 1959 4482 ictibus

383 4520 452 4573 ita
478 4519 854 4585 labefactarat,
887 4521 950 4575 ad
979 4530 1177 4576 terram
1215 4531 1276 4574 ut
1326 4521 1584 4590 prostrati
1614 4521 1960 4576 collaberen-

2058 3329 2378 3382 ximilianns
2432 3331 2716 3394 Augustus
2768 3328 2970 3397 insigni
3007 3337 3060 3382 et
3101 3325 3487 3395 copiosissimo
3514 3335 3638 3375 cum

2058 3420 2305 3474 exercitu
2337 3422 2536 3474 caStris
2573 3420 2637 3472 ad
2689 3418 2975 3473 Jaurinum
3034 3419 3251 3488 positis,
3295 3431 3489 3469 omnes
3537 3413 3640 3467 So-

2059 3512 2310 3567 leimanis
2371 3523 2554 3567 metus
2606 3524 2659 3566 et
2709 3527 3028 3581 progressus
3085 3512 3426 3572 observaret,
3461 3505 3640 3561 subsi-

2057 3611 2204 3658 stere
2235 3618 2338 3657 suo
2385 3619 2509 3657 cum
2551 3604 2722 3656 milite
2762 3603 2950 3672 jussus
3001 3602 3199 3663 fuerat,
3225 3617 3347 3656 cum
3384 3600 3580 3654 excitis
3609 3615 3638 3652 a

2059 3694 2391 3759 Soleitnane,
2450 3702 2641 3759 rogatu
2691 3694 2990 3760 Erdeliaui,
3049 3694 3264 3748 Tataris
3304 3707 3410 3745 non
3446 3705 3637 3759 parum

2057 3785 2202 3853 quod
2242 3793 2427 3853 ageret
2470 3783 2682 3838 habuit.
2721 3783 2934 3852 Quippe
2970 3799 3093 3837 cum
3127 3799 3220 3852 per
3246 3781 3506 3848 Ungariz'e
3542 3793 3637 3832 su-

2059 3877 2293 3945 perioris
2320 3892 2481 3945 agros
2523 3877 2604 3932 cis
2645 3887 2699 3932 et
2732 3879 2872 3930 ultra
2907 3875 3186 3930 'l‘ibiseum
3233 3876 3338 3928 late
3369 3875 3642 3928 discurre-

2061 3978 2200 4034 rent,
2235 3969 2446 4038 praedas
2482 3968 2787 4036 abigerent,
2853 3969 3039 4024 omnia
3097 3967 3327 4020 ﬂammis
3386 3973 3440 4018 et
3493 3965 3640 4019 ferro

2058 4071 2357 4123 vastarent,
2385 4060 2628 4131 cujusvis
2652 4059 2830 4115 :etatis
2868 4069 2923 4117 et
2955 4074 3116 4116 sexus
3155 4060 3408 4113 homines
3442 4058 3638 4125 partim

2060 4153 2421 4217 trucidarent,
2454 4153 2653 4221 partim
2687 4153 2740 4207 in
2776 4153 3093 4208 servitutem
3139 4162 3423 4220 raperent;
3471 4149 3641 4204 dilan

2062 4243 2336 4298 Suendius
2379 4243 2433 4298 in
2465 4259 2582 4308 eos,
2637 4244 2989 4299 multitudine
3035 4243 3369 4311 superiores,
3415 4243 3480 4296 ad
3541 4243 3644 4295 hoc

2062 4352 2234 4406 usque
2270 4346 2486 4405 tempus
2519 4335 2728 4404 pradio,
2754 4352 2864 4408 quo
2896 4337 3220 4406 praecocium
3257 4335 3333 4388 illi
3363 4334 3640 4388 fructuum

2057 4441 2109 4485 et
2171 4445 2398 4483 uvarum
2461 4429 2718 4498 ingluvie,
2784 4429 3111 4496 semetipsos
3167 4426 3443 4496 perditum
3508 4427 3639 4479 ituri

2063 4533 2220 4579 erant
2260 4522 2476 4576 tandem
2505 4537 2573 4577 ex
2614 4519 3144 4589 morbisslanguidos
3178 4526 3234 4571 et
3275 4533 3504 4572 numero
3536 4534 3640 4571 non

383 4623 472 4665 tur
501 4624 552 4666 et
588 4623 1018 4682 propugnatores
1063 4615 1115 4666 in
1140 4624 1391 4668 extremo
1419 4614 1741 4668 discrimine
1771 4628 1959 4668 vcrsa-
1991 4617 2034 4672 υ
2065 4629 2258 4686 parum
2288 4614 2602 4668 deminutos
2647 4627 2964 4683 aggressus,
3022 4609 3174 4664 nullo
3233 4624 3400 4679 prope
3429 4608 3644 4678 negotio

380 4713 592 4768 rentur,
627 4719 753 4757 cum
801 4721 950 4770 ecce,
1006 4720 1105 4758 nec
1149 4705 1433 4772 opinatum
1477 4703 1786 4759 subsidium
1820 4703 1958 4757 divi-

379 4798 529 4851 nitus
558 4799 638 4852 eis
675 4797 917 4852 offertur.
958 4796 1194 4852 Venerat
1237 4794 1527 4851 Jaurinunt
1577 4796 1843 4868 Georgius
1868 4811 1958 4852 co-

379 4902 498 4942 mes
523 4887 910 4952 lielfestaiuus,
954 4889 1209 4944 adductis
1249 4904 1433 4942 secum
1468 4889 1637 4958 signis
1669 4887 1955 4943 duodecim

379 4995 590 5050 magna:
627 4983 843 5037 virtutis
876 4985 1140 5051 peditum.
1174 4983 1227 5035 is
1257 4982 1346 5035 die
1381 4982 1596 5037 decimo
1638 4990 1833 5052 quarto
1863 4981 1962 5036 Ju-

379 5073 456 5128 nii
485 5073 726 5143 plaustra
774 5075 1072 5146 nonaginta
1115 5075 1436 5145 pabulatum
1467 5073 1671 5136 emisit,
1709 5089 1835 5128 cum
1871 5088 1962 5142 pe-

377 5164 552 5218 ditum
615 5174 1019 5234 nongentarum
1073 5165 1332 5234 praesidio
1386 5183 1400 5219 :
1463 5179 1603 5232 quos
1658 5162 1961 5232 conspicati

379 5253 569 5320 'l‘urei,
596 5256 690 5326 qui
725 5255 969 5312 Palotam
1007 5257 1356 5322 obsidebant,
1399 5257 1746 5326 maioresque
1777 5253 1964 5323 copias

379 5346 576 5404 adesse
601 5351 727 5414 ratl,
759 5366 926 5418 quam
964 5365 1160 5420 reapse
1210 5351 1422 5415 forent;
1466 5350 1668 5404 missos
1717 5347 1964 5416 suspica-

382 5441 602 5505 bantur,
638 5450 699 5497 ut
739 5443 1082 5499 obsidionem
1121 5443 1781 5510 Palotanam_solverent.
1818 5440 1964 5496 Con-

382 5531 564 5586 festim
585 5534 749 5589 bassa
776 5535 1021 5604 trepidus
1054 5535 1108 5589 in
1143 5535 1326 5604 fugam
1367 5550 1488 5588 cum
1519 5533 1634 5589 suis
1671 5548 1794 5588 sese
1829 5548 1964 5587 con-

377 5622 570 5689 jicere,
607 5637 830 5695 praeque
877 5627 1046 5681 nimia
1083 5626 1436 5680 festinatione
1477 5625 1731 5691 tentoria,
1759 5624 1967 5678 machi-

386 5731 483 5770 nas
512 5718 765 5784 bellicas,
807 5733 1065 5787 magnum
1115 5732 1368 5772 vasorum
1412 5734 1724 5781 numerum,
1761 5717 1966 5787 quibus

384 5806 465 5862 vel
497 5806 695 5874 farina,
745 5809 826 5863 rel
884 5810 1280 5864 tormentarins
1335 5809 1514 5878 pulvis
1566 5809 1966 5874 contineretur,

381 5915 504 5957 cum
532 5903 659 5958 aliis
683 5913 999 5959 castrorqu
1030 5902 1598 5969 impedimentishosti
1631 5902 1966 5974 relinquere,

2061 4705 2249 4760 decem
2277 4704 2640 4759 Barbarorum
2673 4703 2839 4758 millia
2869 4700 3168 4772 superavit,
3197 4700 3412 4763 cecidit,
3443 4699 3645 4753 finibus

2061 4797 2250 4866 ejecit;
2286 4797 2549 4866 begorum
2586 4796 2970 4860 Turcicorum,
3013 4794 3215 4862 quibus
3275 4794 3357 4848 usi
3407 4792 3646 4848 ducibus

2067 4888 2309 4950 fuerant.
2352 4889 2526 4943 altero
2573 4890 2923 4956 interempto,
2978 4887 3150 4942 altero
3210 4885 3487 4941 lethaliter
3522 4900 3646 4941 sau-

2065 4983 2230 5034 ciato.
2289 4980 2489 5035 Deinde
2525 4981 2743 5051 Georgii
2795 4978 2990 5033 Bebeci
3049 4979 3370 5047 perduellis,
3401 4977 3491 5046 qui
3522 4994 3644 5029 eum

2069 5069 2369 5124 Erdeliano
2400 5078 2456 5124 et
2485 5066 2682 5123 Turcis
2721 5084 2780 5124 se
2827 5067 3218 5137 coniunxerat,
3249 5081 3404 5122 arces
3439 5068 3650 5134 aliquot

2069 5161 2407 5225 Zabatieam,
2440 5158 2774 5223 Pelsozium,
2823 5157 3284 5226 Combazzecum,
3310 5159 3648 5213 Crasnahur-

2070 5271 2211 5319 cam,
2247 5253 2511 5322 Cadigcn,
2551 5252 2770 5322 atiaque
2793 5252 2878 5307 his
2902 5251 3081 5306 vicina
3115 5263 3226 5307 tum
3256 5250 3497 5314 castella,
3537 5259 3647 5303 tttut

2071 5347 2404 5402 munitiones
2444 5345 2802 5416 expugnavit.

2144 5437 2267 5493 Duo
2295 5439 2556 5508 deinceps
2587 5438 2797 5491 munita
2831 5447 3151 5492 nostrorum
3193 5436 3313 5489 loca
3345 5433 3650 5486 Turcorum

2071 5531 2125 5586 in
2159 5546 2354 5585 manus
2390 5546 2606 5597 venere,
2640 5530 2798 5586 Ci-ula
2851 5540 2906 5584 et
2961 5528 3240 5598 Zigetum;
3298 5525 3476 5588 Ciula,
3530 5539 3654 5592 quae

2073 5626 2320 5680 secundo
2339 5625 2468 5680 Julii
2502 5625 2708 5679 mensis
2742 5640 2769 5676 a
2805 5625 3036 5678 Pertavo
3080 5623 3261 5676 vezire
3308 5621 3492 5677 bassa.
3531 5619 3655 5686 jun-

2073 5717 2178 5771 ctis
2207 5725 2262 5769 et
2294 5717 2467 5770 Lassae
2498 5714 2947 5768 Tctncsvarcnsis
2998 5722 3047 5766 et
3098 5710 3373 5766 Erdeliaui
3421 5711 3657 5763 ’l'alaro-

2074 5823 2306 5877 rumque
2359 5806 2556 5876 copiis,
2585 5817 2767 5876 empta
2829 5807 3010 5860 fuerat
3057 5805 3334 5870 obsideri;
3391 5801 3654 5856 scelerata
3717 5789 3722 5796 ’

2077 5901 2313 5957 [Αιάἰδιηί
2374 5898 2646 5955 Kcrcsinii
2722 5897 2961 5968 praefecti
3037 5897 3371 5968 proditione,
3432 5891 3652 5960 Georgii
