4126 6442
430 409 538 477 ὅδῖ

1698 412 2028 473 JOANNIS
2065 413 2529 479 LEUNCLAVU

3594 411 3714 475 θσι

441 528 642 584 Bchcri
677 526 974 600 perduellis
1001 538 1059 586 ct
1090 528 1268 588 amnis
1307 480 1721 598 suiificolloquio
1748 527 2022 595 corrupti,
2053 529 2100 597 Α
2125 529 2214 587 die
2244 539 2447 599 quarto
2484 532 2690 589 mensis
2744 527 3104 598 Septembris.
3146 524 3378 598 Agebat,
3405 540 3532 580 cum
3583 539 3711 580 mo—

433 621 562 677 licet
587 620 829 679 futurum
881 624 1191 681 nuntiasset
1236 621 1545 687 Sueudius,
1586 630 1647 675 ιιι
1679 620 1855 677 hostis
1885 621 2026 676 intra

437 712 671 770 biduum
701 714 1050 773 obsidionem
1091 716 1356 781 solveret.
1412 714 1613 776 Turcis
1658 713 1843 769 dedita
1902 712 2026 771 fuit.

437 807 572 863 Eam
605 805 799 871 Turci,
826 816 1025 878 praeter
1069 807 1342 863 Erdeliani
1405 821 1579 875 spem,
1644 806 2029 863 sibi.retinue-

435 909 594 967 runt;
628 900 985 971 hiantemque
1022 916 1276 962 corvum,
1302 909 1364 956 ut
1395 909 1481 956 est
1518 900 1573 955 in
1607 898 1835 963 fabulis,
1869 914 2027 955 more

436 1008 542 1047 suo
573 992 847 1050 delusere.
884 992 1095 1053 Violata
1121 992 1350 1049 dedititii
1383 992 1489 1049 ildc
1517 991 1816 1049 crudeliter
1852 992 2027 1047 inter-

438 1083 634 1153 empti,
673 1086 862 1154 paucis
928 1086 1197 1141 beneﬁcio
1244 1084 1422 1145 unt-tis
1465 1095 1520 1143 et
1564 1083 2026 1143 arttndiuetorunt

449 1177 673 1248 elapsis.
693 1176 949 1234 Nefarins
984 1179 1231 1249 proditor
1258 1194 1364 1234 non
1401 1179 1574 1234 multo
1605 1186 1726 1249 post
1756 1179 1809 1233 in
1840 1178 2031 1235 vincu-

440 1265 531 1329 lis,
562 1266 706 1337 apud
738 1267 1018 1322 sultauutu
1055 1268 1340 1336 Setimem,
1380 1265 1716 1325 Soleimauis
1742 1282 2028 1324 succeaseo

439 1371 577 1413 rem.
608 1355 680 1411 ob
708 1357 1005 1413 exercitum
1053 1359 1205 1428 prius
1259 1359 1311 1415 itt
1360 1362 1609 1433 captivos
1659 1359 2029 1416 Musnlmanos

439 1445 700 1501 ueritiem
746 1457 1064 1511 accusatus,
1112 1450 1178 1504 de
1232 1450 1508 1506 sententia
1562 1449 1785 1507 Selimis
1827 1452 2030 1507 actori-

440 1538 565 1602 hus,
602 1548 660 1593 ut
693 1555 757 1593 ex
806 1554 998 1595 eorum
1047 1539 1281 1596 arbitrio
1334 1556 1525 1611 pmnas
1557 1541 1752 1608 lueret,
1798 1542 2031 1599 traditus

444 1632 544 1685 fuit
569 1649 585 1699 ;
615 1633 706 1703 qui
738 1633 1020 1691 hominem
1056 1636 1165 1691 vasi
1214 1634 1388 1689 clavis
1430 1636 1712 1704 perforato
1742 1636 1822 1691 sic
1855 1636 2031 1690 inzlu-

443 1733 657 1785 seruut,
715 1733 776 1781 ut
827 1726 974 1780 dolio
1030 1726 1099 1783 de
1151 1736 1338 1783 monte
1377 1743 1475 1797 per
1509 1728 1744 1783 declivia
1777 1729 2030 1798 ρι’ωείρί-

447 1826 583 1881 tato,
615 1817 795 1875 clavis
836 1819 1093 1891 oblongis
1125 1828 1180 1874 et
1214 1820 1393 1876 acutis
1429 1819 1679 1876 conﬁxus
1703 1819 2028 1887 exspiraret.

444 1907 571 1962 Fuit
606 1918 663 1963 et
711 1909 858 1965 filius
890 1919 1131 1981 paterna:
1172 1913 1449 1982 particeps
1483 1912 1902 1974 exsecrationis.
1934 1912 2027 1980 qui

444 1999 667 2067 misere,
694 2000 862 2058 nullis
889 2003 1099 2059 relictis
1126 2002 1461 2069 ltacrcdibtts,
1499 2002 1644 2057 diem
1674 2019 1834 2059 suum
1870 2003 2029 2067 obiit,

445 2091 706 2157 castellis,
742 2095 895 2164 pagis
926 2104 981 2149 et
1010 2095 1136 2151 aliis
1171 2094 1524 2151 facultatibus
1556 2096 1932 2166 amplissimis,
1960 2096 2030 2150 ad

446 2184 656 2240 alienos
686 2185 978 2241 devolutis.

513 2275 726 2335 Interea
763 2278 894 2337 dum
950 2282 1067 2337 haec
1119 2281 1350 2339 diversis
1404 2298 1499 2352 per
1556 2282 1850 2356 ngariam
1893 2284 2029 2345 locis

444 2380 792 2439 gererentur,
823 2373 1075 2433 sultanus
1129 2374 1246 2451 ipse
1279 2374 1624 2432 Solcituancs
1659 2377 1898 2433 transito
1923 2376 2035 2446 pri-

450 2475 599 2537 mum
643 2458 813 2526 Savo,
853 2464 1048 2521 deinde
1090 2465 1287 2529 Dravo,
1325 2456 1490 2541 quem
1520 2478 1685 2538 perite
1710 2467 1896 2537 operis
1934 2469 2037 2525 ad-

449 2554 684 2609 mirandi
732 2566 1134 2624 couttIraverat,
1196 2574 1318 2615 cum
1379 2559 1620 2615 exercitu
1672 2561 2034 2623 ducentorum

449 2643 707 2714 millium,
742 2647 809 2707 ad
844 2646 1221 2717 sultjugandas
1251 2649 1545 2719 llnngariae
1579 2652 1840 2721 reliquias
1863 2653 2034 2707 venit.

452 2734 711 2791 Occurrit
741 2739 1060 2801 adventanti
1087 2756 1212 2799 cum
1250 2742 1409 2799 donis
1441 2742 1660 2805 eximiis
1687 2742 2036 2809 Erdclianns,

452 2827 659 2889 frustra
714 2844 937 2901 regnum
988 2830 1275 2895 ambiens,
1336 2832 1485 2904 quod
1534 2833 1763 2891 avaritia
1808 2833 2040 2889 barbara

453 2921 797 2980 Soleitnaucs
829 2924 1082 3003 ipsejam
1120 2943 1240 3005 spe,
1288 2928 1418 2984 licet
1457 2927 1633 2995 irrita,
1670 2936 1843 2984 totum
1876 2926 2044 2982 ἀργο-

454 3025 628 3081 verat,
658 3033 722 3072 ac
749 3018 984 3073 libidini.
1006 3021 1241 3090 propria:
1268 3022 1591 3076 destinarat.

527 3107 626 3162 Die
660 3109 862 3165 mensis
888 3110 1118 3180 Augusti
1153 3122 1324 3171 sexto
1363 3110 1609 3183 Zigetnm
1643 3111 1902 3169 obsidere
1930 3112 2044 3169 sul-

2133 633 2369 687 reretur,
2387 621 2567 679 artatis
2588 638 2793 678 annum
2820 618 3293 691 septuagesimum
3322 624 3558 675 sextum.
3599 615 3717 671 lm-

2130 715 2286 785 perio
2302 711 2518 783 praefuit
2537 714 2698 771 anuis
2713 712 3079 784 quadraginta
3096 726 3192 768 sex
3214 719 3375 767 etscs
3395 709 3711 765 mensibus.

2201 807 2481 877 Occupato
2530 804 2744 878 Zigeto,
2795 805 3065 861 Babosam
3118 804 3489 887 oppugnaturi
3535 802 3713 861 Terei

2130 899 2401 969 quosdam
2434 915 2467 956 c
2497 899 2617 955 suis
2636 898 2886 962 mittunt,
2913 898 3011 968 qui
3034 912 3220 954 arcent
3256 898 3385 953 dedi
3424 897 3712 968 juberent.

2127 993 2185 1049 id
2216 1008 2349 1049 vero
2372 992 2503 1048 licet
2522 991 2771 1049 facturos
2791 1006 2855 1048 se
2878 990 3054 1047 nostri
3106 998 3398 1059 negarent,
3452 988 3598 1059 quod
3627 996 3718 1042 ta-

2128 1101 2255 1142 men
2282 1102 2403 1141 eam
2435 1084 2656 1142 defendi
2681 1099 2790 1140 non
2808 1098 2975 1155 posse
3006 1093 3197 1141 contra
3225 1084 3335 1139 vim
3361 1092 3567 1139 tantam
3602 1080 3716 1137 sci-

2126 1187 2273 1243 rent,
2308 1180 2588 1235 incensam
2609 1177 2871 1234 dcserunt
2913 1194 2927 1232 :
2983 1191 3219 1248 quorum
3274 1175 3586 1245 exetuplum
3613 1174 3721 1229 Sa-

2124 1268 2292 1327 cbaui
2321 1277 2378 1324 et
2409 1266 2719 1340 turgentes
2770 1274 2900 1324 sunt
2919 1266 3139 1325 imitati.

2206 1360 2408 1418 Eodem
2438 1376 2609 1427 anno,
2648 1361 2739 1415 die
2792 1361 3007 1416 mensis
3051 1359 3298 1428 ejusdem
3329 1357 3592 1411 vicesimo
3612 1367 3722 1412 ter-

2132 1455 2230 1519 tio,
2252 1455 2504 1511 sultsnus
2527 1453 2764 1511 Selimes
2792 1455 3091 1518 secundas,
3118 1453 3298 1509 aetatis
3332 1466 3537 1506 annum
3572 1467 3679 1518 qua
3699 1477 3718 1488 ι

2129 1546 2497 1615 dragesiruun
2533 1546 2835 1602 secundum
2859 1560 3051 1615 agens,
3083 1545 3138 1599 in
3179 1544 3410 1611 imperio
3447 1541 3720 1596 Soleima-

2132 1638 2188 1694 ni
2224 1639 2362 1706 patri
2391 1639 2675 1695 successit.
2710 1638 2925 1708 Quippe
2954 1652 3083 1693 cum
3116 1637 3183 1693 ad
3253 1635 3491 1706 Magnesi
3513 1650 3586 1688 im
3628 1634 3717 1685 in»

2134 1731 2351 1785 tellecta
2392 1740 2570 1785 morte
2599 1731 2797 1800 patris,
2854 1746 2919 1786 ex
2971 1731 3097 1785 Asia
3158 1745 3371 1783 sumtna
3428 1728 3722 1783 celerita'c

2132 1822 2467 1883 iscodarata.
2497 1838 2528 1877 e
2564 1826 2784 1891 regione.
2801 1822 3310 1892 ConstantinOpoiis
3372 1821 3558 1883 sitam,
3612 1820 3722 1873 hoc

2131 1914 2221 1968 die
2245 1915 2618 1985 pervenisset:
2651 1928 2777 1969 mox
2808 1930 2837 1970 a
2875 1915 3146 1984 Bostauge
3185 1913 3371 1974 bassa.
3395 1912 3724 1967 hortulanu—

2134 2024 2255 2062 rum
2288 2008 2565 2078 pralieeto,
2605 2023 2707 2078 pro
2734 2023 2885 2063 more
2918 2006 3132 2061 triremi
3177 2015 3462 2074 exceptus,
3497 2003 3722 2058 etCon-

2133 2101 2546 2170 stantinOpolitn
2579 2111 2729 2155 trans
2747 2101 3091 2171 Bosphorum
3121 2107 3310 2153 vectus
3342 2096 3466 2150 fuit.
3501 2095 3564 2149 Et
3587 2096 3719 2164 quia

2135 2194 2366 2250 Selirues
2398 2210 2656 2264 generum
2679 2208 2863 2259 suum,
2889 2191 3268 2249 lscbenderem
3290 2188 3531 2255 hassam,
3553 2203 3720 2258 quem

2136 2285 2517 2356 prosultaitum
2554 2281 3037 2351 Constantinopoli
3069 2279 3361 2338 discedens
3421 2277 3725 2347 reliquerat

2139 2379 2504 2444 Soleimanes,
2533 2382 2603 2435 de
2634 2378 2873 2433 adventu
2911 2370 3019 2432 'suu
3049 2376 3345 2431 certiorem
3378 2370 3723 2435 reddiderat,

2138 2486 2263 2526 cum
2298 2470 2591 2536 mandatis,
2627 2469 2828 2539 utejus
2864 2481 3032 2536 opera
3095 2464 3391 2533 studioque
3421 2476 3509 2516 res
3538 2462 3602 2517 ad
3633 2461 3718 2516 in»

2138 2579 2388 2633 gressum
2419 2563 2471 2616 iu
2501 2563 2719 2627 urbem,
2739 2573 3103 2630 pompamque
3133 2556 3340 2627 regiam
3386 2558 3709 2625 pertinentes

2139 2657 2261 2711 sine
2293 2670 2447 2709 mora
2483 2663 2814 2723 pararentur
2847 2667 2865 2706 :
2897 2667 3021 2706 mox
3044 2650 3140 2706 illo
3168 2649 3289 2717 ipso
3335 2647 3425 2702 die
3454 2647 3706 2702 deductus

2142 2750 2197 2805 in
2231 2749 2503 2819 sarajum.
2540 2747 2680 2803 solio
2708 2745 2962 2804 consedit
2994 2743 3357 2815 imperatorio
3416 2742 3557 2795 illius
3612 2753 3713 2791 cu-

2142 2842 2333 2909 biculi,
2359 2841 2504 2912 quod
2535 2839 2667 2897 solis
2697 2847 2781 2894 est
2811 2837 3047 2893 sultauis
3103 2832 3535 2891 Osmanidarum
3562 2840 3725 2900 gente

2143 2936 2428 3008 prognatis
2453 2947 2726 3004 occupare
2771 2932 3125 3001 permissum.
3186 2926 3316 2983 lude
3370 2944 3465 2998 per
3531 2926 3725 2980 urbem

2144 3026 2604 3099 proclamatioues
2639 3036 2794 3081 more
2825 3024 3096 3094 majorum
3127 3021 3304 3087 facta,
3351 3021 3557 3091 quibus
3602 3024 3731 3072 vota

2146 3118 2883 3189 primumconcipiebxntur,
2922 3125 2984 3172 ut
3043 3114 3224 3168 anima
3278 3109 3606 3168 Soleimanis
3669 3111 3729 3162 in

456 3211 619 3257 ianus
644 3201 833 3270 erepit,
879 3202 1027 3273 quod
1056 3202 1185 3258 licet
1234 3205 1499 3258 acerrime
1528 3212 1968 3273 propugnaretur
2006 3218 2036 3259 a
2065 3223 2107 3281 ο
2142 3212 2399 3283 paradiso
2424 3210 2552 3265 felix
2571 3225 2748 3266 avum
2781 3218 2985 3279 ageret,
3028 3221 3092 3261 ac
3122 3207 3177 3260 in
3202 3213 3462 3273 perpetua
3532 3201 3711 3272 gloria

456 3287 688 3346 Nicolao
734 3291 937 3347 comite
993 3291 1234 3361 Zerinio,
1291 3294 1593 3353 fortissimo
1629 3307 1684 3352 et
1714 3296 2040 3352 immortalis

457 3383 646 3452 gloria:
717 3383 855 3450 viro,
928 3386 1165 3456 praesidii
1217 3387 1505 3458 pra-ferito;
1576 3389 1791 3444 tandem
1856 3398 2039 3444 tanton

462 3480 549 3534 die
589 3482 823 3551 septimo
856 3482 1062 3539 mensis
1121 3483 1459 3553 Septembris
1510 3494 1877 3556 expugnatum
1912 3483 2038 3548 fuit,

463 3574 582 3641 ipso
621 3572 824 3629 comite
893 3572 1136 3643 Zerinin,
1196 3590 1323 3633 cum.
1384 3575 1584 3647 insigni
1617 3576 1882 3635 nobilium
1925 3574 2042 3632 Un—

459 3667 737 3734 garorium
765 3679 1228 3738 strenuorumquc
1290 3669 1525 3730 militum
1565 3685 1795 3727 numero
1819 3711 1836 3738 ,
1871 3671 1953 3728 sic
2010 3683 2043 3725 a

460 3759 715 3816 Barbaris
766 3760 1118 3832 interempto,
1172 3776 1282 3821 non
1337 3762 1546 3819 inultus
1593 3778 1720 3827 cum
1793 3764 1913 3823 suis
1982 3771 2047 3823 ut

462 3853 792 3913 occubuisse
813 3855 922 3913 dici
952 3856 1149 3928 possit.
1188 3855 1405 3927 Quippe
1448 3871 1558 3917 non
1598 3856 1825 3929 triginta
1852 3855 2043 3913 ,millia

461 3960 695 4017 suorum
714 3947 984 4019 duntaxat
1010 3948 1197 4007 hostes
1224 3948 1637 4015 desiderarunt,
1664 3948 2041 4021 verumetiam

462 4036 647 4119 triduo
676 4047 802 4095 ante
835 4052 1148 4108 supremam
1202 4022 1518 4099 nosti-orum
1551 4037 1760 4099 cladem
1788 4038 2043 4094 sultauus

464 4124 827 4193 Soleimaues,
858 4127 1088 4185 necdum
1124 4126 1354 4189 victoria
1392 4127 1460 4183 de
1508 4127 1787 4201 Zigctauis
1814 4127 2021 4197 patitus

464 4219 707 4273 fremens
746 4228 803 4273 et
848 4217 1109 4277 frendens
1161 4218 1436 4275 infelicem
1471 4221 1749 4284 exhalavit
1776 4221 2019 4277 animant

464 4308 599 4380 Ejus
638 4311 825 4366 obitus
876 4314 1143 4395 tantisper
1194 4314 1506 4372 occultatus
1560 4314 1663 4370 fuit
1710 4325 1832 4370 astu
1870 4315 2046 4385 vafer;-

464 4403 590 4458 rinti
621 4404 820 4460 vcziris
859 4408 1034 4462 hassa‘.
1068 4404 1445 4472 Mechemetis,
1481 4414 1643 4462 nuctu
1675 4407 1843 4462 etiam
1872 4403 2046 4461 Solvi-

467 4495 644 4559 tuanis
673 4496 948 4555 arcbiatro
979 4497 1125 4555 clam
1166 4509 1384 4560 necato,
1434 4513 1504 4561 ne
1553 4513 1648 4571 per
1687 4512 1814 4554 eum
1841 4496 2044 4559 sultani

2141 3310 2452 3382 quiesceret
2479 3324 2493 3362 :
2521 3307 2744 3369 deinde,
2775 3302 2976 3359 multos
3013 3311 3073 3359 ut
3100 3314 3277 3356 annos
3323 3298 3531 3355 viveret
3558 3297 3734 3351 sulta-

2142 3417 2247 3456 nus
2280 3400 2512 3467 Sclimes
2547 3398 2723 3457 Chan.
2766 3394 3129 3466 prosperique
3155 3401 3333 3450 status
3386 3390 3733 3446 incremento

2142 3494 2402 3547 continuo
2442 3490 2732 3547 frueretur.

2216 3585 2513 3649 Postridie,
2547 3586 2639 3654 qui
2672 3586 2787 3639 dies
2815 3592 2936 3638 erat
2978 3582 3278 3638 vicesimus
3335 3588 3564 3650 quartus
3593 3578 3711 3644 Sep

2144 3674 2399 3738 tembris,
2439 3689 2474 3729 e
2511 3676 2697 3743 sarajo
2719 3673 2947 3745 prodiit,
2979 3688 3149 3744 seque
3181 3686 3280 3743 per
3305 3670 3494 3726 urbem
3524 3668 3739 3739 populo

2145 3767 2507 3837 spectandum
2539 3766 2810 3822 exhibuit.
2833 3766 3057 3837 Peregit
3082 3775 3134 3820 et
3161 3774 3419 3836 paternas
3435 3761 3731 3830 exsequias

2143 3878 2210 3918 ac
2243 3875 2443 3933 magno
2471 3860 2792 3915 animalium
2832 3874 3063 3915 numero
3100 3871 3264 3924 caeso,
3332 3856 3580 3924 cibisque
3630 3868 3734 3909 co-

2143 3955 2449 4013 ctisitidem
2470 3951 2800 4021 innumeris,
2844 3952 3067 4024 epulum
3129 3950 3361 4006 funebre
3418 3948 3733 4019 quibusvis,

2144 4064 2274 4105 cum
2315 4046 2552 4119 ingentis
2576 4060 2804 4102 summa:
2848 4058 3137 4115 asprorum
3192 4043 3532 4112 erogatione,
3587 4055 3733 4109 prte-

2145 4141 2287 4197 bttit.
2316 4139 2446 4197 inde
2478 4137 2712 4194 solemni
2741 4151 2963 4208 pompa,
2997 4134 3353 4204 maximoque
3380 4145 3606 4188 suorum
3632 4144 3738 4201 ap—

2145 4235 2366 4306 plausu,
2393 4232 2447 4285 in
2490 4230 2735 4301 sarajuut
2762 4230 2951 4286 rediit.

2218 4327 2528 4391 Antequam
2560 4321 2677 4377 haec
2704 4321 2916 4387 tierent,
2944 4335 3038 4391 per
3075 4316 3457 4373 lschcnderem
3508 4316 3734 4371 bassam

2147 4416 2526 4486 prosultanum
2577 4413 2797 4470 evocari
2832 4427 2899 4468 ex
2934 4409 3191 4468 omnibus
3236 4410 3371 4466 locis
3425 4409 3737 4481 genium,

2148 4511 2390 4571 paterna:
2416 4501 2612 4557 mortis
2641 4501 2822 4555 adhuc
2843 4506 3085 4569 ignaros,
3106 4498 3162 4551 in
3188 4495 3451 4568 oppidum
3472 4509 3581 4549 non
3605 4508 3745 4564 pro—

468 4605 620 4646 mors
652 4601 955 4657 emanarit,
995 4592 1124 4648 dum
1157 4605 1317 4647 socer
1353 4589 1474 4663 ejus
1499 4589 1751 4655 Selitucs,
1779 4587 2041 4644 Soleima-
2079 4573 2123 4631 ί)
2151 4595 2289 4651 cuia
2313 4591 2791 4663 Constantinopoli
2823 4592 3016 4656 situm,
3054 4589 3158 4645 sub
3190 4597 3455 4661 praetextu
3483 4586 3741 4642 mittendi

466 4683 555 4738 nis
602 4682 768 4749 (ilius.
829 4693 1103 4755 occupato
1148 4684 1287 4738 citra
1346 4680 1638 4739 tumultum
1696 4681 1948 4750 imperio,
1979 4679 2049 4736 ad

467 4777 769 4832 exercitum
795 4776 846 4831 in
875 4784 1058 4835 castra
1087 4776 1347 4831 venisset.
1375 4773 1514 4829 Nam
1545 4776 1592 4830 si
1631 4784 1738 4829 tant
1786 4775 2048 4845 genizari,

471 4883 633 4937 quam
664 4868 863 4940 reliqui
899 4870 1125 4932 milites,
1177 4869 1248 4943 de
1301 4879 1480 4927 morte
1524 4869 1728 4927 snltani
1756 4869 1842 4925 sui
1874 4878 2052 4924 matu-

473 4961 589 5017 rius
618 4963 891 5023 ccrtiores
933 4962 1060 5026 facti
1092 4963 1326 5019 fuissent
1347 5004 1362 5027 ,
1402 4979 1602 5032 magno
1636 4964 1693 5020 in
1722 4962 1922 5021 castris
1960 4977 2055 5018 ex-

471 5055 642 5111 citato
674 5055 937 5129 tumultu,
974 5055 1214 5117 tentoria
1259 5055 1657 5125 thesaurosque
1691 5053 1893 5124 regios,
1928 5067 2052 5107 cunt

469 5148 913 5203 Christianorum
949 5156 1003 5213 et
1033 5146 1391 5215 Hebraeorum
1439 5148 1626 5211 rebus.
1674 5161 1775 5217 pro
1800 5160 1956 5203 more
1990 5145 2054 5199 li-

471 5243 767 5314 hidinequc
804 5257 904 5307 Sila
940 5242 1343 5312 diripuissent...
1373 5257 1440 5301 ac
1465 5242 1663 5314 spoliis.
1692 5242 1847 5301 hisce
1871 5242 2050 5307 ditati,

473 5336 712 5391 neminis
741 5337 1074 5391 auctoritate
1101 5336 1379 5396 contineri
1424 5352 1483 5393 se
1523 5336 1761 5409 amplius
1782 5335 1837 5390 in
1872 5334 2054 5390 oiﬁcio

473 5430 621 5498 passi
654 5430 906 5487 fuissent.
938 5428 1070 5497 Quae
1118 5445 1251 5494 sane
1300 5444 1484 5489 rerum
1515 5430 1660 5499 apud
1695 5430 1881 5485 hostes
1921 5443 2054 5484 con-

474 5527 621 5583 fusio
655 5527 1024 5596 militarisque
1083 5524 1334 5590 licentia,
1394 5524 1775 5581 Maxituitiano
1820 5524 2050 5585 Caesari,

476 5618 787 5675 numerosis
816 5617 989 5689 353
1030 5624 1087 5673 et
1139 5615 1428 5686 exquisitis
1486 5623 1606 5673 toto.
1644 5628 1707 5669 ex
1736 5614 1870 5669 orbe
1897 5612 2055 5667 Citri-

478 5711 662 5765 stiano
693 5711 870 5778 copiis
902 5710 1196 5772 instructo,
1238 5712 1478 5777 praebere
1514 5717 1858 5778 peroptataut
1894 5720 2055 5759 occa-

476 5805 691 5861 sionem
733 5803 808 5857 rei
858 5804 1087 5859 feliciter
1121 5804 1370 5869 gerenda:
1413 5802 1700 5872 potuisset.
1733 5798 2052 5854 Exstinctus

476 5898 578 5955 fuit
606 5893 949 5952 Soleimattcs
977 5907 1122 5950 anno
1143 5896 1523 5951 Mahumctanrt
1544 5894 1652 5949 975
1678 5891 1832 5961 (Chr.
1870 5893 2050 5963 l56ii),

2153 4687 2220 4742 ad
2254 4686 2599 4742 obsidionem
2654 4682 2976 4753 Zigetattam
3032 4680 3291 4736 militaris
3346 4676 3743 4749 supplementi,

2148 4781 2409 4852 iusserat.
2442 4778 2524 4834 Ad
2544 4793 2640 4833 cos
2674 4776 2975 4832 lsehender
3036 4775 3225 4838 bassa,
3287 4770 3620 4841 Selimcjam
3643 4784 3747 4839 pa-

2156 4882 2372 4929 ternum
2400 4871 2454 4926 in
2494 4869 2693 4927 solium
2723 4869 3015 4934 collocato,
3069 4866 3139 4921 de
3189 4864 3410 4921 Selimis
3460 4862 3742 4919 voluntate

2157 4965 2479 5038 profectus,
2541 4963 2754 5017 obitum
2815 4958 3164 5018 Solclmanis.
3211 4964 3265 5017 et
3327 4953 3741 5012 successionem

2156 5059 2381 5115 Selinus
2409 5059 2652 5127 exponit.
2694 5054 2826 5109 lude
2858 5068 2961 5124 pro
2988 5050 3398 5123 direptionibus
3448 5063 3558 5105 usu
3588 5061 3747 5103 roce—

2157 5152 2265 5221 ptis
2291 5150 2347 5209 in
2388 5148 2538 5203 obitu
2565 5146 2826 5217 principis
2880 5143 3216 5211 Osmanidm,
3287 5150 3507 5199 centum
3564 5139 3744 5195 millia

2156 5239 2563 5295 sultaninorum
2598 5238 2679 5295 eis
2736 5234 2918 5293 offert.
2977 5233 3095 5288 Non
3145 5234 3365 5302 ingrata
3410 5231 3519 5285 fuit
3556 5230 3745 5285 oratio

2156 5330 2334 5387 bassis
2364 5327 2658 5400 genizaris,
2694 5340 2760 5382 ea
2792 5326 2908 5395 tege
2940 5333 3123 5379 tamen
3179 5320 3629 5382 assentientibus,
3678 5329 3745 5375 ut

2157 5421 2423 5491 largiores
2446 5434 2681 5475 annonae
2704 5417 3027 5473 militaturis
3051 5418 3336 5471 darentur.

2230 5513 2462 5570 Selimes
2510 5527 2639 5584 ergo
2660 5510 2935 5582 genizaris
2966 5508 3395 5575 iusuctoritatis,
3420 5507 3514 5562 die
3532 5506 3744 5562 utensis

2156 5603 2491 5678 Septembris
2516 5604 2774 5660 v.ccsimo
2804 5603 3041 5671 septimo
3058 5599 3536 5671 Constantinopoli
3561 5598 3743 5653 disco-

2157 5702 2257 5764 dit,
2285 5710 2340 5755 et
2373 5698 2585 5769 ntaguis
2618 5697 2907 5753 itincribus
2937 5695 3130 5749 Albam
3148 5693 3397 5750 Gmcam
3429 5690 3740 5747 contendit.

2158 5795 2294 5847 Cum
2327 5794 2467 5845 istuc
2500 5790 2724 5844 allatum
2789 5797 2976 5858 postea
3030 5782 3355 5840 Solcimanis
3402 5783 3635 5841 cadaver
3684 5782 3741 5836 lu

2164 5887 2357 5940 urbem
2388 5882 2772 5947 deduceretur,
2816 5879 2981 5949 pedes
3034 5891 3164 5934 ante
3222 5885 3513 5948 paternum
3571 5875 3742 5932 funus
