4126 6432
374 401 481 465 665

1413 421 1419 426 ·
1467 405 1855 467 SUPl‘LEM.
1898 408 2183 471 ANNAL.
2212 408 2513 470 TURCIC.

3530 410 3634 473 666

377 507 663 568 incedebat
695 505 879 560 habito
913 506 1126 576 lugubri
1189 507 1440 566 sultanus
1491 511 1745 580 Selimes,
1776 516 1946 569 cmni-
1980 521 2022 576 Α
2058 525 2306 584 ρωποι-ρ
2332 514 2698 569 Maximiliano
2756 516 3003 572 subsidia
3040 517 3242 585 majora
3297 520 3555 589 postulat.
3585 522 3636 578 Is

379 602 625 660 tantibus
666 599 858 662 bassis,
900 598 1322 669 Cadilescheris,
1380 605 1701 676 cretei-isque
1775 607 1950 676 begis.

381 695 515 753 inde
535 692 733 750 Cadius
764 693 994 764 populis,
1018 703 1338 750 consuetum
1364 695 1673 752 donativum
1694 700 1961 768 genizaris

385 788 557 845 dedit.
587 787 790 851 Quibus
821 785 1079 855 peractis,
1139 785 1674 858 ConstantinOpolitn
1726 791 1960 845 cadaver

386 893 666 952 paternum
691 881 848 934 avehi
875 880 1062 945 jussit,
1097 889 1151 933 et
1189 880 1241 936 in
1279 878 1452 944 luna,
1501 897 1662 952 quam
1703 883 1817 952 ipse
1849 884 1954 940 sibi

383 973 536 1028 rivus
563 980 927 1034 exstruxerat,
949 969 1337 1026 condi.Curata
1372 973 1476 1026 fuit
1499 990 1560 1027 ea
1597 989 1682 1028 res
1709 977 1776 1030 ab
1804 977 1944 1030 Ach-

379 1075 520 1117 mete
551 1063 735 1125 bassa,
760 1061 1099 1131 Ferhateque
1129 1061 1582 1132 Capizilariorum
1618 1067 1755 1136 Aga,
1780 1069 1951 1122 dedu-

377 1153 626 1208 centihus
678 1155 828 1224 bcgis
865 1164 920 1208 et
968 1154 1256 1224 genizaris,
1309 1170 1432 1209 curn
1499 1157 1692 1211 vexillo
1745 1160 1946 1229 regio:

377 1246 704 1314 tandemque
733 1246 820 1298 die
845 1244 1104 1299 vicesimo
1143 1247 1385 1301 secundo
1439 1246 1764 1305 Novembris
1819 1268 1946 1320 per-

375 1354 595 1392 ventum
628 1337 1180 1407 Constantinopolim.
1211 1339 1286 1392 liii
1320 1339 1482 1394 funus
1514 1351 1798 1408 exceptu-n
1847 1344 1947 1401 fuit

371 1429 821 1498 frequentissimo
845 1446 1116 1485 concursu
1148 1433 1481 1494 mortalium,
1522 1447 1797 1501 prweuntc.
1830 1436 1942 1490 Mu-

373 1522 512 1590 phti,
529 1522 623 1590 qui
649 1521 789 1590 apud
813 1521 1183 1577 Mitsulmanos
1219 1532 1272 1577 et
1289 1522 1428 1588 juris
1447 1535 1496 1577 et
1521 1525 1796 1596 religionis
1821 1543 1941 1583 om-

369 1612 625 1680 ninmque
647 1625 926 1665 sacrorum
957 1626 1047 1666 rex
1068 1621 1149 1666 est
1175 1631 1188 1666 :
1213 1612 1673 1681 subsequentibus
1720 1616 1940 1670 lscltcn-

367 1704 496 1758 dere
512 1703 668 1758 bassa
689 1704 1026 1772 prosultano,
1053 1704 1451 1772 Dephtettlaris,
1471 1708 1560 1775 qui
1588 1708 1828 1763 Camers:
1853 1710 1934 1764 vel

365 1796 543 1848 arrarii
570 1794 805 1864 prafecti
835 1804 979 1857 sunt,
1003 1796 1231 1865 aliisque
1255 1796 1402 1866 begis
1423 1799 1675 1854 omnibus
1700 1801 1938 1869 pullatis,

2066 605 2358 660 llenricum
2395 601 2759 676 Staupicium,
2791 624 2913 662 cum
2945 609 3093 663 mille
3115 611 3404 666 Germanis
3440 613 3634 681 equiti-

2063 701 2185 759 bus,
2213 714 2307 752 sex
2338 696 2575 767 peditum
2604 698 2838 760 vexillis,
2862 699 3171 768 stipendiis,
3203 710 3255 754 et
3289 717 3505 756 annona
3533 719 3633 756 nc-

2059 787 2318 851 cessaria,
2357 787 2537 840 mittit.
2569 787 2672 842 Sed
2709 788 2860 856 prius
2892 805 3055 855 quam
3082 791 3376 847 auxiliares
3435 793 3516 847 lue
3535 810 3633 847 eo-

2059 879 2160 945 piae
2185 876 2446 931 Tocaiqu
2474 877 2876 946 pervenissent,
2943 893 3130 945 sparsa
3189 878 3292 932 fuit
3319 881 3374 933 in
3433 885 3630 937 castris

2056 968 2328 1024 Erdeliani
2356 967 2520 1034 fama,
2548 967 2732 1022 decem
2772 969 2937 1022 millia
2969 967 3318 1036 Tatarorum,
3351 988 3379 1024 a
3404 972 3626 1040 Selime,

2053 1057 2378 1113 defendendi
2417 1060 2534 1130 ejus
2554 1075 2741 1123 causa,
2771 1075 2893 1115 cum
2928 1059 3122 1115 Turcis
3150 1072 3203 1116 et
3258 1061 3508 1118 Valachis
3545 1081 3627 1118 re-

2052 1149 2329 1214 lictorum,
2368 1167 2461 1220 per
2489 1152 2820 1210 seditionem
2856 1162 3023 1206 totum
3051 1155 3296 1224 populari
3324 1154 3626 1222 Erdclium,

2050 1260 2114 1298 ac
2151 1245 2392 1299 inaudita
2431 1246 2760 1300 crudelitate
2794 1247 2995 1313 passim
3020 1247 3072 1300 in
3119 1246 3374 1301 fortunas
3407 1259 3459 1303 et
3498 1264 3624 1304 cor-

2049 1352 2183 1404 pora
2215 1339 2564 1397 miscrorum,
2598 1337 2841 1403 cujusvis
2863 1339 3038 1391 aetatis
3069 1346 3121 1390 et
3150 1354 3316 1392 sexus
3351 1342 3621 1407 grassari.

2047 1433 2386 1498 Quapropter
2439 1431 2781 1484 obsidionem
2835 1431 3044 1484 solvere
3093 1440 3318 1485 coactus
3383 1432 3501 1496 fuit,
3559 1450 3623 1486 ne

2045 1520 2173 1572 dum
2204 1501 2326 1571 istic
2350 1518 2463 1587 ipse
2494 1502 2828 1588 pertinacius
2858 1521 3111 1582 hmreret,
3134 1537 3262 1575 suos
3297 1522 3360 1574 ad
3390 1523 3624 1577 interne-

2042 1612 2252 1669 cionem
2295 1613 2461 1666 deleri
2494 1613 2714 1668 sineret.
2782 1613 3038 1670 Liberalo
3097 1617 3165 1669 ab
3215 1616 3396 1669 hostili
3452 1635 3622 1687 oppu-

2041 1709 2296 1775 gnatione
2319 1706 2539 1774 Tocaio,
2595 1707 2958 1779 Ramingerus
2977 1712 3028 1764 in
3059 1711 3412 1769 abscedentes
3435 1731 3621 1768 erum-

2043 1817 2200 1869 pens,
2223 1800 2469 1871 pluribus
2495 1803 2672 1858 cresis.
2711 1803 2950 1870 reliquos
3001 1805 3245 1873 palantes
3273 1815 3324 1858 cl
3379 1807 3620 1874 trepidos

367 1902 598 1953 quorum
632 1897 777 1956 terga
814 1887 986 1957 plebis
1020 1888 1228 1941 inﬁnita
1278 1889 1572 1943 multitudo
1629 1891 1934 1947 claudebat.
1971 1859 2011 1914 Β
2043 1859 2268 1958 fugarit.
2302 1891 2411 1948 Nec
2444 1908 2631 1960 parum
2655 1891 2944 1946 Erdeliano
2979 1859 3102 1949 eum
3144 1897 3294 1952 hisce
3327 1859 3616 1966 Tulﬂi‘lcis,

363 1977 685 2048 Exemptam
715 1995 746 2033 e
786 1995 947 2034 curru
973 1981 1307 2049 sandapilam
1345 1982 1424 2036 vel
1485 1999 1666 2036 arcam
1703 1984 1934 2052 ligneam

363 2070 620 2139 prrcipui
647 2069 765 2140 begi
803 2085 897 2138 per
920 2071 1092 2136 vices,
1119 2083 1424 2126 erectarum
1455 2074 1506 2126 in
1547 2075 1784 2129 sublime
1817 2091 1935 2127 ma-

367 2177 533 2214 nuum
555 2161 748 2230 palmis
773 2163 1104 2226 sustinuere,
1156 2163 1347 2231 sicque
1387 2179 1484 2233 per
1509 2165 1697 2218 urbem
1761 2173 1937 2234 gesta-

368 2261 494 2305 rnut
530 2270 542 2306 :
575 2253 1135 2324 ejulantibosinterim
1159 2254 1507 2315 Talismanis.
1545 2265 1600 2309 et
1617 2255 1682 2308 ad
1715 2255 1930 2311 Zunam

371 2360 544 2411 usque
578 2345 773 2398 Iessum
817 2344 1132 2412 quemdam,
1164 2345 1548 2399 Mabumctano
1576 2346 1703 2407 ritu,
1729 2347 1933 2400 lamen-

371 2433 521 2487 tabili
557 2448 679 2486 voce
713 2434 1148 2488 concinentibus.
1180 2433 1314 2489 llinc
1347 2434 1650 2502 depositum
1696 2436 1744 2488 in
1780 2436 1930 2491 Zona

365 2529 614 2592 cadaver,
647 2530 907 2583 instratus
937 2528 1228 2597 sandapilae
1255 2545 1464 2595 pannus
1494 2529 1764 2599 Cymatilis
1793 2545 1930 2600 pra?-

358 2621 751 2684 stantissimus,
787 2631 839 2674 et
871 2636 1034 2688 supra
1058 2621 1204 2674 hunc
1227 2604 1526 2675 aliusauro
1560 2621 1922 2688 intertextus;

357 2713 426 2768 ad
464 2713 608 2768 latus
636 2714 830 2768 acinax
867 2713 1097 2782 positus,
1128 2713 1292 2768 index
1321 2715 1560 2782 profusa:
1594 2713 1736 2767 bello
1762 2714 1927 2782 vitae;

355 2814 423 2862 ad
465 2819 628 2879 caput
679 2810 998 2864 collocatum
1029 2825 1057 2862 e
1084 2811 1193 2866 lino
1221 2809 1602 2874 subtilissime,
1637 2810 1800 2880 spiris
1837 2825 1930 2880 ap-

357 2916 527 2959 tatum
561 2904 965 2958 candidissimis
1003 2903 1350 2971 tulipantuut,
1377 2919 1481 2966 quo
1508 2905 1660 2958 vivns
1689 2908 1761 2958 uti
1799 2921 1930 2958 con-

356 3006 561 3055 suerat.
605 3010 726 3048 cum
767 2995 936 3064 nigris
969 2995 1255 3048 ardearum
1293 2997 1486 3065 pennis
1521 2997 1922 3061 Selectissimis;

354 3106 492 3159 pone
526 3101 708 3159 Caput,
744 3089 796 3142 in
842 3089 1157 3157 pavimento
1191 3089 1349 3158 positi
1405 3104 1528 3142 cum
1579 3090 1925 3145 candelabris

2039 1980 2751 2052 Turcicis,Valaclticisquc
2814 1986 2988 2051 copiis
3058 1988 3256 2054 negotii
3319 1989 3436 2055 fuit,
3490 2008 3611 2055 cum

2037 2075 2238 2142 aliquot
2259 2091 2449 2143 eorum
2482 2077 2648 2130 millia
2688 2077 3008 2142 trucidaret,
3048 2095 3111 2134 ac
3143 2079 3401 2136 Varadini
3441 2085 3614 2138 vicis-

2036 2166 2137 2220 sim
2175 2168 2240 2220 ab
2267 2167 2346 2222 eis
2374 2167 2748 2222 obsideretur.
2787 2167 2939 2222 Unde
2971 2171 3095 2239 fuga
3117 2172 3386 2241 dilapsus,
3407 2177 3610 2229 recenti

2035 2270 2218 2314 coacta
2248 2277 2470 2316 suorum
2502 2278 2690 2326 manu,
2735 2279 2927 2318 rursus
2988 2266 3129 2319 haud
3157 2268 3408 2336 exiguam
3469 2270 3613 2336 ipso-

2034 2369 2153 2408 rum
2185 2361 2421 2424 stragem
2445 2355 2616 2409 edidit
2655 2373 2668 2408 :
2724 2372 2830 2426 qua
2871 2358 3090 2412 demum
3125 2360 3325 2426 territi,
3360 2374 3529 2417 seruet
3555 2366 3606 2417 in

2032 2441 2310 2497 Podoliam
2343 2453 2397 2498 et
2442 2440 2693 2499 Bossiam
2763 2444 3094 2510 effuderunt,
3149 2447 3237 2500 ubi
3302 2449 3606 2503 crudelium

2032 2535 2330 2590 belluarum
2353 2536 2621 2592 immanes
2642 2537 2883 2605 reliquiae
2916 2536 3131 2592 fortiter
3153 2554 3182 2592 a
3200 2538 3442 2595 Palatino
3473 2540 3610 2596 llos-

2031 2641 2093 2680 so
2129 2643 2215 2680 um
2249 2627 2552 2693 debellatae,
2591 2630 2896 2696 perierunt.

2102 2719 2226 2772 Post
2266 2720 2566 2772 discessum
2602 2719 3013 2775 barbarieurunt
3051 2730 3102 2776 et
3128 2721 3396 2776 Erdeliani
3420 2726 3604 2794 eopia—

2030 2827 2172 2874 rum,
2205 2810 2480 2866 Sucndius
2511 2813 2624 2866 suis
2647 2813 2821 2866 media
2848 2814 3040 2868 bruma
3073 2814 3378 2881 productis,
3407 2820 3470 2870 ad
3511 2821 3607 2872 Oll-

2027 2903 2311 2957 sidendum
2345 2902 2639 2958 Zatuarum
2675 2904 2952 2973 profectus
3025 2917 3130 2969 est,
3184 2923 3422 2963 castrum
3489 2929 3607 2962 m0-

2028 2997 2190 3050 menti
2213 3013 2316 3050 non
2345 2997 2496 3060 levis,
2519 2997 2571 3050 in
2597 2997 2791 3051 Erdelii
2819 2999 3017 3054 linibns
3061 3001 3248 3066 situm,
3275 3004 3416 3064 quod
3444 3005 3612 3056 Geor-

2026 3089 2094 3158 gii
2124 3087 2313 3142 Bcbeci
2344 3089 2730 3154 tliilOlllS'Cl‘nl,
2767 3090 3006 3146 hominis
3064 3091 3285 3158 ttefarii,
3353 3097 3444 3160 qui
3493 3097 3607 3160 pri.

352 3185 622 3251 ingentes,
659 3181 982 3251 pyramidali
1025 3180 1220 3245 forma,
1283 3181 1503 3234 rotundi
1559 3182 1920 3236 nihilominus
1951 3207 1994 3263 ο
2030 3194 2149 3233 mus
2187 3187 2378 3233 autttor
2421 3179 2581 3247 hujus
2631 3181 2768 3233 inter
2797 3179 3065 3235 CIBSIII'CIII
3133 3181 3598 3254 Erdelianuutque

354 3275 520 3336 cerei,
539 3273 632 3342 qui
658 3284 836 3327 tamen
871 3287 1150 3340 nunquam
1171 3271 1390 3325 accendi
1417 3273 1612 3328 solent.
1643 3273 1758 3327 Illos
1778 3276 1928 3329 adhi-

354 3366 452 3420 biti
477 3364 768 3422 Talismani
796 3373 849 3420 et
871 3363 1088 3433 Hoggia:
1112 3367 1474 3435 (sacerdotqu
1504 3368 1614 3420 haec
1637 3363 1931 3418 Musulqu-

359 3456 444 3509 nis
480 3464 606 3509 sunt
625 3457 864 3526 nomina)
898 3457 988 3523 qui
1023 3471 1174 3509 more
1205 3457 1388 3526 gentis
1430 3456 1576 3510 humi
1618 3456 1928 3510 «liraricats

359 3547 612 3600 sedentes
656 3548 923 3612 crmibns,
973 3560 1238 3616 perpetuo
1291 3563 1482 3618 preces
1529 3549 1792 3617 quasdaru
1867 3551 1919 3602 in

354 3638 472 3708 ejus
499 3637 646 3691 Zona
681 3642 1064 3694 murnmranlo
1096 3640 1511 3694 deblaterarent.
1559 3639 1679 3694 Haec
1716 3640 1920 3706 omnia,

351 3747 476 3784 cum
510 3732 693 3786 multis
732 3742 852 3802 post
905 3735 1062 3787 annis
1098 3733 1570 3801 Constantinopoli
1647 3748 1916 3794 essemus,

348 3837 533 3876 Coram
562 3824 920 3892 inspeximus.
955 3824 1177 3879 Circum
1235 3824 1570 3892 sandapilam
1637 3823 1833 3890 ipsius,
1869 3832 1922 3875 ct

348 3916 466 3968 alite
497 3926 623 3970 sunt
656 3915 978 3986 sandapilae,
1017 3926 1124 3970 tam
1158 3916 1386 3970 sultan:e
1417 3916 1504 3985 (de
1527 3932 1633 3986 qua
1657 3916 1918 3984 diximus)

351 4005 556 4068 Βυεςςε,
603 4023 768 4077 quam
839 4008 1132 4062 liberorum
1184 4010 1532 4064 Soleimanis.
1581 4010 1913 4063 Acciderunt

350 4101 464 4154 lucc
497 4117 639 4155 anno
663 4099 1044 4156 Mahmnetano
1073 4103 1176 4158 973
1219 4102 1370 4172 (Chr.
1410 4104 1590 4172 l566).

421 4192 626 4248 interea
660 4195 912 4262 Selimes,
946 4198 1015 4250 ob
1046 4197 1244 4252 hiemis
1270 4198 1602 4253 imminentis
1649 4197 1917 4266 asperita-

348 4296 477 4352 tcnt,
503 4285 794 4353 lingat-iant
828 4288 1048 4358 reliquit
1081 4305 1095 4340 :
1131 4299 1180 4340 et
1212 4288 1499 4343 Pertavum
1539 4291 1782 4352 bassam,
1826 4306 1916 4344 εθ-

350 4377 416 4428 lis
469 4377 682 4438 magnis
753 4395 874 4430 cum
931 4378 1254 4442 'l’urcornm,
1319 4379 1482 4450 360
1529 4378 1911 4444 Val-arborum,

349 4467 782 4538 'l'atarorumque
807 4469 1001 4539 copiis,
1042 4471 1330 4525 Erdeliano
1376 4472 1529 4539 bego,
1557 4471 1650 4538 qui
1714 4471 1910 4524 bellum

2036 3271 2154 3324 belli
2181 3272 2482 3325 exstiterat.
2519 3270 2762 3326 Bcheens
2788 3272 2901 3341 jam
2941 3282 3066 3326 ante
3094 3286 3378 3342 perspecta
3398 3275 3610 3330 victrici

2034 3363 2188 3418 toties
2219 3356 2417 3417 virtute
2444 3362 2774 3432 fortunaque
2810 3364 3063 3426 Suendii,
3091 3367 3234 3433 quod
3279 3383 3608 3437 magnopere

2032 3463 2314 3515 tnt'tztcrrt,
2351 3469 2414 3507 ne
2447 3464 2630 3507 ClSll'O
2659 3465 2994 3524 expugnato,
3024 3457 3074 3508 in
3098 3455 3454 3512 Maximiliani
3495 3476 3609 3512 rna-

2031 3562 2151 3607 nus,
2189 3562 2308 3597 cum
2357 3547 2754 3614 pnescntivilte
2807 3548 3070 3616 periculo,
3127 3550 3385 3604 veniret:
3437 3567 3608 3605 uxore

2030 3635 2341 3703 llnniliaquc
2374 3635 2593 3688 Zalnari
2618 3650 2741 3686 cum
2781 3635 3037 3702 prcsidio
3079 3615 3298 3700 rclicia,
3337 3638 3474 3706 fuga:
3509 3641 3602 3693 be-

2029 3729 2220 3784 neﬁcio
2259 3729 2424 3784 saluti
2477 3744 2589 3782 sum
2641 3737 2851 3781 mature
2906 3729 3208 3783 consuluit.
3266 3731 3600 3798 Aliquandiu

2024 3821 2376 3890 p'rstiternnt
2427 3821 2480 3874 in
2568 3820 2850 3874 obsidione
2917 3822 3196 3875 toleranda
3255 3822 3602 3891 prasidiarii,

2022 3916 2167 3986 quod
2197 3913 2461 3969 machina:
2488 3912 2693 3968 bellicae
2720 3913 2852 3966 nihil
2911 3930 3006 3967 nec
3061 3915 3219 3983 ipsis,
3271 3932 3370 3976 nec
3414 3929 3599 3970 C'ISII‘O

2020 4008 2203 4064 donni
2229 4008 2358 4061 dare
2387 4016 2632 4076 possent.
2667 4005 2766 4062 Cui
2805 4005 2952 4074 Suen
2977 4007 3087 4060 lius
3133 4007 3478 4062 incommodo
3508 4026 3596 4062 re-

2023 4100 2256 4153 medium
2285 4101 2639 4169 qoazsiturus,
2671 4101 2800 4153 dum
2840 4099 3075 4168 ipsemet
3138 4101 3322 4153 Olllllia
3379 4100 3592 4156 circum

2018 4208 2199 4250 arcem
2231 4193 2348 4246 loca
2381 4193 2676 4261 perlustrat
2698 4199 2753 4246 et
2776 4193 3048 4262 explorat,
3075 4194 3291 4264 agnitus
3318 4193 3387 4248 ab
3422 4193 3600 4248 hosti-

2015 4283 2118 4340 bus
2151 4303 2216 4340 ex
2241 4285 2435 4358 insigni
2457 4289 2778 4356 proceritate
2809 4288 3073 4358 corporis,
3098 4304 3205 4357 qna
3234 4289 3394 4359 longe
3427 4304 3600 4360 supra

2018 4385 2242 4434 exteros
2274 4379 2568 4439 eminebat.
2591 4379 2767 4450 deque
2795 4381 3092 4435 comitatus
3121 4379 3459 4451 frequentia,
3495 4398 3598 4451 pa-

2019 4486 2139 4524 rum
2173 4472 2398 4526 omnino
2438 4469 2634 4536 abfuit,
2686 4470 2814 4540 quin
2869 4471 3164 4525 discrimen
3210 4471 3335 4525 vite
3392 4473 3592 4526 adiret.

347 4570 532 4612 contra
575 4537 1001 4616 Maximilianum
1060 4537 1514 4632 prosequebatur.
1577 4537 1772 4616 adesse
1800 4537 2392 4629 jus-Dl’etitusenim
2444 4563 2621 4632 globis
2679 4563 2892 4630 aliquot
2950 4562 3322 4616 tormentariis
3373 4563 3496 4627 fuit,
3566 4581 3604 4617 e~

345 4656 435 4708 sit.
469 4654 694 4707 Dolebat
729 4653 1042 4720 Erdeliano,
1075 4655 1378 4708 Suendium
1432 4668 1580 4707 anno
1629 4655 1914 4724 superiore

341 4749 555 4815 cepisse
577 4749 618 4800 Τ
625 4749 860 4810 ocaimn,
894 4748 947 4802 in
968 4764 1076 4818 quo
1105 4748 1323 4817 triginta
1361 4747 1569 4815 majora
1591 4747 1915 4815 minoraque

343 4847 617 4892 tormenta
650 4839 864 4904 bellica,
899 4851 1093 4909 praster
1121 4839 1396 4909 ingentem
1422 4853 1602 4893 rerum
1651 4837 1796 4891 bello
1827 4854 1918 4890 nc-

342 4930 729 4992 cessariarmn,
765 4945 1106 5000 annona-que
1143 4930 1358 4998 copiam
1389 4930 1705 4997 reperisset.
1767 4929 1912 4995 Qua-

345 5032 566 5090 propter
599 5037 719 5076 eam
743 5039 924 5078 arcem
959 5039 1282 5090 recuperare
1311 5024 1527 5087 statuit,
1552 5025 1729 5094 magni
1761 5024 1912 5077 Scili-

340 5121 424 5166 cet
462 5115 666 5168 suasad
691 5129 779 5169 res
811 5117 1086 5180 tutandos,
1119 5116 1202 5168 vel
1224 5117 1573 5184 prolatandas
1611 5118 1912 5172 momenti:

339 5206 482 5273 quod
515 5217 657 5259 esset
683 5206 735 5260 in
775 5206 1024 5277 Ungaria
1053 5208 1154 5261 sita
1212 5207 1502 5270 limitibus,
1552 5219 1608 5262 et
1661 5207 1909 5276 Erdelii;

340 5297 558 5351 duobus
576 5297 831 5352 sutilibus
877 5298 1237 5364 circumdata,
1293 5297 1512 5353 Tibiscn
1545 5310 1600 5354 et
1638 5298 1909 5372 Bodrogo.

342 5387 562 5442 “ditem
594 5405 748 5456 ergo,
769 5406 893 5444 cum
925 5391 1226 5460 majoribus
1245 5392 1432 5446 decem
1457 5393 1724 5447 machinis
1748 5394 1910 5448 adbi-

343 5478 456 5543 bet,
487 5481 748 5547 Omnique
781 5480 832 5532 vi
857 5489 908 5534 et
933 5480 1132 5550 impettt
1176 5495 1492 5550 oppugnare
1551 5483 1913 5536 munitionem

346 5571 555 5640 incipit.
583 5571 656 5624 Ex
691 5571 859 5624 altera
890 5581 1045 5639 parte
1076 5571 1352 5626 Sucudius
1389 5589 1507 5627 eam
1563 5573 1790 5626 minime
1820 5573 1913 5628 dc-

344 5663 625 5720 serendam
657 5671 828 5720 ratus.
866 5678 989 5716 cum
1016 5663 1119 5716 alia
1157 5662 1459 5717 defensioni
1504 5672 1660 5732 parat
1694 5664 1910 5728 idonea,

341 5754 535 5823 quibus
555 5755 766 5811 Jacobo
803 5755 1149 5825 ltantingero,
1177 5755 1335 5824 cujus
1362 5759 1474 5825 ipsc
1507 5757 1628 5810 tidei
1649 5755 1910 5813 Tocaium

341 5852 712 5909 commiserat.
759 5845 811 5902 in
839 5856 1082 5917 tempore
1115 5859 1462 5902 succurreret
1490 5865 1501 5900 :
1569 5856 1682 5902 tum
1716 5849 1782 5902 ab
1812 5849 1910 5903 im-

2020 4654 2285 4709 machinis
2327 4669 2434 4708 non
2470 4653 2725 4719 rnmlieis,
2755 4668 2988 4722 quorum
3025 4652 3480 4706 unuslmmerum
3515 4653 3597 4708 ita

2017 4746 2255 4808 strinxit,
2291 4755 2350 4800 ut
2387 4747 2550 4800 etiam
2578 4745 2742 4799 vestis
2777 4745 2896 4812 ejus
2944 4743 3067 4812 igne
3128 4750 3414 4811 concepto,
3450 4747 3590 4810 quod

2016 4851 2160 4898 esset
2187 4843 2252 4896 ad
2285 4842 2588 4912 pellendum
2629 4841 2801 4913 frigus
2832 4838 3374 4905 ltibernutnSttll‘ulta
3440 4838 3595 4909 pelli.
3633 4890 3635 4892 .

2016 4934 2138 4995 bus,
2173 4932 2409 4986 arderet.
2441 4929 2815 4985 Nihilominus
2846 4929 3227 4984 commodiore
3251 4946 3346 4991 pro
3374 4929 3587 4984 machi-

2016 5024 2100 5080 nis
2135 5034 2350 5092 reperto
2377 5024 2518 5087 loco,
2545 5031 2598 5075 et
2631 5022 2698 5078 iis
2729 5037 2853 5074 mox
2884 5022 2936 5075 in
2972 5021 3146 5082 illum,
3209 5038 3406 5084 magno
3463 5039 3588 5075 cum

2017 5118 2252 5171 militum
2288 5117 2492 5180 labore,
2520 5131 2657 5184 quos
2692 5115 2742 5167 in
2775 5112 2974 5178 oﬂicio,
3010 5114 3055 5170 si
3095 5114 3389 5183 quisquam
3422 5117 3586 5178 alios,

2016 5209 2104 5264 hic
2125 5225 2257 5264 sane
2285 5209 2390 5262 dux
2425 5209 2708 5262 continere
2739 5207 2933 5275 potuit.
2962 5209 3278 5270 translatis;
3316 5209 3380 5262 ad
3408 5187 3592 5261 exire-

2019 5315 2160 5352 mam
2228 5297 2430 5352 redacti
2475 5297 2914 5367 desperationem
2964 5299 3315 5368 praesidiarii,
3366 5297 3587 5365 conjugi

2017 5389 2307 5458 perduellis
2338 5403 2400 5441 ac
2435 5386 2652 5441 familia:
2691 5387 2906 5456 sibique
2934 5389 3166 5442 salutem
3195 5397 3247 5441 et
3299 5388 3592 5442 incolumi-

2018 5488 2182 5534 tatem
2218 5480 2559 5548 pepigerunt,
2597 5490 2759 5548 atque
2792 5477 2865 5531 ita
2906 5490 3149 5532 castrum
3174 5478 3414 5533 Stzendio
3437 5479 3589 5530 dedio

2014 5571 2232 5626 derunt.
2260 5569 2308 5625 Is
2339 5587 2465 5624 vero
2499 5586 2600 5624 non
2627 5579 2834 5624 tantum
2853 5581 3004 5640 pacta
3032 5582 3295 5626 conventa
3327 5569 3591 5624 dedititiis

2017 5663 2156 5717 bona
2188 5662 2290 5717 fide
2325 5662 2584 5725 servavit,
2605 5663 2696 5716 sed
2731 5660 2894 5715 etiam
2927 5661 3116 5714 Bebeci
3139 5662 3425 5730 conjugcm
3462 5676 3587 5716 cum

2017 5754 2218 5806 mundo
2246 5769 2345 5808 suo
2367 5752 2614 5806 muliebri
2635 5763 2685 5808 et
2708 5753 2828 5807 anis
2855 5753 3016 5807 rebus
3049 5769 3183 5821 quas
3205 5753 3399 5808 charas
3421 5755 3586 5807 babe-

2017 5847 2106 5900 bat
2141 5846 2289 5902 abire
2319 5847 2467 5902 oumi
2491 5847 2695 5918 absq-ue
2733 5845 2933 5916 injuria
2994 5863 3186 5916 passus
3206 5855 3304 5901 est.
3364 5848 3580 5901 Potitus
