4126 6496
489 441 595 505 667

1686 442 1815 501 JOA
1829 442 2012 500 NNIS
2045 443 2432 504 LEUNCLAV
2447 445 2501 503 Il

3629 424 3744 489 668

489 545 591 604 fuit
630 549 864 603 Zatuaro
891 547 1162 604 Snendius
1199 548 1301 602 sub
1329 548 1567 602 medium
1596 562 1836 604 mensem
1867 547 2063 603 Janua-
2095 550 2138 608 A
2167 567 2268 616 qna
2302 553 2621 608 Erdelianus
2649 549 2811 605 etiam
2839 543 3415 617 comprehendebatur.
3455 539 3578 609 Ejus
3606 554 3740 593 cum

489 643 632 697 rium
666 657 811 696 arino
843 640 1225 694 Mahumetano
1255 640 1361 694 974
1391 641 1543 712 (Chr.
1568 641 1754 708 1567).

563 732 681 786 Non
707 747 900 802 magno
917 740 1037 800 post
1065 742 1278 801 captum
1300 733 1590 786 Zatuarnm
1618 732 1880 802 temporis
1899 733 2067 786 inter-

490 828 639 897 jecto
659 827 836 894 Spatio
880 824 1156 880 Suendius
1188 827 1280 895 qui
1335 825 1534 879 bellum
1579 825 1632 877 iu
1712 823 1910 878 Erdelii
1945 822 2067 877 tini-

494 919 600 973 bus
629 933 815 987 gerere
845 933 954 972 non
985 918 1289 982 desinebat,
1314 917 1458 970 nulla
1485 917 1703 986 frigoris
1743 916 1954 971 hiberni
1983 932 2067 968 ra-

495 1012 642 1063 tione
676 1011 883 1075 habita,
915 1010 1256 1064 Muncazium
1287 1024 1412 1063 cum
1439 1011 1554 1064 suis
1589 1010 1828 1072 obsedit,
1887 1009 2066 1061 locum

500 1103 930 1156 munitissimum
964 1110 1017 1156 et
1049 1101 1174 1155 huic
1197 1101 1338 1155 bello
1362 1101 1706 1155 conlieiundo
1723 1115 1845 1154 cum
1876 1100 2066 1168 primis

498 1193 793 1247 idoneum:
847 1194 1003 1263 cujus
1057 1193 1379 1262 praesidiarii
1441 1193 1602 1246 vitam
1670 1192 2068 1261 facultatcSque

499 1287 676 1338 Salvas
709 1285 852 1354 paeti
885 1285 1214 1338 deditionem
1271 1284 1539 1340 fecerunt.
1581 1283 1654 1338 Ea
1690 1299 1774 1338 res
1822 1285 2066 1337 animum

500 1377 772 1430 Erdeliani
807 1376 1034 1429 mirilice
1063 1377 1425 1443 perturbavit,
1458 1392 1556 1430 nec
1607 1378 1788 1430 minus
1820 1377 2069 1430 accendit

503 1473 717 1525 Itttolis
747 1471 955 1524 viribus
1010 1471 1267 1525 amissam
1328 1471 1688 1525 munitionem
1740 1485 2070 1539 recuperan-

500 1564 622 1616 dam
668 1571 947 1617 statueret.
985 1560 1100 1615 Non
1141 1565 1284 1616 enim
1339 1563 1526 1632 ignora
1568 1563 1678 1626 bat,
1735 1563 1833 1616 hac
1886 1572 2069 1631 patere

499 1653 789 1706 transitum
823 1652 875 1705 in
901 1651 1178 1706 Poloniam
1207 1663 1261 1707 et
1283 1653 1528 1708 liossiam
1554 1669 1752 1722 :seque
1781 1653 2066 1724 prarpediri

501 1755 766 1813 occupato
794 1744 1098 1810 Muncazio,
1137 1762 1246 1815 quo
1277 1746 1458 1800 minus
1486 1747 1538 1799 in
1575 1755 1852 1816 posterum
1890 1745 2069 1800 subsi-

499 1839 707 1894 diarias
737 1853 766 1891 e
799 1853 969 1906 regno
998 1837 1236 1893 Polonize
1263 1839 1452 1906 capias
1476 1839 1676 1894 habere
1699 1847 1880 1907 posset
1912 1857 1928 1896 :
1962 1839 2066 1894 nisi

502 1947 598 1984 eas
631 1948 725 2000 per
747 1930 1067 1986 Moldaviam
1102 1933 1268 1989 variis
1303 1933 1622 2002 ambagibus
1643 1942 1695 1988 et
1713 1933 1907 1988 itinere
1935 1933 2072 1989 ditii-

501 2025 591 2078 cili
650 2027 833 2079 venire
862 2027 1037 2079 vellet.
1099 2029 1164 2078 At
1219 2041 1324 2080 n0n
1367 2034 1660 2080 contentus
1716 2027 2073 2095 occupatiane

506 2117 772 2171 Muncazii
807 2119 1102 2180 Suendius,
1137 2134 1261 2172 mox
1290 2118 1448 2172 etiam
1473 2133 1678 2172 corona
1705 2117 1928 2173 militari
1956 2135 2074 2171 mu-

501 2210 762 2261 nitionem
794 2209 1112 2264 Ilnstianam
1133 2212 1348 2280 cingere
1379 2213 1638 2280 perrexit.
1667 2210 1820 2278 Quod
1853 2212 2071 2284 quidem

504 2316 609 2355 non
642 2299 962 2355 Erdelianns
995 2311 1203 2356 tantum
1257 2303 1493 2372 graviter
1519 2319 1580 2357 ac
1636 2305 1860 2359 moleste
1908 2303 2069 2369 tulit,

503 2411 692 2448 verum
727 2397 889 2449 etiam
924 2394 1191 2450 Budensis
1215 2397 1372 2450 bassa
1401 2414 1413 2450 :
1451 2401 1544 2464 qui
1575 2395 1718 2451 datis
1738 2396 1803 2449 ad
1830 2395 2072 2465 impera-

505 2499 676 2542 torem
717 2487 1143 2541 Maximilianum
1174 2487 1552 2573 frequentibus
1610 2487 1810 2541 litteris
1865 2485 2073 2541 hortari

505 2597 614 2635 non
644 2579 896 2634 cessabat
919 2590 1020 2634 uta
1048 2587 1223 2648 coepta
1251 2578 1539 2633 obsidione
1568 2577 1870 2632 Suendium
1901 2575 2076 2632 disce-

503 2679 632 2729 dere
653 2675 873 2743 juberet
899 2690 963 2726 ne
990 2674 1307 2726 inchoatum
1331 2672 1480 2740 pacis
1499 2670 1889 2738 componenda:
1916 2684 2075 2738 nego-

505 2770 643 2822 tium
681 2767 1053 2836 impediretur.
1077 2763 1250 2819 Simul
1294 2764 1456 2818 etiam
1510 2763 1625 2819 suis
1667 2763 1719 2817 in
1780 2763 2072 2818 consilium

510 2862 769 2918 adhibitis
798 2858 1139 2916 deliberabat
1165 2873 1180 2922 ;
1213 2870 1450 2925 quanam
1475 2858 1557 2908 via
1586 2865 1774 2924 posset
1835 2853 2075 2908 obsessis

441 2946 455 2957 ”
507 2973 665 3026 opem
706 2955 868 3008 terre.
905 2955 1149 3020 Cumque
1178 2951 1285 3018 jam
1340 2949 1547 3019 pridem
1581 2947 1650 3000 de
1713 2946 1863 3000 hisce
1913 2946 2076 3000 rebus

507 3050 764 3104 otnnibns
795 3049 861 3102 ad
905 3047 1181 3102 sultanum
1241 3043 1492 3098 Selimetn
1522 3041 1793 3104 retuliset,
1830 3040 2076 3109 indigna-

509 3155 601 3196 tus
635 3144 724 3197 ille
749 3139 1044 3197 l‘ertavnm
1088 3139 1307 3192 bassam
1373 3135 1677 3190 exercitum
1732 3149 1890 3188 suum
1947 3148 2072 3187 cum

2169 645 2288 697 alia:
2319 645 2462 712 leges
2492 653 2546 698 et
2569 643 2909 697 conditiones
2933 649 3107 702 erant,
3128 650 3240 694 tum
3273 635 3348 691 uti
3373 634 3602 704 quisque
3631 629 3740 684 sibi

2171 737 2427 789 retineret
2457 735 2722 805 quidquid
2762 749 2827 789 eo
2861 733 3002 788 bello
3033 733 3288 801 cepisset.
3319 728 3375 783 ld
3436 741 3566 781 vero
3614 725 3745 793 plu-

2169 829 2366 881 rimum
2407 828 2761 882 Maximiliaui
2805 827 2968 881 rebus
2995 824 3217 895 profuit.
3261 821 3392 874 Nam
3421 821 3556 873 lines
3602 830 3746 870 suos

2169 937 2331 990 opera
2361 922 2587 976 Suendii
2638 923 2717 975 sic
2781 919 3091 990 ampliarat,
3148 927 3203 969 ut
3267 915 3333 968 ad
3378 909 3746 983 quadraginta

2173 1013 2423 1066 milliaria
2445 1013 2767 1067 Germanica
2803 1012 2881 1066 cis
2913 1022 2968 1063 et
3000 1010 3141 1062 ultra
3187 1005 3467 1060 Tibiscntn
3503 1004 3610 1056 late
3640 1000 3741 1052 dn-

2173 1107 2648 1175 minareturzqna
2705 1103 2922 1171 quidem
2978 1104 3028 1154 itt
3092 1101 3312 1170 regione
3370 1097 3552 1150 multae
3609 1100 3751 1145 sunt

2172 1214 2347 1261 arces,
2380 1198 2560 1251 multze
2584 1195 2912 1249 munitiones
2937 1195 3200 1262 insignes,
3257 1191 3446 1258 partim
3491 1189 3558 1241 ab
3579 1187 3752 1239 hoste

2172 1301 2363 1359 captae,
2417 1291 2614 1359 partim
2672 1289 2826 1342 factze
2895 1283 3172 1355 diligentia
3239 1281 3490 1342 Snendi‘i,
3543 1279 3747 1348 partim

2174 1382 2638 1439 inchoataeldem
2698 1391 2754 1435 et
2787 1379 2968 1436 aerarii
3026 1378 3146 1430 novi
3204 1375 3510 1439 (Camer-am
3581 1372 3749 1438 vulgo

2175 1480 2395 1541 vocant)
2428 1477 2480 1529 in
2517 1477 2584 1530 iis
2615 1476 2747 1528 locis
2785 1482 2978 1527 auctor
2999 1470 3241 1546 exstitit,
3262 1471 3329 1522 de
3355 1483 3462 1534 quo
3489 1481 3594 1518 non
3625 1465 3748 1516 leve

2175 1570 2478 1625 subsidium
2508 1568 2737 1638 publicis
2769 1565 2932 1620 rebus
2957 1565 3210 1624 accessit,
3270 1560 3486 1619 castris,
3513 1557 3748 1622 aliisque

2179 1660 2402 1715 munitis
2427 1660 2578 1724 locis,
2613 1675 2734 1712 cum
2807 1657 3037 1726 imperio
3092 1654 3414 1713 Germanos,
3473 1649 3634 1717 justis
3694 1656 3751 1700 rt

2179 1751 2433 1821 gravibus
2472 1750 2538 1804 de
2569 1749 2770 1813 causis,
2807 1747 3049 1819 pru'fucit
3073 1764 3085 1779 ·
3149 1755 3314 1799 totam
3351 1742 3580 1808 denique
3629 1754 3746 1792 rem

2185 1847 2516 1900 litnitaneam
2556 1855 2768 1897 matura
2812 1837 3172 1909 providentia,
3227 1835 3418 1890 tamin
3465 1831 3746 1903 ngariae,

2178 1953 2338 2006 quam
2375 1937 2561 1990 vicinae
2593 1934 2790 2005 Styrize
2815 1933 3013 1986 ﬁnibus
3041 1928 3325 1986 constituit
3355 1943 3369 1981 :
3401 1940 3548 1980 anno
3613 1923 3748 1988 975,

2175 2040 2230 2084 ct
2247 2028 2352 2083 976
2383 2028 2535 2099 (Cbr.
2578 2024 2715 2080 1568
2749 2034 2796 2079 et
2834 2022 3019 2091 1569).

2250 2141 2361 2197 lloc
2389 2156 2534 2195 anno
2573 2138 2676 2196 976
2730 2139 2882 2202 (Chr.
2914 2135 3073 2198 1569)
3138 2131 3652 2202 splendidissimum
3696 2136 3752 2182 et

2177 2234 2659 2290 instructissimmn
2689 2230 2931 2284 Veneriis
2953 2227 3163 2287 navale.
3195 2224 3298 2280 sub
3318 2223 3554 2277 medium
3594 2235 3748 2273 men-

2177 2343 2292 2384 sem
2343 2307 2743 2395 septembrem,
2801 2335 3034 2376 accenso
3084 2314 3443 2372 tormentario
3500 2311 3748 2383 pulvere,

2179 2417 2417 2472 maximo
2447 2433 2569 2471 cum
2619 2413 2929 2482 reipublicae
2986 2410 3314 2466 detrimento
3367 2402 3746 2473 conﬂagravit.

2177 2505 2378 2562 Ibidem
2412 2516 2519 2560 tam
2548 2506 2599 2557 in
2635 2505 2793 2566 urbe,
2830 2517 2996 2573 quam
3028 2510 3173 2554 terra
3235 2497 3573 2554 continente,
3627 2491 3736 2546 diu-

2177 2607 2340 2653 turna
2365 2609 2416 2652 et
2458 2596 2718 2669 inusitata
2754 2595 3000 2664 quadam
3057 2598 3177 2645 erat
3208 2603 3440 2643 annona:
3484 2584 3732 2639 ebaritas.

2176 2688 2540 2755 Quamobrem
2586 2686 2838 2739 sultanus
2893 2681 3144 2744 Selimes,
3202 2679 3328 2734 licet
3394 2676 3541 2731 initio
3587 2671 3737 2741 regni

2179 2796 2391 2849 pacem,
2419 2794 2448 2831 a
2477 2779 2786 2832 Soleimanc
2805 2783 2960 2845 patre
2984 2789 3106 2829 cum
3130 2771 3354 2826 Venetis
3391 2770 3596 2829 initam,
3617 2781 3747 2820 con-

2179 2875 2448 2934 ﬁrmasse,
2483 2882 2663 2926 tamen
2698 2870 2780 2924 vel
2813 2868 3113 2923 ambitione
3137 2864 3379 2937 propria,
3412 2862 3491 2918 vel
3524 2875 3749 2916 suorum

2180 2967 2440 3036 impulsu,
2465 2965 2546 3019 vel
2569 2965 2671 3017 hoc
2689 2961 3018 3017 Venetorum
3045 2961 3272 3014 adverso
3292 2970 3423 3009 casu
3448 2965 3751 3021 permotus,

2178 3059 2380 3113 bellum
2416 3057 2494 3111 eis
2527 3056 2731 3109 inferre
2761 3052 2973 3115 statuit,
3000 3049 3230 3120 qumsito
3265 3053 3552 3116 przetextu,
3587 3038 3748 3109 quasi

2180 3151 2418 3222 Cyprum
2453 3149 2601 3203 nullo
2630 3147 2751 3216 jure
2781 3144 3149 3215 possiderent;
3186 3154 3308 3210 qua:
3337 3138 3409 3192 ob
3439 3133 3757 3191 successio-

511 3233 790 3286 ltomanire
823 3230 1124 3299 bcglcrbegi
1192 3227 1362 3294 copiis
1387 3227 1739 3293 conjunctutn
1795 3224 1846 3277 in
1898 3221 2149 3293 Unga-C
2185 3221 2308 3298 Imm
2369 3241 2545 3311 genus
2601 3238 3023 3295 Osumnidamm
3083 3233 3137 3288 ίη
3200 3231 3325 3301 jura
3402 3229 3755 3282 ευιιθηοτιιση

513 3327 645 3378 riam
677 3325 836 3394 361
871 3323 1068 3376 dueere
1125 3319 1311 3391 jussit.
1345 3318 1648 3386 Utrumque
1683 3325 1862 3368 tamen
1893 3317 1960 3368 ab
1992 3315 2075 3369 iu-

515 3418 702 3472 stitnta
738 3416 969 3468 Selimrs
992 3414 1337 3480 espeditione
1371 3425 1493 3464 mox
1522 3411 1816 3473 revocavit,
1847 3425 1972 3464 cum
1997 3409 2079 3464 in-

512 3510 828 3570 tellexisset,
889 3505 1202 3559 Verantium
1280 3503 1595 3571 Agriensem
1657 3503 1968 3572 przesulem,
2025 3510 2082 3555 et

509 3601 684 3654 Cbrs
701 3600 966 3666 Ophorum
986 3595 1398 3649 'i‘ifembachum
1417 3595 1702 3659 baronem,
1716 3591 1924 3647 Vienna
1941 3592 2082 3648 Con—

510 3689 922 3756 Statilinopulim
953 3690 1252 3756 ablegatos,
1307 3687 1371 3740 ad
1400 3701 1459 3740 se
1485 3685 1836 3741 contendere.
1874 3684 2080 3752 Quam-

513 3788 702 3838 obrem
744 3794 796 3836 et
829 3781 1097 3837 Budeusis
1136 3781 1315 3842 bassa,
1351 3778 1534 3834 missis
1582 3777 1647 3832 ad
1699 3777 2081 3846 imperatorem

516 3877 946 3932 Maximilianum
974 3872 1293 3928 muneribus
1319 3869 1692 3939 amplissimis,
1755 3868 1910 3938 petiit
1941 3908 1956 3932 ,
2015 3881 2083 3921 ne

513 3970 726 4026 turbari
759 3968 906 4037 pacis
938 3965 1318 4021 tractationem
1375 3970 1670 4032 pateretur.
1709 3959 1818 4013 Sua
1860 3959 2081 4028 quidem

514 4081 578 4118 ex
608 4070 757 4131 parte.
785 4061 1026 4114 futurum
1059 4058 1274 4124 agebat,
1329 4067 1387 4108 ut
1433 4053 1572 4123 palis
1627 4050 2084 4120 transﬁgerentur

514 4168 729 4212 omnes.
754 4153 846 4222 qui
871 4163 966 4220 per
984 4148 1215 4204 Caesaris
1244 4147 1381 4200 lines
1433 4142 1776 4199 excurrendo
1822 4143 2083 4197 damnum

515 4243 813 4296 dedissent.
870 4239 992 4292 ιιωο
1041 4237 1130 4291 ille
1181 4235 1456 4290 multotics
1501 4233 1877 4305 pollicebatur,
1931 4235 2088 4288 sede

515 4338 733 4391 divi-rso
766 4335 937 4386 duces
965 4328 1263 4392 Erdeliani,
1321 4343 1445 4382 cum
1497 4327 1798 4381 buendium
1835 4326 2086 4381 viderent

515 4433 715 4486 abiisse
763 4425 1106 4482 Cassoviam.
1138 4437 1206 4476 ne
1245 4435 1393 4490 spem
1454 4420 1602 4490 pacis
1653 4419 2083 4474 interturbaret:

517 4519 758 4576 collectis
781 4532 886 4572 non
907 4513 1118 4583 magnis
1137 4511 1333 4582 copiis.
1358 4509 1717 4580 impressione
1735 4523 1832 4562 nec
1864 4511 2083 4577 opinata

521 4616 815 4669 itisuarum
854 4609 1031 4666 adorti
1064 4615 1342 4677 ceperunt,
1365 4603 1640 4672 occupatis
1667 4603 1826 4656 etiam
1858 4603 2085 4658 thermis

517 4724 655 4778 quas
684 4706 906 4760 Rivulos
927 4702 1279 4756 Dominarum
1303 4698 1595 4767 appellant.
1616 4695 1722 4749 Has
1751 4696 1896 4749 enim
1917 4693 2088 4748 Sucn—

520 4802 644 4853 dius
693 4807 820 4852 ante
855 4793 1138 4850 biennintn
1169 4792 1249 4847 eis
1273 4790 1569 4845 ademerat.
1629 4787 1682 4841 id
1737 4787 1827 4841 ubi
1885 4785 2087 4841 factum

525 4889 772 4940 [tulterus
803 4885 1032 4954 accepit,
1054 4884 1263 4952 legatus
1291 4880 1539 4942 Suendii,
1571 4888 1794 4948 magna
1825 4879 1906 4931 vir
1937 4875 2090 4932 belli-

519 4982 600 5036 cis
629 4981 682 5034 in
715 4980 877 5034 rebus
901 4977 1204 5041 industriae,
1233 4988 1357 5028 mox
1388 4971 1700 5041 cutn'justis
1724 4970 1966 5040 equitum
2000 4983 2092 5037 pe-

520 5075 804 5139 ditumque
831 5070 1006 5138 copiis
1030 5067 1289 5132 accurrit,
1315 5075 1368 5120 et
1400 5065 1650 5119 hostibus
1706 5061 2089 5131 inexspectato

523 5180 625 5219 suo
653 5162 858 5218 territis
874 5163 1132 5221 adventu.
1157 5159 1478 5224 Risuarum,
1504 5155 1748 5211 adhibita
1779 5156 1830 5207 vi
1853 5154 2091 5208 maxima

527 5264 832 5327 recuperat,
866 5253 1238 5323 praesidiarios
1266 5249 1548 5315 inter-(icit,
1577 5261 1814 5317 moxque
1867 5246 2092 5301 Bivulos

523 5355 686 5411 etiam
707 5351 855 5407 nullo
880 5350 1093 5420 negotio
1111 5346 1320 5415 recipit.
1343 5343 1553 5414 Quippe
1577 5357 1703 5397 casu
1735 5339 1969 5408 quodam
2002 5353 2094 5392 ac-

526 5457 692 5500 censo
721 5443 942 5512 pulvere
963 5435 1349 5498 tormentario,
1383 5443 1624 5489 castrum
1651 5429 1845 5484 ardere
1891 5429 2091 5498 etrapit;

529 5539 758 5605 ideoque
790 5530 983 5604 majori
1011 5538 1165 5600 parte
1196 5534 1661 5596 propugnatorum
1721 5520 2014 5582 exstincta,
2041 5519 2095 5572 in

527 5627 731 5682 Buberi
763 5633 1086 5695 potestatem
1120 5618 1286 5672 venit.

600 5721 759 5774 Auno
813 5713 1050 5782 denique
1115 5709 1496 5765 Mahumetano
1552 5705 1660 5762 975
1731 5704 1882 5775 (Chr.
1937 5703 2098 5770 1568)

532 5828 634 5883 pax
669 5822 866 5864 octavo
894 5820 1115 5876 quoque
1148 5818 1293 5858 anno
1317 5800 1630 5856 renovanda
1659 5799 1799 5851 inter
1857 5795 2101 5849 Maximi-

535 5905 738 5962 liauuiu
787 5902 1114 5968 Augustum,
1188 5897 1572 5964 sulttnutnque
1630 5893 1888 5948 belintetn
1947 5887 2098 5948 eoiit.

2183 3333 2423 3404 Egypti,
2460 3331 2525 3386 ad
2554 3345 2610 3384 se
2635 3330 2845 3384 directo
2892 3325 3207 3394 pertineret.
3239 3321 3392 3374 Licet
3449 3319 3591 3373 enim
3621 3316 3760 3368 Seli-

2181 3441 2300 3480 mes
2331 3440 2465 3480 avus
2493 3432 2546 3479 et
2584 3421 2926 3487 Soleimanes
2954 3420 3129 3485 pater,
3163 3415 3328 3468 annui
3372 3411 3580 3466 tributi.
3609 3405 3757 3477 quod

2181 3503 2472 3572 aVenetis
2499 3513 2617 3582 ejus
2649 3510 2799 3582 regni
2821 3508 3040 3562 nomine
3080 3505 3442 3574 pendebatur,
3481 3500 3762 3557 solutione

2182 3607 2447 3670 contenti,
2479 3604 2888 3676 possessionem
2937 3601 3132 3656 insulae
3197 3596 3424 3652 Venetis
3483 3596 3764 3651 baetenus

2184 3704 2536 3771 reliquissent
2563 3718 2579 3756 :
2607 3701 2816 3760 nullum
2848 3707 3027 3752 tamen
3064 3697 3178 3750 hoc‘
3211 3695 3316 3750 sibi
3359 3695 3584 3765 gignere
3615 3708 3760 3762 prae-

2181 3795 2446 3867 iudicium
2485 3775 2644 3861 posse
2665 3789 2904 3850 dicebat,
2936 3787 3230 3858 quominus
3267 3786 3380 3858 jam
3415 3784 3621 3838 tributo
3675 3797 3762 3837 τεο

2189 3885 2430 3957 pudiato.
2466 3897 2691 3952 regnum
2720 3880 2806 3936 sui
2836 3880 2976 3952 juris
3021 3885 3335 3956 occuparet,
3377 3892 3440 3932 ac
3469 3876 3573 3932 sibi
3627 3875 3761 3930 reti-

2188 3985 2360 4034 neret.

2258 4095 2450 4162 Itaque
2476 4105 2662 4147 mense
2713 4087 3014 4145 Februario
3049 4087 3328 4156 sequentis
3378 4085 3535 4149 anni,
3584 4084 3769 4140 Cuba-

2189 4195 2296 4241 tem
2329 4184 2590 4240 Zausium
2637 4179 3107 4248 Constantinopoli
3157 4177 3412 4233 Venetias
3470 4177 3765 4246 ablegavit,

2189 4279 2281 4349 qui
2318 4288 2572 4344 asenatu
2635 4275 2876 4348 Cyprum
2931 4281 3245 4342 repeteret,
3309 4268 3771 4324 aerecusaturis

2191 4374 2395 4429 bellant
2420 4370 2790 4426 denuntiaret.
2821 4367 3043 4436 Appulit
3070 4365 3116 4418 is
3141 4363 3390 4419 Venetias
3418 4363 3520 4418 sub
3550 4361 3766 4415 initium

2191 4464 2398 4520 mensis
2426 4462 2651 4530 Aprilis,
2685 4475 2829 4513 anno
2860 4459 2966 4513 977
2993 4457 3150 4526 (Chr.
3195 4455 3377 4526 1570),
3432 4465 3486 4510 et
3513 4453 3775 4507 mandato

2116 4566 2164 4625 ι)
2193 4556 2412 4612 Selitnis
2437 4554 2708 4625 exposito,
2728 4552 2997 4620 repulsam
3029 4549 3173 4626 tulit.

2263 4667 2603 4735 Quapropter
2630 4679 2814 4717 mense
2846 4660 2986 4714 Maio
3017 4660 3166 4714 missi
3207 4673 3328 4712 cum
3367 4658 3547 4712 classe
3574 4656 3777 4710 milite-

2195 4772 2303 4829 que
2333 4757 2572 4820 l‘ueruut,
2599 4754 2689 4823 qui
2733 4753 2934 4807 bellum
2959 4750 3218 4818 Cyprium
3243 4757 3517 4818 gererent,
3568 4745 3777 4801 Masta-

2198 4852 2336 4922 phas
2373 4849 2554 4913 bassa,
2594 4845 2875 4914 copiarum
2905 4841 3273 4904 terrestrium,
3303 4847 3359 4916 et
3410 4838 3581 4892 l’ialis
3622 4838 3778 4892 Alis-

2197 4957 2305 5012 que
2329 4941 2524 5005 bassat,
2557 4937 2963 4993 classiariorum
2997 4932 3258 5004 praefecti.
3282 4931 3448 4985 Pialis
3471 4939 3772 4999 provectus

2199 5048 2324 5086 cum
2355 5033 2471 5086 suis
2501 5029 2568 5084 ad
2603 5027 2838 5091 Tenum,
2876 5025 3109 5079 insulam
3131 5021 3465 5077 Venetorum
3493 5020 3545 5074 itt
3568 5017 3781 5086 Egzeo,

2203 5124 2348 5178 ferro
2368 5139 2431 5177 ac
2456 5122 2688 5177 ﬂammis
2712 5136 2854 5181 eam,
2880 5134 2987 5173 non
3015 5117 3134 5172 sine
3162 5116 3312 5186 gravi
3345 5124 3522 5168 tamen
3553 5121 3782 5167 suorum

2197 5217 2436 5286 jactura,
2473 5216 2740 5285 direptam
2803 5210 3061 5266 vastavit.

2275 5329 2460 5384 Mense
2486 5327 2650 5382 Junio
2668 5326 3032 5380 Sebastianus
3063 5322 3350 5385 Venerius,
3404 5317 3595 5372 insulae
3644 5313 3786 5370 Cor-

2207 5438 2348 5496 eyrze
2373 5421 2608 5476 maxima
2639 5433 2762 5473 cum
2830 5424 3097 5486 potestate
3157 5426 3380 5483 praeses.
3435 5409 3786 5477 Soppotoum

2205 5525 2444 5571 castrum
2482 5510 2747 5572 Albania,
2795 5523 2902 5562 non
2973 5505 3161 5575 procul
3215 5519 3242 5556 a
3287 5502 3527 5571 Corcyra
3584 5498 3785 5558 situm,

2205 5605 2554 5676 expugnavit,
2583 5603 2742 5670 eique
2767 5597 3022 5668 pnesidio
3049 5595 3328 5666 imposito,
3361 5609 3426 5647 ac
3458 5591 3621 5645 rebus
3685 5603 3789 5642 nc-

2208 5701 2468 5756 ccssariis
2491 5697 2724 5759 munito,
2750 5690 3050 5745 Mauuelem
3085 5685 3446 5742 Murmuriutn
3475 5681 3792 5738 oriundum

2210 5811 2240 5847 e
2278 5789 2506 5859 Napolio
2535 5783 2816 5840 Romaniut
2849 5779 3160 5853 (Naupliam
3191 5776 3372 5847 Argia:
3416 5781 3630 5829 veteres
3682 5783 3790 5842 ap-

2214 5881 2502 5948 pellavere)
2559 5875 2817 5947 pmiccit.
