4126 6432
285 414 389 480 669

1392 411 1771 473 SUPPLEM.
1814 413 2090 474 ANNAL.
2114 409 2419 474 TURCIC.

3425 408 3531 472 670

355 520 470 572 Sub
500 517 746 586 ejusdem
804 516 1005 570 mensis
1060 516 1265 570 exitum
1310 516 1523 573 Marcus
1575 517 1858 584 Quirinus,
1889 545 1933 600 Δ
1967 521 2362 586 Clu-35111470,
2392 519 2483 590 qui
2522 517 2936 573 Mallumctanus
2981 526 3098 573 erat
3126 516 3250 573 874,
3317 516 3536 572 Ειειῑη..

289 612 487 667 classis
519 611 574 662 in
608 607 922 661 Hadriatico
947 608 1262 677 prmfcctus.
1291 625 1475 664 arcem
1507 611 1661 665 sinus
1724 609 1858 663 Mai-

289 705 481 758 nensis
505 701 758 772 (Maiuam
791 711 917 756 sunt
947 701 1041 770 qui
1073 700 1302 755 Leuctra
1328 703 1609 757 veteribus
1668 702 1856 771 appel-

293 797 462 847 latam
505 802 714 860 putant,
746 794 922 862 ipsum
959 810 1091 848 vero
1120 795 1304 850 sinum
1344 793 1863 859 lllaincnscm,ltles-

301 882 630 952 seniacum),
665 883 732 939 ad
791 893 1034 954 portum,
1088 900 1252 954 quem
1302 887 1467 952 vulgo
1520 885 1858 950 Qualliarum

301 977 415 1028 sive
443 972 780 1028 coturnicum
807 985 1028 1042 vocant,
1064 977 1298 1046 positam
1326 975 1560 1031 feliciter
1584 991 1866 1043 expugna-

298 1064 394 1128 vit,
443 1065 688 1132 actisque
715 1065 818 1118 sub
871 1081 933 1120 ea
986 1065 1275 1129 cuniculis,
1326 1075 1380 1121 et
1432 1067 1716 1135 supposito
1779 1067 1864 1118 in-

295 1170 574 1224 eensoque
603 1154 826 1224 pulvere
879 1160 1261 1224 tormentario,
1319 1159 1568 1212 funditus
1616 1173 1865 1212 eversam

297 1244 514 1324 diruit,
554 1262 622 1302 ne
651 1248 900 1304 barbaris
948 1248 1187 1318 amplius
1230 1259 1511 1317 receptum
1576 1250 1864 1318 praeberet.

367 1335 610 1404 Nicosia,
636 1337 796 1408 Cypri
822 1341 1162 1410 metropolis,
1187 1341 1292 1396 sub
1318 1343 1522 1395 exitum
1549 1340 1676 1396 Julii
1711 1357 1868 1396 men-

299 1426 374 1478 sis
414 1442 442 1478 a
477 1425 762 1494 Mustapha
791 1429 950 1484 bassa
978 1431 1219 1484 obsideri
1244 1442 1444 1499 empta,
1494 1443 1548 1486 et
1599 1431 1868 1486 acerrime

310 1526 420 1569 tam
448 1531 788 1588 oppugnata,
817 1537 980 1589 quam
1013 1521 1263 1586 defensa,
1299 1523 1514 1577 tandem
1537 1521 1623 1576 die
1655 1523 1871 1578 decimo

302 1609 641 1676 Septembris
673 1611 726 1664 in
763 1611 998 1666 hostium
1029 1623 1350 1682 potestatem
1413 1617 1583 1677 venit,
1645 1615 1873 1671 miseree

300 1717 407 1768 que
433 1701 642 1771 direpta
675 1703 777 1756 fuit
804 1722 818 1769 ;
847 1705 1001 1759 cassis
1031 1706 1410 1773 praesidiariis,
1441 1709 1714 1762 exstincta
1778 1723 1874 1762 uo-

301 1792 538 1856 bilitate,
565 1795 876 1864 perexiguis
927 1798 1174 1868 reliquiis
1208 1800 1460 1854 servituti
1521 1801 1870 1870 mancipatis.

1965 626 2052 672 cto
2080 631 2224 683 rege,
2257 616 2607 684 posthumqu
2636 611 2818 681 regina
2876 624 3086 664 marem
3111 611 3272 687 parit,
3304 611 3395 680 qui
3454 619 3536 664 ta-

1968 724 2088 762 men
2125 723 2231 761 non
2263 707 2354 760 diu
2380 714 2658 774 superstes
2689 703 2811 757 fuit.
2841 702 2982 756 Tum
3014 717 3143 756 vero
3205 700 3397 754 Veneti
3450 701 3533 754 vi-

1966 801 2088 856 duae
2151 799 2504 868 persuadent,
2535 807 2594 852 ut
2633 810 2800 866 regno
2819 795 3056 858 cederet,
3084 794 3171 849 cui
3193 792 3536 848 defendendo

1969 905 2065 958 par
2097 889 2212 956 ipsa
2244 902 2350 942 non
2383 897 2546 948 esset,
2589 901 2880 955 annuoque
2911 886 3086 939 reditu
3147 895 3386 954 quatuor
3441 892 3536 936 aut

1968 982 2211 1052 quinque
2247 981 2472 1034 millium
2523 979 2920 1033 Zecchiuorum
2952 983 3234 1038 contenta,
3301 974 3533 1042 patriam

1970 1071 2262 1128 immortali
2303 1070 2568 1133 beneficio
2597 1069 2698 1124 sibi
2731 1067 3054 1122 devinciret.
3092 1063 3202 1118 Hoc
3231 1065 3392 1116 modo
3449 1078 3538 1114 re-

1969 1164 2125 1217 dacta
2161 1164 2215 1217 in
2269 1171 2592 1230 potestatem
2665 1159 2864 1224 insula,
2919 1157 3280 1212 nihilominus
3343 1153 3536 1208 Veneti

1971 1255 2187 1310 sultauo
2214 1253 2490 1324 Egyptio,
2513 1251 2700 1307 tributi
2724 1252 2845 1319 ejus
2866 1249 3106 1314 nomine,
3130 1247 3272 1317 quod
3301 1245 3538 1301 Jacobus

1973 1362 2065 1400 rex
2095 1346 2166 1400 illi
2201 1345 2478 1414 pollicitus
2505 1343 2700 1407 fuerat,
2727 1358 2937 1397 merces
2967 1341 3020 1395 in
3051 1341 3225 1410 pactis
3251 1337 3538 1393 conventis

1971 1453 2260 1510 expressas
2293 1437 2588 1505 quotannis
2620 1435 2907 1488 mittebant
2938 1450 2951 1486 :
3007 1432 3184 1486 donec
3213 1446 3356 1484 anno
3378 1427 3542 1481 Chri-

1979 1531 2047 1583 sti
2094 1529 2250 1593 1517,
2280 1530 2370 1599 qui
2398 1528 2812 1582 Mahumetanus
2831 1533 2950 1580 erat
2975 1524 3101 1584 925,
3135 1523 3350 1576 sultano
3376 1520 3544 1574 Totu-

1975 1622 2216 1675 matnbai
2259 1631 2312 1675 et
2370 1618 2739 1674 Mantelucisa
2798 1617 3017 1673 sultauo
3068 1614 3271 1668 Selitne
3325 1611 3544 1674 deletis,

1974 1725 2030 1769 et
2063 1713 2297 1783 [Egyplo
2323 1711 2590 1782 Syriaque
2614 1709 2917 1779 subiugatis
2937 1722 3260 1762 conversqu
3286 1721 3315 1759 a
3341 1705 3540 1759 Selime

1977 1807 2208 1865 victore,
2294 1803 2831 1868 Mamelucorumque
2887 1812 3230 1857 successore,
3278 1796 3542 1848 tributum

305 1886 434 1942 Erat
458 1888 587 1942 olim
619 1887 781 1960 Cypri
815 1890 988 1960 regia,
1017 1907 1140 1958 quae
1159 1903 1382 1946 centum
1409 1893 1716 1963 etamplius
1745 1903 1873 1948 ante
1904 1872 1945 1927 δ
1978 1897 2079 1948 hoc
2110 1894 2210 1947 fuit
2237 1894 2289 1946 in
2325 1904 2531 1947 certum
2569 1892 2801 1955 pretium
2823 1940 2836 1963 ,
2877 1889 3128 1942 videlicet
3161 1886 3300 1940 8000
3356 1884 3544 1937 Zechi-

306 1980 408 2032 hoc
437 1989 650 2048 tempus
706 1981 868 2034 anuis
919 1981 1132 2036 redacta
1185 1982 1363 2037 fuerat
1415 1984 1520 2038 sub
1580 1985 1871 2053 imperium

301 2073 505 2128 sultani
548 2075 848 2142 Cairensis,
869 2079 1028 2147 eique
1053 2079 1157 2134 hoc
1188 2081 1346 2135 modo
1383 2079 1521 2136 facta
1557 2080 1870 2135 tributaria.

303 2166 467 2220 Anno
489 2167 806 2224 Christiano
844 2170 980 2224 “'23
1010 2171 1213 2226 bellum
1245 2182 1362 2226 erat
1396 2170 1534 2226 Jano
1564 2171 1710 2226 Petri
1741 2171 1872 2236 filio,

307 2260 420 2323 regi
443 2257 664 2330 Cyprio,
697 2261 788 2330 qui
843 2263 1179 2331 penultimus
1235 2263 1339 2317 fuit
1396 2263 1538 2318 inter
1601 2263 1874 2331 legitimos

308 2351 472 2422 362
509 2367 660 2418 reges
689 2367 753 2406 ex
784 2350 1090 2424 Lusignana
1141 2354 1370 2420 familia,
1443 2371 1565 2409 cum
1617 2353 1873 2424 Egyptio

309 2443 429 2496 sive
456 2441 698 2498 Cairensi
733 2447 955 2500 sultano
999 2444 1314 2501 Melechella
1347 2463 1361 2501 :
1391 2445 1658 2516 quohello
1686 2456 1875 2514 captus

307 2535 378 2588 ab
428 2535 584 2589 hoste
646 2537 898 2607 Cyprius,
945 2536 1236 2608 persolutis
1291 2550 1510 2594 centum
1558 2539 1873 2608 quindecim

307 2627 546 2682 millibus
572 2627 1028 2697 Seraphinorum,
1062 2630 1114 2684 in
1156 2646 1378 2700 regnum
1415 2647 1538 2685 cum
1563 2641 1719 2700 pacto
1773 2631 1873 2684 tri-

303 2721 418 2774 buti
451 2721 616 2774 annui
651 2720 978 2774 restituitur.
1008 2720 1060 2776 ls
1089 2722 1330 2776 moriens
1365 2723 1536 2777 lilium
1598 2721 1869 2778 Joannem

301 2808 912 2880 reliquitimpuberem,
945 2809 1030 2865 cui
1080 2811 1254 2879 primo
1284 2811 1661 2871 matrimonio,
1731 2819 1877 2881 post-

305 2920 470 2974 quam
500 2904 850 2966 adolevisset,
885 2903 994 2958 filia
1031 2903 1365 2960 Marchionis
1407 2905 1526 2959 ltali
1564 2887 1879 2959 \lontisfer;

306 2996 543 3051 ratensis
573 2996 759 3064 nupsit
791 3015 806 3062 ;
841 3011 946 3066 qua
987 3009 1222 3064 mortua,
1265 2997 1524 3054 Helenam
1557 2997 1877 3068 Palaeologio

304 3104 428 3141 nam
462 3087 738 3142 duxiLEx
768 3102 832 3141 ea
878 3097 1002 3141 nata
1058 3087 1160 3146 fuit
1214 3089 1374 3142 unica
1438 3088 1546 3143 ﬁlia
1596 3089 1876 3155 Karulota,

302 3197 424 3244 qua:
457 3180 649 3237 Joanni
679 3179 943 3234 Lusitano
971 3181 1207 3250 primum
1237 3181 1439 3248 nupsit,
1471 3182 1558 3234 cui
1586 3181 1873 3249 pratbitum

303 3287 582 3327 venenum
613 3281 842 3326 mortem
877 3273 1082 3326 attulit.
1109 3271 1239 3326 Erat
1265 3271 1537 3328 Karuloue
1563 3271 1684 3330 Jac.
1761 3273 1876 3326 fra—

310 3376 415 3427 ter,
445 3365 729 3433 illegitimo
761 3375 879 3419 toro
903 3373 1087 3426 natus,
1125 3365 1210 3418 cui
1273 3365 1445 3419 sacris
1473 3363 1624 3418 initia
1653 3378 1686 3418 ο
1730 3374 1880 3434 pater

310 3456 846 3524 archiepiscopatum
897 3453 1608 3527 Nicosianumassignarat.
1671 3455 1720 3509 ls
1781 3456 1881 3510 im-

314 3548 544 3618 perandi
599 3548 821 3602 libidine
896 3549 1119 3614 ductus,
1184 3550 1560 3604 ecclesiastica
1619 3548 1881 3618 dignitate

316 3649 520 3708 spreta,
556 3655 776 3709 regnum
813 3639 1017 3694 invadit
1054 3657 1122 3704 ;a
1170 3657 1280 3710 quo
1320 3651 1562 3709 tempore
1620 3639 1797 3694 dictus
1852 3653 1880 3690 a

310 3734 517 3788 Grazcis
554 3733 763 3803 Cypriis
806 3734 906 3787 fult
937 3732 1012 3788 Re
1036 3732 1208 3807 Zages
1243 3734 1348 3803 (sic
1370 3733 1516 3787 enim
1553 3732 1606 3787 in
1643 3735 1878 3801 quodam

307 3827 685 3896 manuscripto
717 3827 896 3882 libi-llo
919 3843 1041 3880 meo
1072 3825 1264 3880 Graeco
1293 3826 1533 3896 legitur),
1559 3825 1881 3896 appellatio-

310 3936 381 3974 ne
416 3921 611 3988 partim
645 3919 850 3985 Italica,
884 3920 1080 3989 partim
1104 3919 1331 3974 Gallica.
1388 3920 1524 3972 Nam
1557 3919 1726 3974 Gallis
1788 3917 1886 3973 Ιίοὲ

311 4011 532 4080 Juques,
562 4028 654 4066 rex
690 4010 928 4066 Jacobus
955 4021 1058 4066 est.
1127 4010 1389 4065 Karulota
1421 4010 1691 4066 secundas
1749 4027 1884 4077 nup-

315 4104 422 4157 tias
443 4120 561 4157 cum
604 4104 882 4158 Ludovico
919 4103 1156 4158 Sahaudi
1219 4105 1380 4158 ducis
1429 4105 1542 4159 filio
1589 4103 1884 4158 contrahit.

315 4193 368 4249 ls
397 4194 624 4251 classem
663 4195 938 4260 intruens,
972 4196 1022 4247 iu
1055 4195 1290 4265 Cyprum
1316 4210 1438 4250 cum
1459 4193 1722 4254 Karulota
1757 4209 1889 4249 con-

308 4287 440 4358 juge
489 4287 875 4356 proficiscitur.
923 4285 1207 4341 Redeunte
1254 4286 1493 4356 legitima
1539 4289 1684 4356 regis
1755 4287 1885 4354 filia,

311 4381 566 4450 iustaque
599 4381 750 4450 regni
785 4380 1018 4441 haarede,
1050 4379 1286 4436 Jacobus
1321 4381 1524 4435 nothus
1555 4394 1723 4447 regno
1775 4381 1888 4448 pel-

310 4473 465 4526 }itur.
491 4470 712 4539 Ejectus
739 4470 806 4527 ad
839 4471 1120 4526 sultanum
1148 4470 1363 4541 Egypti
1421 4471 1705 4542 Syriaeque
1758 4487 1888 4528 con-

316 4563 476 4633 fugit,
505 4564 952 4634 Alesseraphum,
980 4573 1035 4619 et
1056 4579 1210 4633 opem
1226 4564 1346 4631 ejus
1363 4564 1886 4633 adrecuperandum
1924 4577 1964 4630 ι)

315 4673 544 4728 regnum
577 4657 853 4728 implorat.
885 4657 1157 4713 Assensus
1203 4657 1489 4726 postulatis
1535 4655 1725 4712 Jacobi
1777 4658 1892 4712 sul-

313 4764 500 4816 ianus,
525 4767 647 4806 eum
673 4751 832 4821 pulso
865 4751 1104 4806 vicissim
1143 4764 1268 4806 cum
1292 4749 1558 4804 Karulots
1610 4750 1887 4817 Sabaudo,

313 4844 368 4896 in
397 4859 620 4912 regnum
653 4842 882 4906 reducit,
931 4853 985 4896 et
1041 4842 1262 4896 nomine
1311 4841 1670 4896 restitutionis
1729 4841 1891 4909 hujus

309 4949 378 4988 ac
407 4933 656 4986 beneficii
683 4932 950 4986 tributum
980 4947 1088 4986 non
1124 4932 1294 4985 invito
1327 4931 1580 5000 imperat.
1631 4929 1684 4984 Id
1719 4930 1892 4984 tribu-

231 5009 236 5012 .
311 5037 427 5079 tum
452 5042 515 5078 ex
544 5025 818 5080 mercibus
845 5025 1139 5095 quotannis
1166 5025 1386 5081 sultano
1419 5024 1695 5079 solvendis
1748 5039 1887 5078 con-

311 5121 515 5182 stabat,
551 5128 702 5171 cerlo
738 5119 1000 5171 mercium
1028 5131 1251 5186 genere,
1313 5115 1735 5185 spccierumque
1793 5129 1893 5166 nu-

311 5224 468 5262 mero
493 5223 775 5277 expresso.
804 5201 1045 5262 Necdum
1080 5209 1132 5261 id
1190 5207 1453 5276 temporis
1477 5222 1701 5261 uxorem
1735 5205 1893 5261 Jaco-

309 5300 414 5354 llus
443 5300 692 5352 duxerat.
723 5297 912 5367 Itaque
947 5296 1204 5354 Venetias
1243 5296 1545 5367 profectus,
1611 5295 1887 5351 Ecateri-

311 5406 438 5442 nam
470 5389 796 5450 Curnaram,
822 5391 975 5458 prius
1002 5381 1253 5445 a'seuatu
1289 5387 1473 5443 Sancti
1512 5387 1674 5442 Marci
1711 5387 1877 5441 filiam

310 5481 648 5548 adoptatam,
682 5483 980 5536 constituta
1018 5481 1088 5535 de
1146 5481 1364 5550 publico
1398 5482 1547 5545 date,
1607 5480 1894 5533 matrimo—

315 5571 408 5622 nio
439 5571 542 5623 sibi
576 5572 793 5639 copulat
822 5590 836 5637 ;
876 5583 934 5625 ut
973 5574 1076 5626 huc
1127 5572 1424 5625 adﬁnitatis
1458 5569 1678 5625 Veneta:
1706 5571 1894 5623 vincu-

313 5663 392 5722 lo,
421 5666 813 5728 potentissima:
845 5665 980 5718 mari
1036 5665 1352 5734 rcipubliczc
1415 5663 1668 5733 praesidio
1723 5677 1892 5730 seque

316 5766 653 5826 regnumque
682 5771 843 5809 suum
879 5755 1167 5810 stabiliret.
1206 5755 1312 5810 Nec
1369 5754 1540 5809 multo
1572 5765 1714 5825 post,
1766 5754 1893 5809 reli-

275 5853 286 5884 ε
315 5853 403 5899 cta
428 5848 654 5914 coniuge
685 5860 1020 5916 praegnante,
1063 5847 1317 5903 moritur.
1344 5847 1585 5918 Contigit
1615 5848 1714 5904 hoc
1739 5862 1886 5902 anno

1977 2001 2169 2039 norma
2217 2000 2400 2053 :quos
2425 1983 2581 2053 Cypri
2631 1982 2851 2036 nomine
2879 1980 3113 2035 sultanis
3180 1977 3429 2032 Turcicis
3479 1990 3544 2028 ex

1975 2093 2041 2132 co
2069 2088 2308 2145 tempore
2335 2077 2522 2129 Veneti
2578 2077 2976 2141 persolverunt,
3039 2073 3213 2124 donec
3259 2085 3290 2124 a
3344 2067 3550 2121 Solimo

1977 2169 2240 2228 secundo,
2263 2168 2500 2239 Cyprum
2535 2167 2638 2221 sibi
2675 2183 2772 2220 ceu
2797 2165 3023 2218 domino
3083 2165 3314 2223 directo,
3388 2175 3548 2227 repe-

1978 2270 2125 2314 tente
2157 2261 2357 2315 bellum
2383 2260 2448 2312 de
2477 2275 2585 2328 quo
2627 2273 2771 2312 nttnc
2803 2257 3036 2326 agimus,
3070 2255 3329 2309 indictum
3373 2249 3552 2304 Vene—

1976 2356 2198 2410 lisfuit.
2261 2354 2430 2423 Capta
2480 2353 2720 2416 Nicosia,
2781 2350 3166 2422 Famagustam
3231 2343 3548 2412 Mustaphas

1977 2448 2137 2503 bassa
2169 2447 2382 2501 tandem
2414 2446 2663 2502 obsidere
2692 2446 2855 2513 capit
2891 2457 3039 2498 anno
3096 2439 3389 2494 Mabumet.
3438 2434 3545 2490 578

1978 2539 2130 2613 (Chr.
2157 2539 2336 2607 15⁵11),
2364 2539 2467 2594 sub
2493 2537 2730 2593 medium
2763 2549 3000 2590 mensem
3027 2533 3275 2601 Augusti.

2048 2680 2207 2733 Anno
2241 2678 2344 2733 979
2382 2675 2532 2745 (Chr.
2570 2673 2750 2742 1572),
2782 2672 2910 2726 dum
2943 2667 3310 2728 obsideretur,
3346 2670 3397 2716 et
3427 2673 3555 2730 gra-

1977 2769 2201 2825 vissime
2225 2784 2256 2822 a
2290 2768 2483 2822 Turcis
2512 2772 2921 2836 oppugnaretur
2966 2757 3316 2826 Famagusta.
3356 2750 3554 2806 classis

1979 2861 2208 2916 Turcica
2258 2862 2516 2915 damnum
2574 2859 2794 2913 illatura
2846 2853 3182 2909 Venetorum
3236 2847 3436 2902 insulis
3497 2844 3551 2897 in

1979 2954 2186 3025 Egeo,
2219 2954 2300 3006 Ali
2328 2955 2487 3008 bassa
2519 2953 2657 3006 duce
2707 2951 2924 3004 Cretam
2960 2943 3244 3017 (Candiam
3280 2953 3422 2994 nunc
3455 2951 3553 2990 vo-

1980 3047 2128 3116 cant)
2161 3046 2335 3116 petiit,
2375 3045 2466 3099 ubi
2495 3045 2742 3114 exposito
2770 3043 2824 3096 in
2857 3050 3054 3095 terram
3091 3035 3285 3100 milite,
3307 3033 3552 3088 satvitum

1983 3142 2036 3195 in
2061 3141 2251 3195 obvios
2289 3138 2620 3193 immaniter.
2662 3135 2884 3190 Munitis
2925 3131 3308 3188 eivitatibusct
3339 3125 3556 3194 Oppidis

1905 3235 1946 3290 C
1981 3236 2054 3290 ita
2079 3242 2424 3302 prospectum
2463 3239 2673 3284 maturo
2711 3229 2932 3283 fuerata
2970 3219 3432 3294 gubernatoribus
3467 3216 3554 3269 in.

1981 3327 2135 3389 sulaa,
2163 3324 2372 3378 nullum
2407 3331 2465 3377 ut
2501 3322 2568 3376 ab
2603 3322 2759 3375 hoste
2819 3317 3204 3372 detrimentum
3228 3313 3558 3380 acciperent.

1981 3419 2174 3472 Solum
2241 3415 2564 3486 Rhetymum
2611 3414 2837 3466 adortus
2909 3409 3170 3472 Vluzalis,
3240 3404 3561 3472 Aphricanae

1983 3511 2258 3566 Barbaria‘.
2315 3509 2689 3578 prosultanus,
2729 3503 2890 3572 cujus
2956 3511 3082 3555 ante
3142 3500 3286 3553 facta
3333 3495 3562 3558 mentio,

1935 3613 1940 3618 ‘
1981 3609 2126 3673 quod
2160 3603 2227 3656 ab
2247 3600 2440 3655 incolis
2468 3600 2742 3652 desertum
2767 3595 2982 3656 fuisset,
3015 3591 3230 3645 nemine
3260 3588 3554 3642 resistente

1983 3710 2171 3749 mense
2195 3691 2357 3747 Junio
2389 3692 2640 3744 vastavit.
2694 3688 2810 3741 Alis
2845 3687 3002 3739 bassa
3032 3682 3247 3738 tandem
3280 3677 3561 3733 recensitis

1983 3787 2159 3858 copiis
2191 3788 2327 3851 suis,
2357 3783 2500 3854 quod
2531 3782 2674 3852 apud
2709 3782 2858 3850 ipsos
2894 3794 2990 3847 per
3017 3775 3172 3828 fa'bas
3224 3771 3311 3825 vel
3371 3783 3561 3837 aspros

1986 3886 2100 3940 fieri
2125 3883 2430 3948 consuevit,
2469 3895 2593 3936 cum
2631 3877 2770 3932 3700
2823 3872 3075 3926 amisisse
3105 3883 3162 3922 se
3191 3866 3416 3927 videret,
3477 3877 3557 3916 re-

1984 3977 2113 4032 licta
2147 3976 2308 4030 Creta
2344 3973 2596 4041 Cerigum
2650 3964 2844 4020 Veneti
2889 3962 3032 4033 juris
3061 3976 3092 4015 e
3151 3957 3376 4026 regione
3434 3967 3559 4023 pro-

1988 4064 2248 4122 montorii
2287 4062 2466 4117 Maleae
2498 4061 2657 4114 sitam
2720 4055 2979 4114 insulam,
3011 4049 3310 4118 (Cilheram
3375 4046 3562 4100 dixere

1988 4156 2218 4228 veteres)
2249 4155 2316 4208 ad
2351 4153 2536 4208 Sancti
2589 4147 2794 4204 Nicolai
2851 4153 3064 4216 portum
3102 4139 3323 4198 invasit.
3360 4146 3414 4191 et
3450 4148 3561 4188 tua-

1985 4254 2093 4325 juri
2125 4269 2188 4307 ex
2229 4265 2380 4322 parte
2401 4247 2652 4317 diripuit.
2687 4243 2812 4298 Inde
2832 4239 3099 4312 Zacynthi
3125 4248 3176 4292 et
3199 4233 3566 4325 Cephalleniae

1989 4324 2270 4401 suburbiis
2305 4358 2367 4397 ac
2395 4342 2528 4396 vicis
2553 4337 2765 4394 excidio
2797 4336 2938 4389 datis
2969 4336 3152 4400 (arces
3209 4329 3354 4382 enim
3381 4324 3564 4396 prmsi-

1990 4439 2095 4492 diis
2119 4445 2174 4492 et
2203 4449 2369 4504 opere
2409 4434 2490 4487 sic
2515 4429 2828 4484 munierant
2857 4424 3066 4488 Veneti,
3128 4429 3186 4473 ut
3242 4434 3336 4472 eas
3389 4416 3566 4469 hostis

1992 4529 2207 4600 aggredi
2241 4542 2345 4581 non
2365 4522 2636 4592 auderet),
2663 4519 3003 4588 SoppOtoum
3047 4513 3222 4582 pergit
3243 4510 3353 4563 Alis
3379 4510 3563 4571 bassa,

1995 4634 2333 4690 numeroque
2370 4617 2605 4670 militum
2655 4611 2931 4681 superior,
2965 4605 3123 4661 caesis
3162 4601 3402 4670 captisve
3431 4615 3568 4669 pra:-

1995 4711 2264 4777 sidiariis,
2315 4723 2498 4764 arcem
2543 4704 2780 4772 recipit:
2841 4699 3001 4769 cujus
3059 4695 3223 4751 etiam
3275 4691 3565 4761 praefectus

1991 4806 2208 4862 Mauuel
2243 4801 2600 4862 Murmurius,
2638 4798 2720 4850 vir
2765 4795 2902 4851 bello
2949 4802 3232 4852 strenuus,
3299 4786 3352 4840 in
3390 4785 3566 4838 hostis

1992 4909 2315 4972 potestatem
2349 4896 2518 4951 venit.

2064 5034 2204 5089 Hinc
2229 5032 2515 5087 obsessum
2543 5035 2686 5083 terra
2746 5025 2997 5091 marique
3042 5018 3370 5080 Dulcinium,
3399 5017 3565 5069 sitmu

1995 5128 2048 5182 iu
2086 5127 2328 5181 Albaniae
2361 5122 2746 5188 Daltnatichue
2791 5117 2991 5170 finibus
3020 5111 3306 5183 oppidum,
3380 5123 3566 5163 mense

1992 5219 2138 5273 Julio
2165 5218 2358 5273 Turcis
2391 5232 2451 5270 se
2481 5211 2730 5268 dedidit:
2765 5207 2982 5265 civibus
3047 5205 3356 5259 libertatem
3383 5216 3562 5261 suam,

1994 5313 2266 5368 militibus
2283 5310 2403 5364 vita;
2430 5307 2603 5378 pactis
2637 5300 3093 5358 incolumitatem.
3124 5294 3230 5350 Sed
3266 5295 3393 5346 dtuu
3436 5307 3566 5344 cun-

1995 5406 2225 5462 tendunt
2255 5404 2400 5456 inter
2453 5416 2512 5454 sc
2565 5397 2760 5458 hasszr,
2818 5406 3056 5462 quorum
3107 5388 3243 5442 alter
3303 5385 3564 5453 oppidum

1995 5495 2351 5553 terrestribus
2380 5489 2577 5560 copiis,
2606 5487 2742 5540 alter
2805 5482 2941 5538 mari
3009 5478 3324 5540 obsederat,
3385 5477 3566 5529 utrius

1992 5605 2114 5643 esse
2143 5587 2360 5638 deberet
2385 5601 2398 5636 :
2434 5580 2674 5651 plerique
2699 5591 2890 5630 omnes
2911 5591 2962 5627 tn
2989 5573 3307 5627 servitutem
3343 5567 3564 5621 abducti

1996 5678 2238 5737 fuerunt,
2265 5672 2506 5742 exceptis
2543 5671 2709 5724 Sarra
2760 5667 3118 5732 Martinengo,
3161 5659 3438 5711 Dalmatia:
3469 5672 3566 5710 su-

1996 5783 2180 5839 premo
2237 5782 2359 5819 cum
2417 5765 2645 5832 imperio
2704 5762 3089 5833 gubernatore,
3118 5768 3180 5807 ac
3235 5749 3414 5804 Marco
3466 5747 3566 5804 γε·
3641 5751 3649 5762 ’

1998 5859 2168 5917 net-io,
2203 5855 2434 5912 Dulcinii
2463 5854 2740 5912 vra-fectu.
