  <div class='ocr_page' id='page_1' title='image "/cluster/home/n/w/nwhite01/storage/ocr_20150623/159/coo.31924054870641/343.png"; bbox 0 0 4126 6488; ppageno 0'>
   <div class='ocr_carea' id='block_1_1' title="bbox 562 396 3827 485">
    <p class='ocr_par' dir='ltr' id='par_1_1' title="bbox 562 396 3827 485">
     <span class='ocr_line' id='line_1_1' title="bbox 562 396 3827 485; baseline 0.003 -11"><span class='ocrx_word' id='word_1_1' title='bbox 562 410 663 475; x_wconf 82' lang='lat'><strong>671</strong></span> <span class='ocrx_word' id='word_1_2' title='bbox 1786 420 2114 483; x_wconf 82' lang='lat' dir='ltr'><strong>JOANNIS</strong></span> <span class='ocrx_word' id='word_1_3' title='bbox 2140 423 2598 485; x_wconf 73' lang='lat' dir='ltr'><strong>LEUNCLM‘II</strong></span> <span class='ocrx_word' id='word_1_4' title='bbox 3704 396 3827 485; x_wconf 61' lang='lat'><strong>6‘2</strong></span> 
     </span>
    </p>
   </div>
   <div class='ocr_carea' id='block_1_2' title="bbox 638 522 3824 610">
    <p class='ocr_par' dir='ltr' id='par_1_2' title="bbox 638 522 3824 610">
     <span class='ocr_line' id='line_1_2' title="bbox 638 522 3824 610; baseline 0.004 -33"><span class='ocrx_word' id='word_1_5' title='bbox 638 522 791 580; x_wconf 86' lang='lat' dir='ltr'><strong>Tunc</strong></span> <span class='ocrx_word' id='word_1_6' title='bbox 811 526 975 583; x_wconf 81' lang='lat' dir='ltr'><strong>etiam</strong></span> <span class='ocrx_word' id='word_1_7' title='bbox 1001 527 1165 585; x_wconf 77' lang='lat' dir='ltr'><strong>Tot-ci</strong></span> <span class='ocrx_word' id='word_1_8' title='bbox 1217 529 1376 600; x_wconf 89' lang='lat' dir='ltr'><strong>potiti</strong></span> <span class='ocrx_word' id='word_1_9' title='bbox 1435 530 1664 587; x_wconf 69' lang='lat' dir='ltr'><strong>[ueniat</strong></span> <span class='ocrx_word' id='word_1_10' title='bbox 1709 533 1989 599; x_wconf 75' lang='lat' dir='ltr'><strong>Antibari,</strong></span> <span class='ocrx_word' id='word_1_11' title='bbox 2041 550 2136 605; x_wconf 89' lang='lat' dir='ltr'><strong>per</strong></span> <span class='ocrx_word' id='word_1_12' title='bbox 2167 549 2208 604; x_wconf 72' lang='grc' dir='ltr'>Α</span> <span class='ocrx_word' id='word_1_13' title='bbox 2240 540 2363 604; x_wconf 84' lang='lat' dir='ltr'><strong>viri,</strong></span> <span class='ocrx_word' id='word_1_14' title='bbox 2398 553 2628 610; x_wconf 79' lang='lat' dir='ltr'><strong>magnus</strong></span> <span class='ocrx_word' id='word_1_15' title='bbox 2647 539 2796 609; x_wconf 78' lang='lat' dir='ltr'><strong>regni</strong></span> <span class='ocrx_word' id='word_1_16' title='bbox 2824 536 3060 594; x_wconf 81' lang='lat' dir='ltr'><strong>Castiliae</strong></span> <span class='ocrx_word' id='word_1_17' title='bbox 3078 535 3824 599; x_wconf 71' lang='lat' dir='ltr'><strong>Coiiiniendator,A5c-anius</strong></span> 
     </span>
    </p>
   </div>
   <div class='ocr_carea' id='block_1_3' title="bbox 569 619 3834 700">
    <p class='ocr_par' dir='ltr' id='par_1_3' title="bbox 569 619 3834 700">
     <span class='ocr_line' id='line_1_3' title="bbox 569 619 3834 700; baseline 0.003 -30"><span class='ocrx_word' id='word_1_18' title='bbox 569 633 835 673; x_wconf 79' lang='lat' dir='ltr'><strong>summam</strong></span> <span class='ocrx_word' id='word_1_19' title='bbox 862 619 1134 690; x_wconf 67' lang='lat' dir='ltr'><strong>ignaviam</strong></span> <span class='ocrx_word' id='word_1_20' title='bbox 1157 622 1484 679; x_wconf 76' lang='lat' dir='ltr'><strong>deditionem</strong></span> <span class='ocrx_word' id='word_1_21' title='bbox 1540 625 1776 681; x_wconf 87' lang='lat' dir='ltr'><strong>faciente</strong></span> <span class='ocrx_word' id='word_1_22' title='bbox 1826 626 2139 682; x_wconf 82' lang='lat' dir='ltr'><strong>Alexandro</strong></span> <span class='ocrx_word' id='word_1_23' title='bbox 2239 630 2830 700; x_wconf 81' lang='lat' dir='ltr'><strong>Coriiiaitits,Joatines</strong></span> <span class='ocrx_word' id='word_1_24' title='bbox 2878 633 3122 688; x_wconf 80' lang='lat' dir='ltr'><strong>Andreas</strong></span> <span class='ocrx_word' id='word_1_25' title='bbox 3161 630 3321 687; x_wconf 85' lang='lat' dir='ltr'><strong>Doria</strong></span> <span class='ocrx_word' id='word_1_26' title='bbox 3371 620 3626 698; x_wconf 70' lang='lat' dir='ltr'><strong>princeps</strong></span> <span class='ocrx_word' id='word_1_27' title='bbox 3684 622 3834 680; x_wconf 73' lang='lat' dir='ltr'><strong>Mel-</strong></span> 
     </span>
    </p>
   </div>
   <div class='ocr_carea' id='block_1_4' title="bbox 576 706 3826 795">
    <p class='ocr_par' dir='ltr' id='par_1_4' title="bbox 576 706 3826 795">
     <span class='ocr_line' id='line_1_4' title="bbox 576 706 3826 795; baseline 0.003 -35"><span class='ocrx_word' id='word_1_28' title='bbox 576 706 782 763; x_wconf 83' lang='lat' dir='ltr'><strong>Donato</strong></span> <span class='ocrx_word' id='word_1_29' title='bbox 837 711 1131 779; x_wconf 69' lang='lat' dir='ltr'><strong>praefecto:</strong></span> <span class='ocrx_word' id='word_1_30' title='bbox 1196 708 1439 786; x_wconf 88' lang='lat' dir='ltr'><strong>itemque</strong></span> <span class='ocrx_word' id='word_1_31' title='bbox 1490 715 1692 783; x_wconf 83' lang='lat' dir='ltr'><strong>Butua,</strong></span> <span class='ocrx_word' id='word_1_32' title='bbox 1746 733 1869 788; x_wconf 82' lang='lat' dir='ltr'><strong>quae</strong></span> <span class='ocrx_word' id='word_1_33' title='bbox 1921 720 2136 775; x_wconf 76' lang='lat' dir='ltr'><strong>defendi</strong></span> <span class='ocrx_word' id='word_1_34' title='bbox 2241 727 2520 795; x_wconf 61' lang='lat' dir='ltr'><strong>mutantis,</strong></span> <span class='ocrx_word' id='word_1_35' title='bbox 2540 725 2876 794; x_wconf 73' lang='lat' dir='ltr'><strong>Augustinus</strong></span> <span class='ocrx_word' id='word_1_36' title='bbox 2903 723 3251 791; x_wconf 73' lang='lat' dir='ltr'><strong>Barbarigns,</strong></span> <span class='ocrx_word' id='word_1_37' title='bbox 3280 722 3492 776; x_wconf 78' lang='lat' dir='ltr'><strong>Marcus</strong></span> <span class='ocrx_word' id='word_1_38' title='bbox 3526 719 3826 784; x_wconf 79' lang='lat' dir='ltr'><strong>Quirinus,</strong></span> 
     </span>
    </p>
   </div>
   <div class='ocr_carea' id='block_1_5' title="bbox 570 800 3830 881">
    <p class='ocr_par' dir='ltr' id='par_1_5' title="bbox 570 800 3830 881">
     <span class='ocr_line' id='line_1_5' title="bbox 570 800 3830 881; baseline 0.003 -27"><span class='ocrx_word' id='word_1_39' title='bbox 570 814 677 854; x_wconf 83' lang='lat' dir='ltr'><strong>non</strong></span> <span class='ocrx_word' id='word_1_40' title='bbox 712 801 908 870; x_wconf 90' lang='lat' dir='ltr'><strong>potuit,</strong></span> <span class='ocrx_word' id='word_1_41' title='bbox 941 804 1094 874; x_wconf 83' lang='lat' dir='ltr'><strong>quod</strong></span> <span class='ocrx_word' id='word_1_42' title='bbox 1123 816 1275 862; x_wconf 80' lang='lat' dir='ltr'><strong>esset</strong></span> <span class='ocrx_word' id='word_1_43' title='bbox 1308 823 1499 865; x_wconf 84' lang='lat' dir='ltr'><strong>versus</strong></span> <span class='ocrx_word' id='word_1_44' title='bbox 1543 824 1720 864; x_wconf 82' lang='lat' dir='ltr'><strong>mare</strong></span> <span class='ocrx_word' id='word_1_45' title='bbox 1757 823 1952 880; x_wconf 87' lang='lat' dir='ltr'><strong>parum</strong></span> <span class='ocrx_word' id='word_1_46' title='bbox 2013 826 2135 865; x_wconf 47' lang='lat' dir='ltr'><strong>mn.</strong></span> <span class='ocrx_word' id='word_1_47' title='bbox 2241 816 2514 871; x_wconf 78' lang='lat' dir='ltr'><strong>Antonius</strong></span> <span class='ocrx_word' id='word_1_48' title='bbox 2543 817 2785 881; x_wconf 73' lang='lat' dir='ltr'><strong>(Ianalis,</strong></span> <span class='ocrx_word' id='word_1_49' title='bbox 2818 813 3009 871; x_wconf 80' lang='lat' dir='ltr'><strong>Veneti</strong></span> <span class='ocrx_word' id='word_1_50' title='bbox 3045 834 3060 871; x_wconf 88' lang='lat'><strong>:</strong></span> <span class='ocrx_word' id='word_1_51' title='bbox 3092 800 3399 869; x_wconf 74' lang='lat' dir='ltr'><strong>Alexander</strong></span> <span class='ocrx_word' id='word_1_52' title='bbox 3433 815 3560 866; x_wconf 86' lang='lat' dir='ltr'><strong>item</strong></span> <span class='ocrx_word' id='word_1_53' title='bbox 3612 809 3830 865; x_wconf 79' lang='lat' dir='ltr'><strong>Farne-—</strong></span> 
     </span>
    </p>
   </div>
   <div class='ocr_carea' id='block_1_6' title="bbox 573 890 3826 975">
    <p class='ocr_par' dir='ltr' id='par_1_6' title="bbox 573 890 3826 975">
     <span class='ocr_line' id='line_1_6' title="bbox 573 890 3826 975; baseline 0.003 -30"><span class='ocrx_word' id='word_1_54' title='bbox 573 890 708 945; x_wconf 84' lang='lat' dir='ltr'><strong>uita.</strong></span> <span class='ocrx_word' id='word_1_55' title='bbox 2240 910 2381 974; x_wconf 85' lang='lat' dir='ltr'><strong>sius,</strong></span> <span class='ocrx_word' id='word_1_56' title='bbox 2427 904 2637 963; x_wconf 86' lang='lat' dir='ltr'><strong>Octavit</strong></span> <span class='ocrx_word' id='word_1_57' title='bbox 2688 908 2844 963; x_wconf 84' lang='lat' dir='ltr'><strong>ducis</strong></span> <span class='ocrx_word' id='word_1_58' title='bbox 2892 906 3059 973; x_wconf 81' lang='lat' dir='ltr'><strong>titius,</strong></span> <span class='ocrx_word' id='word_1_59' title='bbox 3123 902 3378 975; x_wconf 75' lang='lat' dir='ltr'><strong>princeps</strong></span> <span class='ocrx_word' id='word_1_60' title='bbox 3432 900 3757 957; x_wconf 74' lang='lat' dir='ltr'><strong>Parmensis</strong></span> <span class='ocrx_word' id='word_1_61' title='bbox 3805 918 3826 965; x_wconf 77' lang='lat'><strong>°,</strong></span> 
     </span>
    </p>
   </div>
   <div class='ocr_carea' id='block_1_7' title="bbox 648 982 3830 1066">
    <p class='ocr_par' dir='ltr' id='par_1_7' title="bbox 648 982 3830 1066">
     <span class='ocr_line' id='line_1_7' title="bbox 648 982 3830 1066; baseline 0.004 -32"><span class='ocrx_word' id='word_1_62' title='bbox 648 982 886 1040; x_wconf 78' lang='lat' dir='ltr'><strong>Vluzalis</strong></span> <span class='ocrx_word' id='word_1_63' title='bbox 949 995 999 1042; x_wconf 86' lang='lat' dir='ltr'><strong>et</strong></span> <span class='ocrx_word' id='word_1_64' title='bbox 1021 987 1294 1060; x_wconf 72' lang='lat' dir='ltr'><strong>Caragosa</strong></span> <span class='ocrx_word' id='word_1_65' title='bbox 1352 990 1570 1056; x_wconf 79' lang='lat' dir='ltr'><strong>Raisus,</strong></span> <span class='ocrx_word' id='word_1_66' title='bbox 1611 1007 1736 1045; x_wconf 88' lang='lat' dir='ltr'><strong>cum</strong></span> <span class='ocrx_word' id='word_1_67' title='bbox 1788 991 1854 1046; x_wconf 88' lang='lat' dir='ltr'><strong>ad</strong></span> <span class='ocrx_word' id='word_1_68' title='bbox 1904 993 2140 1048; x_wconf 82' lang='lat' dir='ltr'><strong>insulam</strong></span> <span class='ocrx_word' id='word_1_69' title='bbox 2242 997 2569 1056; x_wconf 80' lang='lat' dir='ltr'><strong>Francisch</strong></span> <span class='ocrx_word' id='word_1_70' title='bbox 2591 999 2783 1066; x_wconf 70' lang='lat' dir='ltr'><strong>Maria,</strong></span> <span class='ocrx_word' id='word_1_71' title='bbox 2812 997 3083 1055; x_wconf 87' lang='lat' dir='ltr'><strong>Guldonis</strong></span> <span class='ocrx_word' id='word_1_72' title='bbox 3106 996 3478 1060; x_wconf 84' lang='lat' dir='ltr'><strong>Ubaldililius,</strong></span> <span class='ocrx_word' id='word_1_73' title='bbox 3514 993 3830 1054; x_wconf 68' lang='lat' dir='ltr'><strong>novercas.</strong></span> 
     </span>
    </p>
   </div>
   <div class='ocr_carea' id='block_1_8' title="bbox 575 1075 3827 1162">
    <p class='ocr_par' dir='ltr' id='par_1_8' title="bbox 575 1075 3827 1162">
     <span class='ocr_line' id='line_1_8' title="bbox 575 1075 3827 1162; baseline 0.004 -35"><span class='ocrx_word' id='word_1_74' title='bbox 575 1075 861 1132; x_wconf 85' lang='lat' dir='ltr'><strong>Licseuam</strong></span> <span class='ocrx_word' id='word_1_75' title='bbox 908 1080 1256 1149; x_wconf 85' lang='lat' dir='ltr'><strong>appulissent</strong></span> <span class='ocrx_word' id='word_1_76' title='bbox 1311 1081 1535 1151; x_wconf 73' lang='lat' dir='ltr'><strong>(Fatum</strong></span> <span class='ocrx_word' id='word_1_77' title='bbox 1596 1083 1859 1147; x_wconf 76' lang='lat' dir='ltr'><strong>Dalmatas</strong></span> <span class='ocrx_word' id='word_1_78' title='bbox 1921 1097 2139 1152; x_wconf 77' lang='lat' dir='ltr'><strong>vorant,</strong></span> <span class='ocrx_word' id='word_1_79' title='bbox 2244 1091 2436 1148; x_wconf 87' lang='lat' dir='ltr'><strong>Urbini</strong></span> <span class='ocrx_word' id='word_1_80' title='bbox 2472 1094 2749 1162; x_wconf 80' lang='lat' dir='ltr'><strong>princeps,</strong></span> <span class='ocrx_word' id='word_1_81' title='bbox 2802 1091 3009 1149; x_wconf 88' lang='lat' dir='ltr'><strong>Paulus</strong></span> <span class='ocrx_word' id='word_1_82' title='bbox 3059 1090 3336 1147; x_wconf 67' lang='lat' dir='ltr'><strong>iet-«latius</strong></span> <span class='ocrx_word' id='word_1_83' title='bbox 3398 1087 3655 1150; x_wconf 84' lang='lat' dir='ltr'><strong>Ursinus,</strong></span> <span class='ocrx_word' id='word_1_84' title='bbox 3707 1086 3827 1139; x_wconf 82' lang='lat' dir='ltr'><strong>dux</strong></span> 
     </span>
    </p>
   </div>
   <div class='ocr_carea' id='block_1_9' title="bbox 576 1166 3829 1251">
    <p class='ocr_par' dir='ltr' id='par_1_9' title="bbox 576 1166 3829 1251">
     <span class='ocr_line' id='line_1_9' title="bbox 576 1166 3829 1251; baseline 0.003 -32"><span class='ocrx_word' id='word_1_85' title='bbox 576 1166 668 1221; x_wconf 85' lang='lat' dir='ltr'><strong>ubi</strong></span> <span class='ocrx_word' id='word_1_86' title='bbox 700 1168 960 1225; x_wconf 81' lang='lat' dir='ltr'><strong>Farensis</strong></span> <span class='ocrx_word' id='word_1_87' title='bbox 988 1180 1073 1231; x_wconf 79' lang='lat' dir='ltr'><strong>est</strong></span> <span class='ocrx_word' id='word_1_88' title='bbox 1106 1173 1510 1247; x_wconf 67' lang='lat' dir='ltr'><strong>episcopatus),</strong></span> <span class='ocrx_word' id='word_1_89' title='bbox 1535 1178 1800 1230; x_wconf 80' lang='lat' dir='ltr'><strong>auhurhia</strong></span> <span class='ocrx_word' id='word_1_90' title='bbox 1830 1179 2141 1247; x_wconf 73' lang='lat' dir='ltr'><strong>depopulati</strong></span> <span class='ocrx_word' id='word_1_91' title='bbox 2244 1181 2660 1241; x_wconf 83' lang='lat' dir='ltr'><strong>Braccianensis</strong></span> <span class='ocrx_word' id='word_1_92' title='bbox 2699 1201 2717 1251; x_wconf 90' lang='lat'><strong>;</strong></span> <span class='ocrx_word' id='word_1_93' title='bbox 2753 1184 2990 1240; x_wconf 78' lang='lat' dir='ltr'><strong>Alvarus</strong></span> <span class='ocrx_word' id='word_1_94' title='bbox 3032 1181 3284 1240; x_wconf 85' lang='lat' dir='ltr'><strong>mareliio</strong></span> <span class='ocrx_word' id='word_1_95' title='bbox 3323 1181 3537 1237; x_wconf 76' lang='lat' dir='ltr'><strong>Sancta:</strong></span> <span class='ocrx_word' id='word_1_96' title='bbox 3595 1175 3829 1237; x_wconf 83' lang='lat' dir='ltr'><strong>Crueis,</strong></span> 
     </span>
    </p>
   </div>
   <div class='ocr_carea' id='block_1_10' title="bbox 574 1264 3830 1346">
    <p class='ocr_par' dir='ltr' id='par_1_10' title="bbox 574 1264 3830 1346">
     <span class='ocr_line' id='line_1_10' title="bbox 574 1264 3830 1346; baseline 0.003 -35"><span class='ocrx_word' id='word_1_97' title='bbox 574 1270 721 1325; x_wconf 81' lang='lat' dir='ltr'><strong>sunt,</strong></span> <span class='ocrx_word' id='word_1_98' title='bbox 776 1275 985 1326; x_wconf 86' lang='lat' dir='ltr'><strong>arcem.</strong></span> <span class='ocrx_word' id='word_1_99' title='bbox 1009 1280 1172 1334; x_wconf 87' lang='lat' dir='ltr'><strong>quam</strong></span> <span class='ocrx_word' id='word_1_100' title='bbox 1203 1268 1417 1335; x_wconf 72' lang='lat' dir='ltr'><strong>egregie</strong></span> <span class='ocrx_word' id='word_1_101' title='bbox 1446 1270 1708 1322; x_wconf 85' lang='lat' dir='ltr'><strong>munitam</strong></span> <span class='ocrx_word' id='word_1_102' title='bbox 1739 1270 1993 1334; x_wconf 84' lang='lat' dir='ltr'><strong>vidimus,</strong></span> <span class='ocrx_word' id='word_1_103' title='bbox 2026 1280 2146 1325; x_wconf 87' lang='lat' dir='ltr'><strong>ten-</strong></span> <span class='ocrx_word' id='word_1_104' title='bbox 2243 1287 2299 1331; x_wconf 78' lang='lat' dir='ltr'><strong>ct</strong></span> <span class='ocrx_word' id='word_1_105' title='bbox 2335 1277 2424 1331; x_wconf 83' lang='lat' dir='ltr'><strong>alii</strong></span> <span class='ocrx_word' id='word_1_106' title='bbox 2447 1278 2651 1346; x_wconf 84' lang='lat' dir='ltr'><strong>plures.</strong></span> <span class='ocrx_word' id='word_1_107' title='bbox 2677 1275 2803 1332; x_wconf 68' lang='lat' dir='ltr'><strong>Hac</strong></span> <span class='ocrx_word' id='word_1_108' title='bbox 2836 1277 3035 1332; x_wconf 82' lang='lat' dir='ltr'><strong>classis</strong></span> <span class='ocrx_word' id='word_1_109' title='bbox 3079 1291 3204 1331; x_wconf 89' lang='lat' dir='ltr'><strong>eum</strong></span> <span class='ocrx_word' id='word_1_110' title='bbox 3259 1264 3447 1329; x_wconf 82' lang='lat' dir='ltr'><strong>mense</strong></span> <span class='ocrx_word' id='word_1_111' title='bbox 3509 1268 3830 1340; x_wconf 73' lang='lat' dir='ltr'><strong>Septembri</strong></span> 
     </span>
    </p>
   </div>
   <div class='ocr_carea' id='block_1_11' title="bbox 577 1351 2165 1435">
    <p class='ocr_par' dir='ltr' id='par_1_11' title="bbox 577 1351 2145 1427">
     <span class='ocr_line' id='line_1_11' title="bbox 577 1351 2145 1427; baseline 0.009 -25"><span class='ocrx_word' id='word_1_112' title='bbox 577 1351 691 1404; x_wconf 82' lang='lat' dir='ltr'><strong>tare</strong></span> <span class='ocrx_word' id='word_1_113' title='bbox 721 1367 827 1405; x_wconf 92' lang='lat' dir='ltr'><strong>non</strong></span> <span class='ocrx_word' id='word_1_114' title='bbox 854 1354 1001 1409; x_wconf 82' lang='lat' dir='ltr'><strong>ausi.</strong></span> <span class='ocrx_word' id='word_1_115' title='bbox 1032 1353 1260 1411; x_wconf 82' lang='lat' dir='ltr'><strong>Liesena</strong></span> <span class='ocrx_word' id='word_1_116' title='bbox 1297 1359 1507 1423; x_wconf 80' lang='lat' dir='ltr'><strong>relicta,</strong></span> <span class='ocrx_word' id='word_1_117' title='bbox 1542 1359 1832 1414; x_wconf 85' lang='lat' dir='ltr'><strong>Curzolam</strong></span> <span class='ocrx_word' id='word_1_118' title='bbox 1874 1363 2145 1427; x_wconf 85' lang='lat' dir='ltr'><strong>petierunt</strong></span> 
     </span>
    </p>
   </div>
   <div class='ocr_carea' id='block_1_12' title="bbox 2267 1351 3836 1435">
    <p class='ocr_par' dir='ltr' id='par_1_12' title="bbox 2267 1361 3836 1435">
     <span class='ocr_line' id='line_1_12' title="bbox 2267 1361 3836 1435; baseline -0.004 -13"><span class='ocrx_word' id='word_1_119' title='bbox 2267 1368 2497 1425; x_wconf 76' lang='lat' dir='ltr'><strong>dessana</strong></span> <span class='ocrx_word' id='word_1_120' title='bbox 2520 1368 2719 1423; x_wconf 63' lang='lat' dir='ltr'><strong>Siciliae</strong></span> <span class='ocrx_word' id='word_1_121' title='bbox 2739 1364 3014 1430; x_wconf 85' lang='lat' dir='ltr'><strong>solvisset,</strong></span> <span class='ocrx_word' id='word_1_122' title='bbox 3037 1365 3371 1435; x_wconf 85' lang='lat' dir='ltr'><strong>hostilesque</strong></span> <span class='ocrx_word' id='word_1_123' title='bbox 3388 1363 3607 1419; x_wconf 81' lang='lat' dir='ltr'><strong>navales</strong></span> <span class='ocrx_word' id='word_1_124' title='bbox 3631 1361 3836 1431; x_wconf 84' lang='lat' dir='ltr'><strong>copias</strong></span> 
     </span>
    </p>
   </div>
   <div class='ocr_carea' id='block_1_13' title="bbox 575 1442 2145 1517">
    <p class='ocr_par' dir='ltr' id='par_1_13' title="bbox 575 1442 2145 1517">
     <span class='ocr_line' id='line_1_13' title="bbox 575 1442 2145 1517; baseline 0.01 -26"><span class='ocrx_word' id='word_1_125' title='bbox 575 1457 737 1508; x_wconf 82' lang='lat' dir='ltr'><strong>quam</strong></span> <span class='ocrx_word' id='word_1_126' title='bbox 770 1442 1063 1515; x_wconf 80' lang='lat' dir='ltr'><strong>Corcyram</strong></span> <span class='ocrx_word' id='word_1_127' title='bbox 1089 1443 1307 1515; x_wconf 69' lang='lat' dir='ltr'><strong>Nigrant</strong></span> <span class='ocrx_word' id='word_1_128' title='bbox 1336 1459 1554 1513; x_wconf 84' lang='lat' dir='ltr'><strong>vocant,</strong></span> <span class='ocrx_word' id='word_1_129' title='bbox 1589 1450 1731 1504; x_wconf 91' lang='lat' dir='ltr'><strong>haud</strong></span> <span class='ocrx_word' id='word_1_130' title='bbox 1764 1451 1955 1517; x_wconf 80' lang='lat' dir='ltr'><strong>procul</strong></span> <span class='ocrx_word' id='word_1_131' title='bbox 2019 1452 2145 1506; x_wconf 89' lang='lat' dir='ltr'><strong>inde</strong></span> 
     </span>
    </p>
   </div>
   <div class='ocr_carea' id='block_1_14' title="bbox 575 1522 2144 1613">
    <p class='ocr_par' dir='ltr' id='par_1_14' title="bbox 575 1522 2144 1613">
     <span class='ocr_line' id='line_1_14' title="bbox 575 1522 2144 1613; baseline 0.008 -27"><span class='ocrx_word' id='word_1_132' title='bbox 575 1533 824 1589; x_wconf 85' lang='lat' dir='ltr'><strong>dissitam</strong></span> <span class='ocrx_word' id='word_1_133' title='bbox 859 1554 875 1590; x_wconf 84' lang='lat'><strong>:</strong></span> <span class='ocrx_word' id='word_1_134' title='bbox 905 1538 995 1593; x_wconf 90' lang='lat' dir='ltr'><strong>cui</strong></span> <span class='ocrx_word' id='word_1_135' title='bbox 1019 1538 1238 1608; x_wconf 88' lang='lat' dir='ltr'><strong>quidem</strong></span> <span class='ocrx_word' id='word_1_136' title='bbox 1263 1539 1455 1595; x_wconf 70' lang='lat' dir='ltr'><strong>insulae</strong></span> <span class='ocrx_word' id='word_1_137' title='bbox 1484 1542 1618 1595; x_wconf 86' lang='lat' dir='ltr'><strong>nihil</strong></span> <span class='ocrx_word' id='word_1_138' title='bbox 1649 1522 1841 1613; x_wconf 73' lang='lat'><strong>333&#39;</strong></span> <span class='ocrx_word' id='word_1_139' title='bbox 1863 1543 2009 1598; x_wconf 79' lang='lat' dir='ltr'><strong>aliud</strong></span> <span class='ocrx_word' id='word_1_140' title='bbox 2055 1547 2144 1598; x_wconf 72' lang='lat' dir='ltr'><strong>ac-</strong></span> 
     </span>
    </p>
   </div>
   <div class='ocr_carea' id='block_1_15' title="bbox 577 1626 2147 1704">
    <p class='ocr_par' dir='ltr' id='par_1_15' title="bbox 577 1626 2147 1704">
     <span class='ocr_line' id='line_1_15' title="bbox 577 1626 2147 1704; baseline 0.006 -25"><span class='ocrx_word' id='word_1_141' title='bbox 577 1626 711 1682; x_wconf 88' lang='lat' dir='ltr'><strong>dere</strong></span> <span class='ocrx_word' id='word_1_142' title='bbox 740 1628 948 1696; x_wconf 88' lang='lat' dir='ltr'><strong>damni,</strong></span> <span class='ocrx_word' id='word_1_143' title='bbox 975 1644 1137 1700; x_wconf 80' lang='lat' dir='ltr'><strong>quam</strong></span> <span class='ocrx_word' id='word_1_144' title='bbox 1166 1632 1338 1703; x_wconf 79' lang='lat' dir='ltr'><strong>quod</strong></span> <span class='ocrx_word' id='word_1_145' title='bbox 1397 1631 1596 1686; x_wconf 85' lang='lat' dir='ltr'><strong>Ulatim</strong></span> <span class='ocrx_word' id='word_1_146' title='bbox 1654 1650 1851 1704; x_wconf 71' lang='lat' dir='ltr'><strong>pagum</strong></span> <span class='ocrx_word' id='word_1_147' title='bbox 1913 1634 2147 1689; x_wconf 81' lang='lat' dir='ltr'><strong>ﬂammis</strong></span> 
     </span>
    </p>
   </div>
   <div class='ocr_carea' id='block_1_16' title="bbox 579 1718 2144 1795">
    <p class='ocr_par' dir='ltr' id='par_1_16' title="bbox 579 1718 2144 1795">
     <span class='ocr_line' id='line_1_16' title="bbox 579 1718 2144 1795; baseline 0.005 -23"><span class='ocrx_word' id='word_1_148' title='bbox 579 1718 796 1788; x_wconf 80' lang='lat' dir='ltr'><strong>injectis</strong></span> <span class='ocrx_word' id='word_1_149' title='bbox 833 1733 1183 1794; x_wconf 70' lang='lat' dir='ltr'><strong>exusserant.</strong></span> <span class='ocrx_word' id='word_1_150' title='bbox 1232 1722 1369 1777; x_wconf 79' lang='lat' dir='ltr'><strong>Nam</strong></span> <span class='ocrx_word' id='word_1_151' title='bbox 1431 1740 1554 1778; x_wconf 88' lang='lat' dir='ltr'><strong>cum</strong></span> <span class='ocrx_word' id='word_1_152' title='bbox 1618 1727 1879 1795; x_wconf 81' lang='lat' dir='ltr'><strong>oppidum</strong></span> <span class='ocrx_word' id='word_1_153' title='bbox 1930 1726 2144 1794; x_wconf 66' lang='lat' dir='ltr'><strong>insulae,</strong></span> 
     </span>
    </p>
   </div>
   <div class='ocr_carea' id='block_1_17' title="bbox 566 1812 2147 1884">
    <p class='ocr_par' dir='ltr' id='par_1_17' title="bbox 566 1812 2147 1884">
     <span class='ocr_line' id='line_1_17' title="bbox 566 1812 2147 1884; baseline 0.006 -21"><span class='ocrx_word' id='word_1_154' title='bbox 566 1812 724 1880; x_wconf 66' lang='lat' dir='ltr'><strong>quod</strong></span> <span class='ocrx_word' id='word_1_155' title='bbox 749 1812 929 1881; x_wconf 89' lang='lat' dir='ltr'><strong>ipsum</strong></span> <span class='ocrx_word' id='word_1_156' title='bbox 953 1830 1172 1884; x_wconf 89' lang='lat' dir='ltr'><strong>quoque</strong></span> <span class='ocrx_word' id='word_1_157' title='bbox 1201 1814 1450 1870; x_wconf 79' lang='lat' dir='ltr'><strong>Curzolae</strong></span> <span class='ocrx_word' id='word_1_158' title='bbox 1499 1833 1698 1871; x_wconf 84' lang='lat' dir='ltr'><strong>nomen</strong></span> <span class='ocrx_word' id='word_1_159' title='bbox 1731 1817 1917 1882; x_wconf 91' lang='lat' dir='ltr'><strong>habet,</strong></span> <span class='ocrx_word' id='word_1_160' title='bbox 1950 1833 1980 1871; x_wconf 91' lang='lat' dir='ltr'><strong>a</strong></span> <span class='ocrx_word' id='word_1_161' title='bbox 2012 1818 2147 1873; x_wconf 90' lang='lat' dir='ltr'><strong>viris</strong></span> 
     </span>
    </p>
   </div>
   <div class='ocr_carea' id='block_1_18' title="bbox 2246 1452 3832 1530">
    <p class='ocr_par' dir='ltr' id='par_1_18' title="bbox 2246 1452 3832 1530">
     <span class='ocr_line' id='line_1_18' title="bbox 2246 1452 3832 1530; baseline -0.006 -15"><span class='ocrx_word' id='word_1_162' title='bbox 2246 1462 2311 1516; x_wconf 83' lang='lat' dir='ltr'><strong>ad</strong></span> <span class='ocrx_word' id='word_1_163' title='bbox 2339 1460 2670 1516; x_wconf 87' lang='lat' dir='ltr'><strong>lnebeclttim</strong></span> <span class='ocrx_word' id='word_1_164' title='bbox 2698 1459 3001 1516; x_wconf 79' lang='lat' dir='ltr'><strong>subsistere</strong></span> <span class='ocrx_word' id='word_1_165' title='bbox 3023 1459 3128 1530; x_wconf 80' lang='lat' dir='ltr'><strong>(sic</strong></span> <span class='ocrx_word' id='word_1_166' title='bbox 3160 1455 3324 1512; x_wconf 82' lang='lat' dir='ltr'><strong>Terei</strong></span> <span class='ocrx_word' id='word_1_167' title='bbox 3350 1455 3637 1510; x_wconf 87' lang='lat' dir='ltr'><strong>nominaut</strong></span> <span class='ocrx_word' id='word_1_168' title='bbox 3684 1452 3832 1507; x_wconf 77' lang='lat' dir='ltr'><strong>civi-</strong></span> 
     </span>
    </p>
   </div>
   <div class='ocr_carea' id='block_1_19' title="bbox 2248 1534 3837 1621">
    <p class='ocr_par' dir='ltr' id='par_1_19' title="bbox 2248 1534 3837 1621">
     <span class='ocr_line' id='line_1_19' title="bbox 2248 1534 3837 1621; baseline -0.006 -14"><span class='ocrx_word' id='word_1_169' title='bbox 2248 1565 2438 1618; x_wconf 78' lang='lat' dir='ltr'><strong>tatem,</strong></span> <span class='ocrx_word' id='word_1_170' title='bbox 2463 1534 2623 1621; x_wconf 83' lang='lat' dir='ltr'><strong>quam</strong></span> <span class='ocrx_word' id='word_1_171' title='bbox 2672 1552 2843 1606; x_wconf 80' lang='lat' dir='ltr'><strong>nostri</strong></span> <span class='ocrx_word' id='word_1_172' title='bbox 2898 1550 3203 1618; x_wconf 84' lang='lat' dir='ltr'><strong>Lepantum</strong></span> <span class='ocrx_word' id='word_1_173' title='bbox 3261 1546 3561 1617; x_wconf 82' lang='lat' dir='ltr'><strong>appellant,</strong></span> <span class='ocrx_word' id='word_1_174' title='bbox 3612 1552 3837 1619; x_wconf 72' lang='lat' dir='ltr'><strong>veteres</strong></span> 
     </span>
    </p>
   </div>
   <div class='ocr_carea' id='block_1_20' title="bbox 2249 1637 3834 1713">
    <p class='ocr_par' dir='ltr' id='par_1_20' title="bbox 2249 1637 3834 1713">
     <span class='ocr_line' id='line_1_20' title="bbox 2249 1637 3834 1713; baseline -0.006 -15"><span class='ocrx_word' id='word_1_175' title='bbox 2249 1645 2437 1698; x_wconf 84' lang='lat' dir='ltr'><strong>dixere</strong></span> <span class='ocrx_word' id='word_1_176' title='bbox 2475 1641 2841 1713; x_wconf 80' lang='lat' dir='ltr'><strong>Naupactum)</strong></span> <span class='ocrx_word' id='word_1_177' title='bbox 2888 1642 3199 1696; x_wconf 85' lang='lat' dir='ltr'><strong>nuntiatum</strong></span> <span class='ocrx_word' id='word_1_178' title='bbox 3253 1650 3442 1695; x_wconf 88' lang='lat' dir='ltr'><strong>esset:</strong></span> <span class='ocrx_word' id='word_1_179' title='bbox 3475 1637 3698 1692; x_wconf 81' lang='lat' dir='ltr'><strong>tandem</strong></span> <span class='ocrx_word' id='word_1_180' title='bbox 3764 1637 3834 1689; x_wconf 85' lang='lat' dir='ltr'><strong>ad</strong></span> 
     </span>
    </p>
   </div>
   <div class='ocr_carea' id='block_1_21' title="bbox 2254 1730 3843 1805">
    <p class='ocr_par' dir='ltr' id='par_1_21' title="bbox 2254 1730 3843 1805">
     <span class='ocr_line' id='line_1_21' title="bbox 2254 1730 3843 1805; baseline -0.004 -15"><span class='ocrx_word' id='word_1_181' title='bbox 2254 1733 2692 1805; x_wconf 69' lang='lat' dir='ltr'><strong>portnminsulte</strong></span> <span class='ocrx_word' id='word_1_182' title='bbox 2729 1733 3119 1805; x_wconf 61' lang='lat' dir='ltr'><strong>Cephalleniae,</strong></span> <span class='ocrx_word' id='word_1_183' title='bbox 3165 1744 3329 1803; x_wconf 83' lang='lat' dir='ltr'><strong>quem</strong></span> <span class='ocrx_word' id='word_1_184' title='bbox 3396 1732 3552 1786; x_wconf 85' lang='lat' dir='ltr'><strong>vallis</strong></span> <span class='ocrx_word' id='word_1_185' title='bbox 3590 1730 3843 1785; x_wconf 78' lang='lat' dir='ltr'><strong>Alexan-</strong></span> 
     </span>
    </p>
   </div>
   <div class='ocr_carea' id='block_1_22' title="bbox 2248 1823 3842 1895">
    <p class='ocr_par' dir='ltr' id='par_1_22' title="bbox 2248 1823 3842 1895">
     <span class='ocr_line' id='line_1_22' title="bbox 2248 1823 3842 1895; baseline -0.003 -16"><span class='ocrx_word' id='word_1_186' title='bbox 2248 1826 2418 1880; x_wconf 61' lang='lat' dir='ltr'><strong>drina</strong></span> <span class='ocrx_word' id='word_1_187' title='bbox 2459 1835 2678 1889; x_wconf 87' lang='lat' dir='ltr'><strong>vocant,</strong></span> <span class='ocrx_word' id='word_1_188' title='bbox 2708 1826 2939 1895; x_wconf 81' lang='lat' dir='ltr'><strong>appulit.</strong></span> <span class='ocrx_word' id='word_1_189' title='bbox 2961 1823 3153 1880; x_wconf 87' lang='lat' dir='ltr'><strong>Stabat</strong></span> <span class='ocrx_word' id='word_1_190' title='bbox 3187 1823 3333 1879; x_wconf 87' lang='lat' dir='ltr'><strong>haud</strong></span> <span class='ocrx_word' id='word_1_191' title='bbox 3354 1824 3599 1893; x_wconf 87' lang='lat' dir='ltr'><strong>procula</strong></span> <span class='ocrx_word' id='word_1_192' title='bbox 3633 1823 3842 1877; x_wconf 77' lang='lat' dir='ltr'><strong>nostris</strong></span> 
     </span>
    </p>
   </div>
   <div class='ocr_carea' id='block_1_23' title="bbox 587 1906 3846 2004">
    <p class='ocr_par' dir='ltr' id='par_1_23' title="bbox 587 1906 3846 2004">
     <span class='ocr_line' id='line_1_23' title="bbox 587 1906 3846 2004; baseline -0.001 -35"><span class='ocrx_word' id='word_1_193' title='bbox 587 1906 892 1970; x_wconf 71' lang='grc' dir='ltr'><strong>άυεοηυηι.</strong></span> <span class='ocrx_word' id='word_1_194' title='bbox 983 1908 1431 1979; x_wconf 67' lang='lat' dir='ltr'><strong>aggrederentur,</strong></span> <span class='ocrx_word' id='word_1_195' title='bbox 1490 1925 1521 1964; x_wconf 88' lang='lat' dir='ltr'><strong>a</strong></span> <span class='ocrx_word' id='word_1_196' title='bbox 1607 1910 1845 1977; x_wconf 86' lang='lat' dir='ltr'><strong>feminis,</strong></span> <span class='ocrx_word' id='word_1_197' title='bbox 1902 1912 2151 1967; x_wconf 78' lang='lat' dir='ltr'><strong>animose</strong></span> <span class='ocrx_word' id='word_1_198' title='bbox 2185 1951 2222 2004; x_wconf 72' lang='grc' dir='ltr'><strong>Β</strong></span> <span class='ocrx_word' id='word_1_199' title='bbox 2253 1918 2309 1972; x_wconf 88' lang='lat' dir='ltr'><strong>in</strong></span> <span class='ocrx_word' id='word_1_200' title='bbox 2344 1916 2700 1972; x_wconf 85' lang='lat' dir='ltr'><strong>lnehechtlno</strong></span> <span class='ocrx_word' id='word_1_201' title='bbox 2725 1918 2876 1981; x_wconf 86' lang='lat' dir='ltr'><strong>sinu,</strong></span> <span class='ocrx_word' id='word_1_202' title='bbox 2906 1915 3000 1986; x_wconf 88' lang='lat' dir='ltr'><strong>qui</strong></span> <span class='ocrx_word' id='word_1_203' title='bbox 3030 1915 3347 1971; x_wconf 88' lang='lat' dir='ltr'><strong>Corinthius</strong></span> <span class='ocrx_word' id='word_1_204' title='bbox 3378 1915 3512 1969; x_wconf 85' lang='lat' dir='ltr'><strong>olim</strong></span> <span class='ocrx_word' id='word_1_205' title='bbox 3555 1929 3846 1983; x_wconf 81' lang='lat' dir='ltr'><strong>nuncupa-</strong></span> 
     </span>
    </p>
   </div>
   <div class='ocr_carea' id='block_1_24' title="bbox 581 1999 2147 2067">
    <p class='ocr_par' dir='ltr' id='par_1_24' title="bbox 581 1999 2147 2067">
     <span class='ocr_line' id='line_1_24' title="bbox 581 1999 2147 2067; baseline 0.004 -16"><span class='ocrx_word' id='word_1_206' title='bbox 581 2001 812 2067; x_wconf 85' lang='lat' dir='ltr'><strong>patriam</strong></span> <span class='ocrx_word' id='word_1_207' title='bbox 841 1999 1287 2065; x_wconf 86' lang='lat' dir='ltr'><strong>defendentihus.</strong></span> <span class='ocrx_word' id='word_1_208' title='bbox 1318 2003 1672 2057; x_wconf 73' lang='lat' dir='ltr'><strong>memorabili</strong></span> <span class='ocrx_word' id='word_1_209' title='bbox 1737 2018 1860 2059; x_wconf 90' lang='lat' dir='ltr'><strong>eum</strong></span> <span class='ocrx_word' id='word_1_210' title='bbox 1913 2006 2147 2058; x_wconf 86' lang='lat' dir='ltr'><strong>marium</strong></span> 
     </span>
    </p>
   </div>
   <div class='ocr_carea' id='block_1_25' title="bbox 577 2090 2155 2166">
    <p class='ocr_par' dir='ltr' id='par_1_25' title="bbox 577 2090 2155 2166">
     <span class='ocr_line' id='line_1_25' title="bbox 577 2090 2155 2166; baseline 0.004 -21"><span class='ocrx_word' id='word_1_211' title='bbox 577 2090 1031 2163; x_wconf 82' lang='lat' dir='ltr'><strong>Curzolanorum,</strong></span> <span class='ocrx_word' id='word_1_212' title='bbox 1061 2105 1117 2150; x_wconf 89' lang='lat' dir='ltr'><strong>et</strong></span> <span class='ocrx_word' id='word_1_213' title='bbox 1165 2097 1409 2166; x_wconf 83' lang='lat' dir='ltr'><strong>ipsorum</strong></span> <span class='ocrx_word' id='word_1_214' title='bbox 1435 2093 1946 2159; x_wconf 58' lang='lat' dir='ltr'><strong>boat&#39;iutniuiantia,</strong></span> <span class='ocrx_word' id='word_1_215' title='bbox 1997 2097 2155 2152; x_wconf 89' lang='lat' dir='ltr'><strong>femi-</strong></span> 
     </span>
    </p>
   </div>
   <div class='ocr_carea' id='block_1_26' title="bbox 585 2188 2149 2257">
    <p class='ocr_par' dir='ltr' id='par_1_26' title="bbox 585 2188 2149 2257">
     <span class='ocr_line' id='line_1_26' title="bbox 585 2188 2149 2257; baseline 0.006 -19"><span class='ocrx_word' id='word_1_216' title='bbox 585 2188 782 2255; x_wconf 81' lang='lat' dir='ltr'><strong>ncique</strong></span> <span class='ocrx_word' id='word_1_217' title='bbox 834 2203 1005 2242; x_wconf 79' lang='lat' dir='ltr'><strong>sexus</strong></span> <span class='ocrx_word' id='word_1_218' title='bbox 1064 2190 1358 2244; x_wconf 80' lang='lat' dir='ltr'><strong>immortali</strong></span> <span class='ocrx_word' id='word_1_219' title='bbox 1409 2188 1591 2255; x_wconf 86' lang='lat' dir='ltr'><strong>laude,</strong></span> <span class='ocrx_word' id='word_1_220' title='bbox 1652 2190 1840 2257; x_wconf 81' lang='lat' dir='ltr'><strong>rejecti</strong></span> <span class='ocrx_word' id='word_1_221' title='bbox 1906 2191 2149 2247; x_wconf 86' lang='lat' dir='ltr'><strong>fuerunt.</strong></span> 
     </span>
    </p>
   </div>
   <div class='ocr_carea' id='block_1_27' title="bbox 653 2277 2153 2351">
    <p class='ocr_par' dir='ltr' id='par_1_27' title="bbox 653 2277 2153 2351">
     <span class='ocr_line' id='line_1_27' title="bbox 653 2277 2153 2351; baseline 0.004 -20"><span class='ocrx_word' id='word_1_222' title='bbox 653 2277 1037 2348; x_wconf 76' lang='lat' dir='ltr'><strong>Fatnagustani</strong></span> <span class='ocrx_word' id='word_1_223' title='bbox 1062 2297 1156 2350; x_wconf 89' lang='lat' dir='ltr'><strong>per</strong></span> <span class='ocrx_word' id='word_1_224' title='bbox 1210 2283 1486 2351; x_wconf 77' lang='lat' dir='ltr'><strong>integrum</strong></span> <span class='ocrx_word' id='word_1_225' title='bbox 1515 2297 1720 2336; x_wconf 86' lang='lat' dir='ltr'><strong>annum</strong></span> <span class='ocrx_word' id='word_1_226' title='bbox 1755 2282 1984 2347; x_wconf 82' lang='lat' dir='ltr'><strong>obsessi,</strong></span> <span class='ocrx_word' id='word_1_227' title='bbox 2033 2296 2153 2337; x_wconf 82' lang='lat' dir='ltr'><strong>cum</strong></span> 
     </span>
    </p>
   </div>
   <div class='ocr_carea' id='block_1_28' title="bbox 468 2371 2157 2439">
    <p class='ocr_par' dir='ltr' id='par_1_28' title="bbox 468 2371 2157 2439">
     <span class='ocr_line' id='line_1_28' title="bbox 468 2371 2157 2439; baseline 0.004 -14"><span class='ocrx_word' id='word_1_228' title='bbox 468 2429 481 2439; x_wconf 64' lang='grc'><em>,</em></span> <span class='ocrx_word' id='word_1_229' title='bbox 580 2371 806 2426; x_wconf 85' lang='lat' dir='ltr'><strong>fortiter</strong></span> <span class='ocrx_word' id='word_1_230' title='bbox 842 2372 1109 2430; x_wconf 82' lang='lat' dir='ltr'><strong>hactenus</strong></span> <span class='ocrx_word' id='word_1_231' title='bbox 1130 2389 1347 2430; x_wconf 84' lang='lat' dir='ltr'><strong>onmem</strong></span> <span class='ocrx_word' id='word_1_232' title='bbox 1388 2375 1498 2430; x_wconf 85' lang='lat' dir='ltr'><strong>vim</strong></span> <span class='ocrx_word' id='word_1_233' title='bbox 1558 2375 1808 2430; x_wconf 69' lang='lat' dir='ltr'><strong>humilem</strong></span> <span class='ocrx_word' id='word_1_234' title='bbox 1858 2376 2157 2432; x_wconf 66' lang='lat' dir='ltr'><strong>sustinuis~</strong></span> 
     </span>
    </p>
   </div>
   <div class='ocr_carea' id='block_1_29' title="bbox 581 2465 2154 2539">
    <p class='ocr_par' dir='ltr' id='par_1_29' title="bbox 581 2465 2154 2539">
     <span class='ocr_line' id='line_1_29' title="bbox 581 2465 2154 2539; baseline 0.002 -18"><span class='ocrx_word' id='word_1_235' title='bbox 581 2474 707 2521; x_wconf 83' lang='lat' dir='ltr'><strong>sent</strong></span> <span class='ocrx_word' id='word_1_236' title='bbox 739 2482 757 2519; x_wconf 89' lang='lat'><strong>:</strong></span> <span class='ocrx_word' id='word_1_237' title='bbox 788 2465 1003 2522; x_wconf 79' lang='lat' dir='ltr'><strong>tandem</strong></span> <span class='ocrx_word' id='word_1_238' title='bbox 1037 2467 1095 2521; x_wconf 88' lang='lat' dir='ltr'><strong>in</strong></span> <span class='ocrx_word' id='word_1_239' title='bbox 1112 2477 1356 2522; x_wconf 82' lang='lat' dir='ltr'><strong>extrema</strong></span> <span class='ocrx_word' id='word_1_240' title='bbox 1378 2483 1565 2523; x_wconf 89' lang='lat' dir='ltr'><strong>rerum</strong></span> <span class='ocrx_word' id='word_1_241' title='bbox 1620 2471 1864 2523; x_wconf 88' lang='lat' dir='ltr'><strong>omnium</strong></span> <span class='ocrx_word' id='word_1_242' title='bbox 1930 2472 2154 2539; x_wconf 86' lang='lat' dir='ltr'><strong>penuria</strong></span> 
     </span>
    </p>
   </div>
   <div class='ocr_carea' id='block_1_30' title="bbox 584 2557 2159 2633">
    <p class='ocr_par' dir='ltr' id='par_1_30' title="bbox 584 2557 2159 2633">
     <span class='ocr_line' id='line_1_30' title="bbox 584 2557 2159 2633; baseline 0.005 -22"><span class='ocrx_word' id='word_1_243' title='bbox 584 2557 913 2612; x_wconf 85' lang='lat' dir='ltr'><strong>deditionem</strong></span> <span class='ocrx_word' id='word_1_244' title='bbox 940 2559 1210 2633; x_wconf 65' lang='lat' dir='ltr'><strong>fecerunt,</strong></span> <span class='ocrx_word' id='word_1_245' title='bbox 1242 2561 1326 2614; x_wconf 85' lang='lat' dir='ltr'><strong>his</strong></span> <span class='ocrx_word' id='word_1_246' title='bbox 1357 2560 1570 2631; x_wconf 70' lang='lat' dir='ltr'><strong>legibus</strong></span> <span class='ocrx_word' id='word_1_247' title='bbox 1603 2578 1617 2615; x_wconf 94' lang='lat'><strong>:</strong></span> <span class='ocrx_word' id='word_1_248' title='bbox 1645 2571 1703 2616; x_wconf 92' lang='lat' dir='ltr'><strong>ut</strong></span> <span class='ocrx_word' id='word_1_249' title='bbox 1750 2561 1972 2616; x_wconf 80' lang='lat' dir='ltr'><strong>Venetis</strong></span> <span class='ocrx_word' id='word_1_250' title='bbox 2010 2564 2159 2619; x_wconf 66' lang='lat' dir='ltr'><strong>&#39;vita</strong></span> 
     </span>
    </p>
   </div>
   <div class='ocr_carea' id='block_1_31' title="bbox 576 2638 2159 2721">
    <p class='ocr_par' dir='ltr' id='par_1_31' title="bbox 576 2638 2159 2721">
     <span class='ocr_line' id='line_1_31' title="bbox 576 2638 2159 2721; baseline 0.006 -19"><span class='ocrx_word' id='word_1_251' title='bbox 576 2638 978 2721; x_wconf 71' lang='lat' dir='ltr'><strong>concederetur</strong></span> <span class='ocrx_word' id='word_1_252' title='bbox 1007 2652 1377 2717; x_wconf 82' lang='lat' dir='ltr'><strong>incolumitas,</strong></span> <span class='ocrx_word' id='word_1_253' title='bbox 1407 2662 1462 2708; x_wconf 88' lang='lat' dir='ltr'><strong>et</strong></span> <span class='ocrx_word' id='word_1_254' title='bbox 1491 2654 1573 2709; x_wconf 88' lang='lat' dir='ltr'><strong>uti</strong></span> <span class='ocrx_word' id='word_1_255' title='bbox 1601 2670 1725 2710; x_wconf 87' lang='lat' dir='ltr'><strong>cum</strong></span> <span class='ocrx_word' id='word_1_256' title='bbox 1758 2655 1926 2710; x_wconf 82' lang='lat' dir='ltr'><strong>armis</strong></span> <span class='ocrx_word' id='word_1_257' title='bbox 1956 2654 2070 2711; x_wconf 86' lang='lat' dir='ltr'><strong>suis</strong></span> <span class='ocrx_word' id='word_1_258' title='bbox 2095 2670 2159 2711; x_wconf 87' lang='lat' dir='ltr'><strong>ac</strong></span> 
     </span>
    </p>
   </div>
   <div class='ocr_carea' id='block_1_32' title="bbox 586 2741 2159 2815">
    <p class='ocr_par' dir='ltr' id='par_1_32' title="bbox 586 2741 2159 2815">
     <span class='ocr_line' id='line_1_32' title="bbox 586 2741 2159 2815; baseline 0.007 -20"><span class='ocrx_word' id='word_1_259' title='bbox 586 2741 941 2799; x_wconf 66' lang='lat' dir='ltr'><strong>facultatibus</strong></span> <span class='ocrx_word' id='word_1_260' title='bbox 980 2743 1034 2799; x_wconf 89' lang='lat' dir='ltr'><strong>in</strong></span> <span class='ocrx_word' id='word_1_261' title='bbox 1060 2743 1276 2801; x_wconf 86' lang='lat' dir='ltr'><strong>Cretam</strong></span> <span class='ocrx_word' id='word_1_262' title='bbox 1303 2746 1700 2803; x_wconf 86' lang='lat' dir='ltr'><strong>deducerentur</strong></span> <span class='ocrx_word' id='word_1_263' title='bbox 1730 2747 1942 2815; x_wconf 76' lang='lat' dir='ltr'><strong>;Crteei</strong></span> <span class='ocrx_word' id='word_1_264' title='bbox 1965 2747 2159 2806; x_wconf 83' lang='lat' dir='ltr'><strong>domos</strong></span> 
     </span>
    </p>
   </div>
   <div class='ocr_carea' id='block_1_33' title="bbox 586 2836 2156 2909">
    <p class='ocr_par' dir='ltr' id='par_1_33' title="bbox 586 2836 2156 2909">
     <span class='ocr_line' id='line_1_33' title="bbox 586 2836 2156 2909; baseline 0.007 -22"><span class='ocrx_word' id='word_1_265' title='bbox 586 2851 712 2888; x_wconf 73' lang='lat' dir='ltr'><strong>suas</strong></span> <span class='ocrx_word' id='word_1_266' title='bbox 765 2836 1090 2903; x_wconf 84' lang='lat' dir='ltr'><strong>incolerent,</strong></span> <span class='ocrx_word' id='word_1_267' title='bbox 1147 2840 1587 2909; x_wconf 78' lang='lat' dir='ltr'><strong>possessionibus</strong></span> <span class='ocrx_word' id='word_1_268' title='bbox 1652 2842 1766 2897; x_wconf 88' lang='lat' dir='ltr'><strong>suis</strong></span> <span class='ocrx_word' id='word_1_269' title='bbox 1818 2841 2156 2908; x_wconf 86' lang='lat' dir='ltr'><strong>fruerentur,</strong></span> 
     </span>
    </p>
   </div>
   <div class='ocr_carea' id='block_1_34' title="bbox 589 2928 2160 3000">
    <p class='ocr_par' dir='ltr' id='par_1_34' title="bbox 589 2928 2160 3000">
     <span class='ocr_line' id='line_1_34' title="bbox 589 2928 2160 3000; baseline 0.006 -20"><span class='ocrx_word' id='word_1_270' title='bbox 589 2933 693 2980; x_wconf 87' lang='lat' dir='ltr'><strong>ritu</strong></span> <span class='ocrx_word' id='word_1_271' title='bbox 720 2928 1036 2987; x_wconf 88' lang='lat' dir='ltr'><strong>Christiano</strong></span> <span class='ocrx_word' id='word_1_272' title='bbox 1090 2933 1358 2989; x_wconf 86' lang='lat' dir='ltr'><strong>viverent.</strong></span> <span class='ocrx_word' id='word_1_273' title='bbox 1403 2934 1614 3000; x_wconf 88' lang='lat' dir='ltr'><strong>Quibus</strong></span> <span class='ocrx_word' id='word_1_274' title='bbox 1669 2934 2077 2992; x_wconf 81' lang='lat' dir='ltr'><strong>conditionibus</strong></span> <span class='ocrx_word' id='word_1_275' title='bbox 2127 2951 2160 2990; x_wconf 88' lang='lat' dir='ltr'><strong>a</strong></span> 
     </span>
    </p>
   </div>
   <div class='ocr_carea' id='block_1_35' title="bbox 587 3020 2161 3100">
    <p class='ocr_par' dir='ltr' id='par_1_35' title="bbox 587 3020 2161 3100">
     <span class='ocr_line' id='line_1_35' title="bbox 587 3020 2161 3100; baseline 0.008 -25"><span class='ocrx_word' id='word_1_276' title='bbox 587 3020 864 3090; x_wconf 78' lang='lat' dir='ltr'><strong>Mustapha</strong></span> <span class='ocrx_word' id='word_1_277' title='bbox 900 3023 1080 3089; x_wconf 84' lang='lat' dir='ltr'><strong>bassa,</strong></span> <span class='ocrx_word' id='word_1_278' title='bbox 1121 3026 1278 3081; x_wconf 86' lang='lat' dir='ltr'><strong>initio</strong></span> <span class='ocrx_word' id='word_1_279' title='bbox 1309 3030 1514 3084; x_wconf 87' lang='lat' dir='ltr'><strong>mensis</strong></span> <span class='ocrx_word' id='word_1_280' title='bbox 1573 3030 1821 3100; x_wconf 75' lang='lat' dir='ltr'><strong>Augusti,</strong></span> <span class='ocrx_word' id='word_1_281' title='bbox 1864 3046 2008 3086; x_wconf 83' lang='lat' dir='ltr'><strong>anno</strong></span> <span class='ocrx_word' id='word_1_282' title='bbox 2057 3030 2161 3087; x_wconf 80' lang='lat'><strong>979</strong></span> 
     </span>
    </p>
   </div>
   <div class='ocr_carea' id='block_1_36' title="bbox 585 3114 2161 3193">
    <p class='ocr_par' dir='ltr' id='par_1_36' title="bbox 585 3114 2161 3193">
     <span class='ocr_line' id='line_1_36' title="bbox 585 3114 2161 3193; baseline 0.006 -24"><span class='ocrx_word' id='word_1_283' title='bbox 585 3114 736 3183; x_wconf 81' lang='lat' dir='ltr'><strong>(Chr.</strong></span> <span class='ocrx_word' id='word_1_284' title='bbox 770 3116 952 3188; x_wconf 71' lang='lat'><strong>4572),</strong></span> <span class='ocrx_word' id='word_1_285' title='bbox 993 3119 1229 3174; x_wconf 84' lang='lat' dir='ltr'><strong>laudatis</strong></span> <span class='ocrx_word' id='word_1_286' title='bbox 1248 3131 1302 3174; x_wconf 89' lang='lat' dir='ltr'><strong>et</strong></span> <span class='ocrx_word' id='word_1_287' title='bbox 1322 3122 1656 3190; x_wconf 82' lang='lat' dir='ltr'><strong>approbatis.</strong></span> <span class='ocrx_word' id='word_1_288' title='bbox 1685 3123 1967 3193; x_wconf 88' lang='lat' dir='ltr'><strong>ipsiusque</strong></span> <span class='ocrx_word' id='word_1_289' title='bbox 1996 3140 2161 3179; x_wconf 77' lang='lat' dir='ltr'><strong>manu</strong></span> 
     </span>
    </p>
   </div>
   <div class='ocr_carea' id='block_1_37' title="bbox 588 3211 2163 3285">
    <p class='ocr_par' dir='ltr' id='par_1_37' title="bbox 588 3211 2163 3285">
     <span class='ocr_line' id='line_1_37' title="bbox 588 3211 2163 3285; baseline 0.006 -22"><span class='ocrx_word' id='word_1_290' title='bbox 588 3212 921 3279; x_wconf 75' lang='lat' dir='ltr'><strong>stthsignatis</strong></span> <span class='ocrx_word' id='word_1_291' title='bbox 948 3227 965 3265; x_wconf 91' lang='lat'><strong>:</strong></span> <span class='ocrx_word' id='word_1_292' title='bbox 997 3211 1086 3266; x_wconf 90' lang='lat' dir='ltr'><strong>die</strong></span> <span class='ocrx_word' id='word_1_293' title='bbox 1117 3221 1309 3281; x_wconf 86' lang='lat' dir='ltr'><strong>quinto</strong></span> <span class='ocrx_word' id='word_1_294' title='bbox 1339 3213 1472 3268; x_wconf 89' lang='lat' dir='ltr'><strong>dicti</strong></span> <span class='ocrx_word' id='word_1_295' title='bbox 1492 3214 1696 3268; x_wconf 86' lang='lat' dir='ltr'><strong>mensis</strong></span> <span class='ocrx_word' id='word_1_296' title='bbox 1717 3212 1945 3284; x_wconf 81' lang='lat' dir='ltr'><strong>Augusti</strong></span> <span class='ocrx_word' id='word_1_297' title='bbox 1965 3216 2163 3285; x_wconf 86' lang='lat' dir='ltr'><strong>prodiit</strong></span> 
     </span>
    </p>
   </div>
   <div class='ocr_carea' id='block_1_38' title="bbox 2254 2003 3839 2075">
    <p class='ocr_par' dir='ltr' id='par_1_38' title="bbox 2254 2003 3839 2075">
     <span class='ocr_line' id='line_1_38' title="bbox 2254 2003 3839 2075; baseline -0.005 -12"><span class='ocrx_word' id='word_1_298' title='bbox 2254 2010 2439 2075; x_wconf 84' lang='lat' dir='ltr'><strong>batur,</strong></span> <span class='ocrx_word' id='word_1_299' title='bbox 2475 2008 2669 2063; x_wconf 84' lang='lat' dir='ltr'><strong>classis</strong></span> <span class='ocrx_word' id='word_1_300' title='bbox 2689 2008 2925 2063; x_wconf 75' lang='lat' dir='ltr'><strong>hostium</strong></span> <span class='ocrx_word' id='word_1_301' title='bbox 2960 2026 2972 2061; x_wconf 91' lang='lat'><strong>:</strong></span> <span class='ocrx_word' id='word_1_302' title='bbox 3009 2007 3096 2062; x_wconf 91' lang='lat' dir='ltr'><strong>cui</strong></span> <span class='ocrx_word' id='word_1_303' title='bbox 3138 2020 3262 2060; x_wconf 88' lang='lat' dir='ltr'><strong>cum</strong></span> <span class='ocrx_word' id='word_1_304' title='bbox 3306 2003 3536 2075; x_wconf 84' lang='lat' dir='ltr'><strong>imperio</strong></span> <span class='ocrx_word' id='word_1_305' title='bbox 3560 2016 3839 2074; x_wconf 67' lang='lat' dir='ltr'><strong>prmerant</strong></span> 
     </span>
    </p>
   </div>
   <div class='ocr_carea' id='block_1_39' title="bbox 2256 2097 3843 2168">
    <p class='ocr_par' dir='ltr' id='par_1_39' title="bbox 2256 2097 3843 2168">
     <span class='ocr_line' id='line_1_39' title="bbox 2256 2097 3843 2168; baseline -0.003 -16"><span class='ocrx_word' id='word_1_306' title='bbox 2256 2098 2522 2154; x_wconf 81' lang='lat' dir='ltr'><strong>Pertavns</strong></span> <span class='ocrx_word' id='word_1_307' title='bbox 2546 2097 2703 2154; x_wconf 79' lang='lat' dir='ltr'><strong>bassa</strong></span> <span class='ocrx_word' id='word_1_308' title='bbox 2730 2100 3011 2168; x_wconf 83' lang='lat' dir='ltr'><strong>c0piarum</strong></span> <span class='ocrx_word' id='word_1_309' title='bbox 3048 2098 3417 2160; x_wconf 78' lang='lat' dir='ltr'><strong>terrestrium,</strong></span> <span class='ocrx_word' id='word_1_310' title='bbox 3447 2106 3501 2150; x_wconf 89' lang='lat' dir='ltr'><strong>et</strong></span> <span class='ocrx_word' id='word_1_311' title='bbox 3538 2097 3655 2150; x_wconf 86' lang='lat' dir='ltr'><strong>Alis</strong></span> <span class='ocrx_word' id='word_1_312' title='bbox 3674 2098 3843 2149; x_wconf 82' lang='lat' dir='ltr'><strong>hassa</strong></span> 
     </span>
    </p>
   </div>
   <div class='ocr_carea' id='block_1_40' title="bbox 2254 2178 3848 2257">
    <p class='ocr_par' dir='ltr' id='par_1_40' title="bbox 2254 2178 3848 2257">
     <span class='ocr_line' id='line_1_40' title="bbox 2254 2178 3848 2257; baseline -0.004 -11"><span class='ocrx_word' id='word_1_313' title='bbox 2254 2188 2530 2246; x_wconf 79' lang='lat' dir='ltr'><strong>sociorum</strong></span> <span class='ocrx_word' id='word_1_314' title='bbox 2556 2188 2962 2244; x_wconf 88' lang='lat' dir='ltr'><strong>navaliumdux</strong></span> <span class='ocrx_word' id='word_1_315' title='bbox 3007 2202 3319 2257; x_wconf 86' lang='lat' dir='ltr'><strong>supremus.</strong></span> <span class='ocrx_word' id='word_1_316' title='bbox 3366 2178 3514 2242; x_wconf 76' lang='lat' dir='ltr'><strong>inter</strong></span> <span class='ocrx_word' id='word_1_317' title='bbox 3576 2187 3702 2250; x_wconf 88' lang='lat' dir='ltr'><strong>hos,</strong></span> <span class='ocrx_word' id='word_1_318' title='bbox 3750 2202 3848 2242; x_wconf 88' lang='lat' dir='ltr'><strong>co-</strong></span> 
     </span>
    </p>
   </div>
   <div class='ocr_carea' id='block_1_41' title="bbox 2255 2279 3843 2349">
    <p class='ocr_par' dir='ltr' id='par_1_41' title="bbox 2255 2279 3843 2349">
     <span class='ocr_line' id='line_1_41' title="bbox 2255 2279 3843 2349; baseline -0.001 -17"><span class='ocrx_word' id='word_1_319' title='bbox 2255 2281 2405 2349; x_wconf 76' lang='lat' dir='ltr'><strong>guito</strong></span> <span class='ocrx_word' id='word_1_320' title='bbox 2433 2280 2754 2336; x_wconf 72' lang='lat' dir='ltr'><strong>Christiana:</strong></span> <span class='ocrx_word' id='word_1_321' title='bbox 2782 2281 2977 2337; x_wconf 83' lang='lat' dir='ltr'><strong>classis</strong></span> <span class='ocrx_word' id='word_1_322' title='bbox 3011 2281 3271 2344; x_wconf 84' lang='lat' dir='ltr'><strong>adventu,</strong></span> <span class='ocrx_word' id='word_1_323' title='bbox 3306 2280 3703 2335; x_wconf 81' lang='lat' dir='ltr'><strong>sententiarum</strong></span> <span class='ocrx_word' id='word_1_324' title='bbox 3752 2279 3843 2332; x_wconf 83' lang='lat' dir='ltr'><strong>di—</strong></span> 
     </span>
    </p>
   </div>
   <div class='ocr_carea' id='block_1_42' title="bbox 2258 2373 3841 2441">
    <p class='ocr_par' dir='ltr' id='par_1_42' title="bbox 2258 2373 3841 2441">
     <span class='ocr_line' id='line_1_42' title="bbox 2258 2373 3841 2441; baseline -0.001 -14"><span class='ocrx_word' id='word_1_325' title='bbox 2258 2374 2486 2430; x_wconf 78' lang='lat' dir='ltr'><strong>versitas</strong></span> <span class='ocrx_word' id='word_1_326' title='bbox 2519 2375 2750 2432; x_wconf 80' lang='lat' dir='ltr'><strong>exstitit.</strong></span> <span class='ocrx_word' id='word_1_327' title='bbox 2780 2375 3043 2429; x_wconf 82' lang='lat' dir='ltr'><strong>Pertavus</strong></span> <span class='ocrx_word' id='word_1_328' title='bbox 3076 2373 3462 2427; x_wconf 89' lang='lat' dir='ltr'><strong>abstinendum</strong></span> <span class='ocrx_word' id='word_1_329' title='bbox 3501 2373 3777 2441; x_wconf 88' lang='lat' dir='ltr'><strong>judicabat</strong></span> <span class='ocrx_word' id='word_1_330' title='bbox 3805 2387 3841 2426; x_wconf 12' lang='lat' dir='ltr'><strong>at</strong></span> 
     </span>
    </p>
   </div>
   <div class='ocr_carea' id='block_1_43' title="bbox 2258 2464 3824 2537">
    <p class='ocr_par' dir='ltr' id='par_1_43' title="bbox 2258 2464 3824 2537">
     <span class='ocr_line' id='line_1_43' title="bbox 2258 2464 3824 2537; baseline -0.003 -17"><span class='ocrx_word' id='word_1_331' title='bbox 2258 2468 2469 2537; x_wconf 77' lang='lat' dir='ltr'><strong>prtulio,</strong></span> <span class='ocrx_word' id='word_1_332' title='bbox 2509 2468 2653 2536; x_wconf 85' lang='lat' dir='ltr'><strong>quod</strong></span> <span class='ocrx_word' id='word_1_333' title='bbox 2684 2467 2977 2533; x_wconf 81' lang='lat' dir='ltr'><strong>conjuncta</strong></span> <span class='ocrx_word' id='word_1_334' title='bbox 3001 2465 3566 2535; x_wconf 82' lang='lat' dir='ltr'><strong>jamChristiauornm</strong></span> <span class='ocrx_word' id='word_1_335' title='bbox 3620 2464 3824 2527; x_wconf 82' lang='lat' dir='ltr'><strong>classis,</strong></span> 
     </span>
    </p>
   </div>
   <div class='ocr_carea' id='block_1_44' title="bbox 2260 2558 3909 2630">
    <p class='ocr_par' dir='ltr' id='par_1_44' title="bbox 2260 2558 3909 2630">
     <span class='ocr_line' id='line_1_44' title="bbox 2260 2558 3909 2630; baseline -0.001 -18"><span class='ocrx_word' id='word_1_336' title='bbox 2260 2560 2423 2615; x_wconf 81' lang='lat' dir='ltr'><strong>unius</strong></span> <span class='ocrx_word' id='word_1_337' title='bbox 2452 2560 2683 2630; x_wconf 83' lang='lat' dir='ltr'><strong>imperio</strong></span> <span class='ocrx_word' id='word_1_338' title='bbox 2712 2560 2865 2616; x_wconf 86' lang='lat' dir='ltr'><strong>ducis</strong></span> <span class='ocrx_word' id='word_1_339' title='bbox 2892 2572 3172 2630; x_wconf 81' lang='lat' dir='ltr'><strong>regeretur</strong></span> <span class='ocrx_word' id='word_1_340' title='bbox 3200 2577 3215 2614; x_wconf 93' lang='lat'><strong>:</strong></span> <span class='ocrx_word' id='word_1_341' title='bbox 3253 2558 3668 2630; x_wconf 83' lang='lat' dir='ltr'><strong>exspectandum</strong></span> <span class='ocrx_word' id='word_1_342' title='bbox 3698 2571 3827 2611; x_wconf 84' lang='lat' dir='ltr'><strong>esse</strong></span> <span class='ocrx_word' id='word_1_343' title='bbox 3904 2590 3909 2593; x_wconf 88' lang='lat'><strong><em>-</em></strong></span> 
     </span>
    </p>
   </div>
   <div class='ocr_carea' id='block_1_45' title="bbox 2259 2646 3839 2724">
    <p class='ocr_par' dir='ltr' id='par_1_45' title="bbox 2259 2646 3839 2724">
     <span class='ocr_line' id='line_1_45' title="bbox 2259 2646 3839 2724; baseline 0.002 -21"><span class='ocrx_word' id='word_1_344' title='bbox 2259 2646 2613 2721; x_wconf 76' lang='lat' dir='ltr'><strong>perexiguum</strong></span> <span class='ocrx_word' id='word_1_345' title='bbox 2643 2652 2709 2705; x_wconf 84' lang='lat' dir='ltr'><strong>ad</strong></span> <span class='ocrx_word' id='word_1_346' title='bbox 2730 2662 2962 2722; x_wconf 73' lang='lat' dir='ltr'><strong>tempus,</strong></span> <span class='ocrx_word' id='word_1_347' title='bbox 2985 2670 3096 2723; x_wconf 90' lang='lat' dir='ltr'><strong>quo</strong></span> <span class='ocrx_word' id='word_1_348' title='bbox 3119 2653 3358 2709; x_wconf 90' lang='lat' dir='ltr'><strong>futurum</strong></span> <span class='ocrx_word' id='word_1_349' title='bbox 3379 2658 3471 2719; x_wconf 87' lang='lat' dir='ltr'><strong>sit,</strong></span> <span class='ocrx_word' id='word_1_350' title='bbox 3493 2662 3561 2724; x_wconf 87' lang='lat' dir='ltr'><strong>ut,</strong></span> <span class='ocrx_word' id='word_1_351' title='bbox 3583 2652 3669 2708; x_wconf 90' lang='lat' dir='ltr'><strong>illo</strong></span> <span class='ocrx_word' id='word_1_352' title='bbox 3684 2668 3839 2722; x_wconf 69' lang='lat' dir='ltr'><strong>prie—-</strong></span> 
     </span>
    </p>
   </div>
   <div class='ocr_carea' id='block_1_46' title="bbox 2260 2745 3845 2815">
    <p class='ocr_par' dir='ltr' id='par_1_46' title="bbox 2260 2745 3845 2815">
     <span class='ocr_line' id='line_1_46' title="bbox 2260 2745 3845 2815; baseline 0.001 -16"><span class='ocrx_word' id='word_1_353' title='bbox 2260 2745 2446 2799; x_wconf 83' lang='lat' dir='ltr'><strong>sertim</strong></span> <span class='ocrx_word' id='word_1_354' title='bbox 2473 2745 2602 2799; x_wconf 87' lang='lat' dir='ltr'><strong>anni</strong></span> <span class='ocrx_word' id='word_1_355' title='bbox 2629 2755 2891 2815; x_wconf 79' lang='lat' dir='ltr'><strong>tempore,</strong></span> <span class='ocrx_word' id='word_1_356' title='bbox 2928 2747 3188 2802; x_wconf 80' lang='lat' dir='ltr'><strong>solvatur.</strong></span> <span class='ocrx_word' id='word_1_357' title='bbox 3219 2747 3333 2800; x_wconf 81' lang='lat' dir='ltr'><strong>Alis</strong></span> <span class='ocrx_word' id='word_1_358' title='bbox 3362 2747 3669 2802; x_wconf 84' lang='lat' dir='ltr'><strong>erontrario</strong></span> <span class='ocrx_word' id='word_1_359' title='bbox 3702 2761 3845 2801; x_wconf 81' lang='lat' dir='ltr'><strong>sen-</strong></span> 
     </span>
    </p>
   </div>
   <div class='ocr_carea' id='block_1_47' title="bbox 2263 2834 3837 2905">
    <p class='ocr_par' dir='ltr' id='par_1_47' title="bbox 2263 2834 3837 2905">
     <span class='ocr_line' id='line_1_47' title="bbox 2263 2834 3837 2905; baseline 0.001 -13"><span class='ocrx_word' id='word_1_360' title='bbox 2263 2834 2454 2905; x_wconf 80' lang='lat' dir='ltr'><strong>tiebat,</strong></span> <span class='ocrx_word' id='word_1_361' title='bbox 2482 2838 2707 2891; x_wconf 89' lang='lat' dir='ltr'><strong>omnino</strong></span> <span class='ocrx_word' id='word_1_362' title='bbox 2746 2837 3140 2893; x_wconf 74' lang='lat' dir='ltr'><strong>dimicandum.</strong></span> <span class='ocrx_word' id='word_1_363' title='bbox 3170 2839 3209 2893; x_wconf 76' lang='grc' dir='ltr'>Α</span> <span class='ocrx_word' id='word_1_364' title='bbox 3251 2839 3484 2894; x_wconf 82' lang='lat' dir='ltr'><strong>Pertavo</strong></span> <span class='ocrx_word' id='word_1_365' title='bbox 3508 2839 3721 2894; x_wconf 84' lang='lat' dir='ltr'><strong>stabant</strong></span> <span class='ocrx_word' id='word_1_366' title='bbox 3750 2841 3837 2893; x_wconf 85' lang='lat' dir='ltr'><strong>rei</strong></span> 
     </span>
    </p>
   </div>
   <div class='ocr_carea' id='block_1_48' title="bbox 2262 2929 3846 3001">
    <p class='ocr_par' dir='ltr' id='par_1_48' title="bbox 2262 2929 3846 3001">
     <span class='ocr_line' id='line_1_48' title="bbox 2262 2929 3846 3001; baseline 0.001 -17"><span class='ocrx_word' id='word_1_367' title='bbox 2262 2929 2470 2984; x_wconf 80' lang='lat' dir='ltr'><strong>navalis</strong></span> <span class='ocrx_word' id='word_1_368' title='bbox 2489 2930 2802 3001; x_wconf 88' lang='lat' dir='ltr'><strong>peritissimi</strong></span> <span class='ocrx_word' id='word_1_369' title='bbox 2835 2931 3189 3001; x_wconf 82' lang='lat' dir='ltr'><strong>veteranique</strong></span> <span class='ocrx_word' id='word_1_370' title='bbox 3221 2933 3415 2996; x_wconf 86' lang='lat' dir='ltr'><strong>duces,</strong></span> <span class='ocrx_word' id='word_1_371' title='bbox 3449 2931 3671 2986; x_wconf 87' lang='lat' dir='ltr'><strong>Sirocus</strong></span> <span class='ocrx_word' id='word_1_372' title='bbox 3708 2933 3846 2986; x_wconf 73' lang='lat' dir='ltr'><strong>Ale-</strong></span> 
     </span>
    </p>
   </div>
   <div class='ocr_carea' id='block_1_49' title="bbox 2264 3023 3850 3096">
    <p class='ocr_par' dir='ltr' id='par_1_49' title="bbox 2264 3023 3850 3096">
     <span class='ocr_line' id='line_1_49' title="bbox 2264 3023 3850 3096; baseline 0.002 -20"><span class='ocrx_word' id='word_1_373' title='bbox 2264 3023 2506 3077; x_wconf 73' lang='lat' dir='ltr'><strong>xandrim</strong></span> <span class='ocrx_word' id='word_1_374' title='bbox 2536 3026 2848 3094; x_wconf 81' lang='lat' dir='ltr'><strong>sangiacus,</strong></span> <span class='ocrx_word' id='word_1_375' title='bbox 2873 3023 3184 3080; x_wconf 80' lang='lat' dir='ltr'><strong>Carabuces</strong></span> <span class='ocrx_word' id='word_1_376' title='bbox 3211 3026 3506 3096; x_wconf 76' lang='lat' dir='ltr'><strong>sangiacus</strong></span> <span class='ocrx_word' id='word_1_377' title='bbox 3535 3023 3850 3079; x_wconf 86' lang='lat' dir='ltr'><strong>Sourisaris</strong></span> 
     </span>
    </p>
   </div>
   <div class='ocr_carea' id='block_1_50' title="bbox 2266 3108 3851 3173">
    <p class='ocr_par' dir='ltr' id='par_1_50' title="bbox 2266 3108 3851 3173">
     <span class='ocr_line' id='line_1_50' title="bbox 2266 3108 3851 3173; baseline 0.003 -4"><span class='ocrx_word' id='word_1_378' title='bbox 2266 3116 2319 3169; x_wconf 90' lang='lat' dir='ltr'><strong>in</strong></span> <span class='ocrx_word' id='word_1_379' title='bbox 2353 3117 2677 3173; x_wconf 83' lang='lat' dir='ltr'><strong>Carainania</strong></span> <span class='ocrx_word' id='word_1_380' title='bbox 2728 3118 2843 3173; x_wconf 88' lang='lat' dir='ltr'><strong>slve</strong></span> <span class='ocrx_word' id='word_1_381' title='bbox 2900 3119 3085 3173; x_wconf 86' lang='lat' dir='ltr'><strong>Cilicia</strong></span> <span class='ocrx_word' id='word_1_382' title='bbox 3142 3108 3417 3173; x_wconf 82' lang='lat' dir='ltr'><strong>maritima</strong></span> <span class='ocrx_word' id='word_1_383' title='bbox 3484 3117 3851 3173; x_wconf 76' lang='lat' dir='ltr'><strong>Meehemetes</strong></span> 
     </span>
    </p>
   </div>
   <div class='ocr_carea' id='block_1_51' title="bbox 2268 3190 3903 3279">
    <p class='ocr_par' dir='ltr' id='par_1_51' title="bbox 2268 3190 3903 3279">
     <span class='ocr_line' id='line_1_51' title="bbox 2268 3190 3903 3279; baseline 0.001 -16"><span class='ocrx_word' id='word_1_384' title='bbox 2268 3210 2458 3279; x_wconf 80' lang='lat' dir='ltr'><strong>hegus,</strong></span> <span class='ocrx_word' id='word_1_385' title='bbox 2489 3190 2630 3264; x_wconf 67' lang='lat' dir='ltr'><strong>Salsa</strong></span> <span class='ocrx_word' id='word_1_386' title='bbox 2665 3211 2812 3266; x_wconf 76' lang='lat' dir='ltr'><strong>liaisi</strong></span> <span class='ocrx_word' id='word_1_387' title='bbox 2855 3210 3018 3276; x_wconf 87' lang='lat' dir='ltr'><strong>illius,</strong></span> <span class='ocrx_word' id='word_1_388' title='bbox 3041 3212 3331 3279; x_wconf 81' lang='lat' dir='ltr'><strong>sangiacus</strong></span> <span class='ocrx_word' id='word_1_389' title='bbox 3363 3209 3582 3264; x_wconf 71' lang='lat' dir='ltr'><strong>Eubmte</strong></span> <span class='ocrx_word' id='word_1_390' title='bbox 3607 3210 3724 3265; x_wconf 86' lang='lat' dir='ltr'><strong>sive</strong></span> <span class='ocrx_word' id='word_1_391' title='bbox 3738 3210 3855 3264; x_wconf 77' lang='lat' dir='ltr'><strong>Ne-</strong></span> <span class='ocrx_word' id='word_1_392' title='bbox 3900 3228 3903 3229; x_wconf 63' lang='lat'><strong><em>&#39;</em></strong></span> 
     </span>
    </p>
   </div>
   <div class='ocr_carea' id='block_1_52' title="bbox 588 3302 3852 3377">
    <p class='ocr_par' dir='ltr' id='par_1_52' title="bbox 588 3302 3852 3377">
     <span class='ocr_line' id='line_1_52' title="bbox 588 3302 3852 3377; baseline 0.004 -22"><span class='ocrx_word' id='word_1_393' title='bbox 588 3320 653 3358; x_wconf 73' lang='lat' dir='ltr'><strong>cx</strong></span> <span class='ocrx_word' id='word_1_394' title='bbox 686 3303 819 3357; x_wconf 78' lang='lat' dir='ltr'><strong>urbe</strong></span> <span class='ocrx_word' id='word_1_395' title='bbox 841 3302 1056 3358; x_wconf 81' lang='lat' dir='ltr'><strong>Marcus</strong></span> <span class='ocrx_word' id='word_1_396' title='bbox 1092 3304 1363 3360; x_wconf 86' lang='lat' dir='ltr'><strong>Antonius</strong></span> <span class='ocrx_word' id='word_1_397' title='bbox 1396 3305 1753 3375; x_wconf 62' lang='lat' dir='ltr'><strong>Bragadinus,</strong></span> <span class='ocrx_word' id='word_1_398' title='bbox 1779 3307 1883 3362; x_wconf 89' lang='lat' dir='ltr'><strong>sub</strong></span> <span class='ocrx_word' id='word_1_399' title='bbox 1918 3324 2028 3377; x_wconf 91' lang='lat' dir='ltr'><strong>quo</strong></span> <span class='ocrx_word' id='word_1_400' title='bbox 2069 3308 2165 3364; x_wconf 86' lang='lat' dir='ltr'><strong>de-</strong></span> <span class='ocrx_word' id='word_1_401' title='bbox 2188 3304 2232 3363; x_wconf 88' lang='lat' dir='ltr'><strong>C</strong></span> <span class='ocrx_word' id='word_1_402' title='bbox 2270 3303 2520 3375; x_wconf 77' lang='lat' dir='ltr'><strong>groponli</strong></span> <span class='ocrx_word' id='word_1_403' title='bbox 2549 3318 2563 3358; x_wconf 73' lang='grc' dir='ltr'><strong>ε</strong></span> <span class='ocrx_word' id='word_1_404' title='bbox 2597 3319 2719 3358; x_wconf 71' lang='lat' dir='ltr'><strong>cum</strong></span> <span class='ocrx_word' id='word_1_405' title='bbox 2746 3302 2831 3356; x_wconf 79' lang='lat' dir='ltr'><strong>Ali</strong></span> <span class='ocrx_word' id='word_1_406' title='bbox 2852 3319 2980 3359; x_wconf 79' lang='lat' dir='ltr'><strong>Vero</strong></span> <span class='ocrx_word' id='word_1_407' title='bbox 2996 3302 3327 3369; x_wconf 72' lang='grc' dir='ltr'><strong>εθηιὶθὺθιὶῑ,</strong></span> <span class='ocrx_word' id='word_1_408' title='bbox 3348 3302 3630 3357; x_wconf 66' lang='lat' dir='ltr'><strong>Cllasanei</strong></span> <span class='ocrx_word' id='word_1_409' title='bbox 3650 3302 3852 3374; x_wconf 55' lang='lat' dir='ltr'><strong>beatis,</strong></span> 
     </span>
    </p>
   </div>
   <div class='ocr_carea' id='block_1_53' title="bbox 590 3385 2165 3457">
    <p class='ocr_par' dir='ltr' id='par_1_53' title="bbox 590 3385 2165 3457">
     <span class='ocr_line' id='line_1_53' title="bbox 590 3385 2165 3457; baseline 0.004 -8"><span class='ocrx_word' id='word_1_410' title='bbox 590 3397 742 3450; x_wconf 78' lang='lat' dir='ltr'><strong>fensa</strong></span> <span class='ocrx_word' id='word_1_411' title='bbox 771 3385 945 3451; x_wconf 82' lang='lat' dir='ltr'><strong>fuerat</strong></span> <span class='ocrx_word' id='word_1_412' title='bbox 974 3399 1259 3457; x_wconf 76' lang='lat' dir='ltr'><strong>hactenus.</strong></span> <span class='ocrx_word' id='word_1_413' title='bbox 1289 3409 1343 3453; x_wconf 86' lang='lat' dir='ltr'><strong>et</strong></span> <span class='ocrx_word' id='word_1_414' title='bbox 1376 3415 1500 3455; x_wconf 89' lang='lat' dir='ltr'><strong>cum</strong></span> <span class='ocrx_word' id='word_1_415' title='bbox 1531 3400 1725 3453; x_wconf 86' lang='lat' dir='ltr'><strong>illustri</strong></span> <span class='ocrx_word' id='word_1_416' title='bbox 1764 3400 2033 3456; x_wconf 88' lang='lat' dir='ltr'><strong>nobilium</strong></span> <span class='ocrx_word' id='word_1_417' title='bbox 2085 3401 2165 3455; x_wconf 80' lang='lat' dir='ltr'><strong>vi—</strong></span> 
     </span>
    </p>
   </div>
   <div class='ocr_carea' id='block_1_54' title="bbox 594 3491 2166 3564">
    <p class='ocr_par' dir='ltr' id='par_1_54' title="bbox 594 3491 2166 3564">
     <span class='ocr_line' id='line_1_54' title="bbox 594 3491 2166 3564; baseline 0.003 -21"><span class='ocrx_word' id='word_1_418' title='bbox 594 3504 775 3544; x_wconf 88' lang='lat' dir='ltr'><strong>rorum</strong></span> <span class='ocrx_word' id='word_1_419' title='bbox 798 3491 1055 3545; x_wconf 86' lang='lat' dir='ltr'><strong>comitatu</strong></span> <span class='ocrx_word' id='word_1_420' title='bbox 1082 3491 1133 3545; x_wconf 86' lang='lat' dir='ltr'><strong>in</strong></span> <span class='ocrx_word' id='word_1_421' title='bbox 1163 3491 1460 3561; x_wconf 75' lang='lat' dir='ltr'><strong>Mustaphte</strong></span> <span class='ocrx_word' id='word_1_422' title='bbox 1484 3504 1596 3547; x_wconf 85' lang='lat' dir='ltr'><strong>cast</strong></span> <span class='ocrx_word' id='word_1_423' title='bbox 1609 3510 1661 3544; x_wconf 85' lang='lat' dir='ltr'><strong>ra</strong></span> <span class='ocrx_word' id='word_1_424' title='bbox 1689 3495 1854 3559; x_wconf 82' lang='lat' dir='ltr'><strong>venit,</strong></span> <span class='ocrx_word' id='word_1_425' title='bbox 1877 3495 2166 3564; x_wconf 67' lang='lat' dir='ltr'><strong>eiqucclao</strong></span> 
     </span>
    </p>
   </div>
   <div class='ocr_carea' id='block_1_55' title="bbox 592 3580 2167 3652">
    <p class='ocr_par' dir='ltr' id='par_1_55' title="bbox 592 3580 2167 3652">
     <span class='ocr_line' id='line_1_55' title="bbox 592 3580 2167 3652; baseline 0.004 -19"><span class='ocrx_word' id='word_1_426' title='bbox 592 3597 683 3636; x_wconf 77' lang='lat' dir='ltr'><strong>ves</strong></span> <span class='ocrx_word' id='word_1_427' title='bbox 711 3580 965 3643; x_wconf 88' lang='lat' dir='ltr'><strong>civitatis,</strong></span> <span class='ocrx_word' id='word_1_428' title='bbox 1006 3583 1148 3652; x_wconf 88' lang='lat' dir='ltr'><strong>quod</strong></span> <span class='ocrx_word' id='word_1_429' title='bbox 1170 3583 1222 3636; x_wconf 91' lang='lat' dir='ltr'><strong>in</strong></span> <span class='ocrx_word' id='word_1_430' title='bbox 1243 3581 1610 3644; x_wconf 79' lang='lat' dir='ltr'><strong>deditionibus</strong></span> <span class='ocrx_word' id='word_1_431' title='bbox 1638 3584 1753 3639; x_wconf 88' lang='lat' dir='ltr'><strong>fieri</strong></span> <span class='ocrx_word' id='word_1_432' title='bbox 1770 3584 1929 3650; x_wconf 86' lang='lat' dir='ltr'><strong>solet,</strong></span> <span class='ocrx_word' id='word_1_433' title='bbox 1947 3585 2167 3640; x_wconf 86' lang='lat' dir='ltr'><strong>obtulit.</strong></span> 
     </span>
    </p>
   </div>
   <div class='ocr_carea' id='block_1_56' title="bbox 594 3673 2168 3745">
    <p class='ocr_par' dir='ltr' id='par_1_56' title="bbox 594 3673 2168 3745">
     <span class='ocr_line' id='line_1_56' title="bbox 594 3673 2168 3745; baseline 0.003 -16"><span class='ocrx_word' id='word_1_434' title='bbox 594 3676 863 3742; x_wconf 74' lang='lat' dir='ltr'><strong>Exceptus</strong></span> <span class='ocrx_word' id='word_1_435' title='bbox 892 3674 1046 3730; x_wconf 79' lang='lat' dir='ltr'><strong>initio</strong></span> <span class='ocrx_word' id='word_1_436' title='bbox 1079 3674 1309 3729; x_wconf 84' lang='lat' dir='ltr'><strong>comiter</strong></span> <span class='ocrx_word' id='word_1_437' title='bbox 1345 3689 1375 3729; x_wconf 86' lang='lat' dir='ltr'><strong>a</strong></span> <span class='ocrx_word' id='word_1_438' title='bbox 1406 3673 1690 3745; x_wconf 82' lang='lat' dir='ltr'><strong>Mustapha</strong></span> <span class='ocrx_word' id='word_1_439' title='bbox 1719 3676 1901 3740; x_wconf 88' lang='lat' dir='ltr'><strong>bassa,</strong></span> <span class='ocrx_word' id='word_1_440' title='bbox 1931 3691 2055 3731; x_wconf 90' lang='lat' dir='ltr'><strong>mox</strong></span> <span class='ocrx_word' id='word_1_441' title='bbox 2100 3675 2168 3733; x_wconf 85' lang='lat' dir='ltr'><strong>ab</strong></span> 
     </span>
    </p>
   </div>
   <div class='ocr_carea' id='block_1_57' title="bbox 593 3767 2165 3835">
    <p class='ocr_par' dir='ltr' id='par_1_57' title="bbox 593 3767 2165 3835">
     <span class='ocr_line' id='line_1_57' title="bbox 593 3767 2165 3835; baseline 0.001 -13"><span class='ocrx_word' id='word_1_442' title='bbox 593 3769 678 3822; x_wconf 84' lang='lat' dir='ltr'><strong>illa</strong></span> <span class='ocrx_word' id='word_1_443' title='bbox 712 3767 1140 3832; x_wconf 68' lang='grc' dir='ltr'><strong>ει·ιι(1‹·ΙίΙ›ς“ΙΙειι3,</strong></span> <span class='ocrx_word' id='word_1_444' title='bbox 1173 3783 1263 3835; x_wconf 87' lang='lat' dir='ltr'><strong>per</strong></span> <span class='ocrx_word' id='word_1_445' title='bbox 1301 3778 1577 3822; x_wconf 88' lang='lat' dir='ltr'><strong>summum</strong></span> <span class='ocrx_word' id='word_1_446' title='bbox 1615 3767 1797 3823; x_wconf 87' lang='lat' dir='ltr'><strong>scelus</strong></span> <span class='ocrx_word' id='word_1_447' title='bbox 1818 3768 2019 3824; x_wconf 89' lang='lat' dir='ltr'><strong>violata</strong></span> <span class='ocrx_word' id='word_1_448' title='bbox 2039 3767 2165 3833; x_wconf 84' lang='lat' dir='ltr'><strong>lide,</strong></span> 
     </span>
    </p>
   </div>
   <div class='ocr_carea' id='block_1_58' title="bbox 591 3858 2167 3931">
    <p class='ocr_par' dir='ltr' id='par_1_58' title="bbox 591 3858 2167 3931">
     <span class='ocr_line' id='line_1_58' title="bbox 591 3858 2167 3931; baseline 0.001 -17"><span class='ocrx_word' id='word_1_449' title='bbox 591 3877 715 3915; x_wconf 90' lang='lat' dir='ltr'><strong>cum</strong></span> <span class='ocrx_word' id='word_1_450' title='bbox 750 3860 869 3917; x_wconf 70' lang='lat' dir='ltr'><strong>aliis</strong></span> <span class='ocrx_word' id='word_1_451' title='bbox 894 3877 988 3931; x_wconf 75' lang='lat' dir='ltr'><strong>per</strong></span> <span class='ocrx_word' id='word_1_452' title='bbox 1011 3860 1309 3914; x_wconf 88' lang='lat' dir='ltr'><strong>ludibrium</strong></span> <span class='ocrx_word' id='word_1_453' title='bbox 1337 3859 1565 3915; x_wconf 79' lang='lat' dir='ltr'><strong>adicitur</strong></span> <span class='ocrx_word' id='word_1_454' title='bbox 1590 3859 1880 3929; x_wconf 81' lang='lat' dir='ltr'><strong>exquisitis</strong></span> <span class='ocrx_word' id='word_1_455' title='bbox 1930 3858 2167 3931; x_wconf 84' lang='lat' dir='ltr'><strong>injuriis,</strong></span> 
     </span>
    </p>
   </div>
   <div class='ocr_carea' id='block_1_59' title="bbox 593 3949 2167 4007">
    <p class='ocr_par' dir='ltr' id='par_1_59' title="bbox 593 3949 2167 4007">
     <span class='ocr_line' id='line_1_59' title="bbox 593 3949 2167 4007; baseline -0.001 -1"><span class='ocrx_word' id='word_1_456' title='bbox 593 3967 707 4007; x_wconf 87' lang='lat' dir='ltr'><strong>tum</strong></span> <span class='ocrx_word' id='word_1_457' title='bbox 737 3953 802 4006; x_wconf 90' lang='lat' dir='ltr'><strong>ad</strong></span> <span class='ocrx_word' id='word_1_458' title='bbox 838 3962 1145 4007; x_wconf 70' lang='lat' dir='ltr'><strong>extremum</strong></span> <span class='ocrx_word' id='word_1_459' title='bbox 1201 3952 1360 4006; x_wconf 81' lang='lat' dir='ltr'><strong>vivus</strong></span> <span class='ocrx_word' id='word_1_460' title='bbox 1418 3949 1752 4006; x_wconf 74' lang='lat' dir='ltr'><strong>emoriatur.</strong></span> <span class='ocrx_word' id='word_1_461' title='bbox 1810 3949 2167 4007; x_wconf 84' lang='lat' dir='ltr'><strong>Laurentium</strong></span> 
     </span>
    </p>
   </div>
   <div class='ocr_carea' id='block_1_60' title="bbox 591 4039 2171 4113">
    <p class='ocr_par' dir='ltr' id='par_1_60' title="bbox 591 4039 2171 4113">
     <span class='ocr_line' id='line_1_60' title="bbox 591 4039 2171 4113; baseline -0.003 -14"><span class='ocrx_word' id='word_1_462' title='bbox 591 4043 920 4113; x_wconf 84' lang='lat' dir='ltr'><strong>Tenpolum,</strong></span> <span class='ocrx_word' id='word_1_463' title='bbox 955 4041 1122 4111; x_wconf 81' lang='lat' dir='ltr'><strong>Paphi</strong></span> <span class='ocrx_word' id='word_1_464' title='bbox 1161 4042 1498 4111; x_wconf 66' lang='lat' dir='ltr'><strong>praefectum,</strong></span> <span class='ocrx_word' id='word_1_465' title='bbox 1520 4041 1614 4112; x_wconf 90' lang='lat' dir='ltr'><strong>qui</strong></span> <span class='ocrx_word' id='word_1_466' title='bbox 1645 4048 1700 4094; x_wconf 88' lang='lat' dir='ltr'><strong>et</strong></span> <span class='ocrx_word' id='word_1_467' title='bbox 1729 4040 1846 4110; x_wconf 84' lang='lat' dir='ltr'><strong>ipse</strong></span> <span class='ocrx_word' id='word_1_468' title='bbox 1873 4054 1999 4095; x_wconf 91' lang='lat' dir='ltr'><strong>cum</strong></span> <span class='ocrx_word' id='word_1_469' title='bbox 2048 4039 2171 4095; x_wconf 83' lang='lat' dir='ltr'><strong>aliis</strong></span> 
     </span>
    </p>
   </div>
   <div class='ocr_carea' id='block_1_61' title="bbox 593 4134 2173 4206">
    <p class='ocr_par' dir='ltr' id='par_1_61' title="bbox 593 4134 2173 4206">
     <span class='ocr_line' id='line_1_61' title="bbox 593 4134 2173 4206; baseline -0.002 -18"><span class='ocrx_word' id='word_1_470' title='bbox 593 4134 979 4205; x_wconf 76' lang='lat' dir='ltr'><strong>Fainagustam</strong></span> <span class='ocrx_word' id='word_1_471' title='bbox 1002 4134 1267 4206; x_wconf 73' lang='lat' dir='ltr'><strong>singulari</strong></span> <span class='ocrx_word' id='word_1_472' title='bbox 1298 4136 1499 4189; x_wconf 85' lang='lat' dir='ltr'><strong>virtute</strong></span> <span class='ocrx_word' id='word_1_473' title='bbox 1521 4141 1912 4205; x_wconf 70' lang='lat' dir='ltr'><strong>propugnant,</strong></span> <span class='ocrx_word' id='word_1_474' title='bbox 1943 4146 2173 4199; x_wconf 85' lang='lat' dir='ltr'><strong>snspen-</strong></span> 
     </span>
    </p>
   </div>
   <div class='ocr_carea' id='block_1_62' title="bbox 592 4224 2175 4297">
    <p class='ocr_par' dir='ltr' id='par_1_62' title="bbox 592 4224 2175 4297">
     <span class='ocr_line' id='line_1_62' title="bbox 592 4224 2175 4297; baseline 0 -19"><span class='ocrx_word' id='word_1_475' title='bbox 592 4229 686 4282; x_wconf 90' lang='lat' dir='ltr'><strong>dio</strong></span> <span class='ocrx_word' id='word_1_476' title='bbox 719 4226 1035 4297; x_wconf 78' lang='lat' dir='ltr'><strong>Mustaphas</strong></span> <span class='ocrx_word' id='word_1_477' title='bbox 1062 4228 1270 4294; x_wconf 85' lang='lat' dir='ltr'><strong>necari,</strong></span> <span class='ocrx_word' id='word_1_478' title='bbox 1314 4235 1545 4282; x_wconf 64' lang='lat' dir='ltr'><strong>caeteros</strong></span> <span class='ocrx_word' id='word_1_479' title='bbox 1601 4224 1880 4282; x_wconf 86' lang='lat' dir='ltr'><strong>dedititios</strong></span> <span class='ocrx_word' id='word_1_480' title='bbox 1922 4224 2175 4279; x_wconf 86' lang='lat' dir='ltr'><strong>immani-</strong></span> 
     </span>
    </p>
   </div>
   <div class='ocr_carea' id='block_1_63' title="bbox 597 4316 2172 4390">
    <p class='ocr_par' dir='ltr' id='par_1_63' title="bbox 597 4316 2172 4390">
     <span class='ocr_line' id='line_1_63' title="bbox 597 4316 2172 4390; baseline -0.002 -15"><span class='ocrx_word' id='word_1_481' title='bbox 597 4327 681 4375; x_wconf 87' lang='lat' dir='ltr'><strong>ter</strong></span> <span class='ocrx_word' id='word_1_482' title='bbox 708 4320 1075 4375; x_wconf 86' lang='lat' dir='ltr'><strong>contrucidari</strong></span> <span class='ocrx_word' id='word_1_483' title='bbox 1101 4320 1290 4390; x_wconf 82' lang='lat' dir='ltr'><strong>jussit.</strong></span> <span class='ocrx_word' id='word_1_484' title='bbox 1345 4318 1676 4384; x_wconf 78' lang='lat' dir='ltr'><strong>Turcomm,</strong></span> <span class='ocrx_word' id='word_1_485' title='bbox 1725 4318 1818 4389; x_wconf 90' lang='lat' dir='ltr'><strong>qui</strong></span> <span class='ocrx_word' id='word_1_486' title='bbox 1867 4316 2172 4375; x_wconf 86' lang='lat' dir='ltr'><strong>obsidionis</strong></span> 
     </span>
    </p>
   </div>
   <div class='ocr_carea' id='block_1_64' title="bbox 595 4410 2172 4483">
    <p class='ocr_par' dir='ltr' id='par_1_64' title="bbox 595 4410 2172 4483">
     <span class='ocr_line' id='line_1_64' title="bbox 595 4410 2172 4483; baseline -0.003 -15"><span class='ocrx_word' id='word_1_487' title='bbox 595 4411 865 4483; x_wconf 71' lang='lat' dir='ltr'><strong>principio</strong></span> <span class='ocrx_word' id='word_1_488' title='bbox 893 4415 944 4468; x_wconf 92' lang='lat' dir='ltr'><strong>in</strong></span> <span class='ocrx_word' id='word_1_489' title='bbox 968 4415 1278 4469; x_wconf 86' lang='lat' dir='ltr'><strong>universum</strong></span> <span class='ocrx_word' id='word_1_490' title='bbox 1314 4411 1381 4468; x_wconf 92' lang='lat' dir='ltr'><strong>ad</strong></span> <span class='ocrx_word' id='word_1_491' title='bbox 1411 4413 1647 4466; x_wconf 87' lang='lat' dir='ltr'><strong>ducenta</strong></span> <span class='ocrx_word' id='word_1_492' title='bbox 1681 4410 1846 4465; x_wconf 86' lang='lat' dir='ltr'><strong>millia</strong></span> <span class='ocrx_word' id='word_1_493' title='bbox 1874 4411 2172 4467; x_wconf 83' lang='lat' dir='ltr'><strong>censeban-</strong></span> 
     </span>
    </p>
   </div>
   <div class='ocr_carea' id='block_1_65' title="bbox 596 4503 2172 4576">
    <p class='ocr_par' dir='ltr' id='par_1_65' title="bbox 596 4503 2172 4576">
     <span class='ocr_line' id='line_1_65' title="bbox 596 4503 2172 4576; baseline -0.001 -16"><span class='ocrx_word' id='word_1_494' title='bbox 596 4519 705 4575; x_wconf 89' lang='lat' dir='ltr'><strong>tur,</strong></span> <span class='ocrx_word' id='word_1_495' title='bbox 738 4505 798 4562; x_wconf 87' lang='lat' dir='ltr'><strong>in</strong></span> <span class='ocrx_word' id='word_1_496' title='bbox 825 4508 1025 4576; x_wconf 85' lang='lat' dir='ltr'><strong>quibus</strong></span> <span class='ocrx_word' id='word_1_497' title='bbox 1059 4515 1219 4562; x_wconf 77' lang='lat' dir='ltr'><strong>erant</strong></span> <span class='ocrx_word' id='word_1_498' title='bbox 1240 4510 1540 4575; x_wconf 79' lang='lat' dir='ltr'><strong>Azaporum</strong></span> <span class='ocrx_word' id='word_1_499' title='bbox 1572 4503 1771 4568; x_wconf 88' lang='lat'><strong>80,000</strong></span> <span class='ocrx_word' id='word_1_500' title='bbox 1793 4505 2172 4572; x_wconf 77' lang='lat' dir='ltr'><strong>genizarornm</strong></span> 
     </span>
    </p>
   </div>
   <div class='ocr_carea' id='block_1_66' title="bbox 599 4592 2148 4669">
    <p class='ocr_par' dir='ltr' id='par_1_66' title="bbox 599 4592 2148 4669">
     <span class='ocr_line' id='line_1_66' title="bbox 599 4592 2148 4669; baseline -0.005 -13"><span class='ocrx_word' id='word_1_501' title='bbox 599 4599 1111 4667; x_wconf 71' lang='lat' dir='ltr'><strong>li,000,anonunt</strong></span> <span class='ocrx_word' id='word_1_502' title='bbox 1176 4598 1469 4669; x_wconf 85' lang='lat' dir='ltr'><strong>(Acanzios</strong></span> <span class='ocrx_word' id='word_1_503' title='bbox 1526 4592 1625 4666; x_wconf 84' lang='lat' dir='ltr'><strong>ipsi</strong></span> <span class='ocrx_word' id='word_1_504' title='bbox 1674 4598 1890 4666; x_wconf 88' lang='lat' dir='ltr'><strong>vocant)</strong></span> <span class='ocrx_word' id='word_1_505' title='bbox 1950 4593 2148 4658; x_wconf 86' lang='lat'><strong>60,000</strong></span> 
     </span>
    </p>
   </div>
   <div class='ocr_carea' id='block_1_67' title="bbox 598 4686 2170 4765">
    <p class='ocr_par' dir='ltr' id='par_1_67' title="bbox 598 4686 2170 4765">
     <span class='ocr_line' id='line_1_67' title="bbox 598 4686 2170 4765; baseline -0.005 -18"><span class='ocrx_word' id='word_1_506' title='bbox 598 4695 827 4765; x_wconf 87' lang='lat' dir='ltr'><strong>periisse</strong></span> <span class='ocrx_word' id='word_1_507' title='bbox 855 4704 1067 4749; x_wconf 89' lang='lat' dir='ltr'><strong>constat</strong></span> <span class='ocrx_word' id='word_1_508' title='bbox 1099 4690 1392 4746; x_wconf 87' lang='lat' dir='ltr'><strong>obsidione</strong></span> <span class='ocrx_word' id='word_1_509' title='bbox 1417 4690 1677 4753; x_wconf 83' lang='lat' dir='ltr'><strong>durante,</strong></span> <span class='ocrx_word' id='word_1_510' title='bbox 1729 4704 1894 4758; x_wconf 88' lang='lat' dir='ltr'><strong>supra</strong></span> <span class='ocrx_word' id='word_1_511' title='bbox 1949 4686 2170 4753; x_wconf 76' lang='lat'><strong>80,000.</strong></span> 
     </span>
    </p>
   </div>
   <div class='ocr_carea' id='block_1_68' title="bbox 670 4782 2166 4856">
    <p class='ocr_par' dir='ltr' id='par_1_68' title="bbox 670 4782 2166 4856">
     <span class='ocr_line' id='line_1_68' title="bbox 670 4782 2166 4856; baseline -0.003 -14"><span class='ocrx_word' id='word_1_512' title='bbox 670 4788 799 4844; x_wconf 85' lang='lat' dir='ltr'><strong>Erat</strong></span> <span class='ocrx_word' id='word_1_513' title='bbox 817 4789 975 4843; x_wconf 85' lang='lat' dir='ltr'><strong>initio</strong></span> <span class='ocrx_word' id='word_1_514' title='bbox 1000 4788 1124 4844; x_wconf 75' lang='lat' dir='ltr'><strong>belli</strong></span> <span class='ocrx_word' id='word_1_515' title='bbox 1145 4786 1351 4856; x_wconf 82' lang='lat' dir='ltr'><strong>Cyprii,</strong></span> <span class='ocrx_word' id='word_1_516' title='bbox 1370 4784 1724 4840; x_wconf 71' lang='lat' dir='ltr'><strong>defendenda:</strong></span> <span class='ocrx_word' id='word_1_517' title='bbox 1744 4796 1933 4840; x_wconf 83' lang='lat' dir='ltr'><strong>contra</strong></span> <span class='ocrx_word' id='word_1_518' title='bbox 1958 4782 2166 4837; x_wconf 74' lang='lat' dir='ltr'><strong>Tui-co-</strong></span> 
     </span>
    </p>
   </div>
   <div class='ocr_carea' id='block_1_69' title="bbox 599 4877 2175 4946">
    <p class='ocr_par' dir='ltr' id='par_1_69' title="bbox 599 4877 2175 4946">
     <span class='ocr_line' id='line_1_69' title="bbox 599 4877 2175 4946; baseline -0.006 -10"><span class='ocrx_word' id='word_1_519' title='bbox 599 4898 718 4936; x_wconf 89' lang='lat' dir='ltr'><strong>rum</strong></span> <span class='ocrx_word' id='word_1_520' title='bbox 756 4885 887 4945; x_wconf 88' lang='lat' dir='ltr'><strong>vim,</strong></span> <span class='ocrx_word' id='word_1_521' title='bbox 918 4879 1225 4946; x_wconf 65' lang='lat' dir='ltr'><strong>reipublicae</strong></span> <span class='ocrx_word' id='word_1_522' title='bbox 1255 4877 1581 4933; x_wconf 66' lang='lat' dir='ltr'><strong>Christiana:</strong></span> <span class='ocrx_word' id='word_1_523' title='bbox 1616 4892 1798 4941; x_wconf 81' lang='lat' dir='ltr'><strong>causa,</strong></span> <span class='ocrx_word' id='word_1_524' title='bbox 1857 4890 2175 4946; x_wconf 70' lang='lat' dir='ltr'><strong>percussum</strong></span> 
     </span>
    </p>
   </div>
   <div class='ocr_carea' id='block_1_70' title="bbox 599 4969 2175 5039">
    <p class='ocr_par' dir='ltr' id='par_1_70' title="bbox 599 4969 2175 5039">
     <span class='ocr_line' id='line_1_70' title="bbox 599 4969 2175 5039; baseline -0.007 -10"><span class='ocrx_word' id='word_1_525' title='bbox 599 4977 776 5031; x_wconf 60' lang='lat' dir='ltr'><strong>fastus</strong></span> <span class='ocrx_word' id='word_1_526' title='bbox 807 4978 949 5029; x_wconf 86' lang='lat' dir='ltr'><strong>inter</strong></span> <span class='ocrx_word' id='word_1_527' title='bbox 978 4973 1134 5027; x_wconf 77' lang='lat' dir='ltr'><strong>Pium</strong></span> <span class='ocrx_word' id='word_1_528' title='bbox 1163 4972 1426 5039; x_wconf 85' lang='lat' dir='ltr'><strong>Quintum</strong></span> <span class='ocrx_word' id='word_1_529' title='bbox 1481 4971 1792 5039; x_wconf 80' lang='lat' dir='ltr'><strong>pontificem</strong></span> <span class='ocrx_word' id='word_1_530' title='bbox 1853 4969 2175 5028; x_wconf 69' lang='lat' dir='ltr'><strong>maximum,</strong></span> 
     </span>
    </p>
   </div>
   <div class='ocr_carea' id='block_1_71' title="bbox 598 5057 2180 5138">
    <p class='ocr_par' dir='ltr' id='par_1_71' title="bbox 598 5057 2180 5138">
     <span class='ocr_line' id='line_1_71' title="bbox 598 5057 2180 5138; baseline -0.009 -11"><span class='ocrx_word' id='word_1_531' title='bbox 598 5069 905 5138; x_wconf 79' lang='lat' dir='ltr'><strong>Philippum</strong></span> <span class='ocrx_word' id='word_1_532' title='bbox 939 5081 1123 5134; x_wconf 66' lang='lat' dir='ltr'><strong>regem</strong></span> <span class='ocrx_word' id='word_1_533' title='bbox 1148 5064 1555 5134; x_wconf 78' lang='lat' dir='ltr'><strong>Hispaniarum,</strong></span> <span class='ocrx_word' id='word_1_534' title='bbox 1589 5073 1645 5116; x_wconf 78' lang='lat' dir='ltr'><strong>et</strong></span> <span class='ocrx_word' id='word_1_535' title='bbox 1685 5068 1941 5116; x_wconf 78' lang='lat' dir='ltr'><strong>senatum</strong></span> <span class='ocrx_word' id='word_1_536' title='bbox 2003 5057 2180 5113; x_wconf 73' lang='lat' dir='ltr'><strong>Vene-</strong></span> 
     </span>
    </p>
   </div>
   <div class='ocr_carea' id='block_1_72' title="bbox 601 5152 2181 5231">
    <p class='ocr_par' dir='ltr' id='par_1_72' title="bbox 601 5152 2181 5231">
     <span class='ocr_line' id='line_1_72' title="bbox 601 5152 2181 5231; baseline -0.006 -17"><span class='ocrx_word' id='word_1_537' title='bbox 601 5172 737 5216; x_wconf 88' lang='lat' dir='ltr'><strong>tum.</strong></span> <span class='ocrx_word' id='word_1_538' title='bbox 774 5160 904 5231; x_wconf 77' lang='lat' dir='ltr'><strong>Ejus</strong></span> <span class='ocrx_word' id='word_1_539' title='bbox 931 5159 1157 5215; x_wconf 82' lang='lat' dir='ltr'><strong>foederis</strong></span> <span class='ocrx_word' id='word_1_540' title='bbox 1200 5157 1483 5227; x_wconf 79' lang='lat' dir='ltr'><strong>cupiarum</strong></span> <span class='ocrx_word' id='word_1_541' title='bbox 1546 5156 1798 5210; x_wconf 87' lang='lat' dir='ltr'><strong>omnium</strong></span> <span class='ocrx_word' id='word_1_542' title='bbox 1865 5152 2181 5221; x_wconf 82' lang='lat' dir='ltr'><strong>designatos</strong></span> 
     </span>
    </p>
   </div>
   <div class='ocr_carea' id='block_1_73' title="bbox 600 5242 2180 5319">
    <p class='ocr_par' dir='ltr' id='par_1_73' title="bbox 600 5242 2180 5319">
     <span class='ocr_line' id='line_1_73' title="bbox 600 5242 2180 5319; baseline -0.008 -12"><span class='ocrx_word' id='word_1_543' title='bbox 600 5257 705 5310; x_wconf 80' lang='lat' dir='ltr'><strong>fuit</strong></span> <span class='ocrx_word' id='word_1_544' title='bbox 735 5257 1039 5319; x_wconf 83' lang='lat' dir='ltr'><strong>imperator</strong></span> <span class='ocrx_word' id='word_1_545' title='bbox 1082 5248 1324 5304; x_wconf 84' lang='lat' dir='ltr'><strong>Joannes</strong></span> <span class='ocrx_word' id='word_1_546' title='bbox 1373 5247 1657 5312; x_wconf 76' lang='lat' dir='ltr'><strong>Austrius,</strong></span> <span class='ocrx_word' id='word_1_547' title='bbox 1716 5245 1904 5300; x_wconf 72' lang='lat' dir='ltr'><strong>Kar‘uli</strong></span> <span class='ocrx_word' id='word_1_548' title='bbox 1951 5242 2180 5310; x_wconf 77' lang='lat' dir='ltr'><strong>Augusti</strong></span> 
     </span>
    </p>
   </div>
   <div class='ocr_carea' id='block_1_74' title="bbox 598 5334 2182 5414">
    <p class='ocr_par' dir='ltr' id='par_1_74' title="bbox 598 5334 2182 5414">
     <span class='ocr_line' id='line_1_74' title="bbox 598 5334 2182 5414; baseline -0.01 -13"><span class='ocrx_word' id='word_1_549' title='bbox 598 5345 764 5411; x_wconf 78' lang='lat' dir='ltr'><strong>ﬁlius,</strong></span> <span class='ocrx_word' id='word_1_550' title='bbox 787 5344 1008 5414; x_wconf 75' lang='lat' dir='ltr'><strong>llispani</strong></span> <span class='ocrx_word' id='word_1_551' title='bbox 1050 5344 1238 5398; x_wconf 79' lang='lat' dir='ltr'><strong>frater.</strong></span> <span class='ocrx_word' id='word_1_552' title='bbox 1266 5340 1517 5397; x_wconf 77' lang='lat' dir='ltr'><strong>Pontifex</strong></span> <span class='ocrx_word' id='word_1_553' title='bbox 1540 5342 1656 5396; x_wconf 86' lang='lat' dir='ltr'><strong>suis</strong></span> <span class='ocrx_word' id='word_1_554' title='bbox 1684 5337 2001 5394; x_wconf 76' lang='lat' dir='ltr'><strong>triremibus</strong></span> <span class='ocrx_word' id='word_1_555' title='bbox 2037 5334 2182 5388; x_wconf 76' lang='lat' dir='ltr'><strong>Mar—</strong></span> 
     </span>
    </p>
   </div>
   <div class='ocr_carea' id='block_1_75' title="bbox 599 5428 2180 5499">
    <p class='ocr_par' dir='ltr' id='par_1_75' title="bbox 599 5428 2180 5499">
     <span class='ocr_line' id='line_1_75' title="bbox 599 5428 2180 5499; baseline -0.009 -7"><span class='ocrx_word' id='word_1_556' title='bbox 599 5454 724 5492; x_wconf 86' lang='lat' dir='ltr'><strong>cum</strong></span> <span class='ocrx_word' id='word_1_557' title='bbox 756 5435 1051 5490; x_wconf 69' lang='lat' dir='ltr'><strong>Antonium</strong></span> <span class='ocrx_word' id='word_1_558' title='bbox 1085 5435 1434 5499; x_wconf 79' lang='lat' dir='ltr'><strong>Coiutnnam,</strong></span> <span class='ocrx_word' id='word_1_559' title='bbox 1463 5434 1662 5489; x_wconf 87' lang='lat' dir='ltr'><strong>ducem</strong></span> <span class='ocrx_word' id='word_1_560' title='bbox 1684 5428 2180 5485; x_wconf 80' lang='lat' dir='ltr'><strong>&#39;l&#39;ailiacoccianum</strong></span> 
     </span>
    </p>
   </div>
   <div class='ocr_carea' id='block_1_76' title="bbox 598 5519 2183 5598">
    <p class='ocr_par' dir='ltr' id='par_1_76' title="bbox 598 5519 2183 5598">
     <span class='ocr_line' id='line_1_76' title="bbox 598 5519 2183 5598; baseline -0.008 -12"><span class='ocrx_word' id='word_1_561' title='bbox 598 5528 904 5586; x_wconf 84' lang='lat' dir='ltr'><strong>nobilitatis</strong></span> <span class='ocrx_word' id='word_1_562' title='bbox 945 5527 1208 5583; x_wconf 69' lang='lat' dir='ltr'><strong>Romana:</strong></span> <span class='ocrx_word' id='word_1_563' title='bbox 1272 5525 1616 5598; x_wconf 83' lang='lat' dir='ltr'><strong>principem,</strong></span> <span class='ocrx_word' id='word_1_564' title='bbox 1671 5522 1914 5594; x_wconf 71' lang='lat' dir='ltr'><strong>prmfecit</strong></span> <span class='ocrx_word' id='word_1_565' title='bbox 1945 5539 1961 5575; x_wconf 91' lang='lat'><strong>:</strong></span> <span class='ocrx_word' id='word_1_566' title='bbox 1994 5519 2183 5573; x_wconf 71' lang='lat' dir='ltr'><strong>Veneti</strong></span> 
     </span>
    </p>
   </div>
   <div class='ocr_carea' id='block_1_77' title="bbox 606 5614 2183 5690">
    <p class='ocr_par' dir='ltr' id='par_1_77' title="bbox 606 5614 2183 5690">
     <span class='ocr_line' id='line_1_77' title="bbox 606 5614 2183 5690; baseline -0.006 -16"><span class='ocrx_word' id='word_1_567' title='bbox 606 5621 980 5690; x_wconf 62' lang='lat' dir='ltr'><strong>amplissimae,</strong></span> <span class='ocrx_word' id='word_1_568' title='bbox 1008 5620 1593 5690; x_wconf 83' lang='lat' dir='ltr'><strong>quatninstruxeraut,</strong></span> <span class='ocrx_word' id='word_1_569' title='bbox 1636 5617 1832 5672; x_wconf 85' lang='lat' dir='ltr'><strong>classis</strong></span> <span class='ocrx_word' id='word_1_570' title='bbox 1887 5614 2183 5683; x_wconf 82' lang='lat' dir='ltr'><strong>imperium</strong></span> 
     </span>
    </p>
   </div>
   <div class='ocr_carea' id='block_1_78' title="bbox 2155 4635 2253 4698">
    <p class='ocr_par' dir='ltr' id='par_1_78' title="bbox 2155 4635 2253 4698">
     <span class='ocr_line' id='line_1_78' title="bbox 2155 4635 2253 4698; baseline 0 0"><span class='ocrx_word' id='word_1_571' title='bbox 2155 4635 2170 4660; x_wconf 85' lang='lat'><strong>’</strong></span> <span class='ocrx_word' id='word_1_572' title='bbox 2206 4642 2253 4698; x_wconf 83' lang='grc' dir='ltr'><strong>ι)</strong></span> 
     </span>
    </p>
   </div>
   <div class='ocr_carea' id='block_1_79' title="bbox 2267 3390 3862 3466">
    <p class='ocr_par' dir='ltr' id='par_1_79' title="bbox 2267 3390 3862 3466">
     <span class='ocr_line' id='line_1_79' title="bbox 2267 3390 3862 3466; baseline 0 -16"><span class='ocrx_word' id='word_1_573' title='bbox 2267 3393 2617 3450; x_wconf 83' lang='lat' dir='ltr'><strong>Chairadinis</strong></span> <span class='ocrx_word' id='word_1_574' title='bbox 2644 3395 2993 3451; x_wconf 80' lang='lat' dir='ltr'><strong>Barbarossae</strong></span> <span class='ocrx_word' id='word_1_575' title='bbox 3021 3393 3188 3461; x_wconf 78' lang='lat' dir='ltr'><strong>filius,</strong></span> <span class='ocrx_word' id='word_1_576' title='bbox 3221 3390 3460 3451; x_wconf 83' lang='lat' dir='ltr'><strong>Uluzalis</strong></span> <span class='ocrx_word' id='word_1_577' title='bbox 3493 3395 3862 3466; x_wconf 81' lang='lat' dir='ltr'><strong>prosultanus</strong></span> 
     </span>
    </p>
   </div>
   <div class='ocr_carea' id='block_1_80' title="bbox 2267 3482 3862 3558">
    <p class='ocr_par' dir='ltr' id='par_1_80' title="bbox 2267 3482 3862 3558">
     <span class='ocr_line' id='line_1_80' title="bbox 2267 3482 3862 3558; baseline 0.004 -20"><span class='ocrx_word' id='word_1_578' title='bbox 2267 3485 2622 3552; x_wconf 85' lang='lat' dir='ltr'><strong>Cesairensis,</strong></span> <span class='ocrx_word' id='word_1_579' title='bbox 2653 3498 2705 3540; x_wconf 87' lang='lat' dir='ltr'><strong>et</strong></span> <span class='ocrx_word' id='word_1_580' title='bbox 2726 3485 2884 3541; x_wconf 82' lang='lat' dir='ltr'><strong>Calas</strong></span> <span class='ocrx_word' id='word_1_581' title='bbox 2914 3485 3084 3555; x_wconf 80' lang='lat' dir='ltr'><strong>begus</strong></span> <span class='ocrx_word' id='word_1_582' title='bbox 3109 3482 3465 3558; x_wconf 84' lang='lat' dir='ltr'><strong>Smyrnensis</strong></span> <span class='ocrx_word' id='word_1_583' title='bbox 3519 3488 3816 3558; x_wconf 80' lang='lat' dir='ltr'><strong>sangiacus</strong></span> <span class='ocrx_word' id='word_1_584' title='bbox 3840 3505 3862 3544; x_wconf 92' lang='lat'><strong>:</strong></span> 
     </span>
    </p>
   </div>
   <div class='ocr_carea' id='block_1_81' title="bbox 2268 3576 3859 3649">
    <p class='ocr_par' dir='ltr' id='par_1_81' title="bbox 2268 3576 3859 3649">
     <span class='ocr_line' id='line_1_81' title="bbox 2268 3576 3859 3649; baseline 0.004 -20"><span class='ocrx_word' id='word_1_585' title='bbox 2268 3590 2499 3647; x_wconf 87' lang='lat' dir='ltr'><strong>quorum</strong></span> <span class='ocrx_word' id='word_1_586' title='bbox 2544 3577 2819 3632; x_wconf 86' lang='lat' dir='ltr'><strong>sententia</strong></span> <span class='ocrx_word' id='word_1_587' title='bbox 2850 3578 3065 3632; x_wconf 89' lang='lat' dir='ltr'><strong>tandem</strong></span> <span class='ocrx_word' id='word_1_588' title='bbox 3098 3578 3250 3645; x_wconf 89' lang='lat' dir='ltr'><strong>vicit,</strong></span> <span class='ocrx_word' id='word_1_589' title='bbox 3284 3576 3498 3633; x_wconf 84' lang='lat' dir='ltr'><strong>Uluzali</strong></span> <span class='ocrx_word' id='word_1_590' title='bbox 3533 3577 3765 3649; x_wconf 74' lang='lat' dir='ltr'><strong>iubente</strong></span> <span class='ocrx_word' id='word_1_591' title='bbox 3799 3582 3859 3635; x_wconf 89' lang='lat' dir='ltr'><strong>in</strong></span> 
     </span>
    </p>
   </div>
   <div class='ocr_carea' id='block_1_82' title="bbox 2269 3664 3863 3737">
    <p class='ocr_par' dir='ltr' id='par_1_82' title="bbox 2269 3664 3863 3737">
     <span class='ocr_line' id='line_1_82' title="bbox 2269 3664 3863 3737; baseline 0.002 -15"><span class='ocrx_word' id='word_1_592' title='bbox 2269 3664 2508 3722; x_wconf 84' lang='lat' dir='ltr'><strong>medium</strong></span> <span class='ocrx_word' id='word_1_593' title='bbox 2547 3667 2773 3737; x_wconf 83' lang='lat' dir='ltr'><strong>proferri</strong></span> <span class='ocrx_word' id='word_1_594' title='bbox 2801 3677 2853 3721; x_wconf 88' lang='lat' dir='ltr'><strong>et</strong></span> <span class='ocrx_word' id='word_1_595' title='bbox 2886 3669 3102 3723; x_wconf 80' lang='lat' dir='ltr'><strong>recitari</strong></span> <span class='ocrx_word' id='word_1_596' title='bbox 3134 3668 3449 3724; x_wconf 88' lang='lat' dir='ltr'><strong>mandatum</strong></span> <span class='ocrx_word' id='word_1_597' title='bbox 3484 3669 3685 3724; x_wconf 86' lang='lat' dir='ltr'><strong>suitani</strong></span> <span class='ocrx_word' id='word_1_598' title='bbox 3718 3670 3863 3725; x_wconf 81' lang='lat' dir='ltr'><strong>Scli-</strong></span> 
     </span>
    </p>
   </div>
   <div class='ocr_carea' id='block_1_83' title="bbox 2270 3760 3861 3831">
    <p class='ocr_par' dir='ltr' id='par_1_83' title="bbox 2270 3760 3861 3831">
     <span class='ocr_line' id='line_1_83' title="bbox 2270 3760 3861 3831; baseline 0.001 -16"><span class='ocrx_word' id='word_1_599' title='bbox 2270 3762 2395 3826; x_wconf 91' lang='lat' dir='ltr'><strong>mis,</strong></span> <span class='ocrx_word' id='word_1_600' title='bbox 2411 3776 2520 3830; x_wconf 88' lang='lat' dir='ltr'><strong>quo</strong></span> <span class='ocrx_word' id='word_1_601' title='bbox 2538 3760 2818 3816; x_wconf 86' lang='lat' dir='ltr'><strong>victoriam</strong></span> <span class='ocrx_word' id='word_1_602' title='bbox 2835 3761 2910 3817; x_wconf 92' lang='lat' dir='ltr'><strong>uti</strong></span> <span class='ocrx_word' id='word_1_603' title='bbox 2932 3774 3409 3831; x_wconf 87' lang='lat' dir='ltr'><strong>prosequerentur,</strong></span> <span class='ocrx_word' id='word_1_604' title='bbox 3426 3760 3508 3816; x_wconf 90' lang='lat' dir='ltr'><strong>eis</strong></span> <span class='ocrx_word' id='word_1_605' title='bbox 3532 3760 3861 3831; x_wconf 74' lang='lat' dir='ltr'><strong>iniungeba-</strong></span> 
     </span>
    </p>
   </div>
   <div class='ocr_carea' id='block_1_84' title="bbox 2270 3850 3860 3924">
    <p class='ocr_par' dir='ltr' id='par_1_84' title="bbox 2270 3850 3860 3924">
     <span class='ocr_line' id='line_1_84' title="bbox 2270 3850 3860 3924; baseline -0.001 -16"><span class='ocrx_word' id='word_1_606' title='bbox 2270 3861 2378 3908; x_wconf 89' lang='lat' dir='ltr'><strong>tur.</strong></span> <span class='ocrx_word' id='word_1_607' title='bbox 2398 3852 2654 3908; x_wconf 81' lang='lat' dir='ltr'><strong>Omnium</strong></span> <span class='ocrx_word' id='word_1_608' title='bbox 2670 3868 2800 3923; x_wconf 67' lang='lat' dir='ltr'><strong>ergo</strong></span> <span class='ocrx_word' id='word_1_609' title='bbox 2815 3850 3100 3910; x_wconf 87' lang='lat' dir='ltr'><strong>sententiis</strong></span> <span class='ocrx_word' id='word_1_610' title='bbox 3116 3852 3421 3919; x_wconf 86' lang='lat' dir='ltr'><strong>decretum,</strong></span> <span class='ocrx_word' id='word_1_611' title='bbox 3440 3852 3688 3923; x_wconf 72' lang='lat' dir='ltr'><strong>praelium</strong></span> <span class='ocrx_word' id='word_1_612' title='bbox 3702 3850 3860 3924; x_wconf 86' lang='lat' dir='ltr'><strong>quod</strong></span> 
     </span>
    </p>
   </div>
   <div class='ocr_carea' id='block_1_85' title="bbox 2274 3944 3860 4025">
    <p class='ocr_par' dir='ltr' id='par_1_85' title="bbox 2274 3944 3860 4025">
     <span class='ocr_line' id='line_1_85' title="bbox 2274 3944 3860 4025; baseline -0.001 -26"><span class='ocrx_word' id='word_1_613' title='bbox 2274 3959 2382 4000; x_wconf 86' lang='lat' dir='ltr'><strong>non</strong></span> <span class='ocrx_word' id='word_1_614' title='bbox 2406 3945 2603 3999; x_wconf 89' lang='lat' dir='ltr'><strong>minori</strong></span> <span class='ocrx_word' id='word_1_615' title='bbox 2642 3945 2950 4000; x_wconf 89' lang='lat' dir='ltr'><strong>animorum</strong></span> <span class='ocrx_word' id='word_1_616' title='bbox 2975 3944 3258 4000; x_wconf 87' lang='lat' dir='ltr'><strong>alacritate</strong></span> <span class='ocrx_word' id='word_1_617' title='bbox 3286 3945 3492 4001; x_wconf 87' lang='lat' dir='ltr'><strong>nostris</strong></span> <span class='ocrx_word' id='word_1_618' title='bbox 3509 3946 3670 4025; x_wconf 75' lang='lat' dir='ltr'><strong>etiam</strong></span> <span class='ocrx_word' id='word_1_619' title='bbox 3689 3960 3860 4014; x_wconf 87' lang='lat' dir='ltr'><strong>expe-</strong></span> 
     </span>
    </p>
   </div>
   <div class='ocr_carea' id='block_1_86' title="bbox 2273 4034 3859 4106">
    <p class='ocr_par' dir='ltr' id='par_1_86' title="bbox 2273 4034 3859 4106">
     <span class='ocr_line' id='line_1_86' title="bbox 2273 4034 3859 4106; baseline -0.002 -12"><span class='ocrx_word' id='word_1_620' title='bbox 2273 4037 2540 4103; x_wconf 83' lang='lat' dir='ltr'><strong>tentihus,</strong></span> <span class='ocrx_word' id='word_1_621' title='bbox 2561 4036 2916 4092; x_wconf 86' lang='lat' dir='ltr'><strong>commissum</strong></span> <span class='ocrx_word' id='word_1_622' title='bbox 2937 4034 3038 4092; x_wconf 89' lang='lat' dir='ltr'><strong>fuit</strong></span> <span class='ocrx_word' id='word_1_623' title='bbox 3053 4036 3119 4091; x_wconf 88' lang='lat' dir='ltr'><strong>ad</strong></span> <span class='ocrx_word' id='word_1_624' title='bbox 3142 4044 3252 4092; x_wconf 90' lang='lat' dir='ltr'><strong>tres</strong></span> <span class='ocrx_word' id='word_1_625' title='bbox 3268 4036 3495 4106; x_wconf 83' lang='lat' dir='ltr'><strong>exiguas</strong></span> <span class='ocrx_word' id='word_1_626' title='bbox 3512 4036 3745 4101; x_wconf 88' lang='lat' dir='ltr'><strong>insulas,</strong></span> <span class='ocrx_word' id='word_1_627' title='bbox 3771 4034 3859 4091; x_wconf 79' lang='lat' dir='ltr'><strong>vel</strong></span> 
     </span>
    </p>
   </div>
   <div class='ocr_carea' id='block_1_87' title="bbox 2274 4126 3858 4200">
    <p class='ocr_par' dir='ltr' id='par_1_87' title="bbox 2274 4126 3858 4200">
     <span class='ocr_line' id='line_1_87' title="bbox 2274 4126 3858 4200; baseline -0.003 -16"><span class='ocrx_word' id='word_1_628' title='bbox 2274 4134 2516 4185; x_wconf 86' lang='lat' dir='ltr'><strong>marinos</strong></span> <span class='ocrx_word' id='word_1_629' title='bbox 2551 4130 2729 4199; x_wconf 87' lang='lat' dir='ltr'><strong>potius</strong></span> <span class='ocrx_word' id='word_1_630' title='bbox 2750 4129 3033 4199; x_wconf 85' lang='lat' dir='ltr'><strong>scopulos,</strong></span> <span class='ocrx_word' id='word_1_631' title='bbox 3067 4145 3204 4200; x_wconf 90' lang='lat' dir='ltr'><strong>quos</strong></span> <span class='ocrx_word' id='word_1_632' title='bbox 3236 4126 3539 4183; x_wconf 84' lang='lat' dir='ltr'><strong>Cuzolatos</strong></span> <span class='ocrx_word' id='word_1_633' title='bbox 3563 4128 3725 4183; x_wconf 88' lang='lat' dir='ltr'><strong>hodie</strong></span> <span class='ocrx_word' id='word_1_634' title='bbox 3745 4138 3858 4181; x_wconf 83' lang='lat' dir='ltr'><strong>tam</strong></span> 
     </span>
    </p>
   </div>
   <div class='ocr_carea' id='block_1_88' title="bbox 2273 4218 3857 4292">
    <p class='ocr_par' dir='ltr' id='par_1_88' title="bbox 2273 4218 3857 4292">
     <span class='ocr_line' id='line_1_88' title="bbox 2273 4218 3857 4292; baseline -0.004 -14"><span class='ocrx_word' id='word_1_635' title='bbox 2273 4218 2471 4288; x_wconf 71' lang='lat' dir='ltr'><strong>Gneci,</strong></span> <span class='ocrx_word' id='word_1_636' title='bbox 2504 4233 2665 4291; x_wconf 85' lang='lat' dir='ltr'><strong>quam</strong></span> <span class='ocrx_word' id='word_1_637' title='bbox 2695 4220 2869 4277; x_wconf 89' lang='lat' dir='ltr'><strong>nostri</strong></span> <span class='ocrx_word' id='word_1_638' title='bbox 2892 4232 3107 4277; x_wconf 84' lang='lat' dir='ltr'><strong>vocant.</strong></span> <span class='ocrx_word' id='word_1_639' title='bbox 3129 4223 3362 4279; x_wconf 81' lang='lat' dir='ltr'><strong>Victoria</strong></span> <span class='ocrx_word' id='word_1_640' title='bbox 3392 4221 3545 4292; x_wconf 88' lang='lat' dir='ltr'><strong>potiti</strong></span> <span class='ocrx_word' id='word_1_641' title='bbox 3567 4231 3696 4275; x_wconf 87' lang='lat' dir='ltr'><strong>sunt</strong></span> <span class='ocrx_word' id='word_1_642' title='bbox 3716 4223 3857 4274; x_wconf 80' lang='lat' dir='ltr'><strong>mu!-</strong></span> 
     </span>
    </p>
   </div>
   <div class='ocr_carea' id='block_1_89' title="bbox 2276 4314 3864 4372">
    <p class='ocr_par' dir='ltr' id='par_1_89' title="bbox 2276 4314 3864 4372">
     <span class='ocr_line' id='line_1_89' title="bbox 2276 4314 3864 4372; baseline -0.002 -2"><span class='ocrx_word' id='word_1_643' title='bbox 2276 4316 2347 4370; x_wconf 89' lang='lat' dir='ltr'><strong>tis</strong></span> <span class='ocrx_word' id='word_1_644' title='bbox 2371 4328 2398 4368; x_wconf 74' lang='grc' dir='ltr'><strong>τι</strong></span> <span class='ocrx_word' id='word_1_645' title='bbox 2437 4314 2906 4372; x_wconf 70' lang='lat' dir='ltr'><strong>steculisinaudita</strong></span> <span class='ocrx_word' id='word_1_646' title='bbox 2940 4316 3256 4371; x_wconf 85' lang='lat' dir='ltr'><strong>Christiani.</strong></span> <span class='ocrx_word' id='word_1_647' title='bbox 3292 4315 3461 4372; x_wconf 87' lang='lat' dir='ltr'><strong>Periit</strong></span> <span class='ocrx_word' id='word_1_648' title='bbox 3488 4317 3708 4370; x_wconf 85' lang='lat' dir='ltr'><strong>occisus</strong></span> <span class='ocrx_word' id='word_1_649' title='bbox 3743 4314 3864 4369; x_wconf 76' lang='lat' dir='ltr'><strong>Alis</strong></span> 
     </span>
    </p>
   </div>
   <div class='ocr_carea' id='block_1_90' title="bbox 2277 4409 3868 4479">
    <p class='ocr_par' dir='ltr' id='par_1_90' title="bbox 2277 4409 3868 4479">
     <span class='ocr_line' id='line_1_90' title="bbox 2277 4409 3868 4479; baseline -0.003 -15"><span class='ocrx_word' id='word_1_650' title='bbox 2277 4409 2462 4465; x_wconf 81' lang='lat' dir='ltr'><strong>hassa.</strong></span> <span class='ocrx_word' id='word_1_651' title='bbox 2506 4409 2770 4465; x_wconf 83' lang='lat' dir='ltr'><strong>Pcrtavus</strong></span> <span class='ocrx_word' id='word_1_652' title='bbox 2805 4410 3185 4465; x_wconf 85' lang='lat' dir='ltr'><strong>animadverso</strong></span> <span class='ocrx_word' id='word_1_653' title='bbox 3227 4411 3479 4479; x_wconf 67' lang='lat' dir='ltr'><strong>praesenti</strong></span> <span class='ocrx_word' id='word_1_654' title='bbox 3514 4424 3738 4463; x_wconf 84' lang='lat' dir='ltr'><strong>suorum</strong></span> <span class='ocrx_word' id='word_1_655' title='bbox 3775 4411 3868 4461; x_wconf 90' lang='lat' dir='ltr'><strong>in-</strong></span> 
     </span>
    </p>
   </div>
   <div class='ocr_carea' id='block_1_91' title="bbox 2278 4496 3863 4570">
    <p class='ocr_par' dir='ltr' id='par_1_91' title="bbox 2278 4496 3863 4570">
     <span class='ocr_line' id='line_1_91' title="bbox 2278 4496 3863 4570; baseline 0.001 -17"><span class='ocrx_word' id='word_1_656' title='bbox 2278 4501 2465 4562; x_wconf 86' lang='lat' dir='ltr'><strong>teritu,</strong></span> <span class='ocrx_word' id='word_1_657' title='bbox 2495 4515 2599 4554; x_wconf 90' lang='lat' dir='ltr'><strong>non</strong></span> <span class='ocrx_word' id='word_1_658' title='bbox 2636 4515 2833 4570; x_wconf 81' lang='lat' dir='ltr'><strong>magno</strong></span> <span class='ocrx_word' id='word_1_659' title='bbox 2860 4499 3076 4568; x_wconf 77' lang='lat' dir='ltr'><strong>navigio</strong></span> <span class='ocrx_word' id='word_1_660' title='bbox 3108 4499 3319 4567; x_wconf 69' lang='lat' dir='ltr'><strong>fugiens</strong></span> <span class='ocrx_word' id='word_1_661' title='bbox 3349 4496 3414 4552; x_wconf 84' lang='lat' dir='ltr'><strong>ad</strong></span> <span class='ocrx_word' id='word_1_662' title='bbox 3439 4508 3636 4552; x_wconf 85' lang='lat' dir='ltr'><strong>terram</strong></span> <span class='ocrx_word' id='word_1_663' title='bbox 3661 4499 3863 4554; x_wconf 84' lang='lat' dir='ltr'><strong>evasit.</strong></span> 
     </span>
    </p>
   </div>
   <div class='ocr_carea' id='block_1_92' title="bbox 2278 4590 3864 4660">
    <p class='ocr_par' dir='ltr' id='par_1_92' title="bbox 2278 4590 3864 4660">
     <span class='ocr_line' id='line_1_92' title="bbox 2278 4590 3864 4660; baseline 0 -15"><span class='ocrx_word' id='word_1_664' title='bbox 2278 4590 2520 4646; x_wconf 76' lang='lat' dir='ltr'><strong>Uluzalis</strong></span> <span class='ocrx_word' id='word_1_665' title='bbox 2555 4592 2687 4643; x_wconf 85' lang='lat' dir='ltr'><strong>mari</strong></span> <span class='ocrx_word' id='word_1_666' title='bbox 2708 4591 2943 4659; x_wconf 80' lang='lat' dir='ltr'><strong>profugit</strong></span> <span class='ocrx_word' id='word_1_667' title='bbox 2975 4607 3098 4645; x_wconf 87' lang='lat' dir='ltr'><strong>cum</strong></span> <span class='ocrx_word' id='word_1_668' title='bbox 3143 4590 3360 4660; x_wconf 76' lang='lat' dir='ltr'><strong>triginta</strong></span> <span class='ocrx_word' id='word_1_669' title='bbox 3436 4592 3553 4660; x_wconf 86' lang='lat' dir='ltr'><strong>plus</strong></span> <span class='ocrx_word' id='word_1_670' title='bbox 3607 4591 3864 4645; x_wconf 82' lang='lat' dir='ltr'><strong>minusve</strong></span> 
     </span>
    </p>
   </div>
   <div class='ocr_carea' id='block_1_93' title="bbox 2280 4680 3865 4763">
    <p class='ocr_par' dir='ltr' id='par_1_93' title="bbox 2280 4680 3865 4763">
     <span class='ocr_line' id='line_1_93' title="bbox 2280 4680 3865 4763; baseline -0.001 -25"><span class='ocrx_word' id='word_1_671' title='bbox 2280 4686 2616 4741; x_wconf 85' lang='lat' dir='ltr'><strong>triremibus.</strong></span> <span class='ocrx_word' id='word_1_672' title='bbox 2651 4685 2801 4740; x_wconf 72' lang='lat' dir='ltr'><strong>Caesa</strong></span> <span class='ocrx_word' id='word_1_673' title='bbox 2838 4685 3057 4763; x_wconf 84' lang='lat' dir='ltr'><strong>fuerunt</strong></span> <span class='ocrx_word' id='word_1_674' title='bbox 3090 4684 3323 4737; x_wconf 86' lang='lat' dir='ltr'><strong>hostium</strong></span> <span class='ocrx_word' id='word_1_675' title='bbox 3356 4683 3420 4736; x_wconf 90' lang='lat' dir='ltr'><strong>ad</strong></span> <span class='ocrx_word' id='word_1_676' title='bbox 3454 4680 3646 4748; x_wconf 65' lang='lat'><strong>25000,</strong></span> <span class='ocrx_word' id='word_1_677' title='bbox 3704 4695 3865 4752; x_wconf 79' lang='lat' dir='ltr'><strong>capta</strong></span> 
     </span>
    </p>
   </div>
   <div class='ocr_carea' id='block_1_94' title="bbox 2222 4773 3870 4843">
    <p class='ocr_par' dir='ltr' id='par_1_94' title="bbox 2222 4773 3870 4843">
     <span class='ocr_line' id='line_1_94' title="bbox 2222 4773 3870 4843; baseline -0.001 -14"><span class='ocrx_word' id='word_1_678' title='bbox 2222 4818 2227 4829; x_wconf 95' lang='lat'><strong>.</strong></span> <span class='ocrx_word' id='word_1_679' title='bbox 2278 4778 2439 4834; x_wconf 68' lang='lat'><strong>4000.</strong></span> <span class='ocrx_word' id='word_1_680' title='bbox 2476 4776 2682 4834; x_wconf 86' lang='lat' dir='ltr'><strong>Classis</strong></span> <span class='ocrx_word' id='word_1_681' title='bbox 2714 4777 2928 4832; x_wconf 76' lang='lat' dir='ltr'><strong>hostilis</strong></span> <span class='ocrx_word' id='word_1_682' title='bbox 2956 4777 3232 4836; x_wconf 86' lang='lat' dir='ltr'><strong>universa,</strong></span> <span class='ocrx_word' id='word_1_683' title='bbox 3263 4788 3387 4829; x_wconf 88' lang='lat' dir='ltr'><strong>cum</strong></span> <span class='ocrx_word' id='word_1_684' title='bbox 3419 4773 3870 4843; x_wconf 69' lang='lat' dir='ltr'><strong>spoliisintmett—</strong></span> 
     </span>
    </p>
   </div>
   <div class='ocr_carea' id='block_1_95' title="bbox 2279 4863 3870 4935">
    <p class='ocr_par' dir='ltr' id='par_1_95' title="bbox 2279 4863 3870 4935">
     <span class='ocr_line' id='line_1_95' title="bbox 2279 4863 3870 4935; baseline -0.007 -10"><span class='ocrx_word' id='word_1_685' title='bbox 2279 4871 2378 4933; x_wconf 88' lang='lat' dir='ltr'><strong>sis,</strong></span> <span class='ocrx_word' id='word_1_686' title='bbox 2402 4869 2834 4925; x_wconf 83' lang='lat' dir='ltr'><strong>Christianorum</strong></span> <span class='ocrx_word' id='word_1_687' title='bbox 2873 4867 2927 4920; x_wconf 93' lang='lat' dir='ltr'><strong>in</strong></span> <span class='ocrx_word' id='word_1_688' title='bbox 2958 4876 3293 4935; x_wconf 79' lang='lat' dir='ltr'><strong>potestatein</strong></span> <span class='ocrx_word' id='word_1_689' title='bbox 3318 4865 3466 4918; x_wconf 81' lang='lat' dir='ltr'><strong>venit</strong></span> <span class='ocrx_word' id='word_1_690' title='bbox 3495 4880 3510 4929; x_wconf 90' lang='lat'><strong>;</strong></span> <span class='ocrx_word' id='word_1_691' title='bbox 3547 4863 3613 4917; x_wconf 91' lang='lat' dir='ltr'><strong>iis</strong></span> <span class='ocrx_word' id='word_1_692' title='bbox 3647 4864 3870 4916; x_wconf 77' lang='lat' dir='ltr'><strong>dunta-</strong></span> 
     </span>
    </p>
   </div>
   <div class='ocr_carea' id='block_1_96' title="bbox 2281 4956 3873 5029">
    <p class='ocr_par' dir='ltr' id='par_1_96' title="bbox 2281 4956 3873 5029">
     <span class='ocr_line' id='line_1_96' title="bbox 2281 4956 3873 5029; baseline -0.009 -12"><span class='ocrx_word' id='word_1_693' title='bbox 2281 4961 2641 5029; x_wconf 79' lang='lat' dir='ltr'><strong>xatexceptis</strong></span> <span class='ocrx_word' id='word_1_694' title='bbox 2674 4958 2988 5014; x_wconf 82' lang='lat' dir='ltr'><strong>triremibus</strong></span> <span class='ocrx_word' id='word_1_695' title='bbox 3044 4973 3109 5011; x_wconf 90' lang='lat' dir='ltr'><strong>ac</strong></span> <span class='ocrx_word' id='word_1_696' title='bbox 3150 4956 3403 5028; x_wconf 82' lang='lat' dir='ltr'><strong>navigiis,</strong></span> <span class='ocrx_word' id='word_1_697' title='bbox 3467 4971 3592 5009; x_wconf 87' lang='lat' dir='ltr'><strong>cum</strong></span> <span class='ocrx_word' id='word_1_698' title='bbox 3663 4957 3873 5024; x_wconf 81' lang='lat' dir='ltr'><strong>quilms</strong></span> 
     </span>
    </p>
   </div>
   <div class='ocr_carea' id='block_1_97' title="bbox 2283 5042 3877 5111">
    <p class='ocr_par' dir='ltr' id='par_1_97' title="bbox 2283 5042 3877 5111">
     <span class='ocr_line' id='line_1_97' title="bbox 2283 5042 3877 5111; baseline -0.005 0"><span class='ocrx_word' id='word_1_699' title='bbox 2283 5042 2549 5111; x_wconf 74' lang='lat' dir='ltr'><strong>Ulumlim</strong></span> <span class='ocrx_word' id='word_1_700' title='bbox 2573 5055 2814 5110; x_wconf 86' lang='lat' dir='ltr'><strong>evasisse</strong></span> <span class='ocrx_word' id='word_1_701' title='bbox 2842 5052 3098 5107; x_wconf 78' lang='lat' dir='ltr'><strong>diximus.</strong></span> <span class='ocrx_word' id='word_1_702' title='bbox 3116 5049 3365 5105; x_wconf 80' lang='lat' dir='ltr'><strong>Liberata</strong></span> <span class='ocrx_word' id='word_1_703' title='bbox 3384 5051 3692 5106; x_wconf 85' lang='lat' dir='ltr'><strong>Christiana</strong></span> <span class='ocrx_word' id='word_1_704' title='bbox 3716 5067 3877 5103; x_wconf 81' lang='lat' dir='ltr'><strong>man-</strong></span> 
     </span>
    </p>
   </div>
   <div class='ocr_carea' id='block_1_98' title="bbox 2281 5142 3874 5216">
    <p class='ocr_par' dir='ltr' id='par_1_98' title="bbox 2281 5142 3874 5216">
     <span class='ocr_line' id='line_1_98' title="bbox 2281 5142 3874 5216; baseline -0.003 -17"><span class='ocrx_word' id='word_1_705' title='bbox 2281 5149 2421 5216; x_wconf 76' lang='lat' dir='ltr'><strong>t-ipia</strong></span> <span class='ocrx_word' id='word_1_706' title='bbox 2452 5158 2615 5216; x_wconf 85' lang='lat' dir='ltr'><strong>supra</strong></span> <span class='ocrx_word' id='word_1_707' title='bbox 2653 5144 2846 5201; x_wconf 60' lang='lat'><strong>14000.</strong></span> <span class='ocrx_word' id='word_1_708' title='bbox 2880 5143 3189 5215; x_wconf 79' lang='lat' dir='ltr'><strong>Pugnatum</strong></span> <span class='ocrx_word' id='word_1_709' title='bbox 3221 5142 3308 5196; x_wconf 82' lang='lat' dir='ltr'><strong>die</strong></span> <span class='ocrx_word' id='word_1_710' title='bbox 3353 5142 3590 5210; x_wconf 79' lang='lat' dir='ltr'><strong>septimo</strong></span> <span class='ocrx_word' id='word_1_711' title='bbox 3659 5144 3874 5195; x_wconf 81' lang='lat' dir='ltr'><strong>mensis</strong></span> 
     </span>
    </p>
   </div>
   <div class='ocr_carea' id='block_1_99' title="bbox 2281 5230 3716 5303">
    <p class='ocr_par' dir='ltr' id='par_1_99' title="bbox 2281 5230 3716 5303">
     <span class='ocr_line' id='line_1_99' title="bbox 2281 5230 3716 5303; baseline -0.008 -9"><span class='ocrx_word' id='word_1_712' title='bbox 2281 5239 2553 5297; x_wconf 81' lang='lat' dir='ltr'><strong>Octobris.</strong></span> <span class='ocrx_word' id='word_1_713' title='bbox 2581 5253 2724 5291; x_wconf 83' lang='lat' dir='ltr'><strong>anno</strong></span> <span class='ocrx_word' id='word_1_714' title='bbox 2757 5235 3139 5289; x_wconf 64' lang='lat' dir='ltr'><strong>Slahttinetatio</strong></span> <span class='ocrx_word' id='word_1_715' title='bbox 3170 5233 3274 5289; x_wconf 86' lang='lat'><strong>979</strong></span> <span class='ocrx_word' id='word_1_716' title='bbox 3312 5231 3462 5303; x_wconf 88' lang='lat' dir='ltr'><strong>(Chr.</strong></span> <span class='ocrx_word' id='word_1_717' title='bbox 3532 5230 3716 5299; x_wconf 73' lang='lat'><strong>1572).</strong></span> 
     </span>
    </p>
   </div>
   <div class='ocr_carea' id='block_1_100' title="bbox 2353 5322 3870 5394">
    <p class='ocr_par' dir='ltr' id='par_1_100' title="bbox 2353 5322 3870 5394">
     <span class='ocr_line' id='line_1_100' title="bbox 2353 5322 3870 5394; baseline -0.007 -7"><span class='ocrx_word' id='word_1_718' title='bbox 2353 5331 2468 5387; x_wconf 77' lang='lat' dir='ltr'><strong>&quot;ac</strong></span> <span class='ocrx_word' id='word_1_719' title='bbox 2497 5326 2695 5384; x_wconf 79' lang='lat' dir='ltr'><strong>Turcis</strong></span> <span class='ocrx_word' id='word_1_720' title='bbox 2725 5330 2874 5382; x_wconf 86' lang='lat' dir='ltr'><strong>illata</strong></span> <span class='ocrx_word' id='word_1_721' title='bbox 2906 5328 3083 5394; x_wconf 84' lang='lat' dir='ltr'><strong>clade,</strong></span> <span class='ocrx_word' id='word_1_722' title='bbox 3131 5324 3320 5380; x_wconf 79' lang='lat' dir='ltr'><strong>Veneti</strong></span> <span class='ocrx_word' id='word_1_723' title='bbox 3341 5322 3779 5394; x_wconf 77' lang='lat' dir='ltr'><strong>Margaritinnm,</strong></span> <span class='ocrx_word' id='word_1_724' title='bbox 3813 5323 3870 5377; x_wconf 88' lang='lat' dir='ltr'><strong>in</strong></span> 
     </span>
    </p>
   </div>
   <div class='ocr_carea' id='block_1_101' title="bbox 2283 5418 3873 5491">
    <p class='ocr_par' dir='ltr' id='par_1_101' title="bbox 2283 5418 3873 5491">
     <span class='ocr_line' id='line_1_101' title="bbox 2283 5418 3873 5491; baseline -0.006 -11"><span class='ocrx_word' id='word_1_725' title='bbox 2283 5424 2740 5479; x_wconf 79' lang='lat' dir='ltr'><strong>Chimeriotarum</strong></span> <span class='ocrx_word' id='word_1_726' title='bbox 2777 5422 3015 5491; x_wconf 78' lang='lat' dir='ltr'><strong>regione,</strong></span> <span class='ocrx_word' id='word_1_727' title='bbox 3035 5435 3155 5490; x_wconf 73' lang='lat' dir='ltr'><strong>quas</strong></span> <span class='ocrx_word' id='word_1_728' title='bbox 3182 5419 3421 5473; x_wconf 72' lang='lat' dir='ltr'><strong>Albania:</strong></span> <span class='ocrx_word' id='word_1_729' title='bbox 3442 5433 3574 5487; x_wconf 88' lang='lat' dir='ltr'><strong>pars</strong></span> <span class='ocrx_word' id='word_1_730' title='bbox 3601 5425 3687 5470; x_wconf 84' lang='lat' dir='ltr'><strong>est</strong></span> <span class='ocrx_word' id='word_1_731' title='bbox 3713 5418 3820 5487; x_wconf 88' lang='lat' dir='ltr'><strong>(sic</strong></span> <span class='ocrx_word' id='word_1_732' title='bbox 3838 5432 3873 5471; x_wconf 83' lang='lat' dir='ltr'><strong>a</strong></span> 
     </span>
    </p>
   </div>
   <div class='ocr_carea' id='block_1_102' title="bbox 2283 5506 3877 5577">
    <p class='ocr_par' dir='ltr' id='par_1_102' title="bbox 2283 5506 3877 5577">
     <span class='ocr_line' id='line_1_102' title="bbox 2283 5506 3877 5577; baseline -0.009 -6"><span class='ocrx_word' id='word_1_733' title='bbox 2283 5516 2358 5571; x_wconf 90' lang='lat' dir='ltr'><strong>Ce</strong></span> <span class='ocrx_word' id='word_1_734' title='bbox 2390 5516 2782 5569; x_wconf 76' lang='lat' dir='ltr'><strong>auuiisdi‘clatn</strong></span> <span class='ocrx_word' id='word_1_735' title='bbox 2812 5512 3085 5566; x_wconf 76' lang='lat' dir='ltr'><strong>rnontilius</strong></span> <span class='ocrx_word' id='word_1_736' title='bbox 3102 5508 3269 5577; x_wconf 88' lang='lat' dir='ltr'><strong>aliqui</strong></span> <span class='ocrx_word' id='word_1_737' title='bbox 3306 5511 3540 5576; x_wconf 86' lang='lat' dir='ltr'><strong>putant),</strong></span> <span class='ocrx_word' id='word_1_738' title='bbox 3571 5506 3713 5559; x_wconf 87' lang='lat' dir='ltr'><strong>hattd</strong></span> <span class='ocrx_word' id='word_1_739' title='bbox 3739 5514 3877 5573; x_wconf 65' lang='lat' dir='ltr'><strong>pro-</strong></span> 
     </span>
    </p>
   </div>
   <div class='ocr_carea' id='block_1_103' title="bbox 2285 5600 3878 5678">
    <p class='ocr_par' dir='ltr' id='par_1_103' title="bbox 2285 5600 3878 5678">
     <span class='ocr_line' id='line_1_103' title="bbox 2285 5600 3878 5678; baseline -0.009 -13"><span class='ocrx_word' id='word_1_740' title='bbox 2285 5612 2373 5665; x_wconf 80' lang='lat' dir='ltr'><strong>cul</strong></span> <span class='ocrx_word' id='word_1_741' title='bbox 2402 5625 2429 5664; x_wconf 88' lang='lat' dir='ltr'><strong>a</strong></span> <span class='ocrx_word' id='word_1_742' title='bbox 2456 5610 2691 5678; x_wconf 72' lang='lat' dir='ltr'><strong>Corcyra</strong></span> <span class='ocrx_word' id='word_1_743' title='bbox 2720 5607 2905 5668; x_wconf 83' lang='lat' dir='ltr'><strong>situm,</strong></span> <span class='ocrx_word' id='word_1_744' title='bbox 2927 5603 3201 5659; x_wconf 82' lang='lat' dir='ltr'><strong>deditione</strong></span> <span class='ocrx_word' id='word_1_745' title='bbox 3231 5611 3497 5669; x_wconf 82' lang='lat' dir='ltr'><strong>ceperunt</strong></span> <span class='ocrx_word' id='word_1_746' title='bbox 3546 5600 3878 5651; x_wconf 71' lang='lat' dir='ltr'><strong>duodecimo</strong></span> 
     </span>
    </p>
   </div>
   <div class='ocr_carea' id='block_1_104' title="bbox 605 5691 3880 5780">
    <p class='ocr_par' dir='ltr' id='par_1_104' title="bbox 605 5691 3880 5780">
     <span class='ocr_line' id='line_1_104' title="bbox 605 5691 3880 5780; baseline -0.007 -13"><span class='ocrx_word' id='word_1_747' title='bbox 605 5711 931 5767; x_wconf 86' lang='lat' dir='ltr'><strong>Sebastiano</strong></span> <span class='ocrx_word' id='word_1_748' title='bbox 969 5712 1229 5777; x_wconf 75' lang='lat' dir='ltr'><strong>Venerio,</strong></span> <span class='ocrx_word' id='word_1_749' title='bbox 1268 5725 1431 5780; x_wconf 87' lang='lat' dir='ltr'><strong>quem</strong></span> <span class='ocrx_word' id='word_1_750' title='bbox 1469 5718 1660 5780; x_wconf 81' lang='lat' dir='ltr'><strong>pestea</strong></span> <span class='ocrx_word' id='word_1_751' title='bbox 1714 5708 1908 5763; x_wconf 84' lang='lat' dir='ltr'><strong>duceni</strong></span> <span class='ocrx_word' id='word_1_752' title='bbox 1962 5720 2189 5777; x_wconf 88' lang='lat' dir='ltr'><strong>quoque</strong></span> <span class='ocrx_word' id='word_1_753' title='bbox 2288 5701 2452 5775; x_wconf 62' lang='lat'><strong>364</strong></span> <span class='ocrx_word' id='word_1_754' title='bbox 2481 5702 2568 5756; x_wconf 86' lang='lat' dir='ltr'><strong>die</strong></span> <span class='ocrx_word' id='word_1_755' title='bbox 2610 5697 2951 5759; x_wconf 77' lang='lat' dir='ltr'><strong>Novembris,</strong></span> <span class='ocrx_word' id='word_1_756' title='bbox 3013 5698 3174 5752; x_wconf 76' lang='lat' dir='ltr'><strong>vitam</strong></span> <span class='ocrx_word' id='word_1_757' title='bbox 3231 5694 3630 5758; x_wconf 76' lang='lat' dir='ltr'><strong>facultatesque</strong></span> <span class='ocrx_word' id='word_1_758' title='bbox 3692 5691 3880 5743; x_wconf 77' lang='lat' dir='ltr'><strong>salvas</strong></span> 
     </span>
    </p>
   </div>
   <div class='ocr_carea' id='block_1_105' title="bbox 612 5797 2186 5868">
    <p class='ocr_par' dir='ltr' id='par_1_105' title="bbox 612 5797 2186 5868">
     <span class='ocr_line' id='line_1_105' title="bbox 612 5797 2186 5868; baseline -0.006 -8"><span class='ocrx_word' id='word_1_759' title='bbox 612 5815 1082 5868; x_wconf 77' lang='lat' dir='ltr'><strong>sunmcrt-arunt,</strong></span> <span class='ocrx_word' id='word_1_760' title='bbox 1146 5805 1491 5860; x_wconf 81' lang='lat' dir='ltr'><strong>commisere.</strong></span> <span class='ocrx_word' id='word_1_761' title='bbox 1567 5807 1768 5859; x_wconf 74' lang='lat' dir='ltr'><strong>Prtrter</strong></span> <span class='ocrx_word' id='word_1_762' title='bbox 1834 5804 1936 5855; x_wconf 88' lang='lat' dir='ltr'><strong>hos</strong></span> <span class='ocrx_word' id='word_1_763' title='bbox 1987 5807 2042 5854; x_wconf 84' lang='lat' dir='ltr'><strong>et</strong></span> <span class='ocrx_word' id='word_1_764' title='bbox 2094 5797 2186 5851; x_wconf 88' lang='lat' dir='ltr'><strong>alii</strong></span> 
     </span>
    </p>
   </div>
   <div class='ocr_carea' id='block_1_106' title="bbox 611 5892 2175 5961">
    <p class='ocr_par' dir='ltr' id='par_1_106' title="bbox 611 5892 2175 5961">
     <span class='ocr_line' id='line_1_106' title="bbox 611 5892 2175 5961; baseline -0.003 -12"><span class='ocrx_word' id='word_1_765' title='bbox 611 5901 713 5950; x_wconf 82' lang='lat' dir='ltr'><strong>hac</strong></span> <span class='ocrx_word' id='word_1_766' title='bbox 776 5903 933 5950; x_wconf 84' lang='lat' dir='ltr'><strong>erant</strong></span> <span class='ocrx_word' id='word_1_767' title='bbox 1005 5899 1059 5951; x_wconf 80' lang='lat' dir='ltr'><strong>ia</strong></span> <span class='ocrx_word' id='word_1_768' title='bbox 1107 5896 1460 5961; x_wconf 77' lang='lat' dir='ltr'><strong>expeditione</strong></span> <span class='ocrx_word' id='word_1_769' title='bbox 1514 5895 1785 5960; x_wconf 77' lang='lat' dir='ltr'><strong>principes</strong></span> <span class='ocrx_word' id='word_1_770' title='bbox 1849 5901 1903 5949; x_wconf 84' lang='lat' dir='ltr'><strong>ct</strong></span> <span class='ocrx_word' id='word_1_771' title='bbox 1938 5892 2175 5947; x_wconf 83' lang='lat' dir='ltr'><strong>illustres</strong></span> 
     </span>
    </p>
   </div>
   <div class='ocr_carea' id='block_1_107' title="bbox 2293 5781 3879 5866">
    <p class='ocr_par' dir='ltr' id='par_1_107' title="bbox 2293 5781 3879 5866">
     <span class='ocr_line' id='line_1_107' title="bbox 2293 5781 3879 5866; baseline -0.011 -16"><span class='ocrx_word' id='word_1_772' title='bbox 2293 5794 2687 5866; x_wconf 74' lang='lat' dir='ltr'><strong>paciscentibns</strong></span> <span class='ocrx_word' id='word_1_773' title='bbox 2719 5788 2969 5844; x_wconf 78' lang='lat' dir='ltr'><strong>Barbaris</strong></span> <span class='ocrx_word' id='word_1_774' title='bbox 2995 5807 3008 5843; x_wconf 92' lang='lat'><strong>:</strong></span> <span class='ocrx_word' id='word_1_775' title='bbox 3036 5800 3089 5842; x_wconf 82' lang='lat' dir='ltr'><strong>et</strong></span> <span class='ocrx_word' id='word_1_776' title='bbox 3125 5788 3301 5856; x_wconf 87' lang='lat' dir='ltr'><strong>ipsum</strong></span> <span class='ocrx_word' id='word_1_777' title='bbox 3326 5798 3569 5837; x_wconf 75' lang='lat' dir='ltr'><strong>castrum</strong></span> <span class='ocrx_word' id='word_1_778' title='bbox 3594 5796 3713 5832; x_wconf 82' lang='lat' dir='ltr'><strong>mox</strong></span> <span class='ocrx_word' id='word_1_779' title='bbox 3751 5781 3879 5847; x_wconf 65' lang='lat' dir='ltr'><strong>igne</strong></span> 
     </span>
    </p>
   </div>
   <div class='ocr_carea' id='block_1_108' title="bbox 2293 5873 3879 5949">
    <p class='ocr_par' dir='ltr' id='par_1_108' title="bbox 2293 5873 3879 5949">
     <span class='ocr_line' id='line_1_108' title="bbox 2293 5873 3879 5949; baseline -0.014 -4"><span class='ocrx_word' id='word_1_780' title='bbox 2293 5897 2697 5945; x_wconf 63' lang='lat' dir='ltr'><strong>concrematam</strong></span> <span class='ocrx_word' id='word_1_781' title='bbox 2731 5887 3034 5939; x_wconf 75' lang='lat' dir='ltr'><strong>diruerant.</strong></span> <span class='ocrx_word' id='word_1_782' title='bbox 3068 5880 3401 5949; x_wconf 73' lang='lat' dir='ltr'><strong>Snpptitutim</strong></span> <span class='ocrx_word' id='word_1_783' title='bbox 3439 5888 3656 5943; x_wconf 76' lang='lat' dir='ltr'><strong>qucque</strong></span> <span class='ocrx_word' id='word_1_784' title='bbox 3690 5873 3879 5927; x_wconf 56' lang='lat' dir='ltr'><strong>desu-</strong></span> 
     </span>
    </p>
   </div>
  </div>
