4126 6424
244 346 353 412 673

1360 346 1741 407 SUPPLEM.
1779 345 2061 407 ANNAL.
2098 343 2406 405 TUllCItI.

3402 348 3512 413 6⁸14

245 468 351 511 tum
375 470 404 507 a
433 452 648 519 Turcis,
688 453 889 508 Albani
917 461 1283 521 occuparunt,
1311 464 1363 506 et
1392 453 1612 508 Venetis
1669 453 1829 510 resti-
1850 456 1903 516 Α
1926 454 1991 507 de
2023 451 2215 507 Turcis
2241 451 2464 506 victoria
2496 459 2607 506 toto
2634 450 2749 523 iam
2804 450 2938 524 orbe
2973 449 3247 507 celebrem
3294 455 3463 510 mittit
3496 475 3513 511 :

245 553 499 600 luerunt:
524 561 555 598 a
578 538 797 615 quibus
820 542 1093 599 redditum
1114 542 1369 611 deinceps
1400 544 1617 598 sultano
1638 540 1831 598 Solimi

247 637 364 692 fuit.
404 637 568 691 Anno
595 634 842 704 sequenti
879 634 1135 703 proxime
1171 633 1277 691 980
1309 633 1468 703 (Chr.
1513 634 1698 703 1575),
1741 637 1839 689 der-

248 731 388 781 (‘lutO
417 727 616 795 quinto
644 725 855 781 mensis
881 721 1156 789 Januarii,
1187 732 1392 779 tentata
1434 724 1535 777 fuit
1566 739 1597 779 a
1623 721 1838 779 Venetis

255 816 472 874 obsidio
503 816 718 873 Castalii
751 815 903 881 novi,
943 815 1127 885 captis
1161 813 1465 881 suburhiis,
1492 814 1586 869 sed
1605 826 1837 869 succu-

257 909 501 964 rentibus
524 908 799 970 Barbaris,
828 909 899 964 ab
928 907 1218 963 obsidione
1268 906 1600 965 discessum.
1645 904 1841 976 Cupio-

259 1002 386 1055 hant
417 998 599 1053 Veneti
639 1001 741 1055 itOt'
771 998 971 1069 oppido
997 1014 1125 1053 cum
1155 1013 1280 1053 arce
1347 997 1530 1068 potiri,
1598 1005 1659 1051 ut
1689 996 1840 1053 omni

252 1090 492 1159 periculo
515 1088 800 1156 Catarum,
831 1091 1108 1145 civitatem
1165 1090 1251 1144 sui
1304 1090 1449 1160 juris
1519 1089 1677 1158 longe
1721 1102 1843 1145 mla—-

254 1180 604 1245 nitissimam,
636 1181 958 1241 liberarent.
993 1180 1170 1238 Situm
1197 1189 1285 1237 est
1315 1182 1460 1237 enim
1507 1179 1839 1239 Catarumil

250 1273 371 1326 sinu
402 1275 639 1341 quodam
689 1276 882 1340 maris,
939 1274 1035 1345 qui
1073 1273 1371 1331 Rizonicus
1426 1273 1559 1331 olim
1617 1282 1841 1329 vocatus

252 1365 371 1427 fuit,
407 1379 555 1423 nunc
574 1366 645 1423 ab
671 1367 786 1435 ipsa
818 1366 1043 1425 civitate
1065 1366 1363 1424 Catarinus
1411 1366 1614 1421 dicitur
1648 1365 1844 1435 :cujns

248 1458 452 1515 ostium
484 1456 650 1511 Turci
684 1456 951 1513 hactenus
975 1456 1194 1512 Castelli
1243 1456 1366 1513 nevi
1435 1456 1843 1527 prepngnaculo

200 1560 204 1564 '
246 1549 526 1614 claudere,
542 1563 610 1602 ne
627 1548 827 1603 Cataro
848 1550 1097 1605 succurri
1119 1550 1315 1619 possit,
1334 1549 1532 1605 frustra
1553 1558 1839 1603 conantur.

318 1638 497 1695 Variae
524 1640 877 1713 contigerunt
925 1650 1090 1699 attate
1133 1650 1321 1699 nostra
1387 1641 1725 1698 mutationes
1787 1642 1842 1697 in

247 1748 420 1804 regno
450 1731 744 1799 Tunisino,
780 1750 891 1804 quo
921 1734 1300 1805 superioribus
1323 1736 1485 1790 annis
1519 1751 1615 1791 rex
1640 1737 1838 1799 Assan,

1935 545 2029 612 qui
2051 560 2211 614 opem
2240 546 2359 614 ejus
2391 543 2767 614 auxiliumque
2807 551 3120 613 poscerent,
3147 552 3207 597 ut
3227 559 3398 615 regno
3426 563 3510 602 re-

1936 637 2282 692 stitueretur.
2312 636 2490 692 Simul
2531 635 2844 692 habiturum
2876 650 2936 691 se
2985 636 3254 705 promittit
3272 636 3514 708 ingentes

1938 727 2010 782 ab
2034 726 2228 783 amicis
2256 725 2535 796 sociisque
2555 726 2764 795 copias,
2791 732 2847 781 et
2877 741 2997 781 eam
3058 741 3294 783 annome
3339 727 3511 783 abun-

1936 819 2199 883 dantiam,
2221 833 2343 889 qua:
2369 818 2543 889 ipsius
2563 818 2824 875 exercitui
2852 818 2933 872 vel
2961 818 3198 875 maximo
3220 818 3514 875 suffectura

1937 911 2033 968 sit.
2061 911 2268 966 Adnuit
2299 910 2420 981 eius
2453 910 2739 979 postulatis
2760 910 3037 971 Austrius.
3061 920 3117 966 et
3158 912 3356 983 insigni
3383 928 3510 968 cum

1936 1002 2134 1068 classe,
2167 1016 2332 1070 quam
2361 1000 2482 1058 aliis
2508 1002 2675 1058 etiam
2707 1016 2832 1056 curn
2864 1001 3178 1058 triremibus
3204 1002 3311 1058 dux
3352 1003 3518 1060 Sues-

1936 1108 2128 1159 sanus,
2161 1099 2217 1151 et
2241 1090 2607 1161 Melphitanus
2632 1090 2909 1162 princeps,
2967 1090 3211 1147 Joannes
3270 1093 3521 1150 Andreas

1938 1184 2102 1241 Dor-ia
2126 1184 2559 1248 comitabantur,
2592 1185 2649 1239 in
2672 1185 2915 1240 Africam
2941 1186 3235 1255 transiicit,
3268 1187 3518 1244 'l'unisim

1939 1284 2191 1346 occupat,
2220 1290 2409 1347 regem.
2428 1291 2458 1333 a
2487 1274 2684 1333 Turcis
2713 1274 2901 1330 datum
2934 1274 2989 1330 in
3020 1285 3341 1347 potestatem
3377 1276 3521 1331 redi-

1940 1369 2041 1439 git,
2074 1369 2263 1423 urbem
2297 1379 2509 1438 captam
2540 1368 2696 1422 militi
2725 1382 2827 1423 suo
2855 1367 3219 1438 diripiendam
3244 1371 3516 1427 concedit.

1940 1460 2076 1517 Cum
2094 1469 2275 1516 autem
2294 1461 2582 1532 promissis
2600 1459 2797 1515 Amida
2818 1476 2925 1517 non
2950 1458 3313 1527 satisfaceret,
3333 1460 3520 1518 fluxa:-

1941 1566 2046 1619 que
2063 1550 2398 1621 czrteroquin
2419 1551 2584 1605 etiam
2625 1550 2749 1605 fidei
2788 1551 2945 1620 signa
2965 1550 3215 1614 quaedam
3233 1550 3525 1621 praeberet,

1943 1642 2255 1699 sollicitatis
2282 1650 2502 1697 secreto
2546 1641 2800 1697 Turcicis
2844 1641 3090 1705 auxiliis,
3140 1655 3265 1697 cum
3309 1640 3526 1697 duobus

1947 1735 2075 1791 llliis
2106 1736 2160 1789 in
2189 1733 2460 1803 Siciliam,
2486 1733 2646 1806 jussu
2674 1733 2910 1794 Austrii.
2935 1741 3280 1789 transvectus
3298 1732 3421 1788 luit.
3445 1732 3523 1788 lbi

249 1825 571 1881 Machmetis
602 1825 746 1880 filius
807 1824 1151 1896 (Muleasscm
1179 1826 1354 1883 nostri
1378 1841 1486 1881 non
1511 1837 1657 1883 recte
1680 1841 1838 1883 νοω·-
1868 1815 1909 1872 Β
1941 1828 2031 1884 cui
2088 1824 2332 1881 futurum
2355 1827 2678 1895 accepisset,
2710 1834 2769 1877 ut
2792 1824 2961 1880 frater
2993 1825 3112 1893 ejus
3172 1822 3523 1885 Machmetes,

254 1924 407 1982 runt,
436 1930 565 1969 cum
589 1912 737 1971 Mule
760 1930 937 1984 regem
976 1915 1063 1969 vel
1085 1915 1368 1972 dominum
1391 1916 1635 1986 ip-orum
1657 1916 1841 1987 lingua

251 2007 562 2079 significare
598 2008 869 2072 tradatur,
921 2013 1102 2064 Assan
1133 2022 1261 2062 vero
1291 2007 1575 2079 proprium
1599 2005 1763 2063 fuerit
1789 2007 1840 2065 ri

252 2083 498 2172 nomen),
536 2100 761 2157 excluso
789 2108 1085 2170 necatoque
1116 2100 1353 2156 maximo
1378 2110 1507 2156 natu
1524 2100 1695 2159 fratre
1724 2099 1840 2155 Ma.

256 2207 447 2260 amna,
468 2193 564 2264 qui
597 2193 801 2250 nostris
827 2203 914 2248 est
944 2191 1209 2258 Maimon,
1238 2192 1446 2262 potitus
1491 2191 1627 2248 fuit.
1690 2192 1839 2248 Idem

259 2295 490 2341 caeteros
521 2299 732 2356 quoque
756 2285 955 2342 fratres
985 2299 1142 2350 suos,
1171 2298 1313 2353 quos
1337 2283 1584 2341 moriens
1605 2285 1657 2341 ei
1686 2293 1842 2351 pater

268 2380 461 2451 viginti
490 2395 661 2435 unum
695 2380 1016 2458 reliquerat,
1042 2387 1136 2434 aut
1186 2378 1493 2447 interfecit,
1554 2389 1647 2435 aut
1693 2377 1840 2437 festo

268 2472 520 2527 candenti
551 2471 728 2531 oculis
750 2469 993 2527 adhibito
1015 2468 1242 2531 caecavit
1276 2477 1539 2539 :excepto
1565 2468 1841 2535 ltoscette,

263 2567 625 2641 qui‘seeundo
655 2567 775 2620 loco
794 2565 1009 2636 genitus
1035 2561 1236 2618 fuerat.
1258 2560 1307 2619 is
1330 2560 1385 2615 in
1412 2571 1608 2617 conatu
1639 2560 1843 2630 ρυιιεητ

258 2663 315 2720 di
340 2664 529 2719 fratris
547 2659 799 2723 Assanis,
823 2672 882 2716 re
904 2671 1093 2726 parum
1117 2653 1349 2710 feliciter
1371 2661 1554 2725 gesta,
1572 2651 1839 2708 Ccsairim

258 2753 556 2824 (Algeriunt
582 2749 754 2806 nostri
786 2746 1003 2818 vocant)
1034 2745 1275 2816 profugit
1335 2745 1402 2799 ad
1449 2742 1836 2799 Cbairadinctn

257 2846 649 2901 Barbarossam
669 2860 681 2895 :
703 2842 795 2912 qui
818 2841 1069 2895 Roscette
1104 2835 1632 2906 Constantinopolim
1650 2835 1840 2899 misso,

259 2940 359 2994 sub
386 2936 509 3004 eius
539 2946 725 2991 tamen
754 2930 1049 2988 reducendi
1085 2938 1350 3001 praetextu
1386 2928 1630 2997 deceptis
1666 2924 1843 2980 Tuni-

262 3032 416 3094 sinis,
443 3031 706 3087 Assanem
740 3024 969 3093 expulit,
1004 3023 1197 3077 urbem
1251 3035 1376 3075 cum
1437 3033 1562 3073 arce
1624 3028 1843 3086 letoque

262 3140 428 3197 regno
452 3122 619 3193 cepit,
650 3136 715 3175 ac
751 3119 970 3175 sultano
1001 3115 1325 3179 Sole-iuraui,
1355 3128 1412 3168 se
1456 3112 1836 3183 proauitanum
1867 3146 1913 3206 ο

1912 3202 1915 3207 ’
1942 3219 2051 3275 quo
2083 3202 2245 3256 variis
2278 3199 2440 3253 dictis
2473 3195 2907 3264 examinatisque
2940 3189 3253 3257 sententiis,
3308 3182 3535 3244 tandem

261 3216 573 3287 appellans,
620 3208 868 3266 subdidit
903 3227 917 3262 :
951 3206 1096 3275 quod
1166 3203 1386 3274 quidem
1440 3202 1640 3263 accidit
1691 3215 1837 3259 anno

263 3306 647 3365 Matiumetauo
680 3300 784 3358 940
832 3297 985 3367 (Chr.
1037 3296 1221 3365 1554).
1267 3296 1538 3349 Assanem
1599 3290 1838 3359 Karulus

275 3399 556 3466 Augustus
595 3393 651 3448 in
679 3407 928 3467 regnum,
984 3389 1209 3459 expulso
1246 3384 1593 3452 Chairadine,
1624 3386 1840 3438 reduxit

270 3500 414 3543 anno
433 3485 537 3537 945
576 3480 729 3555 (Chr.
757 3481 954 3551 1557);
988 3481 1129 3550 quod
1166 3480 1256 3534 ille
1278 3479 1538 3546 deinceps
1576 3489 1841 3538 anennne

272 3586 499 3632 vexatus
526 3562 762 3630 obtinuit
793 3590 965 3649 ustlue
1007 3572 1072 3627 ad
1097 3586 1299 3649 annum
1332 3568 1437 3624 950
1465 3569 1627 3640 (Chr.
1652 3565 1835 3633 1544),

271 3685 382 3742 quo
410 3671 750 3724 adventantis
781 3646 902 3722 cum
933 3666 1107 3721 classe
1135 3646 1474 3721 Chairadinis
1494 3662 1634 3716 fama
1688 3657 1842 3715 terti-

267 3773 378 3826 tus,
406 3764 458 3818 in
491 3762 731 3817 Siciliam
767 3757 1159 3829 Neapolimque
1188 3758 1423 3827 trajecit.
1459 3753 1657 3808 Amida
1702 3754 1843 3806 titius

267 3855 514 3912 'l‘unisnn
546 3871 672 3910 cum
702 3871 826 3910 arce
847 3870 943 3923 per
971 3850 1274 3907 absentiam
1292 3847 1461 3919 patris
1488 3846 1717 3901 Assanis
1750 3858 1847 3898 oc-

265 3965 446 4023 Cttpal,
483 3964 878 4019 reversumque
907 3957 1123 4017 patrem
1155 3943 1319 4015 capit,
1346 3952 1401 3997 et
1436 3939 1724 3995 oculorum
1746 3952 1846 4007 pu-

270 4046 414 4115 pillis
439 4033 691 4100 candenti
723 4040 984 4111 scalpello
1004 4038 1173 4105 laesis,
1203 4036 1321 4090 visu
1361 4032 1583 4104 spoliat.
1638 4028 1845 4085 Eadem

268 4138 607 4191 iuunanitate
628 4136 841 4188 tractati
867 4133 934 4185 ab
951 4130 1145 4185 Amida
1167 4127 1387 4191 fratres,
1408 4122 1652 4179 Nahaser
1671 4130 1726 4175 et
1739 4120 1848 4175 Ah-

265 4230 453 4293 dalas,
493 4242 633 4297 quos
658 4240 783 4280 cum
816 4236 969 4294 patre
997 4230 1233 4290 ceperat.
1263 4217 1529 4271 Amadaut
1561 4228 1732 4284 regno
1756 4226 1850 4282 pa-

265 4332 417 4374 truus
441 4326 479 4373 Α
493 4316 880 4372 hdamelccltus
903 4312 1082 4384 eiecit.
1112 4310 1159 4364 ls
1178 4310 1321 4363 enim
1355 4306 1603 4361 Guletam
1638 4302 1852 4374 profec-

266 4419 376 4477 tus,
416 4420 471 4465 et
502 4408 785 4465 Francisci
811 4405 1041 4463 Tovaris
1094 4401 1342 4471 llispani,
1375 4400 1580 4456 Gulctaa
1613 4395 1851 4467 praefecti

1947 1920 2033 1976 cui
2077 1920 2317 1975 maxime
2352 1916 2585 1975 infestus
2637 1926 2778 1985 erat,
2822 1932 2998 1987 regno
3027 1915 3435 1986 praeficeretur:
3468 1916 3522 1970 in

1942 2028 2068 2071 eum
2102 2012 2349 2070 furorem
2377 2013 2604 2068 adactus
2626 2023 2733 2077 est,
2759 2019 2818 2065 ut
2863 2010 2932 2065 de
2987 2007 3197 2066 triremi
3247 2023 3308 2065 se
3336 2006 3526 2078 pracci-

1943 2104 2241 2175 pitaturus,
2283 2111 2335 2156 et
2369 2100 2523 2172 aquis
2564 2098 2932 2155 sull‘ocaturus
2961 2105 3107 2153 esset
3142 2113 3157 2162 ;
3188 2095 3278 2150 vix
3328 2092 3520 2148 Amida

1943 2194 2081 2257 lilio,
2109 2192 2406 2265 quominus
2459 2191 2510 2244 id
2538 2188 2764 2250 faceret,
2806 2186 3158 2258 impediente.
3189 2183 3522 2240 Machmetes

1941 2285 2147 2343 Amida:
2169 2284 2355 2349 frater,
2393 2284 2461 2337 ab
2491 2279 2715 2336 Austrio
2743 2294 2971 2350 regnum
3009 2275 3344 2348 impetravit,
3375 2289 3520 2347 pra:-

1942 2377 2073 2432 stito
2108 2375 2259 2447 prius
2288 2374 2341 2428 in
2366 2374 2574 2429 Austrii
2610 2372 2895 2443 praesentia
2932 2376 3303 2432 sacramento,
3328 2380 3438 2437 quo
3460 2380 3522 2421 se

1942 2478 2203 2541 perpetuo
2234 2466 2442 2523 fidelem
2493 2466 2738 2537 Hispano
2790 2463 2901 2532 regi
2953 2460 3210 2517 clientem
3273 2458 3518 2512 futurunt

1944 2561 2215 2634 promisit.
2257 2559 2306 2616 Is
2333 2556 2582 2630 proximo
2614 2555 2811 2612 deinde
2836 2553 3030 2619 bello:
3053 2552 3197 2622 quod
3222 2549 3522 2621 espositnri

1943 2657 2127 2713 statim
2154 2666 2369 2713 sumus,
2400 2648 2454 2704 in
2501 2646 2806 2703 Turcorum
2870 2651 3192 2715 potestatem
3251 2640 3421 2703 venit.
3472 2646 3529 2692 et

1940 2742 2471 2815 Constantinopolim
2496 2751 2650 2797 trans
2684 2753 2834 2793 mare
2864 2744 3051 2792 vectus
3079 2733 3178 2791 fuit
3196 2752 3211 2793 ;
3232 2733 3320 2788 ubi
3338 2746 3528 2803 super~

1941 2850 2052 2896 stes
2079 2838 2259 2894 adhuc
2291 2844 2418 2890 ante
2449 2830 2764 2895 triennium,
2788 2844 2908 2883 cum
2959 2827 3085 2882 istic
3134 2840 3402 2883 essemus.
3471 2823 3523 2876 in

1941 2947 2091 2997 arce,
2130 2944 2252 3000 quae
2280 2929 2345 2980 de
2368 2933 2578 2993 septem
2612 2921 2857 2977 turribus
2885 2935 2915 2974 a
2938 2917 3143 2974 Graecis
3167 2919 3333 2988 ilcpta
3354 2914 3523 2970 Gula-

1943 3024 2060 3087 dcs,
2100 3038 2130 3076 a
2156 3020 2352 3075 Turcis
2372 3015 2618 3072 Jadicula
2644 3013 2867 3078 dicitur,
2896 3010 3002 3069 sub
3034 3010 3282 3067 custodia
3320 3008 3528 3062 detine-

1943 3110 2128 3166 batur.
2169 3107 2306 3163 llinc
2345 3103 2602 3161 Austrius
2628 3117 2854 3158 suorum
2905 3099 3199 3156 concilium
3262 3100 3426 3169 cogit,
3469 3096 3525 3151 in

1938 3293 2257 3348 conclusum
2289 3306 2302 3341 :
2332 3288 2530 3342 debere
2566 3299 2759 3341 novam
2796 3284 3160 3340 munitionem
3193 3283 3336 3335 inter
3363 3278 3529 3334 θυιδ-

1939 3394 2048 3438 tam
2081 3391 2133 3436 et
2156 3379 2431 3445 Tunisim,
2463 3378 2529 3433 ad
2559 3377 2906 3446 interiectum
2941 3374 3159 3443 utrique
3207 3372 3387 3428 lacum
3427 3384 3530 3425 ex-

1939 3476 2096 3541 strui,
2133 3489 2253 3546 qtue
2286 3475 2473 3531 decem
2493 3471 2817 3526 milliarihus
2847 3469 3050 3525 ltalicis
3082 3483 3113 3522 a
3138 3466 3355 3530 Guleta,
3394 3479 3528 3536 pau-

1940 3567 2103 3637 loque
2132 3566 2312 3620 minus
2349 3579 2377 3616 a
2402 3562 2594 3617 Tunisi
2617 3561 2863 3615 distaret.
2899 3558 3028 3628 Ejus
3060 3557 3138 3611 rei
3174 3555 3533 3627 perficiundas

1940 3672 2106 3713 causa
2132 3654 2358 3712 relictus
2390 3653 2514 3708 istic
2547 3651 2772 3708 Gabriel
2827 3648 3204 3703 Serbellmtius
3268 3643 3527 3700 Mediola-

1943 3750 2132 3813 nensis
2154 3747 2347 3811 italus,
2366 3762 2489 3801 eum
2512 3730 2688 3799 tribus
2714 3740 2958 3796 millibus
2984 3739 3241 3794 l‘talorum
3262 3736 3527 3807 peditum,

1944 3855 1998 3903 et
2030 3843 2322 3899 Saluzarus
2358 3839 2647 3907 Hispanus,
2681 3850 2800 3890 cum
2829 3831 3050 3887 totidem
3086 3828 3529 3899 llispanis:quo-

1944 3950 2067 3991 rum
2092 3942 2318 4002 uterque
2343 3926 2760 3983 muniendarum
2795 3924 3012 3978 urbium
3066 3920 3346 3976 etarrium
3382 3919 3530 3988 peri-

1949 4027 2194 4083 tissimus
2226 4033 2365 4079 erat.
2400 4019 2628 4077 Consilii
2658 4019 2824 4074 totius
2843 4017 2928 4071 hic
2947 4024 3063 4072 erat
3082 4014 3204 4070 finis
3229 4024 3282 4069 et
3308 4028 3530 4083 scopus,

1950 4130 2011 4174 nt
2029 4119 2133 4173 hoc
2169 4117 2330 4172 modo
2351 4113 2545 4169 Guleta
2573 4109 2779 4166 firmior
2796 4108 3120 4168 efﬁceretur,
3145 4114 3200 4162 et
3222 4112 3375 4160 tanto
3398 4105 3532 4160 faci-

1949 4210 2057 4264 lius
2077 4208 2130 4264 in
2156 4206 2259 4262 fide
2280 4205 2505 4260 Barbari
2521 4201 2936 4259 continerentur
2961 4198 3031 4252 ob
3052 4196 3303 4253 viciniam
3326 4183 3503 4251 utrius
3518 4224 3534 4234 -

1951 4315 2059 4370 que
2121 4296 2381 4369 prazsidii,
2413 4292 2970 4360 commoditatemquc
2999 4288 3186 4353 lacus;
3239 4285 3402 4359 365
3465 4286 3537 4342 ad
3632 4312 3653 4325 ι

1952 4407 2113 4463 quem
2141 4391 2270 4461 quia
2302 4388 2407 4452 sita
2440 4395 2589 4443 esset
2612 4393 2843 4454 utraque
2873 4378 3130 4463 munitio,
3165 4378 3315 4433 nullo
3367 4393 3536 4448 nego-

259 4519 361 4572 Ope
384 4500 638 4556 Tunisim
670 4500 968 4570 ingressus,
998 4510 1122 4549 mox
1154 4469 1213 4548 in
1255 4506 1435 4547 arcem
1485 4488 1658 4543 relata
1718 4486 1857 4542 facie
1887 4501 1933 4559 β
1959 4485 2036 4538 tio
2074 4482 2265 4538 alteris
2315 4481 2472 4535 alteri
2514 4476 2809 4535 subvenire
2851 4478 3094 4544 possent.
3117 4470 3280 4526 Gesta
3316 4469 3535 4523 fuerunt

259 4599 451 4668 pergit,
477 4608 717 4664 eamque
760 4591 999 4660 deceptis
1046 4584 1388 4651 custodibus,
1440 4582 1535 4652 qui
1592 4579 1843 4634 Amidam

256 4706 377 4746 esse
399 4688 994 4753 crcdcbant,occupat.
1024 4678 1427 4736 Ahdamelccho
1467 4682 1587 4745 pest
1635 4670 1851 4728 tricesi-

258 4802 411 4841 mum
446 4793 507 4840 et
522 4788 737 4837 sextum
764 4774 1074 4847 reguidiem
1100 4772 1263 4827 rebus
1296 4765 1550 4823 humanis
1575 4770 1850 4832 exempto,

252 4877 509 4933 succedit
542 4872 686 4927 filius
716 4868 1070 4931 Machmetes,
1100 4876 1275 4917 annos
1324 4860 1591 4913 duntaxat
1640 4854 1852 4909 duode-

250 4976 360 5027 cini
388 4980 606 5025 natus:
647 4964 738 5035 qui
770 4960 1005 5017 necdum
1067 4954 1322 5029 gerenda:
1386 4948 1701 5020 reipublicae
1758 4961 1853 5017 per

250 5076 476 5120 aetatem
546 5059 765 5123 idoneo,
813 5069 936 5111 cum
960 5047 1318 5106 intolerabilis
1362 5052 1677 5099 curatorqu
1734 5039 1857 5111 ejus

254 5148 675 5210 adminiStratio
699 5145 972 5218 plerisque
1019 5140 1321 5202 videretur,
1386 5134 1610 5189 rediens
1656 5131 1854 5185 Amida

255 5263 494 5319 regnum
528 5240 761 5313 patrueli
807 5238 1030 5307 eripuit.
1070 5232 1318 5288 Amidam
1341 5241 1535 5283 rursus
1555 5237 1853 5279 excussere

258 5314 451 5402 Terei,
481 5337 623 5391 duce
657 5329 889 5397 Ulnzali,
921 5340 1068 5383 anno
1098 5314 1205 5380 980
1233 5320 1383 5392 (Chr.
1423 5317 1605 5385 1575),
1647 5314 1859 5383 fuitque

263 5432 472 5491 sultani
498 5425 719 5483 Seiimis
764 5419 1090 5495 auctoritate
1115 5415 1379 5472 suffectus
1409 5411 1462 5465 in
1482 5410 1655 5480 ipsius
1676 5409 1855 5461 locum

264 5542 355 5579 rex
387 5525 557 5578 alius.
589 5520 783 5573 Amida
802 5492 1053 5570 Culetam
1085 5506 1425 5581 profugiens,
1448 5518 1569 5572 qua:
1592 5492 1859 5568 Hispano-

265 5634 384 5669 rum
408 5601 1009 5684 praasitiotenehatur,
1040 5600 1306 5672 privatam
1339 5612 1461 5652 cum
1487 5594 1702 5648 duobus
1732 5588 1859 5643 filiis

266 5679 433 5759 vitam
465 5704 599 5770 egit.
631 5699 883 5775 cumque
924 5706 1122 5764 magno
1162 5685 1518 5757 recuperandi
1541 5682 1694 5754 regni
1714 5679 1860 5735 desi-

267 5796 423 5850 derio
450 5772 729 5853 flauraret.
759 5804 889 5843 suos
926 5784 994 5840 ad
1023 5782 1285 5840 Joannem
1324 5775 1629 5843 Austrium,
1676 5772 1857 5827 navali

1954 4577 2070 4632 haec
2093 4589 2238 4630 anno
2267 4573 2377 4630 980
2410 4569 2566 4641 (Chr.
2608 4565 2793 4637 1575).

2021 4667 2333 4740 Eget-rimo
2366 4665 2575 4720 ferebat
2597 4661 2850 4716 sultanus
2881 4655 3121 4712 Selimes
3143 4652 3246 4708 hos
3272 4649 3537 4706 Christia-

1953 4775 2148 4814 norum
2214 4760 2269 4813 in
2337 4755 2523 4813 Africa
2583 4765 2931 4825 progressus.
3008 4745 3198 4816 itaque
3272 4743 3533 4797 Sinanem

1955 4851 2197 4917 baSsum,
2227 4850 2408 4904 virum
2451 4856 2723 4911 astutum,
2771 4843 2957 4912 reique
3012 4839 3271 4893 militaris
3315 4834 3540 4907 peritis-

1958 4944 2182 5008 simum,
2220 4942 2384 4999 classi
2412 4954 2675 5008 supremo
2700 4953 2826 4992 cum
2852 4933 3088 5004 imperio
3118 4930 3347 5002 praeficit
3376 4946 3391 4982 :
3425 4944 3539 4998 qua

1958 5033 2063 5091 160
2095 5034 2368 5098 triremes,
2409 5043 2464 5088 et
2496 5033 2566 5087 33
2611 5029 2819 5085 diversi
2873 5025 3093 5097 generis
3146 5021 3367 5093 navigia
3406 5034 3539 5075 cou-

1961 5124 2300 5180 tinehantur.
2334 5122 2382 5178 ls
2421 5122 2476 5176 in
2519 5121 2759 5174 Africam
2803 5132 2991 5172 mense
3024 5112 3194 5179 Julio,
3247 5124 3395 5167 anno
3424 5106 3541 5162 Ma-

1963 5218 2265 5273 humetano
2298 5216 2396 5272 98l
2434 5214 2587 5287 (Chr.
2617 5211 2804 5277 1574),
2849 5208 3085 5279 appulit.

2028 5309 2357 5379 Quanquam
2428 5320 2557 5360 vero
2614 5319 2769 5358 nova:
2836 5297 3133 5356 munitioni
3190 5291 3539 5350 absolvenda:

1962 5403 2252 5474 praefectus
2306 5399 2679 5455 Serbellonius
2736 5409 2930 5465 magna
2971 5393 3138 5447 rebus
3170 5389 3225 5443 in
3282 5382 3541 5440 omnibus

1961 5492 2244 5562 diligentia
2276 5489 2470 5544 fuisset
2498 5502 2652 5550 usus,
2685 5496 2868 5539 tamen
2904 5496 2968 5537 ea
2998 5477 3233 5535 necdum
3254 5480 3375 5530 erat
3412 5484 3540 5540 pcr-

1963 5582 2125 5649 fecta,
2163 5585 2307 5651 quod
2356 5582 2534 5635 serius
2568 5576 2877 5642 architecti,
2926 5587 3051 5629 cum
3083 5567 3257 5625 fabris
3302 5577 3540 5619 cernen-

1967 5674 2143 5738 tariis,
2173 5683 2228 5729 et
2259 5673 2409 5728 omni
2440 5672 2675 5726 materia
2725 5667 2906 5733 missi,
2942 5666 3167 5721 tandem
3192 5663 3251 5715 in
3295 5656 3539 5713 Africam

1967 5768 2070 5824 sub
2116 5766 2276 5821 linem
2340 5765 2546 5819 mensis
2605 5761 2783 5816 Martii
2841 5755 3231 5830 pervenias-crte
3316 5764 3543 5805 rnorem
