4126 6436
628 345 736 412 675

1853 334 2182 399 JOANNIS
2230 337 2698 398 LEUNCLAVII

3797 347 3902 411 6'6

633 461 899 513 adventus
939 449 1166 510 Octobri
1194 463 1381 514 mense
1408 446 1770 519 praecedentis
1802 449 1933 502 anni
1980 448 2217 518 prontis-
2245 457 2290 513 Α
2319 462 2414 502 sus
2432 447 2590 518 ejecti
2625 457 2756 504 sunt
2806 447 3034 520 Hispani
3065 467 3129 508 es
3163 453 3529 518 Alrica,intra
3567 457 3903 514 tricesimum

632 568 725 608 sus
748 551 948 611 fuerat,
994 561 1119 600 cum
1165 544 1234 598 ιο
1295 542 1638 606 triremibus,
1698 556 1934 612 quarum
1992 541 2214 596 navales

631 641 768 697 socii
803 653 991 694 muros
1020 635 1300 690 Tunisina:
1335 635 1488 689 urbis
1535 633 1602 688 ad
1653 641 1994 688 structuram
2054 648 2212 689 nova:

631 730 955 789 munitionis
992 727 1245 783 demoliri
1278 725 1581 781 debuerant
1619 743 1634 780 :
1671 727 1817 796 quod
1866 725 2065 780 factum
2100 741 2209 779 non

632 827 754 888 fuit,
783 822 1145 895 quantumvis
1171 821 1428 874 Austrius
1457 821 1510 872 in
1532 819 1712 892 vicina
1745 817 1933 874 Sicilia
1957 825 2204 888 degeret.

627 919 754 972 Erat
815 916 984 972 etiam
1046 914 1524 984 praesidiariorum
1592 912 1828 968 militum
1890 913 2208 967 deminutus

627 1026 912 1074 numerus,
975 1007 1351 1063 exauctoratis
1427 1016 1636 1062 temere
1699 1007 2001 1070 nonnullis.
2065 1022 2206 1076 quos

621 1119 842 1158 utnnem
875 1102 928 1156 in
968 1109 1222 1156 eventum
1273 1108 1519 1155 retentos
1570 1099 1840 1168 oportuit.
1888 1097 2002 1154 Hoc
2041 1101 2207 1153 modo

625 1213 722 1266 per
777 1195 1048 1266 ignaviam
1103 1193 1531 1262 socordiamque
1569 1194 1800 1258 factum,
1858 1200 1921 1248 ut
1973 1192 2028 1246 in
2077 1193 2206 1247 ltos~

621 1289 760 1342 tium
797 1292 1126 1357 potestatem
1175 1284 1514 1342 munitiones
1545 1285 1630 1341 hie.
1679 1285 1831 1341 nullo
1881 1298 2053 1355 prope
2099 1299 2201 1340 ne-

621 1382 770 1452 gotio
805 1380 1079 1437 venirent.

691 1475 852 1530 Turci
904 1471 1413 1544 primumCuletam
1446 1471 1704 1529 obsidere
1751 1481 2068 1542 creperum,
2107 1472 2196 1528 cui

619 1564 816 1620 Petrus
871 1563 1105 1619 Carrera
1162 1561 1440 1633 Hispanus
1496 1572 1746 1632 praeerat.
1801 1562 1866 1618 Ei
1922 1561 2202 1617 Serbello-

599 1657 772 1728 Ιιιίιιιιι
831 1657 898 1710 de
937 1655 1204 1710 subsidiis
1257 1654 1540 1710 mittendis
1589 1654 1830 1724 urgenti,
1883 1668 2198 1724 quanquam

617 1752 741 1806 loco
801 1750 1084 1806 munitiori
1133 1759 1296 1815 esset,
1361 1749 1781 1804 Serhelloniano
1835 1749 2070 1804 necdum
2131 1750 2198 1804 ad

618 1849 782 1903 tinem
827 1850 1094 1915 perducto
1125 1862 1141 1900 :
1172 1856 1356 1902 tamen
1405 1846 1511 1901 650
1562 1847 1772 1916 pedites
1807 1848 2005 1914 partim
2054 1846 2196 1912 Itali,

615 1944 816 2008 partim
853 1939 1078 2010 llispani
1133 1939 1289 1995 fuere
1327 1939 1501 1994 missi.
1547 1937 1688 1993 Hinc
1717 1954 1747 1993 a
1783 1938 1985 1994 Turcis
2030 1941 2195 1994 etiam

616 2031 994 2089 Scrbellonins
1034 2033 1296 2088 obsessus
1326 2031 1452 2097 fuit,
1484 2047 1719 2101 quorum
1748 2033 2052 2087 exercitum
2099 2048 2196 2088 no-

611 2127 696 2181 vis
723 2127 973 2182 adductis
1002 2126 1179 2196 copiis
1235 2124 1532 2180 liamadam
1563 2126 1805 2181 Cesairis
1837 2125 2195 2197 begletbegns

612 2223 933 2274 adauxerat.
962 2221 1193 2274 Carrera
1234 2221 1413 2274 denuo
1443 2218 1750 2274 subsidium
1791 2218 1945 2288 petit.
1988 2217 2066 2273 Ea
2105 2235 2194 2276 res

613 2311 839 2364 anxium
877 2308 1210 2366 Scrhellonii
1268 2309 1515 2364 animum
1551 2323 1658 2364 non
1690 2325 1882 2379 parum
1912 2320 2188 2382 torquere.

610 2403 669 2456 Si
714 2403 892 2458 nullos
927 2403 1188 2466 misisset,
1240 2401 1487 2456 futurum
1523 2402 1841 2464 verebatur,
1899 2413 1961 2458 ut
1987 2405 2062 2470 {in
2112 2404 2195 2473 ipa

608 2511 732 2550 smn
767 2495 987 2550 amissa:
1013 2493 1221 2548 Guletze
1250 2489 1408 2564 culpa
1448 2494 1795 2549 conferretur
1821 2511 1836 2550 :
1863 2493 1949 2550 sin
1981 2507 2188 2563 autem,

609 2595 670 2640 ιιι
701 2601 804 2640 suo
831 2595 1006 2641 semet
1035 2586 1290 2656 prasidio
1326 2587 1584 2658 nudaret.
1636 2585 2010 2642 Nihilominus
2052 2602 2190 2642 con-

605 2693 767 2734 cessa
794 2677 1041 2733 Carrerae
1076 2693 1271 2733 manus
1312 2676 1668 2733 subsidiaria.
1721 2677 1943 2732 Duobus
1979 2677 2189 2734 interea

610 2771 842 2839 navigiis
863 2773 1194 2841 appulerunt
1215 2786 1282 2826 ex
1303 2769 1566 2840 Hispania
1589 2769 1694 2826 600
1711 2770 1914 2825 milites
1935 2768 2185 2840 Hispani,

613 2864 708 2932 qui
740 2873 910 2917 noctu
943 2879 1040 2932 per
1075 2863 1224 2932 ipsas
1258 2861 1564 2919 Turcorum
1595 2863 1856 2918 excubias
1897 2873 2190 2932 penetran-

607 2967 710 3022 tes,
743 2961 866 3012 cuni
897 2957 1114 3012 vexillis
1151 2967 1205 3014 et
1249 2958 1497 3013 vestibus
1555 2955 1812 3013 Turcieis
1875 2966 2184 3020 uterentur,

605 3060 660 3102 et
709 3048 980 3119 quosdam
1029 3049 1262 3104 Turcicc
1316 3049 1604 3118 loquentes
1655 3063 1841 3103 secum
1896 3049 2181 3114 haberent,

2314 550 2370 594 et
2400 551 2614 594 sextum
2637 540 2782 595 diem
2813 558 2827 595 :
2852 543 3176 612 amissaque
3204 559 3298 612 per
3329 559 3603 600 summam
3632 547 3903 618 ignaviam

2312 647 2375 688 ea
2401 650 2523 702 qua
2548 633 2787 691 Karulus
2811 636 3092 706 Augustus
3115 636 3168 690 in
3192 647 3523 706 potestatem
3545 643 3750 709 optimo
3770 656 3908 694 eon-

2310 726 2438 779 silio
2473 725 2780 798 redegerat,
2809 737 2867 784 ut
2900 729 3181 784 securitati
3226 730 3452 797 Siciliae,
3497 748 3629 802 regn
3691 730 3908 804 Neapo-

2310 817 2462 873 litani
2493 820 2772 891 totiusque
2833 832 2945 876 tum
2977 822 3168 886 Italiae,
3205 834 3316 878 tum
3350 823 3625 895 Hispaniae
3651 828 3912 883 consule-

2309 920 2410 966 ret.
2437 912 2685 968 Fuerunt
2707 925 2889 969 autem
2913 915 3032 971 hac
3063 931 3208 970 anno
3231 917 3328 972 98l
3365 917 3520 990 (Chr.
3546 919 3704 990 l5“)
3724 931 3906 989 gesta,

2307 1003 2468 1070 cujus
2507 1004 2682 1058 "initio
2726 1003 2912 1060 Veneti
2966 1015 3145 1062 certas
3179 1011 3470 1070 obcausas.
3530 1025 3638 1063 non
3677 1011 3911 1064 consul-

2308 1095 2378 1151 tis
2406 1105 2458 1150 et
2489 1097 2678 1151 invitis
2703 1098 2864 1162 adeo,
2902 1099 3156 1166 pontillce
3187 1108 3353 1170 atque
3413 1097 3684 1170 llis-pano,
3707 1114 3902 1156 contra
3977 1149 3994 1168 ,

2305 1185 2453 1256 leges
2486 1187 2728 1252 hederis,
2759 1204 2946 1257 pacem
2978 1206 3100 1246 cum
3126 1191 3344 1248 sultano
3374 1192 3578 1248 Selime
3626 1193 3896 1250 fecerant.

2377 1276 2533 1334 Tunc
2558 1281 2722 1335 etiam
2743 1281 2994 1353 Corcyrae
3018 1285 3330 1340 muniendae
3378 1286 3599 1342 Venetis
3649 1291 3898 1342 occasio-

2305 1387 2432 1426 netn
2495 1373 2728 1442 praebuit
2797 1389 3103 1433 exscensus
3151 1378 3398 1434 crudelis
3457 1380 3511 1433 in
3567 1394 3688 1435 eam
3749 1382 3901 1436 insu-

2310 1464 2416 1518 lam
2469 1463 2691 1522 Sinanis
2753 1466 2950 1533 bassa,
3006 1469 3290 1528 redeuntis
3333 1487 3400 1528 cx
3446 1471 3709 1528 Africano
3737 1475 3894 1528 bello.

2303 1555 2438 1612 Nam
2468 1559 2593 1613 licet
2625 1559 2694 1614 ab
2723 1559 3020 1628 insulanis,
3051 1562 3102 1617 ei
3133 1564 3385 1634 placandi
3430 1565 3675 1621 hominis
3705 1580 3896 1632 causa,

2304 1650 2469 1721 cujus
2501 1653 2810 1722 praesertim
2835 1662 2965 1710 tunc
3003 1655 3256 1712 victoriis
3276 1656 3632 1711 insolentiam
3671 1670 3893 1724 norant,

2307 1759 2530 1799 munera
2568 1745 2813 1813 quaedam
2848 1746 3178 1803 oﬂ'errentur
3211 1766 3227 1802 :
3283 1757 3464 1804 tamen
3519 1748 3632 1804 illis
3673 1748 3894 1819 rejectis

2307 1835 2622 1890 immaniter
2647 1837 2700 1892 in
2726 1852 2822 1893 eos
2853 1849 3140 1907 grassatus
3167 1849 3271 1894 est.
3332 1838 3478 1894 Missi
3509 1840 3613 1896 hoc
3670 1844 3893 1896 nomine

2304 1923 2528 1980 luerunt
2560 1928 2614 1980 in
2653 1928 3108 1999 Corcyram-eum
3158 1930 3250 1986 alii
3316 1946 3498 1986 rerum
3561 1933 3890 1989 militarium

2301 2019 2485 2084 periti,
2532 2029 2646 2075 tum
2708 2022 2876 2076 etiam
2949 2021 3154 2078 Slortia
3202 2024 3580 2092 Palavicinus,
3643 2027 3892 2090 Marehio

2296 2109 2482 2167 Cnrlis
2518 2113 2770 2181 majoris.
2804 2113 3013 2170 Horum
3061 2117 3313 2172 consiliis
3382 2119 3455 2172 ita
3490 2129 3606 2172 tum
3663 2122 3892 2179 munitae

2295 2217 2421 2258 cum
2445 2203 2646 2274 oppido
2686 2205 2909 2260 fuerunt
2931 2221 3087 2262 arces
3155 2207 3260 2262 illze
3293 2209 3534 2278 praealtis
3565 2212 3618 2264 in
3657 2214 3838 2282 rupiln
3861 2227 3890 2268 s

2295 2296 2434 2360 siue,
2465 2312 2701 2368 vereque
2749 2306 2913 2368 caput
2955 2302 3096 2354 inter
3127 2301 3312 2356 nubila
3335 2301 3503 2372 (quod
3533 2301 3685 2358 Maro
3723 2306 3886 2372 dixit)

2294 2392 2614 2458 candentes,
2638 2408 2777 2463 quas
2811 2395 2989 2465 ipsutn
3025 2411 3181 2451 mare
3240 2394 3575 2452 circumﬂuit
3605 2413 3622 2450 :
3661 2397 3793 2452 nihil
3822 2407 3883 2454 ut

2291 2484 2546 2554 equidem
2608 2486 2841 2541 viderim
2884 2491 3149 2544 adversus
3201 2502 3420 2546 omnem
3469 2489 3579 2546 vim
3628 2489 3866 2545 hostilem

2294 2576 2526 2643 ﬁrmius,
2566 2578 2700 2632 nihil
2735 2579 3229 2650 inexpugnabilius.

2363 2671 2554 2725 Annus
2581 2670 2844 2740 982(Cbr.
2870 2672 3031 2742 1575)
3067 2675 3443 2730 memorabilis
3467 2685 3551 2732 est
3597 2675 3778 2746 plures
3801 2677 3879 2730 ob

2292 2775 2514 2817 causas.
2571 2762 2708 2816 Nam
2767 2764 3044 2819 exstincto
3096 2767 3316 2821 sultano
3381 2766 3694 2825 Selimell.
3729 2769 3884 2825 lilits

2291 2852 2531 2912 Muratcs
2561 2855 2634 2911 111
2664 2857 2786 2926 ejus
2819 2859 3083 2925 nominis,
3111 2861 3438 2929 auspicatus
3452 2872 3536 2916 est
3561 2863 3882 2932 imperium,

2289 2962 2412 3002 cum
2455 2949 2577 3019 ipso
2609 2951 2772 3021 hujus
2802 2953 2930 3006 anni
2989 2953 3294 3010 Christiani
3348 2955 3643 3026 principio.
3673 2956 3890 3027 Agebat

2289 3041 2342 3096 id
2376 3043 2635 3112 temporis
2663 3058 2866 3098 annum
2890 3047 3071 3102 astatis
3091 3046 3186 3102 27.
3219 3049 3357 3102 Ante
3391 3049 3581 3105 omnia
3645 3061 3878 3120 recepto

604 3141 853 3194 Guletam
896 3140 1130 3210 ingressi
1181 3149 1332 3194 sunt.
1377 3139 1620 3214 Tandem
1652 3149 1706 3194 et
1741 3140 1902 3199 tertio
1951 3142 2181 3194 Carrera
2213 3147 2259 3208 ρ
2295 3147 2452 3189 more
2504 3133 2743 3191 barbaro
2792 3137 3124 3206 strangulari
3183 3138 3432 3208 quinque
3475 3138 3678 3198 fratrea
3724 3157 3886 3207 suos.

608 3234 835 3287 militem
889 3233 993 3287 sibi
1035 3233 1284 3287 submitti
1334 3249 1362 3286 a
1415 3231 1760 3287 Serbellonio
1815 3233 2081 3303 postulat,
2135 3240 2192 3287 et

606 3327 943 3396 quingentos
1000 3328 1264 3380 beneﬁcio
1327 3325 1505 3381 noctis
1557 3341 1688 3381 usos
1736 3327 2014 3394 impetrat,
2065 3343 2190 3380 cum

602 3420 844 3490 egregiis
901 3417 1194 3488 pratfectis,
1236 3435 1302 3474 ac
1344 3419 1488 3474 inter
1545 3419 1709 3484 alios,
1760 3418 2020 3474 Saiazaro
2071 3435 2190 3472 ma—

605 3527 725 3580 gna:
784 3509 998 3564 virtutis
1045 3519 1101 3564 et
1149 3509 1576 3566 existimationis
1617 3511 1756 3566 viro.
1821 3509 2192 3565 Nihilominus

606 3618 702 3656 arx
725 3601 990 3658 Guletana
1020 3600 1330 3658 ancorum
1364 3602 1418 3657 in
1443 3612 1772 3674 potestatem
1801 3603 1967 3658 venit.
2001 3602 2194 3674 Neque

606 3697 855 3760 defuere,
892 3696 988 3766 qui
1045 3695 1337 3753 Carreram
1397 3696 1732 3768 proditionis
1780 3697 2186 3753 insimularcnt.

607 3789 766 3845 l’rius
807 3789 1030 3860 quidem
1062 3798 1234 3856 certe,
1265 3806 1431 3859 quam
1482 3789 1646 3844 Turci
1692 3788 2054 3859 appulissent,
2105 3791 2190 3846 vel

604 3882 1025 3952 periuscitiam,
1064 3880 1147 3936 vel
1201 3881 1544 3952 superbiam,
1596 3881 1930 3952 quingentos
1988 3882 2191 3938 milites

605 3984 894 4030 veteranos
937 3975 1103 4029 Italos
1135 3975 1428 4030 admittere
1478 3975 1700 4030 noluit:
1760 3975 1904 4048 quod
1961 3974 2189 4031 minimc

603 4083 1000 4122 concessurum
1039 4082 1097 4122 sc
1128 4067 1360 4130 diceret,
1395 4076 1448 4120 ut
1499 4068 1554 4120 in
1589 4067 1710 4136 ejus
1748 4067 1933 4134 gloria:
1974 4077 2185 4136 partem

607 4159 859 4212 venirent
917 4156 1054 4222 itali,
1113 4173 1279 4226 quam
1337 4159 1567 4228 Hispani
1602 4158 1794 4214 Guleta
1844 4157 2186 4214 defendenda

604 4251 960 4304 consecuturi
1015 4259 1221 4304 essent.
1271 4249 1537 4317 Equidem
1583 4252 1726 4322 apud
1778 4237 1927 4322 ipsos
1972 4253 2186 4309 Turcns

602 4358 667 4396 cx
717 4342 820 4396 lidc
849 4341 1031 4414 dignis
1077 4342 1392 4397 hominibus
1421 4343 1626 4414 accepi,
1666 4344 1954 4399 Carreratn
2015 4344 2186 4400 fuisse

604 4435 777 4489 virum
809 4449 1035 4504 prorsus
1063 4434 1320 4505 ignavum
1351 4443 1406 4489 et
1435 4434 1885 4502 formidolosum,
1942 4437 2034 4505 qui
2069 4437 2186 4506 pni—

603 4527 750 4596 veris
795 4528 1140 4582 torntentarii
1196 4527 1444 4581 nidorem
1485 4525 1630 4582 ferre
1665 4543 1772 4582 non
1823 4538 2030 4598 posset,
2083 4542 2186 4582 nec
2218 4501 2267 4561 D

603 4619 839 4672 tolerare
887 4617 1112 4672 fulmina
1160 4617 1534 4686 displosarutn
1572 4618 2011 4674 machinarum:
2063 4635 2183 4688 quae

600 4725 733 4766 sane
758 4709 973 4779 quoties
996 4709 1053 4763 in
1088 4709 1304 4764 hostem
1325 4707 1796 4773 exonerabantur,
1823 4709 1942 4778 ipse
1968 4709 2185 4762 subter-

603 4802 782 4857 raneis
813 4817 873 4856 se
927 4802 1321 4866 testudinibus,
1378 4802 1886 4871 concameratisqne
1913 4790 2047 4856 locis
2085 4801 2186 4855 ab-

598 4895 785 4961 debat,
832 4896 1209 4966 bombaceque
1254 4911 1384 4951 suas
1427 4894 1720 4951 obturabat
1743 4910 1931 4950 aures.
1979 4893 2184 4948 Ferunt

599 4989 648 5045 ci
681 4989 845 5043 'l'urci
876 4989 1206 5058 proditionis
1230 4988 1498 5044 obtulisse
1527 4988 1810 5060 praemium
1866 4987 2018 5058 regni
2081 4985 2184 5056 Cy-

603 5079 710 5148 prii
743 5075 1122 5149 prafecturam
1161 5096 1174 5132 :
1211 5094 1389 5149 neque
1441 5087 1623 5133 tamen
1685 5077 1933 5133 dedititio
1981 5093 2179 5147 peper-

599 5187 748 5237 cere,
786 5171 880 5226 scd
922 5178 1177 5240 tanquam
1206 5171 1296 5224 vili
1329 5172 1603 5241 mancipio
1663 5180 1796 5225 sunt
1849 5175 1954 5226 usi.
2010 5170 2180 5240 Capta

606 5267 823 5331 Gnleta,
863 5277 1059 5335 praeter
1082 5266 1245 5319 aliam
1301 5267 1540 5334 praedam
1600 5265 1809 5335 potitus
1849 5275 1933 5320 est
2007 5264 2180 5318 Sinan

603 5359 765 5412 bassa
789 5357 1104 5426 quingentis
1132 5357 1398 5410 machinis
1423 5356 1660 5421 bellicis,
1687 5371 1811 5409 cum
1841 5355 2043 5425 ingenti
2075 5364 2184 5409 tor-

606 5451 858 5506 tnetttarii
882 5451 1124 5520 pulveris
1173 5449 1519 5518 aliarumque
1566 5448 1706 5503 bello
1737 5451 2180 5502 necessariarum

603 5561 809 5608 rerum,
839 5555 894 5600 et
923 5559 1158 5599 annona:
1191 5541 1370 5612 copia.
1407 5541 1558 5596 Nova
1592 5555 1808 5611 quoque
1833 5543 2035 5597 deinde
2065 5556 2184 5594 tnu-

607 5636 742 5690 nitio
767 5653 797 5692 a
826 5636 1022 5692 Turcis
1054 5645 1317 5703 occupata
1357 5634 1479 5698 fuit,
1520 5648 1627 5688 non
1671 5645 1855 5688 tamen
1889 5634 2065 5687 multo
2101 5632 2173 5685 si-

605 5743 674 5783 ne
710 5734 1016 5798 sanguine:
1047 5739 1206 5800 capto
1240 5728 1407 5785 etiam
1442 5725 1806 5794 Serbellonio,
1830 5726 1924 5797 qui
1976 5727 2180 5782 crude-

598 5821 721 5874 liter
749 5835 780 5875 a
803 5819 1006 5876 Sinane
1026 5821 1190 5878 bassa
1214 5827 1482 5877 tractatus
1525 5819 1643 5874 fuit.
1669 5819 1781 5876 lloc
1815 5817 1979 5876 modo
2004 5833 2174 5889 pror-

2295 3233 2428 3280 natu
2462 3241 2522 3284 se
2545 3229 2814 3294 minores,
2849 3230 2904 3284 in
2931 3233 3221 3301 praesentia
3255 3247 3356 3288 sua
3386 3232 3554 3300 jussit
3584 3249 3600 3287 :
3640 3248 3882 3304 quorum

2296 3317 2510 3373 minimi
2549 3320 2860 3378 cervicibus
2887 3334 2944 3378 et
2974 3323 3168 3394 jugulo
3199 3338 3326 3379 eum
3369 3338 3469 3394 pro
3493 3339 3646 3380 more
3673 3340 3889 3383 nervus

2294 3410 2680 3476 adhiberetur,
2708 3413 2984 3469 incertum
3025 3432 3092 3470 an
3125 3415 3420 3472 tenerioris
3465 3419 3520 3473 in
3551 3419 3702 3474 hunc
3729 3433 3894 3474 amo-

2295 3503 2372 3559 ris
2394 3519 2560 3558 causa
2608 3505 2775 3578 366
2831 3519 3062 3571 motum.
3105 3524 3174 3564 an
3249 3511 3588 3568 conscientia
3652 3522 3894 3584 patrata.

2292 3595 2635 3654 crudelitatis
2670 3600 2725 3654 in
2763 3616 2976 3670 omnes,
3002 3603 3385 3676 illacrymasse
3429 3605 3653 3670 quidem
3697 3606 3891 3678 ipsum

2293 3708 2538 3754 constat.

2365 3791 2552 3845 Itidem
2588 3799 2811 3846 mortuo
2853 3791 3068 3846 Scacho
3101 3790 3408 3846 Teehmase
3445 3792 3726 3858 Parthico,
3762 3809 3891 3850 sne-

2291 3879 2463 3932 cessit
2495 3878 2638 3933 tilias
2672 3894 2780 3932 non
2812 3880 3235 3950 primogenitus,
3290 3880 3660 3938 Muchemetes
3701 3883 3896 3940 Hodi-

2292 3969 2496 4024 bendes
2531 3987 2544 4034 ;
2580 3984 2681 4025 nec
2716 3969 2923 4035 lsmail,
2977 3971 3097 4041 ejus
3131 3973 3373 4025 nominis
3409 3974 3462 4027 in
3499 3974 3892 4044 bac.Sophina

2290 4059 2519 4114 Familia
2545 4063 2847 4124 secundus,
2870 4061 3114 4117 secundo
3139 4063 3259 4117 loco
3287 4063 3503 4132 genitus
3537 4106 3553 4128 .
3577 4067 3672 4120 sed
3695 4067 3893 4137 proxi-

2291 4167 2413 4206 mus
2441 4153 2510 4206 ab
2537 4153 2624 4208 his
2648 4153 2854 4208 llaidar
2891 4153 3134 4222 Miriscs,
3163 4156 3255 4225 qui
3280 4156 3438 4210 anuis
3471 4156 3683 4226 aliquot
3717 4171 3888 4215 ante!

2289 4246 2462 4313 pan-is
2498 4245 2552 4298 in
2576 4259 2743 4315 regno
2784 4261 3045 4314 suprema
3095 4263 3224 4304 cum
3274 4258 3546 4320 potestate
3578 4251 3733 4308 vices
3768 4271 3893 4324 ges—

2289 4347 2453 4390 serat.
2491 4335 2541 4391 ls
2575 4347 2756 4391 tamen
2813 4339 2902 4392 vix
2945 4338 3011 4392 15
3061 4339 3256 4396 diebus
3294 4357 3463 4411 regno
3501 4343 3606 4398 frui
3678 4347 3889 4414 potuit,

2289 4430 2503 4484 occisus
2553 4446 2582 4484 a
2650 4431 2885 4485 sultanis
2939 4432 3298 4501 quihusdam,
3385 4435 3502 4490 sive
3548 4439 3894 4504 proceribus

2291 4525 2464 4593 regni,
2495 4526 2588 4591 qni
2622 4541 2745 4578 cum
2777 4525 3028 4579 ode-rant.
3052 4524 3332 4582 ilideinde
3351 4528 3596 4583 secundo
3627 4531 3892 4599 genitum

2291 4612 2494 4669 Scachi
2526 4613 2850 4671 Techtnasis
2901 4616 3070 4670 [ilium
3115 4616 3415 4683 lsmailem,
3461 4622 3582 4688 eius
3632 4625 3892 4680 nominis

2291 4707 2622 4774 secundum,
2655 4722 2685 4761 e
2723 4723 2949 4763 carcere
2994 4710 3321 4778 productum
3354 4725 3519 4779 regno
3547 4715 3889 4781 praeﬁciunt.

2288 4795 2490 4853 Fuerat
2514 4799 2660 4853 enim
2689 4816 2716 4854 a
2745 4811 2900 4871 patre
2931 4802 3219 4871 conjectus
3254 4804 3309 4856 in
3345 4817 3646 4868 carcerem,
3709 4822 3892 4877 prop.

2291 4902 2372 4946 ter
2393 4893 2761 4962 quorumdam
2789 4909 3078 4962 procerum
3116 4895 3445 4955 delationes.
3477 4907 3527 4950 et
3559 4895 3614 4950 in
3637 4913 3706 4952 eo
3756 4902 3891 4967 plu-

2289 4984 2441 5039 ribus
2471 4986 2630 5038 annis
2663 4985 2917 5039 haeserat.
2947 4983 3066 5038 Jam
3093 5001 3259 5056 regno
3287 4989 3518 5056 potitus,
3557 4998 3609 5042 ut
3661 4992 3892 5045 animos

2287 5092 2512 5132 suorum
2543 5079 2873 5146 exploraret,
2911 5095 2974 5134 ac
3021 5079 3326 5148 prmsertitn
3387 5091 3447 5134 ut
3473 5097 3882 5152 cognosceret,

2288 5169 2512 5238 quinam
2573 5178 2756 5241 essent
2815 5169 2889 5221 illi
2951 5171 3178 5234 sultani,
3227 5187 3462 5240 quorum
3521 5173 3766 5241 impulsu
3831 5191 3891 5229 et

2289 5261 2521 5316 consilio
2552 5261 2819 5314 custodite
2847 5263 3190 5330 mancipatus
3242 5279 3270 5317 a
3301 5275 3456 5332 patre
3511 5264 3728 5330 luisset,
3797 5287 3890 5322 se-

2286 5365 2496 5407 cretum
2518 5354 2571 5406 itt
2601 5354 2778 5406 locum
2799 5365 2976 5409 semet
3000 5356 3179 5417 abdit,
3203 5366 3254 5409 et
3279 5360 3643 5424 quorumdam
3677 5377 3883 5430 opera,

2287 5437 2487 5516 quibus
2512 5447 2748 5500 maxime
2810 5447 3034 5511 ﬁdebat,
3099 5459 3327 5501 mortem
3380 5466 3536 5504 suam
3597 5453 3889 5521 publicari

2286 5551 2466 5595 curat.
2497 5539 2624 5609 Ejus
2676 5540 2755 5593 rei
2792 5540 2932 5594 fama
2966 5541 3287 5595 diversostn
3322 5543 3606 5597 hominum
3663 5546 3893 5603 animis

2285 5642 2489 5696 motus,
2527 5641 2686 5700 prout
2727 5631 2954 5688 ali‘ectus
3003 5634 3057 5688 in
3081 5634 3352 5689 lsmailem
3377 5623 3614 5703 quisque
3647 5635 3893 5703 inissa,

2285 5725 2544 5780 excitavit
2573 5740 2585 5776 :
2616 5724 2670 5776 in
2722 5723 3054 5780 adversariis
3089 5733 3148 5780 et
3177 5724 3455 5780 hostibus
3486 5726 3759 5791 laetitiam,
3837 5733 3895 5783 in

2287 5816 2481 5872 amicis
2513 5816 2747 5872 luctum.
2782 5815 2895 5872 lloe
2941 5818 3104 5874 ntodo
3135 5817 3491 5888 prodentibus
3552 5830 3728 5876 seruet
3763 5821 3894 5878 iui-
