4126 6446
331 351 436 420 6⁵1⁸1

1408 349 1505 410 SU
1519 348 1791 411 PPLEM.
1828 347 2111 414 ANNAL.
2142 349 2460 415 TURCIC.

3502 362 3614 429 6⁸18

332 472 499 531 micis
523 485 592 526 ac
651 467 1021 533 delatoribus,
1081 465 1296 521 illatum
1339 467 1408 520 ab
1460 466 1680 521 tsntaile
1732 466 1927 520 mortis
1958 477 1997 529 Α
2030 466 2354 537 sangiacum
2389 469 2539 523 hunc
2566 468 2811 525 Cordum
2848 468 3240 543 Hadrianupoli
3263 475 3610 548 prehendere

333 569 669 641 supplicium
707 566 833 620 fuit.
865 563 1015 618 ldem
1066 579 1175 617 nou
1208 562 1460 618 sultanos
1499 563 1771 617 duntaxat
1819 563 1923 618 sibi

337 670 660 732 suspectos,
687 670 879 711 verum
904 652 1075 709 etiam
1099 655 1301 709 fratres
1328 667 1465 709 suos
1500 667 1716 714 omnes.
1766 665 1929 723 quot-

338 762 478 825 quot
500 749 747 807 nancisci
780 748 977 819 putuit,
1011 762 1044 801 e
1072 746 1254 801 medio
1283 745 1527 801 sustulit.
1553 747 1619 801 Et
1657 747 1786 816 quia
1828 747 1925 801 de-

342 847 564 901 ﬁciente
635 853 764 897 tunc
820 856 851 895 a
885 837 1087 894 Turcis
1126 840 1386 909 sangiaeo
1423 837 1661 908 quodam
1717 838 1926 902 Curtio,

347 940 419 993 de
446 950 560 1005 quo
574 949 706 989 mox
730 933 936 988 dicturi
965 945 1186 996 sumus,
1212 931 1384 1000 aliqui
1420 944 1679 999 proceres
1722 932 1925 986 lsrnaili

342 1035 800 1090 auctoreserant,
834 1033 898 1079 ut
963 1024 1116 1079 illum
1169 1023 1371 1078 Turcis
1429 1023 1676 1087 dederet,
1713 1039 1782 1077 ne
1826 1037 1926 1092 pax

340 1125 486 1178 inter
528 1131 826 1190 utramque
886 1128 1104 1189 gentem
1158 1117 1367 1172 dudum
1427 1117 1562 1172 inita
1606 1126 1932 1187 servataque

343 1216 665 1276 violaretur,
724 1227 833 1266 non
874 1212 1038 1266 modo
1090 1209 1344 1265 consiliis
1387 1223 1582 1264 eorum
1617 1224 1726 1265 non
1765 1209 1931 1265 obse-

343 1315 510 1362 cutus
535 1316 644 1369 est,
686 1318 878 1357 verum
904 1304 1071 1358 etiam
1100 1301 1335 1356 dedendi
1362 1300 1627 1370 supplicis
1654 1311 1932 1368 auctores,

345 1402 587 1469 luditque
654 1397 873 1451 Turcici
921 1396 1305 1461 dissuasores,
1383 1408 1546 1463 paena
1584 1394 1814 1463 capitis,
1874 1403 1933 1448 ut

342 1493 659 1563 proditores
708 1490 910 1545 aﬂ‘ecit.
943 1490 1062 1556 Qua
1126 1487 1368 1543 hominis
1414 1488 1708 1544 severitate
1764 1487 1933 1542 nimia

342 1587 591 1658 plerique
616 1584 863 1653 graviter
894 1580 1109 1643 oﬂ‘ens'i.
1159 1590 1319 1635 sexto
1348 1581 1501 1651 regni
1543 1594 1733 1637 mense
1766 1596 1933 1635 vene-

342 1693 479 1733 num
516 1677 592 1743 ei,
620 1675 830 1731 sororis
858 1687 1047 1743 opera,
1078 1674 1478 1743 propinarunt:
1515 1686 1628 1741 quo
1717 1671 1933 1735 hausto,

341 1774 532 1827 vitam'
555 1784 681 1824 eum
730 1777 908 1823 morte
939 1756 1342 1822 commutavit.

2029 562 2147 614 suis
2170 574 2296 614 cum
2320 560 2526 617 zausiis
2547 569 2781 617 conatur
2803 563 2860 618 in
2892 563 3095 620 sultani
3127 564 3360 624 Μαι-ιιιὶδ
3385 568 3431 625 ll
3464 580 3612 625 me‘s-

2029 654 2156 714 sita.
2191 652 2407 708 Curdus
2429 669 2491 709 se
2521 669 2647 709 cum
2688 655 2803 711 suis
2830 656 3159 724 defendens,
3205 658 3385 730 ipsum
3412 662 3615 719 ibidem

2031 742 2315 811 interlicit,
2349 746 2566 801 caeteris
2593 747 2790 817 partlnt
2817 748 3041 815 occisis,
3074 753 3272 820 partim
3294 754 3617 812 vulneratis.

2033 835 2146 890 llac
2174 836 2242 891 de
2260 851 2427 892 causa
2459 836 2691 894 Seliutes
2715 838 2791 905 ei,
2839 855 2964 896 cum
3009 844 3270 900 omnibus
3302 846 3437 911 suis,
3496 863 3619 904 cer-

2032 929 2183 983 vices
2212 931 2492 998 amputari
2534 930 2721 999 jussit.
2757 932 2894 988 Cum
2942 934 3037 991 illo
3084 934 3359 1009 jugulato.
3430 938 3620 994 fratris

2030 1022 2151 1085 eius
2175 1019 2324 1077 illius
2347 1023 2719 1080 successionis
2740 1022 2866 1094 jure
2888 1028 3267 1096 sangiacatum
3296 1031 3471 1101 ipsius
3491 1047 3619 1101 pos-

2034 1112 2264 1166 sideret:
2282 1112 2503 1182 quidam
2520 1113 2663 1169 alius
2686 1122 2923 1187 agnatus
2957 1117 3102 1171 adita
3120 1126 3276 1186 porta
3307 1119 3620 1189 Osmanica,

2035 1205 2232 1270 partim
2264 1204 2489 1272 oblatis,
2539 1207 2743 1275 partim
2781 1209 3075 1276 promissis
3108 1210 3429 1285 ingentibus
3457 1214 3620 1270 donis

2035 1305 2147 1349 tam
2190 1296 2296 1366 ipsi
2330 1297 2569 1359 sultano.
2597 1313 2765 1369 quam
2807 1302 3141 1360 consiliariis
3173 1303 3315 1374 ejus,
3339 1322 3479 1377 quos
3525 1323 3620 1361 vc-

2034 1391 2177 1444 zires
2210 1389 2506 1459 appellant,
2567 1391 2753 1461 agnati
2803 1393 2889 1449 sui
2933 1395 3313 1466 sangiacatnm
3359 1399 3614 1469 impetro.

2037 1480 2136 1535 vit.
2159 1482 2374 1537 Citatus
2408 1484 2546 1539 alter
2573 1483 2642 1539 ad
2673 1482 2919 1551 Portam,
2955 1489 3050 1559 qui
3076 1505 3189 1545 rem
3220 1508 3434 1546 omnem
3459 1494 3621 1548 intel-

2038 1572 2280 1635 lexisset,
2313 1574 2532 1645 sibique
2586 1587 2882 1644 metueret,
2917 1595 2985 1635 ne
3024 1581 3232 1653 absque
3294 1585 3453 1655 culpa
3520 1564 3637 1640 sua,

2037 1664 2204 1720 ferret
2225 1666 2473 1722 eamdem
2498 1682 2738 1738 pinnam.
2762 1685 2867 1741 qua
2895 1682 3124 1742 patruus
3152 1674 3377 1731 allectus
3406 1676 3579 1732 fuerat
3603 1692 3619 1730 :

2040 1758 2276 1812 lit‘Viiala
2308 1758 2653 1829 profectione
2677 1762 2742 1817 ad
2789 1762 3038 1829 Portam,
3099 1767 3257 1836 quasi
3304 1768 3373 1822 de
3416 1768 3622 1824 sultani

393 1863 674 1919 Anno983
696 1860 1053 1933 (Chr-.1576),
1077 1859 1388 1927 Stephanus
1409 1857 1935 1924 Batorius,Somlia-
1968 1835 2010 1892 Β
2040 1844 2268 1906 Selitnis
2303 1851 2607 1910 obtinenda
2666 1856 2840 1925 gratia
2867 1835 3191 1929 desperans,
3252 1867 3304 1916 In
3344 1861 3622 1918 Parthiam

340 1970 473 2020 nus,
502 1955 706 2011 nobilis
749 1954 1025 2023 Ungarus,
1060 1951 1396 2023 caeteroquin
1437 1951 1648 2007 heroici
1679 1952 1764 2007 vir
1809 1952 1932 2007 ani-

342 2047 445 2114 mi,
484 2047 574 2117 qui
605 2045 797 2115 paucis
826 2052 958 2100 ante
996 2043 1159 2099 annis
1204 2043 1481 2099 exstincto
1526 2040 1726 2098 Joanni
1761 2043 1936 2114 Sigis-

340 2140 558 2196 mundo
593 2137 888 2194 Erdeliano
920 2137 1061 2207 bego
1090 2138 1373 2207 (mortuus
1394 2133 1540 2190 enim
1578 2134 1627 2191 is
1660 2132 1761 2188 fuit
1786 2148 1934 2189 anno

344 2228 958 2303 Cjtﬁstianol57l.qui
1010 2228 1430 2284 Habutnetauus
1490 2234 1611 2282 erat
1671 2225 1780 2281 978
1807 2241 1933 2281 cum

350 2340 523 2383 onere
559 2324 746 2379 tributi
794 2322 1236 2392 annui,sultano
1290 2319 1769 2375 Musulmanorum
1823 2318 1938 2374 sol-

353 2422 536 2489 vendi,
586 2426 927 2476 successerat
958 2435 974 2485 ;
1007 2416 1489 2473 commendatione
1544 2415 1750 2469 sultani
1816 2408 1977 2469 Mu-'

349 2516 506 2579 ratis,
542 2513 752 2584 patroni
782 2513 890 2576 sui,
943 2510 1186 2565 Puloniae
1239 2524 1335 2563 rex
1398 2509 1581 2564 factus
1639 2515 1746 2573 est,
1807 2525 1934 2565 cum

344 2607 622 2664 Henricus
694 2603 944 2659 Valesius
1000 2602 1212 2667 Gallus,
1259 2610 1423 2672 quem
1475 2602 1654 2670 ipsum
1717 2616 1938 2672 quoque

343 2702 586 2757 Polouiu:
610 2714 778 2767 regno
815 2698 1045 2766 potitum
1132 2710 1296 2763 Opera
1321 2709 1419 2749 sua
1493 2694 1729 2749 Hurates
1779 2695 1938 2764 jacti-

350 2798 473 2850 tare
515 2795 750 2857 solt-bat,
782 2807 809 2843 a
832 2801 1003 2844 morte
1037 2789 1230 2843 Karuli
1256 2788 1443 2849 lt'atris
1471 2804 1503 2842 e
1533 2788 1757 2841 Polouia
1810 2804 1936 2856 pru-

346 2889 536 2960 l’ugus,
567 2891 635 2943 de
690 2884 966 2942 sententia
996 2899 1287 2953 procerum
1334 2882 1514 2953 'regno
1552 2881 1755 2937 luisset
1784 2882 1939 2937 abdi-

341 2993 528 3039 catus.

425 3075 629 3131 Eodem
664 3088 811 3129 anno
845 3069 1040 3128 Scaclti
1072 3067 1394 3125 Teclnuasis
1426 3070 1574 3125 lilius
1606 3068 1939 3140 primogeni-

2037 1942 2284 2013 prol‘ugit
2312 1945 2379 2000 ad
2412 1947 2675 2000 scachurn
2700 1947 2971 2005 lsmailem
3002 1955 3334 2021 secundum,
3363 1956 3458 2025 qui
3491 1966 3624 2011 tunc

2037 2051 2217 2092 rerum
2235 2041 2377 2108 apud
2403 2038 2631 2093 Parthos
2652 2042 2978 2118 potiebatur.
2998 2044 3293 2102 Sciendum
3321 2064 3473 2113 vero,
3500 2065 3625 2106 san-

2035 2128 2223 2198 giacos
2260 2130 2387 2186 illos
2411 2131 2750 2199 Curdorutn,
2777 2136 2909 2191 licet
2938 2137 3169 2208 imperio
3191 2141 3395 2196 sultani
3425 2142 3625 2198 Osma-

2038 2222 2181 2277 uide
2225 2225 2636 2292 contineantur,
2691 2243 2803 2283 non
2847 2239 3031 2286 tamen
3072 2234 3145 2287 ita
3176 2236 3400 2303 praeﬁci,
3430 2251 3625 2305 quem-

2037 2315 2336 2373 admodum
2401 2317 2495 2373 alii
2537 2323 2790 2389 sangiaci
2848 2322 3072 2379 solent:
3106 2327 3202 2380 sed
3259 2328 3468 2382 similes
3502 2344 3625 2385 esse

2039 2409 2304 2472 raivodis.
2340 2409 2456 2464 sive
2496 2412 2774 2480 palatinis,
2809 2423 2863 2469 et
2892 2417 3217 2485 praesidibus
3253 2418 3481 2487 Erdt-Iii,
3516 2419 3626 2477 Va-

2038 2501 2256 2566 lacltize,
2279 2502 2443 2574 367
2479 2502 2765 2561 Moldaviae
2790 2523 2803 2571 ;
2829 2522 2980 2576 quos
3013 2518 3239 2587 oportet
3292 2528 3417 2568 esse
3475 2514 3621 2569 ﬁlios

2040 2608 2355 2665 procerum,
2387 2598 2443 2651 in
2486 2597 2604 2667 ipsa
2635 2600 2863 2669 regione
2914 2605 3090 2673 patria
3123 2612 3306 2670 natos,
3329 2613 3386 2661 et
3416 2621 3448 2661 a
3502 2609 3622 2663 suis

2040 2689 2403 2758 optimatibus
2431 2705 2496 2745 ac
2524 2692 2743 2761 populis
2810 2694 3037 2752 electos.
3086 2696 3251 2752 Curdi
3310 2714 3439 2755 vero
3479 2700 3627 2756 haud

2039 2777 2211 2835 dubie
2234 2782 2443 2837 ducunt
2473 2783 2743 2853 originem
2783 2801 2814 2841 a
2843 2787 3117 2843 Chaldaeis
3139 2797 3193 2844 et
3215 2789 3629 2862 Mesopotamim

2041 2873 2282 2942 populis.
2320 2874 2451 2928 Nam
2482 2876 2534 2930 in
2562 2877 2884 2933 hodiernum
2912 2895 3089 2950 usque
3110 2880 3255 2936 diem
3280 2883 3436 2937 multi
3487 2883 3629 2939 Cur-

2042 2962 2240 3019 dorum
2270 2962 2548 3036 principes
2580 2950 2932 3038 reperiuntur
2963 2971 3018 3027 in
3046 2973 3269 3043 regione
3306 2973 3625 3046 Bagadatis.

2044 3071 2168 3127 qua:
2198 3057 2500 3130 Babylonia
2529 3062 2817 3118 veteribus
2847 3074 2954 3132 est,
2977 3074 3043 3149 et,
3071 3067 3473 3134 Carabemidat,
3505 3085 3630 3141 qua:

342 3178 443 3227 ωε
465 3167 835 3222 “uehemens
850 3158 1730 3236 cognominellodabendes,quod
1748 3158 1934 3215 Pana.
1969 3183 2014 3245 ο
2047 3151 2341 3245 Amida,et
2368 3152 2421 3207 in
2461 3153 2750 3210 Diarbt-kir
2783 3156 2902 3213 sive
2919 3158 3317 3229 Mesopotamia
3347 3178 3623 3232 :quarum

350 3278 476 3318 rum
502 3261 692 3331 lingua
711 3258 806 3315 Dei
825 3270 1044 3314 servum
1067 3254 1361 3326 signiﬁcat,
1388 3251 1619 3308 mortuis
1648 3252 1934 3318 fratribus,

354 3354 581 3410 liaidari
602 3351 825 3417 Mirisaa,
864 3356 1030 3420 atque
1056 3346 1265 3403 Ismaili
1288 3345 1551 3411 secundo,
1582 3344 1887 3402 succedens
1919 3363 1935 3412 ;

347 3450 481 3505 licet
517 3462 546 3502 a
586 3456 782 3500 natura
827 3444 1030 3515 quietis
1053 3441 1290 3510 cupidus
1315 3447 1483 3506 esset,
1510 3439 1827 3494 inchoatum
1857 3447 1938 3492 ta-

352 3557 484 3596 men
503 3539 573 3594 ab
595 3537 811 3594 lsmaile
839 3537 1007 3592 fratre
1038 3545 1236 3591 contra
1265 3534 1482 3590 Turcos
1516 3532 1721 3588 lellum
1750 3545 1939 3601 prose-

354 3636 451 3708 qui
474 3633 704 3691 statuit:
736 3634 878 3703 quod
907 3631 957 3687 ei
995 3630 1137 3686 ﬁlius
1161 3639 1307 3688 esset
1336 3630 1476 3687 emir
1512 3626 1665 3684 Cban
1697 3624 1934 3687 Mirises.

359 3731 547 3803 magni
572 3728 793 3800 juvenis
811 3726 1005 3790 animi,
1031 3724 1512 3795 gerendarumque
1532 3735 1717 3776 rerum
1745 3717 1939 3790 impri-

350 3827 461 3883 mis
484 3824 701 3880 avidus.
733 3821 892 3878 llunc
918 3820 1095 3890 copiis
1125 3820 1244 3874 suis
1274 3831 1531 3886 supremo
1551 3829 1678 3875 cum
1705 3812 1939 3883 imperio

340 3917 620 3992 praefecit.
679 3915 878 3971 Causae
903 3913 1034 3969 belli
1084 3912 1253 3966 variae
1301 3909 1549 3974 fuerunt,
1584 3922 1725 3978 quas
1772 3906 1938 3977 paulo

346 4013 520 4068 altius
548 4009 640 4064 hic
664 4017 1002 4078 repetemus,
1063 4016 1338 4073 nusquam
1373 4002 1442 4054 ab
1494 4000 1618 4055 aliis
1672 4000 1938 4055 hactenus

345 4111 426 4162 ita
446 4106 721 4176 proditas:
740 4100 975 4172 Operam
1005 4097 1153 4153 enim
1184 4094 1462 4159 dedimus,
1483 4103 1543 4148 ut
1570 4094 1623 4148 in
1655 4092 1771 4164 ipsa
1798 4090 1940 4148 'l‘ur-

345 4198 437 4251 cia
463 4195 593 4251 certi
618 4191 830 4264 aliquid
860 4193 927 4246 de
962 4189 1129 4245 rebus
1198 4187 1300 4241 ltoc
1336 4186 1477 4241 bello
1514 4183 1685 4255 gestis
1731 4197 1943 4255 cogno-

347 4304 639 4344 sceremus
677 4301 708 4340 a
754 4284 860 4341 ﬁde
907 4279 1456 4352 diguisbomiuibus,
1514 4276 1716 4346 spretis
1776 4277 1942 4348 vulgo

261 4449 271 4466 ,ι
346 4381 596 4451 iactatis,
631 4389 835 4447 perque
891 4373 1111 4428 litteras
1136 4369 1345 4441 sparsis
1373 4369 1503 4424 hinc
1554 4366 1681 4422 inde
1717 4381 1943 4422 rumus—

346 4473 517 4535 culis,
544 4481 597 4525 et
618 4481 801 4523 rerum
830 4476 1097 4518 novarum
1138 4473 1368 4514 nuntns.

2046 3242 2332 3312 regionum
2385 3245 2573 3315 populi
2621 3245 2859 3304 Chaldaei
2920 3260 3141 3306 suntet
3186 3252 3399 3324 Assyrii
3451 3254 3631 3312 Wauo

2039 3334 2501 3393 etSclteberezuli
2525 3340 2713 3409 vicini,
2753 3357 2819 3400 ac
2849 3342 3140 3402 Persarum
3174 3348 3241 3403 ad
3280 3348 3417 3405 lines
3452 3367 3633 3425 usque

2039 3439 2097 3480 se
2128 3429 2500 3497 porrigentes.
2523 3427 2795 3487 Praeterea
2835 3444 3078 3500 constat,
3113 3437 3327 3491 Arabes
3353 3437 3632 3510 hodieque

2037 3519 2349 3575 Cbaldacam
2393 3535 2592 3577 vocare
2641 3521 2872 3591 Keldan,
2914 3541 3079 3594 quant
3131 3524 3311 3582 Perire
3351 3544 3476 3584 cum
3523 3529 3628 3585 Os-

2040 3613 2275 3669 manicis
2308 3612 2733 3680 Curdistauum,
2790 3617 2899 3672 hoc
2928 3627 3036 3683 est,
3058 3634 3287 3690 regnum
3317 3622 3628 3677 Curdorum

2037 3705 2332 3777 appellant.
2359 3705 2424 3761 Et
2453 3722 2648 3764 omnes
2679 3708 2771 3785 isti
2806 3710 3168 3779 populisecue
3185 3720 3313 3767 sunt
3343 3712 3630 3769 Mabume-

2039 3807 2201 3854 tante.
2240 3798 2378 3855 Cum
2406 3800 2574 3872 igitur
2606 3801 2673 3855 ad
2705 3801 2903 3866 Persas
2949 3805 3242 3874 saugiacus
3273 3804 3365 3861 ille
3389 3804 3628 3871 Cordus,

2040 3892 2244 3962 dequo
2289 3891 2612 3949 diximusse
2642 3894 2993 3959 contulisset,
3037 3911 3143 3950 non
3203 3898 3367 3954 modo
3426 3901 3630 3969 peritu-

2041 3985 2277 4041 tuaniter
2309 4002 2434 4041 ettm
2461 3988 2674 4057 excepit
2703 3987 2885 4044 lsmail
2929 3991 3193 4057 scaclms,
3232 4007 3421 4047 verum
3456 3993 3622 4046 etiam

2039 4094 2259 4135 omnem
2319 4095 2476 4135 suam
2540 4095 2701 4152 opem
2742 4081 2820 4137 illi
2873 4083 2940 4139 ad
3003 4086 3436 4155 recuperandam
3515 4087 3630 4158 avi—

2042 4181 2150 4227 tam
2187 4173 2555 4247 patriumque
2581 4175 2849 4231 ditionem
2890 4176 3112 4232 obtulit.
3148 4176 3422 4236 linsrcves
3445 4188 3629 4235 autem

2042 4267 2227 4335 bassa,
2264 4269 2359 4340 qui
2396 4267 2557 4323 Ἐνίιηί
2598 4269 2954 4342 [initiumque
2991 4272 3232 4340 regionis
3270 4282 3381 4327 tum
3417 4273 3633 4343 begler-

2044 4361 2214 4430 ln-gus
2285 4371 2428 4425 erat,
2470 4362 2768 4434 creterique
2819 4364 3062 4431 saugiaci
3103 4364 3397 4431 limitanei,
3438 4366 3533 4434 qui
3563 4366 3629 4419 ad

2046 4453 2496 4524 bcglcrbcgutum
2546 4453 2719 4525 ipsius
2751 4456 3277 4530 pcrtinebangcum
3326 4456 3490 4510 hasce
3539 4471 3628 4511 res

430 4562 649 4619 lsmaile
680 4560 879 4615 scaclto
907 4554 1228 4627 superstite,
1267 4550 1488 4621 quidam
1518 4548 1812 4619 sangiacus
1843 4565 1940 4604 na-
1973 4548 2016 4601 D
2048 4546 2464 4612 intellexissent,
2510 4546 2768 4601 damnum
2795 4545 3032 4602 Persicis
3088 4547 3291 4601 ﬁnibus
3324 4561 3419 4615 per
3434 4561 3631 4605 excur-

345 4660 503 4714 tioue
549 4652 789 4717 Cordus,
841 4648 932 4704 cui
991 4660 1190 4702 nomen
1242 4640 1498 4697 Abdallas
1558 4641 1747 4710 begus,
1813 4654 1938 4695 cum

346 4745 717 4820 quasdamalt
746 4755 948 4798 causas
970 4738 1027 4794 in
1045 4737 1418 4807 suSpicionem
1461 4733 1722 4799 venisset,
1772 4732 1945 4802 impe-

345 4851 515 4899 rante
545 4840 771 4894 sultano
804 4832 1014 4888 Selirue
1048 4827 1116 4893 ll,
1152 4835 1310 4900 patre
1345 4824 1576 4879 Muralis
1600 4821 1692 4890 lll,
1746 4839 1946 4879 evoca-

349 4948 447 4993 tus
499 4935 680 4988 luerat
727 4943 759 4985 a
804 4927 1020 4983 sultano
1102 4922 1326 4984 Sclitne,
1361 4920 1465 4974 sub
1520 4920 1631 4973 alio
1653 4927 1941 4987 praetextu,

348 5028 455 5100 qui
492 5008 853 5081 barbarorum
916 5034 1035 5073 mos
1084 5024 1188 5080 est,
1219 5015 1285 5068 ad
1336 5012 1559 5068 Portam
1587 5012 1665 5067 uti
1718 5026 1778 5067 se
1806 5026 1943 5066 con-

346 5123 573 5179 ferret.
622 5113 812 5170 Paruit
870 5108 1072 5167 sultani
1124 5107 1384 5162 mandato
1431 5105 1670 5171 Curtius,
1738 5103 1944 5158 nullius

345 5212 468 5272 sibi
506 5212 681 5281 culpae
716 5221 999 5271 conseus,
1025 5215 1077 5259 et
1102 5199 1551 5271 Hadriampolim
1568 5196 1636 5253 ad
1664 5196 1943 5253 sultanum

351 5309 623 5365 Selimem
664 5304 834 5360 venit.
873 5302 1092 5356 Maudat
1125 5298 1381 5362 Selitnes,
1414 5306 1474 5350 ut
1501 5306 1696 5365 captus
1736 5294 1791 5349 in
1821 5309 1945 5349 car-

348 5416 541 5458 cerem
566 5398 953 5468 conjiceretur.
986 5393 1141 5448 Solet
1168 5392 1269 5446 hoc
1296 5389 1432 5454 ﬂeri,
1459 5403 1585 5443 cum
1619 5403 1825 5457 magna:
1849 5403 1948 5442 au-

348 5494 631 5549 ctoritatis
658 5492 741 5545 vel
766 5488 986 5543 familia:
1025 5484 1131 5540 viri
1181 5478 1624 5555 apprehendeudi
1672 5490 1821 5542 sunt,
1852 5494 1946 5549 per

349 5586 674 5642 zausiorum
706 5584 948 5643 l:as~am,
985 5578 1080 5649 qui
1105 5585 1300 5648 praeest
1329 5574 1524 5629 aulicis
1552 5572 1941 5659 nobilioribus,

352 5680 561 5750 qutbtis
584 5677 839 5732 sultanus
865 5671 1334 5727 Musulmanorum
1362 5667 1559 5733 utitur,
1587 5662 1945 5736 quernaduto.

350 5777 490 5828 dum
548 5771 823 5840 principes
875 5765 1045 5821 nostri
1123 5754 1943 5821 corumissariorum_variisitt

352 5860 529 5920 rebus
572 5857 937 5930 expe‘dittudis
999 5868 1187 5924 opera.
1245 5853 1382 5907 Dum
1438 5849 1750 5907 zausiorum
1784 5845 1945 5902 bassa

2034 4638 2448 4695 sionesinferre
2473 4646 2780 4710 cmperunt,
2803 4640 2945 4710 quod
2965 4638 3229 4702 dicerent,
3250 4637 3482 4692 lsmailis
3512 4652 3629 4693 sca-

2045 4732 2133 4787 cbi
2165 4731 2323 4800 culpa
2353 4738 2600 4786 mutuam
2627 4744 2817 4802 pacem
2872 4729 3130 4786 violatam
3165 4743 3309 4792 esse,
3363 4728 3459 4798 qui
3511 4728 3628 4782 sul-

2048 4824 2161 4879 teni
2209 4821 2979 4894 Musulmanoruml‘ugitivos
3004 4831 3059 4877 et
3100 4821 3408 4892 perduelles
3471 4837 3627 4878 suam

2050 4918 2105 4972 in
2172 4916 2401 4972 tutelam
2470 4927 2693 4971 contra'
2738 4916 2891 4987 pacis
2945 4915 3095 4986 leges
3142 4915 3468 4984 recepisset.
3521 4917 3630 4971 eis-

2049 5028 2153 5082 que
2207 5010 2547 5067 decrevisset
2608 5009 2888 5079 opitulari.
2950 5006 3067 5063 Huc
3100 5006 3229 5062 belli
3295 5007 3629 5078 gravissimi,

2047 5105 2192 5170 quod
2229 5105 2490 5161 hactenus
2514 5106 2654 5158 inter
2676 5102 2875 5156 Persas
2909 5113 2963 5156 et
2984 5100 3191 5157 Turcos
3223 5101 3450 5170 geritur,
3473 5116 3634 5155 exor-

2048 5197 2197 5252 dium
2241 5196 2362 5251 fuit.
2490 5190 2516 5196 ﬁ

2116 5290 2464 5343 Accedebant
2496 5299 2549 5341 et
2586 5286 2707 5339 alia:
2762 5300 2963 5348 causae,
2995 5284 3299 5354 praesertim
3330 5299 3393 5340 es
3440 5297 3637 5352 super-

2046 5383 2331 5437 stitionum
2381 5380 2646 5446 dissidiis,
2695 5393 2942 5448 vanaque
2969 5378 3310 5435 somniorum
3371 5380 3634 5433 observat-

2048 5477 2215 5545 tione,
2265 5475 2352 5530 cui
2403 5490 2538 5545 gens
2588 5473 2815 5529 Turcica
2857 5473 3085 5528 nimium
3139 5483 3405 5542 quantum
3464 5472 3638 5525 obuo-

2046 5542 2160 5624 xia'
2196 5579 2302 5633 est,
2359 5569 2624 5625 collectae.
2663 5564 2800 5621 Nam
2857 5576 2984 5622 ante
3042 5565 3338 5622 triennium
3367 5581 3459 5634 per
3491 5564 3637 5619 Aun-

2051 5665 2233 5717 toliatu
2289 5663 2493 5732 passim
2554 5663 2760 5732 aliquot
2813 5661 3030 5717 illorum
3068 5661 3279 5735 tillillitt,
3314 5662 3407 5731 qui
3458 5656 3671 5717 sars‘

2049 5753 2319 5819 Turcicis,
2350 5770 2650 5823 eorumque
2700 5753 3007 5856 disciplinis
3068 5769 3132 5809 ac
3177 5754 3378 5809 studiis
3424 5755 3641 5809 incum-

2050 5846 2676 5919 buut(scb0pltlalarios
2727 5847 2830 5916 ipsi
2851 5844 3085 5917 ‘dicunt)
3142 5859 3265 5903 sese
3320 5859 3635 5900 commove-
