4126 6428
404 380 503 446 68‘!

1519 363 1894 442 's‘UPerI.
1934 369 2210 444 ικκκλῐ..
2248 368 2546 446 TUumc.

3569 395 3679 460 68.2

406 522 436 556 ιι
477 519 502 556 s
549 498 740 552 ordine
777 496 1148 555 morerentur,
1197 501 1359 561 atque
1409 495 1480 548 ita
1507 497 1722 550 tandem
1752 499 1831 551 eis
1865 513 1988 553 suc-
2019 506 2062 560 Α
2095 509 2259 568 patet,
2315 503 2456 571 apud
2513 501 2724 557 Turcos
2776 503 2950 572 pluris
3012 502 3354 562 Christianos
3415 510 3677 583 religione

402 597 666 655 cessisse.
734 591 871 646 Cum
941 606 1068 660 ergo
1125 599 1234 644 tres
1293 589 1382 644 isti
1434 599 1621 643 contra
1681 605 1994 659 supremum

406 687 646 757 elogium
699 683 1008 737 testamenti
1066 689 1506 750 prmccptnmqttc
1561 681 1833 750 propheta:
1881 679 1995 733 Ma-

411 781 653 834 humeris
688 775 1041 844 deliquerint,
1112 773 1315 827 nullam
1362 775 1427 828 iis
1476 772 1656 828 Persre
1700 775 1856 828 fi‘em
1903 776 1997 827 ad-

419 877 621 936 hibent,
674 886 794 941 qua:
836 885 868 923 a
933 869 1109 921 tribus
1155 866 1262 919 illis
1323 866 1405 917 vel
1469 866 1666 918 tradita
1713 879 1864 927 voce,
1919 864 1998 916 vel

415 971 712 1022 litterarum
745 962 1117 1015 monumentis
1155 961 1364 1026 prodita
1408 969 1557 1012 sunt.
1607 959 1722 1012 lmo
1767 961 2000 1012 ubicun-

412 1076 517 1128 quc
560 1058 730 1111 libros
786 1055 1028 1123 ipsorum
1088 1063 1141 1105 ct
1195 1053 1397 1120 scripta
1457 1051 1756 1119 reperiunt,
1815 1051 1998 1106 confc-

415 1153 537 1203 stim
591 1148 828 1203 ﬂammis
888 1155 1145 1211 exurunt,
1216 1155 1270 1198 ct
1328 1144 1627 1198 crudeliter
1693 1145 1745 1197 in
1805 1147 1994 1199 eorum

413 1244 794 1295 observatores
876 1240 1343 1294 animadvertunt.
1403 1237 1566 1290 Iidem
1633 1235 1812 1291 Persae
1878 1253 1998 1292 sca-

411 1333 576 1385 chum
605 1332 719 1384 sive
753 1345 929 1399 regem
985 1345 1144 1384 suum
1202 1329 1452 1392 adorant,
1502 1336 1556 1380 et
1607 1329 1677 1380 ita
1736 1343 1999 1380 veneran-

414 1435 524 1488 tur,
566 1438 628 1476 ac
661 1423 705 1476 si
732 1423 866 1476 deus
888 1421 1158 1492 quispiam
1186 1429 1435 1474 terrenus
1466 1429 1635 1474 esset.
1687 1416 1806 1472 Non
1831 1419 1994 1474 etiam

414 1512 705 1581 quinquies
731 1511 966 1566 interdiu
1001 1519 1280 1580 noctuque
1311 1509 1520 1579 precari
1555 1509 1754 1574 solent,
1805 1505 2000 1563 Osma-

413 1605 661 1657 uicorum
692 1619 866 1666 more,
899 1604 992 1658 sed
1041 1603 1212 1659 semel
1245 1603 1534 1658 dumtaxat.
1564 1601 1646 1656 Ad
1698 1616 1994 1666 summam,

408 1687 712 1751 sectatores
768 1705 900 1748 sunt
953 1695 1235 1764 religionis
1281 1709 1311 1748 a
1351 1694 1578 1748 doctore
1629 1693 1862 1763 quodam
1919 1693 2000 1747 eis

413 1787 647 1854 traditae,
679 1787 767 1840 cui
799 1801 997 1841 nomen
1025 1786 1125 1840 fuit
1153 1786 1445 1842 scheiches
1480 1785 1718 1843 llaidar:
1779 1795 1831 1838 et
1878 1785 1997 1846 qui—

2102 595 2371 658 diversos,
2404 610 2566 664 quam
2591 595 2784 651 Persas
2813 597 3140 653 Malmmetis
3175 602 3415 658 Cultores
3446 605 3585 664 fieri.

2179 687 2456 756 Expositis
2480 689 2605 742 belli
2639 689 2820 744 causis
2857 701 2909 744 et
2937 692 3130 760 initiis,
3163 703 3218 749 et
3259 696 3473 765 plenius
3515 699 3683 770 369

2100 782 2318 850 quidem
2355 796 2418 836 ac
2451 782 2655 848 Verius,
2680 799 2842 852 quam
2882 787 3116 840 antehac
3138 789 3436 856 priestitum
3465 806 3494 844 a
3539 808 3682 861 quo-

2101 884 2265 942 quam
2291 877 2384 938 sit,
2407 875 2566 942 cujus
2595 877 2813 942 quidem
2840 878 2993 931 labor
3048 880 3099 930 in
3137 880 3412 948 publit-um
3445 884 3675 952 exierit,

2103 983 2247 1019 nunc
2271 967 2335 1020 ad
2364 968 2514 1033 ipsas
2541 967 2683 1021 bello
2715 980 2895 1038 gestas
2927 987 3014 1025 res
3041 972 3394 1027 accedamus.

2176 1058 2386 1111 Dictum
2419 1060 2695 1127 superius,
2746 1061 3061 1115 inchoatum
3108 1061 3274 1117 fuisse
3314 1065 3510 1118 bellum
3574 1067 3683 1118 sub

2102 1144 2318 1198 fsmaile
2350 1147 2612 1210 secundo,
2651 1149 2853 1202 scacho
2879 1149 3199 1204 Persarum:
3225 1167 3334 1219 quo
3365 1167 3471 1224 non
3505 1155 3678 1206 multo

2104 1248 2218 1307 post
2250 1247 2490 1302 mortuo,
2519 1239 2641 1292 licet
2672 1238 2838 1293 frater
2864 1251 2918 1294 et
2943 1255 3230 1296 successor
3276 1243 3327 1296 iu
3361 1259 3528 1312 regno
3554 1258 3680 1297 sca-

2101 1333 2237 1383 chus
2296 1327 2666 1384 Huchemetes
2724 1330 3078 1387 llodabendes
3133 1344 3371 1399 emptum
3428 1350 3456 1388 a
3512 1335 3679 1390 fratre

2102 1421 2303 1474 bt'lium
2339 1421 2596 1491 prosequi
2627 1423 2984 1488 decrevisset,
3013 1433 3195 1480 tamen
3223 1436 3282 1481 ut
3329 1443 3394 1483 eo
3441 1429 3682 1498 paratior

2101 1510 2407 1575 accederet,
2446 1511 2592 1565 aliud
2639 1513 2935 1582 agendum,
2993 1523 3047 1570 et
3103 1515 3251 1570 aliud
3309 1517 3678 1576 simulandum

2101 1600 2276 1685 duxit,
2311 1616 2480 1671 regno
2511 1605 2810 1673 praisertim
2849 1620 2953 1660 non
2987 1605 3058 1660 ita
3091 1606 3300 1675 pridem
3347 1609 3520 1676 adito,
3577 1627 3682 1667 nec

2102 1694 2237 1748 satis
2268 1694 2446 1750 adlmc
2469 1696 2790 1765 compositis
2837 1697 3023 1762 rebus,
3057 1714 3196 1768 quas
3226 1698 3457 1757 lsmailis
3514 1711 3682 1757 teme-

2104 1787 2250 1840 raria
2291 1789 2592 1845 crudelitas
2639 1805 2748 1845 non
2797 1805 2990 1861 parum
3051 1794 3424 1862 perturbarat.
3495 1796 3684 1866 Itaque

410 1880 534 1933 dam
575 1894 642 1932 ex
691 1879 826 1948 ipsis
886 1878 1117 1932 alterius
1178 1893 1398 1949 quoque
1454 1878 1696 1932 doctoris
1755 1878 2002 1948 vestigiis
2035 1880 2076 1935 Β
2108 1877 2538 1936 moderationem
2567 1883 2861 1952 quamdam
2897 1899 3007 1953 pra:
3036 1901 3094 1940 se
3122 1886 3325 1954 ferens,
3361 1901 3469 1957 qua
3506 1890 3684 1943 turbis

413 1973 695 2036 insistunt,
727 1986 886 2041 quem
927 1973 1190 2026 imamum
1247 1970 1523 2026 llarustim
1577 1971 1871 2041 appellant.
1923 1961 2014 2022 ηε·

407 2067 522 2122 duo
568 2067 823 2121 doctores
849 2066 931 2120 vel
983 2066 1168 2119 imami
1211 2065 1541 2121 exstiterunt
1576 2066 1630 2120 in
1669 2066 1802 2120 urbe
1857 2062 1989 2118 Pcr-

410 2176 596 2214 sarum
633 2161 800 2225 fteza,
837 2175 947 2226 quo
973 2171 1218 2227 tempore
1240 2157 1496 2212 vixerunt
1528 2157 1765 2221 Erdebil,
1790 2153 1992 2210 Usum-

416 2252 673 2308 cbasanis
721 2252 907 2306 scachi
955 2250 1246 2306 Persarum
1301 2265 1489 2321 gener,
1542 2260 1596 2306 et
1629 2254 1862 2305 scachus
1911 2249 1990 2303 ls-

420 2347 574 2408 mail,
605 2345 723 2414 ejns
757 2344 994 2398 nominis
1024 2344 1254 2413 prinms,
1287 2343 1554 2398 Erdebilis
1588 2342 1752 2408 filius,
1783 2341 1991 2398 Usum-

420 2440 674 2493 ehasanis
704 2454 767 2493 ex
807 2437 1012 2491 Martha
1041 2438 1150 2490 tilia
1213 2451 1403 2506 nepos.
1441 2435 1690 2506 Cumque
1740 2436 1991 2490 doctores

421 2531 474 2585 hi
506 2539 615 2584 tam
649 2531 1054 2592 concionanoo,
1090 2546 1252 2600 quam
1311 2529 1624 2596 scribendo,
1679 2545 1740 2582 ea
1795 2543 1994 2597 propo-

416 2625 678 2688 suissent,
708 2639 830 2691 quae
855 2623 1115 2688 diximus,
1156 2624 1264 2677 duo
1297 2623 1373 2676 illi
1425 2623 1722 2692 principes,
1775 2620 1994 2675 Erdebil

413 2726 472 2772 et
517 2717 739 2780 lsmail,
778 2726 930 2784 pater
981 2725 1036 2769 et
1091 2715 1253 2778 filius,
1321 2729 1512 2770 eorum
1563 2713 1864 2768 doctrinam
1911 2727 1992 2766 sev

412 2820 671 2878 etamque
719 2812 1021 2877 probarunt
1068 2820 1123 2862 et
1167 2807 1398 2876 amplexi
1444 2816 1592 2862 sunt.
1618 2810 1693 2874 Ac
1746 2807 1837 2858 lilii
1877 2807 1996 2875 qui-

419 2903 544 2957 dem
599 2902 856 2966 lsmailis,
915 2913 1272 2971 cognomento
1326 2899 1579 2970 Sephini,
1639 2915 1703 2954 ea
1765 2898 1996 2953 felicitas

427 2996 554 3062 fuit,
589 3006 648 3051 ut
681 3011 834 3050 novae
864 2995 1160 3067 religionis,
1189 3011 1352 3066 quam
1383 2992 1681 3064 Sophinam
1708 3001 1997 3057 vocarunt,

429 3091 574 3144 fama
593 3090 996 3145 confluentibus
1042 3090 1108 3144 ad
1144 3091 1322 3158 ipsum
1376 3088 1576 3158 parvis-
1619 3087 1796 3150 initio,
1845 3085 2000 3140 dein-

419 3187 486 3239 de
522 3184 824 3253 majoribus
848 3182 1127 3237 hominum
1162 3181 1356 3252 copiis,
1417 3181 1634 3234 tandem
1659 3179 1862 3249 praeliis
1915 3179 1998 3231 vi-

2099 1969 2241 2023 iuter
2297 1981 2588 2043 utramque
2643 1985 2861 2046 gentem
2908 1992 3077 2047 nuper
3114 1978 3324 2032 exortis
3380 1979 3682 2034 remedium

2076 2059 2298 2117 'aﬂ‘erre
2324 2075 2586 2133 cuperet:
2626 2066 2834 2136 legatos
2865 2083 2991 2123 curn
3049 2069 3248 2126 litteris
3298 2071 3362 2125 ad
3399 2073 3679 2127 sultanum

2099 2153 2360 2209 Muratem
2406 2157 2574 2224 misit,
2638 2160 2840 2228 quibus
2887 2162 3256 2231 signifmahat,
3308 2180 3590 2234 nunquam
3623 2181 3684 2221 se

2103 2246 2286 2301 fratris
2321 2248 2372 2302 in
2432 2250 2806 2321 abrumpenda
2856 2269 2989 2323 pace
3045 2255 3335 2310 consilium
3397 2257 3680 2326 probasse,

2101 2340 2192 2393 sed
2220 2340 2270 2393 in
2301 2341 2492 2410 primis
2535 2344 2638 2398 hoc
2691 2360 2909 2414 semper
2968 2348 3333 2414 desiderasse,
3390 2350 3468 2403 uti
3511 2351 3684 2405 semel

2103 2435 2244 2485 inter
2289 2445 2578 2502 utramque
2633 2435 2897 2491 familiam
2954 2440 3278 2505 constituta,
3338 2449 3525 2511 totque
3567 2442 3682 2511 jam

2104 2527 2171 2577 ab
2194 2527 2350 2581 annis
2393 2528 2543 2580 culta
2578 2545 2680 2598 pax
2723 2541 2774 2584 ct
2840 2533 3087 2588 amicitia
3145 2543 3357 2599 nmtua,
3417 2543 3684 2604 perpetuo

2105 2631 2548 2674 conservaretur.

2175 2712 2450 2766 Abaltcra
2515 2723 2670 2784 parte
2724 2713 2989 2779 Murates,
3059 2717 3152 2786 qui
3211 2733 3394 2773 veram
3438 2717 3688 2774 crederet

2065 2797 2496 2871 expositionem
2521 2822 2585 2862 ac
2631 2805 3058 2862 declarationem
3122 2809 3482 2864 iudicatorum
3538 2825 3688 2866 som-

2107 2899 2349 2961 niorum,
2392 2907 2447 2952 et
2504 2899 2641 2954 citra
2694 2899 3161 2955 intermissionem
3208 2901 3276 2955 ad
3335 2901 3684 2956 inferendum

2107 2990 2283 3046 Persis
2305 2992 2572 3048 haereticis
2620 2992 2820 3049 bellum
2877 2995 3271 3052 accenderetur
3320 3010 3348 3048 a
3412 2995 3686 3064 praedictis

2108 3082 2361 3136 scheiche
2381 3092 2545 3152 atque
2574 3083 2791 3152 hoggia,
2821 3083 2977 3139 flocci
3002 3085 3312 3154 legationes
3356 3099 3422 3139 ac
3474 3086 3686 3140 litteras

2109 3175 2290 3228 scachi
2321 3173 2680 3232 Muchemetis
2706 3176 2984 3232 faciebat:
3045 3177 3290 3248 adeoque
3343 3178 3430 3231 vix
3483 3177 3687 3232 auditis

419 3284 538 3328 ctos
570 3271 863 3328 Persarum
922 3287 1098 3340 reges,
1145 3269 1407 3339 Jacupem
1465 3269 1794 3324 avunculum
1837 3282 1996 3322 suum
2024 3267 2070 3330 C
2109 3267 2300 3337 legatis
2333 3267 2656 3337 imperabat,
2683 3276 2743 3322 ut
2771 3283 3098 3325 numerosus
3123 3284 3188 3324 ac
3239 3279 3550 3339 praepotens
3594 3284 3686 3324 co-

425 3368 659 3435 ejusque
685 3367 854 3420 filium
886 3366 1192 3428 Alvantem,
1231 3363 1514 3428 occiderit,
1546 3379 1608 3419 ac
1645 3362 1748 3418 sibi
1773 3376 2001 3433 regnum

429 3457 745 3526 subiecerit,
794 3459 859 3511 ad
910 3465 1160 3525 posteros
1211 3456 1374 3511 etiam
1428 3454 1691 3525 dignitate
1753 3454 1900 3523 regia
1948 3452 2001 3506 in

429 3551 582 3604 inme
611 3563 780 3619 usque
801 3551 943 3605 diem
980 3560 1298 3619 propagata.
1351 3545 1716 3602 Nihilominus
1768 3546 1844 3598 illi
1895 3544 2005 3598 duo

427 3643 720 3698 Persarum
743 3643 919 3696 imami
938 3647 1054 3697 sive
1105 3642 1376 3703 doctores,
1402 3637 1606 3692 llaidar
1647 3645 1702 3691 et
1726 3633 2002 3700 Harustis,

425 3751 537 3790 non
587 3734 1001 3792 Osmanicorum
1037 3735 1322 3796 duntaxat,
1348 3745 1537 3786 verum
1572 3730 1736 3786 etiam
1770 3729 2002 3784 aliorqu

421 3830 937 3886 Mahnmetanorum
992 3827 1377 3882 exsecratione
1425 3825 1761 3879 damnantur
1787 3832 1896 3878 tam
1948 3823 2002 3877 in

424 3925 683 3979 Barbaria
724 3925 808 3980 vel
855 3922 1057 3985 Africa,
1079 3937 1242 3992 quam
1269 3921 1322 3976 in
1343 3919 1524 3976 Keziis
1549 3919 2007 3977 bassailatissimo

421 4019 674 4088 imperio,
703 4018 796 4088 qui
848 4031 1080 4086 magnus
1132 4015 1456 4068 Tatarorum
1523 4017 1661 4067 chau
1717 4011 2006 4068 Chitaiuus

424 4114 588 4181 vulgo
638 4112 863 4167 dicitur.
917 4112 1027 4164 Has
1057 4123 1248 4164 omnes
1299 4109 1463 4177 igitur
1516 4109 1586 4162 ob
1637 4121 1834 4162 causas
1870 4109 2006 4161 adeo

426 4206 611 4260 Persis
647 4204 831 4260 infesti
857 4212 988 4258 sunt
1043 4201 1345 4265 Osmanici,
1379 4209 1439 4255 ut
1492 4202 1684 4256 horum
1740 4200 2004 4268 muphtis,

423 4298 531 4352 hoc
549 4307 650 4362 est,
681 4297 993 4366 patriarcha
1024 4295 1109 4349 vel
1150 4309 1400 4348 summus
1443 4293 1705 4360 pontifex,
1758 4293 1897 4346 hanc
1943 4293 2007 4345 de

422 4391 562 4458 ipsis
602 4388 934 4443 sententiam
971 4388 1154 4441 tulerit
1186 4402 1201 4438 :
1240 4388 1449 4454 gratius
1481 4388 1735 4439 nimirum
1768 4395 1821 4439 et
1847 4400 2003 4439 acce~

417 4473 573 4551 ptius
601 4495 723 4534 esse
749 4481 882 4542 Deo,
915 4479 1194 4548 religionis
1224 4478 1619 4532 Malmmetanm
1664 4491 1826 4531 causa
1871 4476 2001 4530 Pcr-

2108 3368 2328 3430 geretur
2351 3360 2652 3416 exercitus.
2685 3360 2997 3416 Accedebat
3041 3363 3312 3432 impulsor
3375 3360 3537 3426 alius,
3588 3376 3691 3416 nec

2109 3453 2292 3508 minus
2324 3469 2470 3519 acer,
2501 3455 2780 3511 llusreves
2822 3456 2978 3510 bassa
3014 3453 3346 3512 Wauensis:
3403 3458 3497 3528 qui
3551 3472 3690 3525 quo-

2108 3545 2237 3598 tidie
2265 3546 2582 3601 veredarios
2602 3563 2726 3604 cum
2761 3549 2956 3603 litteris
2977 3549 3512 3619 Constantinopolim
3553 3554 3687 3606 mis-

2109 3637 2331 3701 sitabat,
2363 3653 2461 3707 per
2485 3653 2622 3706 quas
2663 3639 2874 3695 litteras
2921 3644 3200 3694 sultanum
3249 3640 3514 3698 Muratem
3571 3659 3690 3697 cer-

2108 3732 2298 3786 tiorcm
2325 3733 2604 3799 reddebat,
2633 3747 2825 3801 reapse
2849 3732 3043 3788 Persas
3060 3748 3252 3803 pacem
3279 3749 3384 3790 non
3406 3744 3686 3804 expetere,

2108 3825 2203 3878 sed
2227 3824 2365 3880 dicis
2417 3825 2684 3880 duntaxat
2743 3840 2932 3888 causa.
2992 3827 3204 3884 litteras
3266 3839 3320 3884 et
3371 3829 3578 3900 legatos
3617 3831 3685 3883 ad

2111 3919 2329 3972 Portam
2357 3917 2595 3984 misiSSe,
2627 3934 2735 3988 quo
2759 3920 2970 3973 scilicet
3002 3935 3206 3974 moram
3243 3921 3683 3992 interponerent,

2111 4027 2278 4081 seque
2304 4011 2546 4082 gerendo
2571 4011 2717 4066 bello
2751 4011 2915 4066 rebus
2946 4012 3014 4066 ab
3055 4013 3314 4071 omnibus
3368 4014 3686 4068 instructio-

2111 4119 2198 4158 res
2228 4105 2525 4162 efficerent.

2179 4195 2338 4248 Anno
2401 4194 2784 4250 Mahumetano
2859 4195 2964 4250 981
3016 4195 3171 4267 (Chr.
3235 4196 3388 4264 i577)
3455 4202 3688 4254 scachus

2112 4288 2481 4342 Mucltcmetes
2511 4303 2636 4344 cum
2673 4288 2742 4344 iis
2785 4289 3022 4358 populis,
3088 4304 3321 4356 quorum
3391 4290 3689 4358 imperator

2113 4384 2267 4448 longe
2297 4379 2542 4434 omnium
2577 4389 2690 4438 toto
2731 4387 3005 4434 terrarum
3058 4383 3192 4434 Orbe
3247 4382 3684 4448 potentissimus.

2113 4470 2217 4526 Ulu
2251 4471 2399 4525 Cban
2429 4469 2736 4537 Chitaiuus,
2773 4480 2829 4525 et
2853 4471 3052 4526 Kezies
3094 4471 3252 4545 hassa
3303 4474 3686 4539 cognominari

418 4589 542 4630 sam
571 4589 739 4626 unum
763 4573 962 4635 occidi,
1018 4572 1145 4625 licet
1197 4569 1533 4639 professione
1585 4568 2004 4622 Mahumetanus
2039 4607 2078 4660 ο
2112 4565 2271 4627 solet,
2294 4561 2472 4617 fmdus
2502 4563 2645 4629 iniit,
2673 4578 2878 4632 eosque
2896 4563 2997 4617 sibi
3022 4561 3165 4616 bello
3221 4570 3412 4617 contra
3469 4564 3684 4618 Turcos

414 4668 514 4731 sit,
542 4681 703 4734 quam
747 4665 792 4718 si
843 4665 969 4734 quis
995 4666 1063 4718 70
1108 4662 1476 4726 Christianos,
1529 4676 1560 4714 a
1601 4660 1999 4715 Malmmetanis

416 4760 483 4814 in
514 4759 778 4827 religione
808 4771 1036 4826 prorsus
1060 4753 1415 4820 dissidentes,
1478 4753 1789 4806 interficiat.
1820 4737 2001 4806 Deni-

421 4867 537 4921 que
575 4857 794 4904 constat
833 4849 883 4901 id
922 4847 1205 4916 temporis,
1235 4861 1360 4901 cum
1414 4845 1642 4899 illustris
1667 4856 1720 4897 et
1779 4858 2002 4914 genero-

429 4958 530 4998 sus
569 4941 804 4994 Cwsaris
837 4937 1282 4991 Christianorum
1348 4935 1414 4988 ad
1475 4933 1695 4986 i’ortam
1752 4933 2003 4988 Osmani~

425 5047 554 5087 cam
596 5041 805 5095 orator,
873 5029 1104 5083 Davidcs
1157 5024 1500 5097 Ungnadius,
1556 5025 1698 5079 Baro
1755 5023 2004 5079 Sonncc-

427 5127 640 5187 ciacus,
701 5120 1174 5188 Constantinopoli
1233 5119 1602 5182 discessurus,
1669 5125 1722 5171 et
1785 5121 2004 5171 sultano

430 5215 905 5268 Mnsulmanurum
936 5211 1304 5264 valcdicturus
1332 5215 1472 5272 erat,
1499 5206 1744 5262 eamdem
1779 5208 1849 5261 ob
1878 5220 2010 5260 cau-

429 5321 554 5362 sam
585 5306 818 5374 legatum
847 5304 1009 5356 etiam
1047 5300 1326 5358 Persicum
1355 5300 1420 5354 ad
1451 5297 1716 5352 Divannm
1763 5314 1822 5354 se
1877 5313 2008 5352 con-

430 5399 651 5454 tulissc.
687 5397 842 5451 Hunc
873 5395 1032 5466 paulo
1063 5394 1244 5452 serius
1291 5391 1588 5448 adveniens
1613 5400 1794 5445 orator
1822 5390 2005 5445 Caesa-

433 5494 512 5547 ris
541 5493 713 5545 nostri
745 5491 926 5543 locum
955 5491 1214 5556 primum,
1247 5486 1352 5540 sibi
1379 5486 1650 5547 debitum,
1710 5498 2010 5552 occupasse

433 5584 808 5652 conspicatus,
847 5579 1143 5635 iusalutato
1173 5579 1414 5641 sultauo,
1449 5577 1796 5632 discessurus
1853 5589 2007 5643 erat;

434 5681 527 5733 Sed
552 5679 913 5732 Mechemctcs
947 5676 1108 5729 bassa
1133 5676 1518 5744 vezirazeme‘s,
1573 5672 1731 5741 cujus
1781 5674 2010 5726 mentio-

436 5790 558 5827 nem
607 5772 858 5834 fecimus,
915 5785 976 5823 ea
1031 5783 1089 5822 re
1123 5767 1525 5832 animadversa,
1582 5765 1825 5832 Persam,
1887 5767 2010 5820 licet

439 5869 906 5926 Meliumetanum,
940 5863 1200 5916 inferiore
1237 5863 1355 5913 loco
1391 5863 1579 5917 sedere
1635 5861 1820 5932 jussit.
1856 5857 2009 5913 Unde

645 5967 917 6023 PATROL.
946 5965 1068 6023 Gn.
1108 5955 1294 6018 CLIX

2109 4658 2348 4728 gerendo
2375 4657 2556 4712 socios
2610 4657 2895 4722 adjuuxit,
2946 4655 3160 4710 tametsi
3235 4655 3467 4723 majores
3519 4657 3688 4726 ipsius

2105 4752 2362 4804 continua
2401 4765 2523 4803 cum
2560 4750 2639 4804 cis
2693 4751 2830 4803 bella
2868 4750 3192 4819 gessissent.
3243 4748 3391 4803 Licet
3420 4751 3565 4802 enim
3633 4761 3687 4801 et

2108 4843 2208 4911 ipsi
2239 4842 2614 4897 Malmmetani
2645 4852 2795 4907 sunt,
2823 4856 3001 4899 tamen
3045 4843 3378 4912 quibusdam
3436 4843 3502 4898 de
3557 4845 3685 4897 reli-

2107 4936 2266 5005 gione
2295 4935 2624 4990 sententiisa
2661 4935 2841 4990 Persis
2873 4936 3206 5004 discrepant.
3250 4935 3451 4990 Habuit
3509 4939 3678 4992 etimi

2108 5036 2302 5095 prmter
2342 5028 2439 5082 hos
2484 5030 2795 5096 complures
2824 5041 2894 5082 ex
2948 5028 3082 5097 ipsis
3113 5027 3313 5082 Turcis
3342 5045 3446 5082 non
3501 5045 3682 5099 parva:

2107 5121 2453 5174 auctoritatis
2480 5119 2795 5182 auxiliares,
2823 5119 2913 5188 qui
2934 5119 3003 5172 ab
3034 5119 3154 5174 aliis
3186 5119 3383 5174 Turcis
3437 5120 3686 5174 Osmani-

2046 5282 2054 5289 θ
2110 5212 2264 5268 cisin
2297 5213 2575 5280 religionis
2626 5211 2887 5280 opinione
2935 5211 3295 5274 dissidebant,
3364 5222 3417 5265 et
3459 5214 3523 5265 ad
3584 5212 3687 5264 So-

2112 5303 2307 5373 phinos
2333 5302 2688 5358 inclinabant.
2730 5302 2971 5370 Denique
3021 5318 3126 5356 non
3184 5303 3407 5371 exiguas
3448 5317 3477 5354 a
3516 5301 3687 5354 Geor-

2111 5392 2289 5460 gianis
2339 5407 2561 5460 quoque
2609 5392 2793 5460 copias
2853 5391 3182 5458 impetravit,
3231 5391 3323 5460 qui
3385 5391 3687 5458 antiquitus

2113 5482 2250 5536 lberi
2277 5483 2618 5550 dicebautur,
2651 5491 2705 5536 et
2729 5482 3050 5554 religionem
3081 5484 3450 5538 Christianam
3499 5485 3685 5538 hodie-

2113 5594 2219 5646 que
2261 5577 2600 5647 profitentur,
2637 5577 2888 5631 nonnihil
2917 5588 3097 5632 tamen
3126 5595 3154 5632 a
3183 5578 3383 5634 Grzecis
3406 5587 3461 5634 ct
3480 5581 3684 5634 nostris

2114 5671 2465 5725 dissidentes.
2501 5671 2852 5744 Principibus
2879 5672 3111 5727 diversis
3148 5683 3359 5742 parent.
3393 5687 3444 5727 et
3483 5679 3685 5727 animis

2117 5773 2180 5821 ad
2200 5769 2395 5823 Persas
2430 5771 2796 5838 propendunt,
2831 5769 3033 5840 quibus
3066 5770 3169 5825 hoc
3204 5769 3342 5822 bello
3390 5772 3680 5838 plurimum

2119 5860 2464 5929 profuerunt.

3273 5959 3352 6018 22
