4126 6486
459 390 565 454 ΒΒῚ

1691 381 1932 443 JOANN
1948 381 2019 442 lS
2052 381 2521 443 LEUNCLAVll

3631 377 3735 443 οδε

533 505 609 559 Ex
649 505 884 560 adverso
911 501 1162 557 sultanus
1194 498 1434 553 Murates
1459 497 1725 553 exercitui
1761 513 1865 553 suo
1892 497 2051 567 longe
2078 501 2125 558 Α
2228 496 2590 569 Posteaquam
2656 498 2876 553 redacto
2943 497 2997 552 in
3071 504 3394 566 potestatem
3472 495 3737 567 Tipblisio

450 598 817 666 :nuplissimo,
851 609 961 664 quo
1006 592 1278 647 contineri
1328 590 1699 646 credebantur
1762 590 2044 645 hominum

451 694 519 742 al
561 691 793 745 ducenta
829 687 1021 751 millia,
1085 685 1435 755 Mustapham
1498 684 1717 738 bassa’m
1785 698 2046 753 supremo

451 802 577 841 eum
606 785 836 855 imperio
865 783 1132 853 pnefecit,
1166 784 1326 854 cujus
1359 781 1679 837 immanitas
1709 797 1773 835 ac
1815 781 2045 851 perfidia

455 880 598 935 bello
645 878 849 951 Cyprio
903 876 1189 931 nobilitata
1255 877 1463 931 fuerat.
1522 874 1573 929 Is
1626 875 1714 929 die
1765 874 1818 956 5’
1842 875 2047 929 mensis

453 973 678 1042 Aprilis,
755 987 899 1025 anno
948 972 1055 1027 985
1102 971 1258 1029 (Chr.
1301 969 1502 1041 1578),
1568 968 2044 1036 Constantinopoli

453 1066 745 1122 discedens
786 1066 1031 1119 maximo
1063 1078 1185 1118 cum
1226 1061 1403 1117 Portzc
1431 1076 1723 1131 procerum
1756 1060 2045 1123 comitatu,

454 1161 548 1230 qui
581 1160 807 1214 honoris
861 1174 987 1211 eum
1065 1172 1229 1212 causa
1295 1155 1680 1220 deducebant,
1738 1153 2044 1207 lscodaram

454 1251 787 1306 transmisit.
844 1249 976 1303 Inde
1015 1248 1196 1303 ductis
1255 1249 1319 1321 ad
1360 1247 1600 1301 hostium
1666 1246 1801 1301 lines
1850 1246 2043 1314 copiis,

453 1358 579 1397 curn
623 1348 727 1398 sub
756 1342 972 1397 initiqu
1005 1343 1239 1411 Augusti
1297 1341 1507 1395 mensis
1563 1356 1628 1395 co
1683 1340 2043 1409 pervenisset,

450 1434 885 1505 Georgiauorum
927 1449 1015 1489 res
1041 1450 1138 1504 per
1172 1447 1451 1487 summam
1480 1431 1863 1487 crudelitatem
1883 1446 2048 1501 agere

454 1528 601 1582 ferre
636 1525 826 1596 ca‘pit.
863 1525 1010 1579 inter
1047 1526 1152 1580 hoc
1187 1534 1308 1579 erat
1336 1523 1539 1579 femina
1597 1524 1847 1595 quaedam
1899 1523 2049 1591 prin-

455 1634 609 1689 ccps.
642 1635 807 1687 quam
853 1619 1013 1689 vulgo
1048 1620 1286 1673 vetulam
1320 1617 1403 1673 vel
1433 1632 1702 1673 annosam
1756 1617 2045 1672 vocabant.

457 1713 535 1765 Ea
595 1727 720 1767 cum
780 1711 848 1765 de
891 1712 1131 1782 potentia
1187 1711 1389 1765 sultani
1431 1712 1656 1765 Muralis
1716 1711 2047 1779 accepisset,

456 1803 560 1857 sub
599 1803 703 1857 ﬁde
740 1802 958 1871 publica
994 1804 1131 1858 filios
1163 1802 1302 1857 duos
1332 1804 1398 1857 ad
1432 1802 1775 1873 Muslapham
1826 1803 2043 1856 bassam

457 1895 629 1958 misit,
667 1908 722 1948 ut
751 1897 1112 1967 subjectiouis
1158 1904 1213 1951 ct
1253 1896 1583 1951 obedientise
1637 1896 1855 1966 signum
1920 1910 2048 1965 erga

458 1989 737 2043 sultauum
764 1987 1116 2043 Osmauidam
1147 1990 1355 2044 ederet.
1398 1989 1479 2044 Illi
1534 2005 1655 2043 cum
1700 1989 1936 2057 primunt
1980 1991 2045 2043 ad

458 2081 804 2151 Mustapbam
830 2090 1127 2153 tyranuum
1165 2082 1466 2145 venissent,
1503 2096 1626 2135 mox
1665 2084 1733 2134 ab
1785 2098 1870 2143 eo,
1932 2087 2050 2135 viro

458 2176 668 2230 sc‘llicct
688 2182 895 2241 astuto,
924 2174 1074 2229 nulla
1100 2173 1242 2229 datze
1269 2174 1390 2228 ﬁdei
1416 2176 1623 2230 ratione
1648 2175 1858 2240 habita,
1882 2192 2046 2244 quam

459 2282 612 2322 more
652 2282 752 2323 suo
778 2277 888 2321 tam
953 2282 1083 2337 erga
1119 2266 1496 2330 Christianos,
1529 2283 1695 2337 quam
1755 2268 2051 2322 Mahume-

458 2373 639 2424 ranos,
674 2374 772 2430 pro
814 2360 972 2415 libitu
1005 2359 1221 2415 solebat
1255 2360 1489 2423 violare,
1515 2361 2047 2430 Constantinopolim

456 2455 833 2509 adsultanum
862 2452 1132 2508 Moralem
1192 2453 1510 2507 mittuntur.
1569 2454 1746 2506 Simul
1799 2456 1869 2507 ab
1929 2455 2049 2522 ipso

457 2548 662 2601 certior
693 2546 935 2601 Murates
966 2544 1237 2610 redditur,
1270 2560 1554 2614 nunquam
1585 2548 1851 2601 ditionem
1899 2548 2049 2616 priu-

457 2645 594 2714 cipis
627 2656 874 2706 annosae,
910 2640 1108 2695 matris
1174 2655 1390 2706 eorum,
1428 2642 1531 2695 sub
1586 2642 1812 2695 Misenis
1856 2644 2046 2712 jugum

459 2750 772 2797 venturam,
829 2737 882 2789 ni
915 2735 997 2789 vel
1034 2745 1286 2805 uterque,
1345 2735 1429 2789 vel
1468 2735 1737 2789 alteruter
1783 2736 2051 2791 duntaxat

456 2832 522 2884 ad
555 2828 995 2897 amplectendum
1030 2827 1354 2897 religionem
1393 2826 1868 2882 Mttsullnuuot'um
1924 2846 2051 2896 νυνι

460 2929 765 2977 moveatur.
805 2919 924 2987 Qua
955 2919 1175 2991 quidem
1209 2919 1265 2972 in
1318 2936 1379 2975 re
1411 2928 1520 2974 tam
1581 2922 1675 2975 diu
1736 2922 2047 2976 laboratum

458 3018 556 3068 fuit
585 3015 653 3069 ab
695 3011 1030 3078 Osmanicis,
1083 3019 1144 3067 ut
1203 3012 1421 3066 tandem
1464 3011 1645 3066 minor
1704 3024 1832 3076 natu
1886 3013 2052 3067 frater

459 3105 998 3169 musulmanissaret,
1041 3117 1189 3158 anno
1233 3101 1339 3157 986
1378 3102 1536 3174 (Chr.
1592 3102 1782 3171 4579),
1838 3103 1926 3157 die
1981 3104 2051 3158 25

460 3198 669 3253 mensis
703 3195 853 3251 Junii
880 3213 894 3263 ;
920 3197 1024 3273 .eui
1053 3206 1338 3266 propterea
1399 3206 1625 3266 paterna
1690 3208 2049 3268 maternaque

456 3292 595 3345 ditio
622 3306 749 3344 cum
785 3290 886 3344 hac
915 3289 1035 3358 lege
1060 3280 1483 3350 concessa‘fuit,
1517 3296 1573 3341 ut
1598 3305 1717 3342 eam
1768 3291 1929 3344 titulo
1962 3292 2052 3346 bc-

463 3385 833 3455 glerbcgatus,
872 3382 1139 3437 beneﬁcio
1166 3381 1368 3437 sultani
1434 3381 1661 3438 Muralis
1723 3385 2045 3453 possideret.

460 3477 557 3533 Est
587 3486 770 3532 autem
792 3491 855 3532 ea
888 3476 1040 3548 regio
1088 3474 1385 3530 Tschildiri
1417 3475 1801 3547 Tiphlisioque
1835 3489 2053 3535 conter-

462 3571 631 3626 mina.
679 3569 853 3641 Major
919 3581 1063 3639 natu
1105 3567 1274 3622 frater
1322 3569 1374 3622 in
1447 3568 1727 3624 retinenda
1793 3570 2052 3643 religione

459 3663 771 3719 Christiana
800 3671 1147 3719 constantem
1179 3676 1241 3717 se
1265 3662 1522 3732 praebuit,
1556 3677 1620 3717 ac
1654 3665 1876 3718 tametsi
1903 3666 2051 3719 mul-

462 3769 577 3814 tum
610 3758 886 3830 precibus,
921 3757 1235 3828 promissis,
1273 3756 1439 3810 minis
1487 3756 1731 3826 denique
1786 3755 2050 3811 formida-

459 3853 664 3908 bilibus
696 3859 1019 3917 tentaretur,
1086 3865 1369 3920 llllllqualll
1408 3861 1590 3904 tamen
1615 3850 1812 3905 adduci
1849 3853 2050 3920 potuit,

459 3958 518 4003 ut
552 3945 715 4002 ﬁdem
749 3945 1451 4001 Christianamdesereret.
1501 3940 1656 3998 Unde
1715 3942 1944 4007 factum,
1994 3928 2054 3998 ut

456 4040 593 4107 ipsis
624 4033 1116 4105 Constantinopoli
1147 4035 1414 4104 profectis
1470 4036 1661 4090 eodem
1719 4050 1869 4089 anno
1922 4037 2049 4101 986,

457 4135 548 4189 die
579 4131 878 4187 i5mensis
929 4129 1185 4199 Augusti,
1245 4129 1410 4185 simul
1451 4144 1516 4184 ac
1554 4132 1762 4185 reversi
1820 4130 2052 4186 fuissent

454 4228 515 4280 in
558 4223 813 4294 patriam,
853 4222 1021 4278 frater
1059 4220 1146 4275 hic
1207 4222 1558 4277 Christianus
1614 4222 1905 4278 confusum
1952 4243 2049 4279 ex-

461 4319 696 4388 spiraret
722 4330 735 4367 :
764 4318 828 4371 de
849 4315 1012 4386 cujus
1042 4322 1221 4368 morte
1249 4313 1480 4368 diversae
1509 4313 1731 4369 fuerunt
1762 4315 2045 4372 hoininum

458 4411 775 4484 opiniones,
813 4409 938 4466 aliis
966 4425 997 4465 a
1028 4407 1201 4464 fratre
1244 4423 1515 4464 venenum
1549 4409 1596 4461 ei
1628 4410 1808 4462 datum
1868 4411 1921 4463 in
1966 4412 2052 4466 iti-

457 4520 589 4561 nere
621 4503 1059 4573 perbibentibus,
1095 4502 1218 4557 aliis
1280 4516 1379 4572 pro
1413 4509 1564 4556 certo
1596 4500 1998 4557 adiuuantibus
2031 4545 2046 4569 ,

2152 593 2538 664 beglerbcgum
2599 592 2956 663 prmfccissel,
3016 606 3080 646 ac
3141 590 3571 661 dcpbterdarum
3626 592 3738 645 sive

2153 687 2500 752 rationalem,
2533 687 2615 740 vel
2649 695 3005 755 quiestorem,
3065 684 3267 739 flurnen
3301 684 3576 753 quoddam
3624 686 3738 739 suis

2151 796 2277 835 cum
2309 781 2483 850 copiis
2516 781 2849 845 transmisit,
2889 779 3035 849 quod
3069 779 3137 832 ab
3165 779 3286 833 ai-iis
3308 780 3468 843 Arcs,
3501 779 3571 833 ab
3617 779 3740 833 aliis

2152 874 2380 938 Carastt,
2417 875 2466 927 id
2520 885 2627 936 est,
2684 875 2835 944 Aqua
2901 874 3080 944 nigra,
3136 882 3365 928 vocatur
3426 882 3739 942 propterea,

2152 967 2299 1036 quod
2335 967 2540 1035 impetu
2575 966 2748 1021 veloci
2789 965 2924 1021 ﬂuat
2972 976 3026 1020 ct
3074 964 3407 1034 profundqu
3459 965 3549 1019 sit.
3604 963 3741 1017 Dum

2152 1060 2203 1113 id
2231 1058 2431 1112 ﬂumen
2478 1058 2859 1126 ti-ansjiceret,
2925 1075 3034 1113 uno
3085 1059 3352 1114 duntaxat
3411 1057 3499 1113 die
3566 1056 3742 1111 170(ὶο

2152 1171 2377 1208 suorum
2431 1152 2639 1218 amisit,
2708 1167 2849 1222 quos
2904 1154 3215 1208 vorticosus
3270 1153 3469 1218 amnis,
3545 1161 3745 1221 praeter

2152 1265 2349 1318 equos,
2378 1246 2620 1312 camelos
2671 1256 2726 1301 et
2760 1246 2941 1300 rnulos
2999 1246 3328 1316 absumpsit.
3370 1246 3542 1301 Aiunt
3594 1245 3745 1300 hunc

2152 1356 2367 1394 amnem
2401 1338 2793 1394 distermiuare
2824 1337 3081 1404 Mediam,
3134 1340 3239 1394 hoc
3276 1348 3378 1405 est,
3444 1338 3744 1394 Sirvanum

2152 1448 2180 1484 ιι
2213 1430 2539 1499 Georgiana.
2579 1429 2920 1496 Transjcctis
2968 1429 3164 1498 copiis,
3200 1429 3304 1483 iter
3351 1446 3511 1484 suum
3541 1429 3750 1484 direxit

2153 1540 2346 1578 versus
2371 1539 2492 1579 eam
2533 1522 2980 1593 eivitatem,qu2e
3010 1523 3295 1578 communi
3354 1523 3578 1577 nomine
3615 1539 3746 1577 cum

2155 1618 2269 1687 ipsa
2304 1616 2526 1687 regione
2553 1617 2850 1671 Sirvanum
2872 1618 3098 1679 dicitur,
3131 1618 3334 1686 illaque
3385 1618 3603 1673 neruine
3661 1634 3750 1671 re-

2155 1712 2381 1766 sistente
2418 1711 2624 1779 potitus
2684 1724 2770 1765 cst
2812 1729 2835 1783 ς
2882 1696 3034 1782 'quod
3072 1712 3250 1767 Persae
3285 1712 3573 1766 facultates
3609 1727 3750 1766 suas

2157 1816 2349 1856 onmes
2373 1803 2717 1868 avertissent,
2756 1810 3040 1874 totamque
3070 1803 3324 1857 vii-iniam
3359 1802 3506 1857 ferro
3534 1810 3589 1856 et
3632 1803 3746 1873 igni

2157 1905 2491 1951 vastassent.
2550 1895 2678 1950 Istic
2733 1911 2956 1967 quoque
3024 1897 3408 1968 beg'erbegum
3470 1912 3593 1952 cum
3648 1897 3749 1950 dc-

2158 1989 2456 2060 pbterdaro
2489 1990 2797 2043 constituit.
2861 1988 2925 2042 Et
2981 1989 3174 2045 civitas
3234 2004 3298 2042 ea
3348 1987 3515 2043 totius
3559 1989 3751 2044 Hediae

2159 2082 2475 2150 metropolis
2508 2090 2610 2135 est.
2663 2080 2759 2135 llis
2790 2082 2950 2136 rebus
2987 2084 3175 2153 gestis,
3216 2084 3284 2136 ad
3338 2082 3407 2136 25
3463 2082 3582 2137 dies
3643 2083 3750 2137 ibi-

2157 2175 2279 2229 dem
2312 2174 2628 2245 Mustapbas
2662 2175 2841 2231 haesit.
2883 2175 3015 2230 lude
3051 2176 3332 2231 rediturus
3382 2177 3750 2240 Atzerumen,

2156 2282 2415 2338 suprema
2445 2284 2566 2323 cum
2600 2278 2874 2338 potestate
2904 2270 3102 2325 ducem
3133 2270 3368 2325 limitum
3425 2281 3479 2324 et
3529 2271 3753 2326 cxerci~

2156 2372 2311 2415 tuum
2342 2361 2552 2429 Mediae,
2584 2362 2934 2434 veziremque
2981 2361 3158 2417 Portre
3205 2362 3412 2417 creavit
3446 2361 3748 2417 Osmanem

2157 2452 2375 2507 bassam
2407 2494 2423 2519 ,
2455 2455 2548 2523 qui
2600 2462 2725 2525 post
2787 2457 2954 2510 etiam
3010 2455 3380 2511 vczirazenus
3442 2454 3747 2510 Osmanica:

2155 2545 2332 2600 Pottm
2366 2546 2541 2602 factus
2579 2557 2684 2613 est,
2726 2549 2922 2604 relicto
2969 2548 3020 2603 ei
3063 2549 3199 2604 satis
3267 2563 3469 2619 magno
3521 2548 3737 2620 genizao

2159 2653 2346 2693 rerum
2386 2640 2733 2710 aliorumque
2791 2642 3028 2695 militum
3090 2629 3321 2698 numero
3349 2682 3365 2707 ,
3412 2658 3540 2698 cum
3588 2642 3723 2697 suffi-

2158 2734 2333 2786 ciente
2368 2742 2764 2788 tormentorum
2814 2736 3160 2804 bellicorum,
3220 2751 3516 2807 rermnque
3559 2737 3615 2790 ad
3664 2751 3727 2790 ca

2160 2824 2596 2878 necessariarmu
2629 2836 2683 2880 et
2712 2842 2944 2880 armonat
2973 2828 3175 2896 ευρίει..
3207 2828 3423 2893 Quibus
3490 2828 3739 2882 omnibus

2160 2918 2233 2971 ira
2270 2918 2610 2979 cons‘dtutis.
2674 2937 2801 2974 cum
2869 2921 3079 2990 reliquo
3116 2922 3436 2992 Mustapbas
3502 2922 3742 2978 exercitu

2158 3012 2491 3064 AI'Zt'I'llIIICII
2529 3026 2587 3065 se
2605 3012 2862 3075 contulit,
2887 3013 3163 3067 Armeniae
3189 3015 3414 3083 majoris
3437 3014 3741 3077 civitatem,

2155 3117 2276 3171 qua:
2306 3117 2399 3157 su
2432 3105 2644 3157 dictum
2704 3105 2899 3160 itinere
2952 3106 3298 3177 Trapezunte
3348 3106 3537 3161 distat.
3586 3105 3746 3175 Apud

2157 3196 2496 3250 Arzerumcn
2521 3197 2661 3251 alius
2690 3208 2774 3254 est
2807 3200 3195 3271 beglerbegus,
3256 3210 3312 3255 et
3341 3200 3749 3270 drphterdarus

2159 3290 2358 3344 sultani
2400 3289 2732 3345 Ostnanidae.

2232 3381 2598 3453 Posteaquam
2681 3384 2791 3439 huc
2843 3399 3100 3440 reversus
3164 3384 3360 3440 fuisset
3429 3384 3753 3455 Mustapltas

2157 3478 2341 3541 bassa,
2385 3478 2756 3532 Muehemetes
2785 3494 2877 3533 rex
2919 3478 3176 3534 Persicus
3234 3495 3589 3535 numerosum
3638 3481 3751 3534 mi-

2158 3572 2563 3625 sitexercitum
2615 3575 2881 3625 adversus
2933 3570 3141 3635 hostes,
3198 3572 3413 3626 Siivani
3471 3572 3692 3628 relictos
3726 3588 3745 3626 :

2158 3666 2360 3735 quibus
2391 3668 2533 3719 inter
2563 3681 2624 3718 se
2654 3665 2846 3734 prmlio
2882 3663 3216 3732 congressis,
3256 3665 3432 3720 vietus
3476 3664 3579 3720 fuit
3628 3665 3753 3721 Sir-

2161 3761 2416 3813 vaneusis
2436 3759 2816 3828 beglerbcgns,
2841 3758 3107 3828 omnique
3131 3773 3253 3812 cum
3279 3758 3521 3815 exercitu
3548 3773 3750 3814 exesus.

2157 3850 2321 3905 Persa
2352 3861 2459 3906 tam
2493 3852 2692 3920 insigni
2724 3853 2933 3921 potitos
2956 3852 3209 3916 victoria,
3241 3851 3755 3923 triunipbabumlus

2157 3944 2223 3995 ad
2256 3942 2532 3996 civitatem
2572 3942 2872 3997 Sirvanum
2903 3954 3178 4013 properat,
3231 3959 3469 4015 eamque
3524 3944 3758 4014 paucis-

2157 4031 2314 4088 simis
2358 4033 2555 4088 diebus
2602 4034 2884 4090 obsessam
2944 4045 3251 4107 recriperat.
3296 4035 3499 4094 Osinan
3542 4037 3755 4105 bassa,

2156 4126 2248 4195 qui
2278 4136 2405 4180 ante
2427 4127 2674 4194 praelium
2705 4129 2809 4183 hoc
2841 4130 2909 4183 ad
2934 4129 3123 4184 urbem
3160 4139 3302 4197 erat,
3333 4145 3460 4185 cum
3503 4130 3754 4201 primum

2156 4221 2225 4273 de
2258 4233 2434 4273 morte
2474 4219 2782 4291 beglerbegi
2840 4230 2894 4276 et
2960 4223 3240 4278 exercitus
3272 4222 3430 4279 clade
3486 4223 3754 4278 nuntium

2156 4314 2405 4381 accepit:
2445 4312 2861 4383 quodjamprte
2907 4315 3086 4371 oculis
3133 4317 3479 4371 obsidionem
3524 4317 3755 4372 Sirtani

2155 4420 2424 4474 suumque
2478 4407 2689 4460 videret
2742 4407 3045 4471 interitum,
3107 4421 3268 4466 nocte
3323 4413 3561 4480 quadam
3618 4427 3753 4466 (eum

2156 4498 2346 4566 paucis
2375 4514 2600 4552 suorum
2639 4514 2833 4556 versus
2877 4500 3270 4572 Temircap‘im,
3311 4504 3415 4559 hoc
3465 4513 3569 4571 est,
3611 4505 3756 4560 Por-

456 4599 508 4652 id
536 4597 587 4652 ei
614 4597 963 4667 propinatum
994 4594 1169 4650 fuisse
1188 4593 1669 4664 Constantinopoli
1735 4613 1763 4648 a
1804 4595 2041 4667 Turcis,
2077 4607 2126 4667 Β
2156 4601 2265 4645 tam
2301 4592 2561 4659 ῖιίἰυθιιι,
2602 4594 2718 4656 Sitit:
2760 4594 3125 4661 Derbcutum.
3191 4597 3425 4669 aufugit.
3466 4597 3521 4652 Id
3576 4598 3755 4654 situm

452 4701 571 4744 arte
597 4689 688 4743 tali
723 4697 993 4760 piratum,
1024 4697 1084 4743 ut
1135 4687 1203 4741 ad
1233 4697 1449 4742 certum
1501 4687 1800 4743 terminum
1853 4700 2045 4759 paula-

452 4784 553 4838 tim
587 4782 867 4838 hominem
893 4781 1292 4852 exstingueret.

525 4877 606 4929 Ad
634 4875 980 4946 Mustapbam
1011 4891 1141 4929 vero
1170 4874 1388 4930 bassam
1422 4884 1482 4931 ut
1522 4876 1838 4940 redeamus,
1870 4878 1969 4932 iter
2004 4879 2050 4934 is

457 4983 617 5022 suum
646 4978 703 5022 et
726 4966 1132 5036 expeditionem
1158 4981 1524 5038 prosequens,
1552 4975 1676 5036 post
1704 4969 1890 5023 varios
1918 4986 2053 5024 con-

457 5060 639 5115 ﬂictus
673 5069 725 5113 et
758 5074 986 5131 pugnas,
1018 5059 1184 5131 37o
1208 5059 1409 5130 quibus
1459 5059 1620 5115 modo
1678 5075 1804 5115 cum
1842 5059 2046 5125 Persis,

454 5152 621 5208 modo
649 5166 773 5230 cum
829 5149 1178 5219 Georgianis,
1240 5151 1442 5221 insigni
1499 5152 1778 5205 exercitus
1829 5151 2046 5225 jactura

451 5257 788 5317 congressus
824 5241 1159 5311 fuit(mense
1180 5243 1401 5314 quidem
1428 5245 1675 5313 Augusto
1713 5244 1878 5312 primi
1936 5255 2049 5299 sla-

453 5341 553 5394 tim
587 5338 742 5402 anni,
793 5334 1092 5390 Tocmaces
1144 5335 1420 5402 sultanus,
1484 5335 1692 5389 ltevani
1748 5336 2043 5403 dominus,

454 5433 549 5505 qui
574 5433 777 5490 scaelio
813 5429 1145 5485 Mucbemeti
1189 5429 1492 5505 militabat,
1528 5443 1639 5483 uno
1685 5429 1874 5498 prmlio
1902 5428 2043 5483 Tur.

452 5501 646 5582 eorum
677 5523 853 5580 15000
880 5521 1125 5593 cecidit),
1159 5501 1741 5591 tandemTipblisium
1788 5525 1932 5592 cepit
1988 5523 2042 5578 in

454 5619 680 5687 regione
704 5616 1167 5685 Georgiauorum,
1196 5615 1470 5669 civitatem
1510 5613 1798 5667 tinitimam
1849 5614 2044 5669 dilioni

453 5709 725 5782 principis
762 5707 1009 5764 Simonis
1068 5716 1120 5758 et
1174 5704 1435 5759 chenlis
1469 5703 1611 5773 begi,
1664 5704 1758 5776 qui
1814 5716 1868 5759 et
1927 5704 2045 5775 ipse

455 5808 712 5875 princeps
743 5801 1087 5872 Georgianus
1113 5810 1215 5856 est.
1252 5800 1462 5854 Accidit
1523 5802 1625 5855 hoc
1658 5816 1803 5855 anno
1854 5800 2045 5854 Mallu-

455 5906 679 5954 rnetano
709 5895 815 5951 985
845 5893 1001 5964 (Chr.
1027 5892 1211 5964 1578‘),
1242 5908 1429 5950 rneuse
1460 5893 1797 5963 Septembri.

2154 4688 2333 4741 estad
2384 4702 2535 4742 mare
2592 4688 2882 4759 Caspium,
2936 4690 3080 4759 quod
3116 4692 3359 4759 ipsorum
3395 4694 3577 4764 lingua
3641 4691 3759 4749 Be—

2158 4780 2476 4835 berculzum
2509 4782 2633 4837 sive
2649 4781 2880 4836 Culzum
2907 4784 3085 4839 denizi
3118 4784 3344 4839 dicitur.

2224 4873 2283 4928 lu
2308 4874 2453 4929 hunc
2476 4875 2699 4929 modum
2737 4886 2957 4946 recepto
3011 4877 3270 4944 Sirvano,
3328 4893 3415 4934 res
3451 4894 3478 4931 a
3547 4878 3756 4934 Turcis

2154 4969 2375 5022 relictas
2404 4967 2583 5022 Persa:
2622 4968 2911 5038 diripiunt,
2955 4977 3131 5025 muris
3159 4969 3457 5024 Sirvauum
3509 4973 3753 5034 nudant,

2152 5060 2564 5128 pmpngnacula
2592 5074 2771 5129 empta
2796 5059 3053 5124 diruunt,
3098 5062 3379 5132 regionem
3422 5077 3547 5117 cum
3588 5064 3755 5115 inco—

2152 5151 2217 5203 lis
2245 5153 2314 5205 ab
2345 5149 2787 5221 Osmanicojngo
2822 5140 3079 5218 liberant,
3112 5154 3207 5223 qui
3240 5154 3435 5223 majori
3472 5171 3536 5209 ex
3584 5165 3757 5224 parte

2151 5253 2283 5297 sunt
2311 5244 2581 5308 Armenii,
2616 5244 2816 5314 reliqui
2862 5246 2999 5316 legis
3048 5245 3451 5303 Mabumetauw
3497 5258 3761 5303 sectato-

2150 5350 2259 5399 res,
2299 5344 2408 5388 tam
2438 5326 2770 5401 Usrrrairicte,
2799 5349 2964 5404 quam
3016 5333 3255 5412 Persicze
3308 5336 3753 5405 superstitionis.

2149 5426 2355 5486 Osman
2388 5442 2520 5482 vero
2544 5427 2700 5480 bassa
2720 5441 2847 5482 cum
2871 5427 3242 5498 Temircapim
3265 5429 3530 5493 venisset,
3556 5440 3762 5484 astute

2149 5519 2255 5574 sibi
2286 5517 2658 5572 Schembalim
2698 5518 2955 5584 cbauem,
2998 5519 3102 5574 hoc
3141 5528 3260 5585 est,
3313 5521 3559 5589 regulum
3623 5525 3763 5589 ξε,νο

2149 5612 2451 5683 principem
2478 5609 2730 5665 Derbcnti
2763 5651 2776 5674 ,
2826 5614 3066 5667 amicum
3114 5612 3396 5675 reddidit,
3457 5613 3756 5672 addictum

2149 5707 2547 5760 Mabumctatne
2579 5706 2995 5776 Osmanicazque
3021 5716 3206 5771 sectae,
3233 5705 3420 5763 Persis
3445 5707 3757 5773 infestum.

2149 5802 2371 5855 natione
2413 5800 2719 5854 Tatarum:
2757 5801 2917 5871 cujus
2951 5810 3004 5856 et
3053 5800 3218 5856 filiam
3273 5802 3441 5856 duxit-
3483 5816 3759 5865 uxorem.

2149 5910 2270 5966 qua!
2302 5906 2423 5964 post
2455 5893 2714 5950 instinctu
2748 5896 2929 5949 mariti
2982 5904 3193 5964 patrem
3256 5912 3463 5951 veneno
3489 5897 3755 5951 sustulit.
