4126 6422
435 384 540 451 5έῦ

1556 383 1648 440 su
1679 347 1952 439 ιιιέιιῖκι.
1993 375 2260 437 εικκιιιι.
2305 375 2608 436 'l‘UltClC.

3591 383 3694 444 6‘0

438 483 489 542 li]
526 491 724 542 factum
754 485 818 539 ab
849 485 1086 541 Osnlane
1149 489 1435 556 perhibent
1489 492 1622 543 duas
1657 491 1726 542 ob
1789 505 2004 543 causas.
2043 498 2082 547 Α
2118 489 2334 540 initium
2395 505 2522 543 vero
2588 491 2865 556 sequentis
2913 488 3137 556 testatis,
3198 505 3342 545 anno
3395 491 3496 546 986
3541 493 3693 562 (Chr.

439 582 703 641 Primum,
765 579 910 648 quod
991 591 1274 634 vereretur
1330 598 1395 633 ne
1448 599 1702 636 successu
1755 583 2012 647 temporis

440 689 564 726 eum
591 689 760 725 Socer.
796 673 912 740 ipse
947 673 1013 725 de
1056 672 1236 726 medio
1282 674 1514 726 tolleret.
1577 674 1798 739 Deinde,
1860 684 1917 726 ιιι
1961 676 2012 726 ill

446 775 756 835 potestatum
803 765 1020 817 redacta
1066 767 1371 820 munitione
1410 760 1788 836 Temi'rrapina
1841 768 2016 836 legio-

449 876 618 928 neque
645 859 844 921 suc-eri,
890 860 1198 927 patrocinio
1239 860 1439 913 Sullani
1470 862 1552 913 sui
1593 860 1904 914 Osmanidze
1958 875 2017 908 se

445 954 696 1013 traderet,
720 954 868 1019 quod
908 954 1071 1004 etiam
1105 967 1295 1022 reapse
1324 951 1474 1006 fecit.
1539 952 1746 1020 Quippe
1804 961 2017 1005 mortuo

438 1044 735 1097 schemhali
771 1044 970 1106 chane,
1006 1042 1208 1098 Osman
1257 1049 1412 1098 nassa
1457 1047 1608 1098 solus
1633 1054 1688 1098 et
1730 1045 2015 1098 absolutus

437 1137 693 1205 princeps
720 1137 921 1190 mansit
956 1137 1006 1188 in
1035 1136 1243 1190 ditione
1277 1139 1474 1198 soceri,
1538 1137 1755 1190 nemine
1795 1152 2019 1206 prorsus

437 1229 790 1297 impediente.
821 1227 1120 1283 Confestim
1155 1244 1284 1282 vero
1314 1244 1407 1296 per
1437 1229 1700 1300 Capbam,
1723 1244 1844 1298 quae
1879 1230 2020 1281 inter

436 1317 716 1371 Talariam
779 1316 1228 1386 Moscoviamquc
1280 1321 1346 1371 ad
1414 1320 1835 1386 septemtriones
1892 1320 2017 1382 sila,

436 1413 770 1466 Cireassiam
809 1425 1001 1465 versus
1044 1410 1329 1465 meridiem
1358 1412 1542 1476 habet,
1577 1411 1841 1480 ablegatis
1866 1427 2020 1465 vere-

435 1504 783 1565 dariis,cum
821 1503 1018 1557 litteris
1043 1503 1106 1555 ad
1161 1501 1439 1556 sultanum
1499 1501 1852 1558 Osmanidam
1909 1502 2023 1556 Mu-

441 1605 635 1656 ratem,
675 1595 794 1661 ejus
820 1609 878 1648 se
912 1593 1034 1648 fidei
1076 1596 1442 1664 potestatique
1505 1604 1678 1648 totum
1727 1594 1931 1648 dedidit
1973 1606 2025 1650 et

437 1684 845 1737 commendavit
873 1697 886 1734 :
921 1682 1081 1737 simul
1113 1699 1397 1749 exponi-ns
1431 1700 1492 1737 ea
1516 1700 1637 1753 qute
1666 1685 1734 1740 ab
1769 1701 1827 1739 se
1877 1696 2024 1755 gesta

441 1778 696 1837 fuissent,
729 1793 791 1831 ac
822 1785 1030 1844 petens,
1069 1789 1125 1830 ut
1158 1778 1431 1846 siquidem
1468 1795 1574 1832 non
1611 1781 1677 1832 de
1709 1778 1854 1833 illius
1887 1779 2028 1832 dun-
2072 1833 2091 1851 .

2122 581 2396 647 4579;.ad
2433 585 2565 636 fines
2623 582 2874 638 Persicos
2906 584 3210 638 exercitum
3272 585 3452 651 duxit,
3507 583 3696 640 'diver-

2123 678 2308 741 sisque
2337 675 2538 743 pra-liis
2577 677 2736 729 modo
2768 692 2888 729 cum
2924 676 3126 739 Persis,
3161 677 3323 731 modo
3359 693 3482 731 enm
3529 678 3704 734 Geor"

2126 766 2302 832 gianis
2347 766 2680 833 confligens,
2745 769 2970 822 inferior
3027 786 3263 838 semper,
3325 771 3522 838 insigni
3579 788 3700 824 cum

2125 875 2345 910 sitorum
2377 861 2550 924 clade,
2593 863 2865 916 discesjt.

2198 949 2395 1003 Eodem
2435 967 2580 1004 anno
2625 953 2889 1007 Carseum
2945 957 3197 1020 munivit,
3253 957 3429 1012 locum
3467 959 3536 1010 ab
3597 959 3699 1010 Ar-

2126 1056 2346 1094 zi-rnlne
2389 1057 2588 1096 versus
2622 1042 2903 1097 Revanum
2947 1057 3187 1113 quatuor
3229 1047 3437 1101 dierum
3505 1049 3701 1101 itinere

2125 1133 2459 1186 distantem:
2510 1136 2672 1202 eique
2731 1135 3107 1205 beglerbcgum
3168 1149 3218 1190 el
3279 1139 3702 1207 dephterdarum

2127 1224 2391 1293 praefecit.
2445 1229 2815 1281 Consimiliter
2872 1229 2939 1282 ad
2989 1230 3364 1297 Tschildirim,
3435 1233 3594 1286 sitam
3649 1235 3700 1285 iu

2126 1315 2450 1386 Georgiaum
2481 1318 2770 1383 limitibus,
2798 1323 2964 1376 alium
3019 1325 3395 1395 beglerliegum
3433 1342 3556 1380 cum
3614 1327 3699 1381 dc-

2129 1410 2422 1478 phterdaro
2441 1414 2748 1467 constituit.

2200 1503 2346 1558 Misit
2369 1505 2530 1558 etiam
2562 1506 2661 1559 hoc
2693 1519 2841 1561 anno
2881 1523 3004 1562 cum
3063 1509 3240 1564 classe
3279 1511 3530 1566 sullanus
3589 1513 3704 1566 Mu-

2131 1603 2272 1646 rates
2297 1591 2563 1648 Uluzalizn
2604 1596 2844 1662 bassaln,
2870 1599 3188 1666 praefectum
3241 1603 3429 1668 maris,
3463 1604 3516 1656 in
3565 1603 3702 1656 Min-

2131 1686 2381 1750 greliam,
2422 1688 2700 1754 regionem
2738 1691 3062 1757 populorum
3103 1692 3405 1754 Colchidis,
3447 1704 3505 1748 ut
3531 1694 3597 1748 iis
3655 1697 3706 1746 in

2134 1775 2267 1830 locis
2304 1777 2664 1832 munitionem
2720 1780 3032 1836 aediﬁcaret.
3097 1782 3235 1837 Huic
3293 1785 3560 1839 absoluta:
3619 1788 3695 1839 be-

439 1881 591 1923 taxat
620 1871 721 1923 luci
745 1886 808 1923 ac
833 1870 1079 1931 ditionis,
1111 1885 1298 1922 verum
1339 1870 1506 1921 etiam
1541 1871 1605 1924 de
1641 1871 1807 1924 totius
1843 1869 2024 1938 Caspii
2062 1869 2102 1925 Β
2133 1867 2420 1937 glerbcgus
2447 1872 2514 1924 ab
2553 1886 2620 1926 eo
2643 1873 2806 1928 datus
2859 1873 2982 1937 fuit,
3015 1890 3078 1929 ac
3124 1875 3540 1944 dephterdarus.
3604 1878 3707 1945 Ιυ.-ἰ

442 1965 653 2023 tuaiis,
693 1961 1001 2028 Dioscovia‘,
1055 1961 1348 2016 Orientalis
1405 1963 1586 2027 Ιιιάίιιι,
1643 1963 2024 2018 Samarcandie

440 2057 776 2109 Cliniasanis
845 2065 896 2108 et
952 2055 1238 2120 Cllilanis,
1324 2055 1659 2110 l‘eisicartltn
1711 2058 2021 2128 regionum,

443 2148 675 2217 impeiio
700 2163 914 2200 summo
949 2146 1241 2215 cogitaret,
1304 2148 1481 2215 primo
1515 2163 1732 2217 quoque
1778 2160 2025 2218 tempore

448 2239 546 2291 sibi
579 2238 901 2299 exercitum,
927 2238 1214 2306 pecunias,
1237 2253 1489 2293 annonas
1526 2239 1783 2294 mitteret.
1844 2239 2028 2295 Sulla-

454 2345 556 2384 nus
583 2329 815 2384 Murales
848 2331 984 2384 laetis
1017 2331 1170 2385 hisce
1198 2332 1402 2385 nuntiis
1425 2341 1706 2402 permotus
1739 2347 1862 2387 cum
1891 2333 2028 2387 alias

453 2425 502 2477 ei
538 2438 623 2475 res
655 2424 998 2477 necessarias
1030 2422 1264 2487 curavit,
1299 2433 1413 2478 tum
1460 2425 1622 2479 etiam
1648 2425 1823 2480 60000
1867 2424 2029 2479 Tata-

454 2531 636 2568 rorntn
673 2516 842 2581 misit,
876 2531 1000 2570 eum
1049 2516 1263 2571 duobus
1295 2515 1560 2573 fratribus
1617 2518 1737 2586 ejus
1797 2517 2031 2573 Tatariae

452 2609 615 2675 regis,
646 2607 738 2677 qui
769 2608 1029 2677 deinceps
1058 2623 1202 2662 anno
1245 2608 1344 2663 991
1384 2610 1538 2678 (Chr.
1596 2611 1757 2678 1584)
1812 2611 1881 2664 ab
1932 2615 2032 2665 Us-

451 2715 611 2752 mane
646 2700 802 2752 bassa
827 2699 1205 2768 strangulatus
1229 2699 1358 2754 fuit.
1394 2700 1454 2754 Et
1483 2701 1597 2754 haec
1624 2701 1842 2768 quidem
1884 2717 2032 2755 anno

452 2792 768 2860 belliprilno
798 2801 949 2861 gesta
970 2791 1212 2857 fuerunt,
1241 2792 1504 2846 nimirum
1527 2792 1634 2848 985'
1662 2793 1814 2863 (Chr.
1848 2795 2030 2862 1578):

450 2895 561 2947 quo
601 2877 908 2932 Turcorum
930 2889 1038 2934 tam
1073 2881 1126 2934 in
1173 2880 1418 2950 praliis,
1473 2897 1638 2952 quam
1693 2895 2034 2938 commeatus

457 2972 659 3038 inopia,
686 2973 918 3041 periisse
943 2988 1108 3041 supra
1138 2975 1313 3029 70000
1336 2984 1574 3030 constat.

527 3061 714 3116 llielue
740 3079 868 3118 vero
899 3075 1090 3119 exacta
1113 3105 1127 3130 ,
1156 3081 1283 3120 cum
1341 3076 1502 3122 aestas
1557 3068 1684 3121 anni
1735 3067 1840 3122 986
1877 3067 2030 3137 (Chr.

454 3155 616 3223 1579)
644 3157 985 3226 appetiisset,
1012 3158 1416 3228 auxiliaresque
1437 3160 1608 3229 copiae
1639 3176 1763 3215 cum
1789 3160 2035 3230 pecuniis

453 3251 518 3300 ad
583 3248 950 3318 'l’emicarpim
1031 3250 1416 3316 accessissent,
1477 3252 1657 3308 solitis
1708 3252 1761 3306 in
1817 3227 2105 3306 SlrvaniC

457 3343 590 3395 lines
625 3341 1044 3409 excursionibus
1068 3342 1344 3398 Osmanici
1375 3359 1442 3398 ex
1479 3360 1604 3400 arce
1645 3345 2031 3410 'l‘emircapina

461 3439 603 3492 hosti
669 3439 926 3493 damnum
995 3439 1324 3494 inferebant.
1388 3438 1462 3493 Ea
1507 3448 1596 3496 res
1653 3439 1856 3509 ingenti
1905 3453 2031 3493 cum

465 3527 644 3583 Persis
669 3530 848 3595 pratlio
873 3545 1098 3585 causam
1158 3532 1415 3600 praebuit.
1450 3547 1560 3600 quo
1597 3529 1780 3584 Tatari
1817 3533 1885 3585 ad
1952 3531 2033 3584 ill-

464 3624 853 3688 tcillecionem,
883 3638 987 3676 una
1019 3639 1142 3676 cum
1187 3625 1365 3677 altero
1393 3623 1578 3676 Tatari
1641 3623 1784 3692 regis
1842 3623 2029 3686 fratre,

462 3713 589 3767 caesi
639 3715 906 3783 deletique
941 3716 1198 3779 fuerunt,
1237 3720 1413 3771 altero
1460 3715 1630 3770 fratre
1657 3715 1779 3770 vivo
1827 3715 1895 3769 ab
1939 3716 2034 3770 ho-

459 3807 636 3860 stibus
658 3817 836 3876 capto.
887 3807 1088 3862 Osman
1149 3809 1264 3877 ipse
1296 3809 1456 3865 bassa
1511 3824 1635 3862 cum
1685 3807 2034 3877 paucissimis

458 3913 684 3952 suorum
717 3900 802 3951 vix
824 3901 1007 3954 salvus
1030 3900 1226 3954 evasit.
1249 3899 1496 3967 Cumque
1524 3914 1620 3968 per
1645 3901 1876 3968 exiguas
1901 3913 2034 3952 sane

457 3991 647 4059 copias
671 3990 828 4060 371
873 3991 1085 4046 adversi
1146 3993 1502 4061 pra-liicasus
1558 3993 1604 4045 ei
1667 3993 1907 4062 reliquas
1959 3991 2034 4046 fc-

461 4095 647 4147 cissel,
676 4098 826 4136 more
860 4084 1134 4137 latronum
1196 4083 1559 4137 Tut'ciCOl‘lltll
1617 4085 1860 4154 qumidie
1903 4086 2036 4138 vici-

460 4192 558 4230 tias
590 4176 693 4230 sibi
723 4177 958 4232 ditiones
993 4179 1191 4246 praedis
1250 4180 1473 4248 agendis
1525 4178 1786 4232 infestare
1848 4180 2034 4248 (:(Bpll,

462 4267 614 4322 nullo
665 4283 766 4322 nec
814 4270 1115 4322 amiculum
1150 4285 1250 4324 nec
1293 4271 1527 4324 hostium
1579 4271 1900 4325 discrimine
1954 4287 2038 4324 ra-

463 4372 724 4429 tioneque
753 4361 971 4414 habita:
1003 4364 1201 4430 quibus
1229 4377 1293 4415 ex
1329 4363 1538 4430 rapinis
1588 4371 1642 4417 et
1712 4363 1830 4432 ipse
1882 4363 2036 4416 victi—

467 4455 637 4516 talzat,
670 4463 723 4506 et
749 4447 891 4506 suos
917 4452 1116 4515 alebat,
1149 4452 1384 4506 Subinde
1408 4467 1610 4506 secum
1651 4453 1752 4517 eis,
1785 4452 1830 4507 si
1865 4453 2036 4505 hostis

465 4545 796 4610 immineret,
830 4545 898 4598 ad
953 4545 1254 4598 indicatum
1300 4544 1580 4598 castellum
1632 4544 1923 4613 recipiens.
1973 4542 2035 4595 Et
2070 4555 2112 4617 ο

466 4636 779 4704 perhibetur
805 4636 921 4705 ejus
952 4636 1162 4690 castelli
1191 4635 1334 4688 situs
1389 4647 1582 4688 natura
1636 4635 2040 4689 munitissimus

463 4742 623 4788 che,
680 4727 766 4780 cui
826 4743 950 4781 eum
1021 4743 1242 4780 manum
1308 4731 1602 4795 quamdam
1656 4727 2038 4796 genizarorurn

465 4821 718 4887 sclopetis
757 4822 1026 4874 utentium
1062 4823 1435 4889 imposulssct,
1473 4835 1595 4874 cum
1621 4820 1888 4873 machinis
1939 4821 2038 4871 all-

464 4927 598 4980 quot
633 4915 1034 4980 campestribus
1061 4923 1115 4968 et
1145 4914 1432 4969 l'aleouetis
1462 4929 1477 4966 :
1515 4913 1565 4965 in
1595 4912 1715 4966 loco
1761 4920 2041 4980 tantopere

466 5021 494 5058 ει
528 5013 716 5056 natura
756 5005 989 5068 munito,
1019 5015 1214 5057 contra
1271 5003 1447 5057 nudos
1503 5011 1554 5054 el
1624 5002 1859 5056 inermes
1918 5001 2040 5054 illos

469 5099 720 5165 populos,
743 5098 835 5166 qui
867 5112 968 5150 nec
991 5097 1171 5149 oculis
1198 5096 1312 5149 suis
1345 5105 1460 5150 toto
1495 5095 1618 5147 vitae
1647 5110 1760 5148 sum
1793 5102 2040 5161 tempore

468 5201 737 5243 tormenta
775 5191 964 5243 bellica
993 5190 1380 5259 sclopetosque
1405 5187 1688 5252 vidissent,
1737 5203 1835 5240 nec
1894 5188 2040 5239 anti-

469 5289 573 5337 bus
613 5299 803 5337 eorum
837 5282 1065 5337 fulmina
1113 5283 1512 5351 percepissenl,
1557 5283 1694 5335 adeo
1725 5296 1783 5335 se
1837 5291 2036 5340 lutum,

469 5393 760 5446 Ipsumque
791 5377 1077 5430 castellum
1113 5375 1532 5444 inexpugnabile
1560 5373 1816 5438 reddidit,
1875 5383 1931 5426 lit
1971 5373 2042 5425 si-

469 5471 742 5539 bimetipsi
784 5471 1080 5523 mouarcha
1113 5470 1332 5538 quidam
1365 5482 1487 5522 esse
1520 5467 1818 5520 videretur.

427 5541 448 5553 ’
539 5564 620 5616 Ab
653 5564 820 5616 altera
855 5572 1007 5631 parte
1039 5561 1330 5630 praedictus
1352 5561 1508 5614 bassa
1538 5558 1856 5626 Mustaphas
1903 5557 2046 5609 hunc

471 5667 651 5704 rerum
676 5666 996 5704 successum
1055 5651 1427 5718 conspicatus,
1476 5648 1612 5699 nihil
1671 5646 1896 5699 omnino
1953 5660 2046 5712 per

472 5743 705 5798 hiemem
727 5745 855 5796 anni
887 5744 990 5797 985
1018 5742 1169 5812 (Chr.
1199 5742 1356 5810 1578)
1391 5741 1578 5812 gessit,
1614 5740 1679 5794 ad
1713 5740 2044 5791 Arzerumen

474 5852 597 5891 cum
633 5837 809 5905 copiis
843 5837 1078 5900 haerens,
1112 5836 1187 5890 liti
1226 5835 1478 5903 superius
1513 5832 1897 5887 indicavimus.
1932 5828 2046 5883 Sub

2133 1959 2254 2012 loco
2304 1974 2506 2013 nomen
2554 1971 2640 2017 est
2691 1962 2882 2018 Fassa.
2953 1966 3179 2020 Curavit
3247 1977 3426 2022 autem
3488 1966 3710 2022 Fassam

2133 2053 2379 2105 sultanns
2423 2051 2667 2109 Murates
2692 2057 2922 2122 exstrui,
2964 2065 3025 2111 ut
3073 2059 3139 2113 iis
3172 2058 3225 2112 in
3287 2061 3423 2119 locis
3471 2063 3711 2130 aperiret

2135 2144 2235 2198 iter
2269 2145 2489 2199 brevius
2539 2163 2604 2202 ac
2650 2150 2920 2216 securius,
2964 2166 3074 2220 quo
3110 2151 3327 2209 facilius
3363 2153 3416 2207 in
3453 2153 3710 2224 Georgia-

2134 2251 2232 2289 nos
2268 2237 2394 2290 duci
2432 2236 2602 2304 capias
2633 2249 2879 2308 possent,
2922 2252 2975 2296 et
3000 2242 3067 2297 iis
3100 2243 3170 2297 ab
3193 2244 3284 2297 illa
3334 2255 3490 2313 parte
3525 2246 3710 2300 debel-

2136 2327 2260 2381 latis
2285 2343 2347 2382 ac
2384 2329 2489 2382 sub
2520 2329 2710 2400 jugum
2745 2333 2964 2399 missis,
2996 2343 3145 2390 tanto
3178 2337 3521 2392 commodius
3570 2338 3710 2392 ultra

2135 2418 2518 2488 Temircapim,
2561 2423 2626 2476 ad
2659 2422 3001 2479 inferendum
3051 2426 3284 2482 Sirvano
3341 2428 3567 2496 bellum,
3623 2432 3708 2486 iri.

2134 2511 2250 2568 Non
2281 2517 2452 2568 multo
2481 2525 2602 2583 post
2627 2525 2833 2582 tamen,
2856 2533 3021 2587 quam
3062 2518 3191 2574 inde
3219 2521 3388 2575 maris
3417 2523 3712 2592 praefectus

2137 2604 2381 2660 Uluzalis
2410 2621 2534 2660 cum
2575 2607 2746 2662 milite
2809 2609 3104 2678 classeque
3164 2611 3533 2675 discessisset,
3586 2611 3714 2667 Fas-

2137 2712 2271 2752 sana
2303 2696 2535 2752 munitio
2559 2699 2782 2764 penitus
2836 2699 2904 2755 ab
2962 2701 3118 2756 hoste
3158 2702 3341 2756 diruta
3392 2711 3716 2774 vastataque

2139 2790 2258 2846 fuit.

2205 2883 2341 2937 Cum
2369 2900 2560 2954 parum
2612 2900 2875 2955 prospere
2907 2885 3106 2940 bellum
3136 2901 3164 2940 a
3217 2885 3500 2957 Muslapha
3555 2888 3715 2941 bassa

2137 2989 2436 3044 gereretur,
2501 2974 2717 3030 alllictis
2790 2975 2986 3031 misere
3041 2976 3436 3041 militibus,ob
3484 2993 3716 3033 annome

2138 3066 2420 3133 penuriam
2476 3078 2532 3122 et
2594 3069 2909 3123 immaniter
2979 3079 3320 3140 grassantem
3399 3072 3454 3126 in
3513 3073 3714 3127 caSlris

2138 3155 2530 3222 pestilentiam,
2563 3157 2761 3214 litteris
2792 3160 2999 3214 sullani
3035 3159 3264 3217 Muralis
3311 3163 3611 3230 Amasiam,
3660 3174 3719 3216 ιιι

2139 3246 2263 3302 istic
2293 3249 2630 3314 hibernaret,
2659 3252 2965 3306 concedere
2987 3238 3179 3324 jussits
3226 3254 3346 3310 fuit.
3401 3256 3495 3310 llle
3533 3268 3712 3312 tamen

2138 3339 2493 3395 nihilominus
2516 3344 2566 3395 in
2584 3344 2882 3419 Arzerume
2901 3360 3025 3400 cum
3052 3346 3295 3416 reliquiis
3316 3349 3592 3404 exercitus
3617 3352 3718 3404 hac

2138 3431 2316 3486 hieme
2345 3433 2610 3496 substitit,
2654 3436 2853 3505 majori
2901 3438 3134 3493 militum
3167 3449 3320 3507 parte
3353 3451 3574 3512 propter
3597 3460 3722 3514 ege-

2137 3533 2358 3588 statem,
2395 3527 2501 3582 luis
2554 3530 2887 3598 contagiosae
2943 3531 3073 3594 vim,
3121 3541 3174 3585 et
3209 3533 3504 3590 imminens
3535 3537 3718 3591 hiber-

2140 3633 2268 3672 num
2296 3619 2488 3689 frigus,
2521 3619 2757 3688 dilapsa,
2801 3623 3137 3690 domumque
3161 3623 3501 3695 beglerbegis
3553 3630 3715 3682 etiam

2141 3708 2400 3772 reversis,
2433 3724 2554 3762 cum
2621 3711 2757 3763 nihil
2807 3712 2860 3765 in
2926 3713 3138 3766 hostem
3195 3723 3340 3769 recte
3389 3717 3502 3786 geri
3561 3731 3720 3786 posse

2139 3813 2425 3858 CCI‘IICI‘CIII
2438 3837 2451 3854 ο

2210 3895 2428 3948 Interim
2461 3894 2622 3948 l’erSa
2654 3893 2939 3960 Casmino,
2971 3912 3092 3966 quae
3142 3897 3312 3952 altera
3374 3899 3720 3970 penitiorqlle

2141 3977 2349 4058 imperii
2385 3989 2504 4056 ejus
2525 3999 2608 4042 est
2642 3989 2812 4055 regia,
2847 3986 3159 4044 Tebrisium
3213 4005 3338 4044 cum
3377 3991 3550 4059 copiis
3587 4007 3718 4060 pro-

2141 4079 2425 4134 ficiscitur.
2470 4079 2546 4133 lbi
2581 4094 2706 4134 cum
2744 4079 2810 4133 de
2849 4080 3116 4148 dispersis
3173 4081 3300 4135 hinc
3345 4082 3471 4136 inde
3525 4083 3716 4152 profu-

2139 4173 2328 4242 gisque
2379 4169 2574 4226 Turcis
2609 4174 2807 4226 certior
2843 4171 3022 4227 factus
3071 4172 3292 4240 fuisset,
3353 4173 3405 4228 in
3451 4175 3718 4231 hosticum

2141 4268 2434 4336 procurrit,
2474 4267 2794 4336 ingentique
2826 4268 3007 4335 praeda
3057 4276 3316 4336 onustus,
3376 4271 3429 4323 iu
3492 4271 3719 4326 hiberna

2141 4358 2369 4412 militem
2437 4370 2490 4412 et
2547 4361 2661 4424 ipse
2709 4358 2959 4413 dimittit.
3016 4358 3131 4412 Hac
3190 4362 3476 4416 Persarum
3527 4381 3721 4418 excur—

2143 4452 2297 4503 sione
2329 4450 2572 4517 coguita,
2627 4449 2833 4503 veritus
2882 4449 3146 4513 Murates,
3199 4467 3266 4504 ne
3300 4452 3470 4506 hostis
3499 4469 3718 4522 progre-

2143 4541 2363 4596 deretur
2412 4523 2660 4603 ulterius,
2725 4540 2991 4594 continuo
3040 4539 3338 4608 Mustaphze
3380 4557 3475 4610 per
3510 4543 3719 4597 litteras

2146 4635 2398 4702 imperat,
2431 4644 2488 4686 ut
2526 4633 2676 4687 omni
2707 4646 2830 4686 cum
2852 4633 3100 4685 exercitu
3129 4642 3303 4686 semet
3333 4634 3398 4686 ad
3424 4635 3716 4689 Persarum

2147 4725 2281 4778 lines
2311 4723 2806 4778 denuoconferret.
2864 4722 2910 4776 ls
2963 4737 3092 4775 vero
3130 4722 3264 4776 nihil
3321 4722 3513 4774 horum
3571 4723 3718 4788 fecit,

2145 4816 2290 4886 quod
2320 4817 2430 4885 jam
2464 4817 2531 4870 de
2571 4815 2866 4869 Persarum
2895 4813 3044 4867 abitu
3080 4829 3172 4881 per
3201 4815 3576 4882 exploratores
3640 4817 3721 4869 in.

2155 4908 2450 4964 tellexisset
2479 4923 2492 4960 :
2523 4917 2576 4962 et
2603 4907 2895 4976 ceteroqui
2930 4907 2974 4958 si
3012 4906 3246 4959 maxime
3281 4907 3468 4975 copias
3509 4908 3562 4961 in
3617 4909 3685 4961 ho
3708 4938 3720 4945 ο

2145 5009 2280 5054 stem
2318 5002 2516 5053 ducere
2553 5000 2832 5058 voluisset,
2874 4997 3004 5050 nihil
3033 4998 3298 5064 potuisset
3326 5000 3561 5060 elliccre,
3591 5014 3720 5067 pio.

2146 5104 2261 5160 pler
2293 5091 2692 5146 contumaciam
2726 5091 3027 5153 exercitus,
3053 5090 3142 5158 qui
3186 5107 3409 5158 prorsus
3445 5091 3590 5145 dicto
3612 5107 3717 5144 non

2144 5192 2261 5237 erat
2298 5185 2548 5237 audiens.
2601 5183 2714 5236 lmo
2749 5183 3116 5237 consultatum
3177 5183 3469 5251 aliquando
3504 5190 3718 5234 constat

2146 5277 2198 5329 in
2233 5277 2427 5330 castris
2466 5277 2531 5330 de
2557 5275 2804 5330 necando
2829 5276 3136 5343 Mustapha,
3172 5273 3331 5341 cujus
3380 5275 3432 5326 in
3463 5287 3585 5324 cum
3609 5273 3716 5326 odii

2144 5384 2325 5423 causa:
2371 5369 2425 5422 in
2459 5369 2647 5438 primis
2686 5376 2844 5421 erant
2879 5368 3224 5437 inexplebilis
3283 5365 3529 5433 quaedam
3595 5379 3722 5415 ava—

2147 5461 2293 5524 ritia,
2331 5460 2635 5528 supinaque
2693 5457 2940 5513 socordia
2976 5458 3030 5511 in
3073 5454 3433 5526 procurandis
3489 5457 3722 5507 annonis

2147 5560 2200 5603 ct
2229 5549 2350 5602 aliis
2387 5548 2620 5602 militum
2689 5547 2994 5602 colnmodis
3022 5566 3032 5601 :
3061 5547 3202 5601 unde
3259 5547 3461 5599 factum
3519 5543 3720 5610 fuerat,

2149 5654 2205 5695 ul
2243 5642 2452 5694 enectis
2495 5641 2636 5695 fame
2678 5650 2936 5711 pesteque
2997 5641 3279 5704 militibus,
3329 5648 3504 5693 castra
3563 5637 3724 5690 modo

2152 5752 2258 5789 non
2317 5735 2582 5788 exhausta
2645 5734 3116 5802 conspicerentur.
3183 5731 3290 5786 llas
3336 5732 3406 5786 ob
3452 5744 3646 5784 causas
3693 5741 3722 5779 a

2153 5829 2370 5883 sultauo
2411 5826 2616 5882 Murate
2656 5835 2945 5881 revocatus
2983 5827 3046 5882 ad
3113 5825 3332 5880 Portam
3381 5826 3481 5878 fuit
3519 5822 3722 5874 Mustao
