4126 6448
394 370 499 433 697

1604 370 1927 435 JOANNIS
1968 372 2437 435 LEUNCLAVII

3548 365 3658 431 688

392 493 548 554 pnas.
570 491 623 538 ct
658 481 711 537 in
738 481 1060 551 ejuslocum
1083 482 1346 540 suﬂectus
1371 482 1536 539 Sinan
1565 483 1750 551 bassa,
1800 501 1962 556 quem
1995 493 2039 549 Α
2069 484 2359 539 severitate
2393 483 2460 536 de
2494 478 2752 539 omnibus
2786 478 3089 549 Mustapha:
3116 478 3293 537 basszn
3344 479 3503 537 factis
3526 498 3662 538 exa-

391 590 556 645 supra
601 577 1155 633 commemoravimus
1197 577 1448 633 Guletam
1493 589 1547 634 et
1584 579 1799 634 ,Africaa
1857 595 1971 635 ma»

388 668 585 722 ritima:
611 669 729 721 sive
779 667 1049 723 Barbariae
1100 671 1502 739 possessionem
1559 669 1817 740 HiSpanis
1863 673 1967 726 eri-

392 761 595 826 puisse.
632 756 755 812 Fuit
779 758 1071 813 confestim
1108 760 1237 815 huic
1284 761 1641 831 imperatum,
1697 772 1756 817 ut
1791 762 2000 840 primo;

389 868 517 907 vere
547 862 715 907 semet
761 853 826 906 ad
860 855 1260 923 expeditionem
1320 857 1622 921 Persicam,
1688 857 1849 912 rebus
1899 857 1969 910 ab

387 945 643 997 omnibus
670 945 888 1014 egregie
920 956 1144 1013 paratus
1171 955 1225 1000 et
1280 947 1605 1013 instructus,
1633 947 1964 1015 accingeret.

455 1035 774 1102 MttSlupIiuS
802 1038 1008 1091 interea
1040 1040 1208 1093 semel
1231 1052 1396 1109 atque
1414 1043 1610 1094 iterum
1637 1041 1964 1101 arcessitus.

384 1132 452 1178 de
486 1129 659 1195 signis
692 1131 918 1183 minime
948 1130 1127 1184 dubiis
1154 1130 1292 1185 iram
1343 1132 1544 1187 sultaui
1605 1133 1856 1198 Muralis,
1912 1144 1967 1189 et

387 1220 599 1283 odium,
657 1236 723 1274 ex
817 1222 1053 1276 militum
1108 1223 1407 1289 delatione,
1477 1226 1964 1296 dcprchemlcbat:

384 1312 677 1366 accedente
728 1314 1034 1384 praesertim
1072 1315 1428 1372 conscientia:
1460 1333 1670 1385 morsu,
1726 1335 1789 1373 es
1852 1320 1967 1375 eili-

383 1405 487 1457 riis
522 1403 577 1457 in
633 1406 880 1460 exercitu
936 1408 1167 1475 pecunia
1223 1409 1480 1476 venditis,
1511 1411 1743 1482 aliisque
1781 1413 1969 1468 erimi-

384 1498 569 1553 mbus.
593 1498 804 1568 Quippe
844 1509 994 1555 tanta
1024 1502 1269 1576 supremi
1297 1506 1439 1573 apud
1467 1504 1674 1561 'l‘urcos
1731 1507 1962 1562 militum

383 1591 560 1654 ducis,
594 1591 690 1660 qui
737 1590 837 1646 Ser
895 1590 1058 1647 asker
1129 1594 1270 1663 apud
1308 1596 1458 1665 ipsos
1495 1596 1716 1662 dicitur,
1777 1605 1969 1651 aucto.

385 1680 521 1732 ritas
548 1690 603 1733 et
634 1690 874 1750 potestas
902 1692 1011 1751 est,
1045 1694 1104 1739 ut
1127 1699 1235 1739 non
1270 1685 1451 1740 solum
1483 1685 1662 1742 oflicia
1710 1687 1965 1742 militaria

386 1773 598 1826 minora
630 1775 948 1847 tuajuraque
971 1791 1071 1847 pro
1099 1777 1334 1833 arbitrio
1372 1778 1659 1850 lubituque
1697 1794 1803 1835 suo
1824 1795 1959 1835 con-

385 1866 555 1932 ferre,
586 1881 778 1921 verum
816 1869 983 1924 etiam
1032 1870 1211 1925 Portae
1257 1872 1470 1928 vezires
1527 1887 1718 1928 creare
1748 1872 1958 1943 possit;

383 1957 846 2024 quemadmodum
905 1975 962 2015 et
1025 1975 1189 2030 supra
1229 1962 1596 2028 narravimus,
1666 1962 1959 2018 Osmanem

385 2049 601 2102 bassam
638 2048 708 2103 ab
740 2051 843 2105 hoc
880 2049 999 2121 ipso
1034 2049 1323 2121 Mustapha
1348 2054 1675 2125 supremam
1713 2057 1781 2111 ad
1812 2056 1962 2110 illam

384 2141 703 2209 dignitatem
740 2142 843 2198 hoc
867 2152 1118 2200 evectuu
1152 2147 1298 2203 bello
1333 2146 1526 2204 fuisse.

453 2231 590 2286 Cum
618 2232 783 2303 igitur
812 2234 884 2290 ob
937 2238 1101 2292 hasce
1156 2252 1353 2295 causas
1400 2252 1687 2297 vereretur
1735 2241 1963 2298 insidias

385 2340 410 2381 s
435 2324 487 2377 hi
518 2327 679 2388 strui,
713 2327 1004 2396 diligenter
1032 2344 1098 2384 at:
1124 2340 1341 2385 mature
1395 2334 1498 2387 sibi
1540 2334 1795 2388 cavebat.
1841 2332 1963 2389 Mit-

387 2420 585 2476 titurin
612 2430 794 2474 castra
829 2420 1065 2490 denique
1117 2421 1275 2491 jussu
1326 2423 1554 2480 Muralis
1607 2426 1964 2495 Capizilario-

386 2531 506 2568 rum
545 2514 793 2578 Kihaias,
823 2514 916 2582 qui
964 2513 1268 2582 janitorum
1325 2516 1617 2584 praefectus
1670 2526 1775 2585 est,
1835 2533 1962 2582 cum

384 2609 507 2664 aliis
536 2606 850 2676 quindecim
884 2607 1221 2676 capizilariis
1249 2608 1368 2663 sive
1419 2610 1774 2677 janitorihus.
1824 2613 1965 2666 Huic

384 2719 412 2754 a
469 2702 690 2755 sultauo
751 2700 960 2753 Murate
1008 2701 1240 2756 diversae
1289 2705 1436 2757 (lata:
1493 2702 1710 2759 fuerant
1771 2704 1965 2761 litterae

384 2790 500 2843 sive
533 2790 808 2853 mamlata,
844 2791 1046 2858 quibus
1098 2793 1164 2843 ad
1214 2793 1623 2862 expediundum
1682 2797 1962 2865 negotium

382 2882 485 2935 sibi
521 2878 906 2948 commissum,
943 2891 1107 2953 prout
1138 2884 1308 2939 ferret
1366 2886 1609 2952 occasio,
1667 2888 1964 2956 prudenter

385 2985 652 3028 uteretur.
686 2972 816 3029 Una:
849 2974 932 3029 sic
960 2984 1121 3029 erant
1154 2975 1397 3044 scriptae,
1434 2987 1492 3030 ut
1521 2976 1625 3046 ipsi
1660 2976 1965 3046 Mustapha:

383 3080 486 3133 per
535 3066 887 3120 occasionem
926 3065 1069 3119 hanc
1121 3067 1519 3138 strangulando
1573 3068 1955 3125 redderentur.

2074 576 2342 631 minandi.

2144 667 2464 737 Ilustaphas
2487 667 2726 737 denique
2750 666 3289 735 Constantinopolim
3308 667 3342 721 9
3368 667 3460 731 die
3502 683 3659 723 men-

2071 760 2149 816 sis
2175 760 2705 829 Aprilisingressus,
2759 772 2908 812 anno
2965 757 3089 823 987,
3141 758 3355 829 placato
3406 760 3660 814 nonnihil

2071 854 2292 909 sultano
2322 854 2553 918 Murate,
2577 853 2621 907 si
2664 868 2771 906 non
2799 868 2863 905 ex
2915 851 3125 916 animo,
3161 852 3357 907 saltem
3422 868 3521 921 per
3584 855 3660 907 si-

2071 947 2429 1001 mulationem
2457 984 2473 1009 ,
2510 961 2640 1000 suos
2677 944 2798 999 illos
2846 943 3119 1009 homines,
3180 945 3525 999 niscbauzint
3593 961 3660 1001 ac

2069 1040 2523 1109 dcphterdarum,
2579 1038 2831 1094 custodia
2892 1038 3107 1093 liberat.
3176 1039 3251 1092 Ac
3307 1039 3658 1107 lict-tacen-

2072 1142 2265 1202 spectu
2299 1142 2353 1187 et
2381 1133 2658 1202 colloquio
2687 1132 2889 1187 sultani
2924 1130 3154 1186 Muratis
3192 1140 3499 1195 arceretur,
3533 1142 3659 1186 tan-

2067 1223 2191 1277 dent
2229 1231 2412 1278 tamen
2445 1224 2686 1293 aliquam
2746 1223 3132 1291 largitionibus
3184 1223 3495 1288 immensis,
3534 1238 3659 1293 quae

2068 1315 2206 1370 nihil
2241 1332 2347 1372 non
2380 1315 2526 1387 apud
2551 1315 2824 1371 Barbaros
2852 1314 3076 1371 efﬁcere
3108 1323 3367 1385 possunt,
3418 1316 3654 1384 gratiam

2065 1408 2319 1463 redemit.

2142 1499 2200 1554 in
2228 1500 2349 1570 ejus
2380 1499 2559 1555 locum
2583 1499 2827 1553 diximus
2859 1497 3149 1554 suffectum
3174 1499 3349 1555 luisse
3392 1499 3654 1553 Sinancm

2066 1593 2305 1648 bassam.
2340 1590 2438 1646 llic
2473 1592 2620 1646 enim
2679 1589 2855 1662 prius,
2916 1606 3083 1661 quam
3144 1594 3550 1654 vezirazemes,
3600 1600 3659 1644 et

2067 1698 2360 1753 supremus
2416 1683 2559 1738 bello
2588 1682 2812 1738 Persico
2875 1683 3117 1753 gerendo
3147 1682 3281 1747 dux,
3350 1697 3381 1736 a
3439 1681 3657 1735 liurate

2069 1776 2378 1831 declaratus
2409 1775 2625 1838 fuisset,
2666 1775 2893 1846 quoties
2928 1774 2999 1830 ad
3050 1773 3269 1830 Portam
3329 1791 3514 1830 rerum
3566 1774 3652 1828 iu-

2068 1867 2303 1922 feliciter
2332 1868 2601 1923 adversus
2619 1864 2816 1923 Persas
2845 1877 3125 1938 gestarum
3158 1868 3337 1922 nuntii
3377 1867 3655 1933 venirent,

2067 1960 2314 2017 Sinoniis
2343 1961 2556 2016 artibus
2584 1968 2767 2025 utens,
2816 1974 2911 2029 per
2950 1974 3227 2015 summam
3281 1958 3650 2029 arrogantiam

2065 2053 2315 2108 dictitare
2342 2052 2555 2107 solebat
2612 2068 2696 2117 se,
2725 2052 2769 2107 si
2808 2051 2933 2107 belli
2965 2052 3075 2106 dux
3124 2052 3463 2120 amplissima
3519 2066 3648 2106 cum

2066 2147 3200 2216 potestatcdesignarctur,penetraturum
3263 2146 3345 2201 vel
3392 2147 3463 2200 ad
3520 2146 3652 2201 inti-

2066 2239 2420 2293 tnatuscachi
2474 2237 2677 2292 Persici
2730 2238 2934 2307 regiam
3001 2237 3361 2301 Casminum,
3414 2237 3652 2307 indeque
3718 2288 3732 2298 ,

2064 2344 2247 2400 regem
2271 2330 2451 2385 vivum
2484 2330 2539 2384 in
2568 2339 2896 2399 potestatem
2960 2329 3240 2384 redactum
3292 2329 3509 2383 sultano
3541 2343 3649 2384 suo

2065 2420 2383 2474 missurum.
2413 2420 2480 2474 ili
2534 2419 2756 2475 Sinanis
2793 2421 2970 2475 basste
3026 2434 3312 2475 sermones
3354 2435 3482 2475 cum
3532 2421 3649 2474 sul-

2065 2515 2175 2568 tani
2200 2511 2429 2567 Muralis
2459 2512 2524 2567 ad
2552 2529 2716 2568 aures
2765 2513 3180 2581 pervenissent.
3233 2512 3372 2567 adeo
3429 2511 3645 2580 placue-

2063 2616 2211 2669 runt,
2273 2588 2343 2660 uti
2378 2620 2508 2661 eum
2543 2606 2801 2661 sultanns
2851 2620 3051 2675 parare
3099 2620 3160 2659 se
3215 2606 3462 2672 juberet,
3498 2605 3639 2674 quod

2066 2698 2497 2763 tuturumesset,
2566 2699 2641 2752 uti
2712 2713 2931 2753 suian
2994 2712 3120 2753 cum
3180 2697 3412 2767 imperio
3453 2706 3631 2754 contra

2061 2786 2259 2844 Persas
2286 2790 2612 2844 mitteretur.
2647 2791 2815 2844 Sinan
2840 2790 2947 2845 hoc
2977 2805 3085 2845 non
3146 2800 3468 2856 contentus,
3524 2800 3642 2845 tan-

2063 2891 2179 2936 tum
2199 2881 2418 2939 efﬁcere
2446 2893 2708 2952 pra-terea
2737 2885 2970 2940 sultaua:
3013 2882 3500 2941 commendatione
3546 2900 3643 2956 po-

2062 2974 2189 3041 tuit,
2226 2984 2285 3029 ut
2346 2973 2586 3030 Murates
2643 2978 2873 3041 diceret,
2915 2978 3188 3046 siquidem
3243 2987 3531 3048 praestaret
3588 2978 3645 3032 id

2061 3067 2207 3135 quod
2268 3067 2427 3122 toties
2480 3082 2541 3123 se
2608 3067 2981 3130 prrostiturum
3044 3071 3365 3138 recepisset,
3416 3071 3648 3126 omnino

383 3159 584 3213 Altera:
646 3158 849 3211 sultaui
910 3159 1226 3212 mandatum
1280 3160 1661 3226 continebant,
1730 3176 1822 3231 ne;
1854 3159 2228 3241 quacctiam
2266 3173 2329 3213 se
2364 3158 2685 3228 dignitatem
2722 3161 2770 3215 ei
2825 3161 3024 3216 veniris
3081 3162 3312 3224 azemis,
3376 3163 3478 3219 hoc
3535 3173 3646 3231 est,

385 3249 571 3305 missis
596 3248 665 3303 ab
688 3263 750 3303 se
782 3246 1097 3304 hominibus
1124 3247 1279 3304 hisce
1315 3251 1394 3304 vis
1447 3251 1763 3319 inferretur,
1823 3269 1962 3323 quo-

385 3342 570 3393 minus
594 3340 670 3401 id,
708 3341 854 3409 quod
884 3339 1018 3409 ipsis
1049 3340 1117 3395 ab
1144 3355 1204 3396 se
1244 3341 1551 3411 injunctum
1593 3354 1756 3410 esset,
1798 3340 1963 3417 372

381 3440 843 3500 exsequerentur.
885 3429 1081 3487 Tertiae
1114 3431 1390 3487 diversum
1422 3435 1494 3488 ab
1524 3436 1769 3506 utrisque
1832 3454 1959 3493 scn-

383 3525 632 3585 te-ntiam,
676 3525 754 3579 uti
787 3524 952 3594 paulo
982 3535 1110 3594 post
1164 3529 1473 3596 apparebit,
1522 3533 1961 3599 romplectehan-

382 3629 492 3671 tur.
526 3616 698 3670 Erant
729 3631 910 3672 castra
948 3615 1249 3688 Mustapha:
1282 3622 1573 3689 tripertita.
1612 3623 1733 3687 Quo
1758 3621 1958 3679 factum

385 3718 464 3774 nt,
488 3709 578 3760 ubi
613 3707 834 3762 Kxhaias
872 3710 924 3761 in
950 3718 1127 3763 castra
1162 3711 1418 3772 venisset,
1451 3716 1517 3766 ab
1542 3714 1664 3768 unis
1695 3715 1761 3769 ad
1791 3716 1959 3771 altera

382 3799 652 3868 tertiaque
702 3801 938 3855 vicissim
1006 3801 1419 3868 perducereiur,
1479 3819 1577 3860 nec
1639 3816 1818 3862 tamen
1903 3811 1958 3862 in

384 3893 681 3960 ittnsmpha:
713 3892 892 3945 besse
931 3901 1308 3961 conspectum,
1369 3895 1548 3951 varias
1584 3897 1704 3966 ipso
1762 3915 1959 3955 causas

383 3994 734 4052 pra'teaente,
771 3984 1177 4040 admitteretur.
1212 3982 1456 4039 Tandem
1507 4001 1628 4040 eum
1660 3987 1960 4057 Mustapha:

381 4076 715 4145 colloquium
763 4076 910 4129 serio
971 4085 1243 4147 posceret,
1298 4080 1535 4146 quodam
1595 4094 1625 4132 a
1674 4079 1957 4153 Mustaphu

381 4171 661 4237 descripto
716 4165 949 4233 circulo,
1007 4168 1150 4222 intra
1188 4184 1350 4239 quem
1398 4171 1601 4225 nemini
1648 4172 1842 4228 liceret
1889 4177 1957 4228 ad

381 4262 561 4328 ipsum
597 4256 859 4311 accedere
895 4257 1146 4327 propius,
1197 4273 1261 4313 ex
1298 4260 1582 4317 intervallo
1620 4260 1725 4314 fuit
1759 4263 1960 4320 admis-

384 4369 500 4419 sus,
537 4351 821 4421 dispositis
850 4352 1094 4420 undique
1124 4351 1457 4407 satellitibus
1489 4354 1717 4408 armatis
1744 4369 1759 4406 :
1810 4358 1955 4424 quod

380 4434 767 4515 proculdubio
799 4443 1097 4519 subolcret,
1156 4442 1419 4512 quidnam
1472 4459 1536 4500 ea
1596 4445 1704 4500 sibi
1754 4447 1954 4518 legatio

380 4539 565 4593 vellet.
598 4540 673 4592 Ex
705 4537 877 4591 altera
926 4546 1080 4607 parte
1113 4536 1553 4604 capizilariorum
1614 4539 1844 4595 Kihaias
1895 4552 1954 4596 et
1987 4525 2028 4580 θ

384 4632 502 4699 ipse
526 4628 830 4699 llustapbte
856 4636 1090 4682 mentem
1120 4628 1588 4695 animadvertetis,
1637 4630 1955 4686 mandatum

383 4725 599 4777 tertium
640 4722 869 4791 profert,
916 4736 1030 4792 quo
1083 4720 1422 4776 nischauzim
1474 4721 1814 4793 Mustapbee,
1862 4725 1956 4796 qui

380 4824 570 4869 nostro
607 4814 873 4868 vocabulo
898 4811 1138 4867 cancella
1149 4812 1189 4865 ri
1200 4828 1262 4866 us
1284 4825 1387 4877 cst,
1411 4829 1473 4869 ac
1493 4815 1955 4885 dephterdarutn,

377 4907 470 4976 qui
488 4905 775 4960 rationalis
811 4913 867 4959 et
895 4913 1152 4975 quaestor,
1198 4906 1416 4959 nomine
1455 4908 1656 4959 sultani
1724 4906 1957 4962 Muratis

381 5000 485 5053 sibi
526 4997 647 5052 dedi
678 4997 1007 5064 postulabat.
1036 4998 1111 5053 lbi
1159 5006 1272 5051 tum
1312 4998 1542 5054 miritice
1604 5002 1957 5070 tergiversari

382 5090 716 5161 Mustaphas,
773 5100 828 5143 et
891 5089 1235 5146 Cretensium
1288 5093 1435 5160 (qua:
1485 5094 1707 5163 vocant)
1761 5094 1960 5164 etfugia

382 5178 927 5252 quaerere.Sedieum
983 5182 1186 5237 aer-iter
1242 5194 1556 5253 urgeretur,
1610 5195 1665 5240 et
1713 5185 1859 5239 aliud
1902 5188 1957 5241 in

382 5277 488 5331 hoc
520 5288 763 5345 tempore
783 5275 997 5328 nullum
1032 5274 1160 5330 huic
1195 5276 1271 5331 rei
1309 5277 1611 5363 remedium
1669 5278 1958 5342 inveniret,

383 5370 483 5421 huc
509 5368 828 5422 conditione
855 5366 1168 5422 dedit-orum
1194 5382 1253 5422 se
1288 5383 1420 5424 suos
1465 5368 1761 5439 protnittit,
1808 5371 1858 5426 si
1887 5372 1961 5426 de

382 5458 626 5525 ipsorum
651 5462 770 5513 vitae
810 5457 1188 5513 incolumitate
1247 5471 1552 5515 caveretur.
1602 5461 1720 5526 Qua
1769 5465 1960 5516 Cutilii-

383 5560 532 5603 trone
570 5553 828 5613 admissa.
861 5551 1031 5606 dediti
1072 5559 1125 5605 et
1161 5549 1693 5623 Constantinopotnu
1740 5555 1958 5609 abducti

383 5642 816 5709 fueruntambo,
849 5654 903 5699 et
932 5644 986 5697 in
1011 5642 1315 5699 lodiculam
1342 5646 1457 5701 sive
1481 5659 1688 5717 septem
1720 5652 1957 5702 turrium

380 5745 591 5797 arcem,
622 5734 806 5800 inqua
829 5735 1027 5791 sultuni
1057 5733 1527 5791 Musulmanorum
1577 5739 1822 5793 thesauri
1873 5753 1961 5792 re-

386 5823 546 5879 condi
569 5824 767 5891 solent,
793 5824 1031 5882 inclusi:
1070 5827 1214 5882 velut
1263 5828 1461 5883 ibidem
1513 5830 1773 5902 singulari
1832 5847 1956 5884 cum

2068 3250 2310 3319 supremi
2348 3251 2655 3305 consiliarii
2688 3251 2888 3317 Porta),
2912 3267 3330 3310 concessurum.

2134 3339 2499 3411 Posteaquam
2568 3357 2700 3413 ergo
2755 3342 3285 3415 Constantimpelim
3327 3346 3649 3419 Muptapims

2063 3434 2365 3503 appulisset
2389 3435 2483 3488 die
2510 3432 2544 3487 9
2603 3435 2809 3490 mensis
2865 3435 3070 3504 Aprilis
3096 3474 3114 3502 .
3181 3437 3258 3492 uti
3299 3437 3508 3493 dictum
3553 3452 3649 3494 est

2062 3542 2253 3596 supra,
2307 3525 2477 3581 Sinan
2516 3526 2711 3581 eodem
2754 3526 2936 3583 adhuc
2964 3542 3152 3584 mense
3209 3540 3404 3584 contra
3447 3529 3649 3587 Persas
3680 3582 3695 3592 ,

2025 3617 2142 3672 .ire
2198 3619 2392 3686 jussus
2450 3617 2577 3673 fuit.
2632 3617 2829 3674 Nullus
2902 3617 2954 3673 id
3013 3620 3278 3690 temporis
3334 3622 3645 3679 Osmanicaz

2060 3709 2235 3765 Porta:
2266 3710 2800 3777 veziralemescrat,
2859 3711 3138 3767 exstincto
3164 3713 3426 3768 nimirum
3490 3715 3645 3771 Ach-

2061 3813 2206 3855 mete
2239 3802 2422 3866 bassa,
2471 3802 2562 3871 qui
2593 3803 2780 3857 occiso
2811 3801 2965 3857 domi
3003 3819 3115 3859 suae
3145 3819 3178 3856 a
3205 3804 3449 3862 det-visio
3496 3822 3648 3877 quo-

2060 3892 2185 3946 dam
2214 3890 2535 3947 Mechcmeti
2562 3893 2758 3962 bassaz,
2784 3895 3249 3965 quemadmodum
3296 3905 3460 3952 antea
3511 3914 3646 3954 nar-

2059 3985 2341 4046 ravimus.
2395 3994 2780 4054 successerat,
2840 3988 3144 4057 paucisque
3190 3990 3476 4045 mensibus
3539 3991 3647 4045 hoc

2060 4072 2239 4127 fuerat
2270 4074 2459 4130 officio
2499 4073 2747 4130 functus.
2809 4076 3105 4133 Vacantem
3178 4068 3643 4137 vezirazcmatum

2059 4165 2374 4233 Mustaphas
2431 4166 2591 4220 bassa
2649 4182 2758 4222 non
2812 4177 3023 4225 tantum
3074 4170 3378 4238 ambiebat,
3450 4189 3641 4229 verum

2057 4259 2220 4311 etiam
2258 4273 2353 4326 spe
2391 4274 2559 4329 prope
2591 4270 2737 4314 certa
2769 4261 2872 4315 sibi
2934 4262 3298 4330 pollicebatur
3336 4282 3350 4318 :
3411 4267 3638 4333 partim,

2057 4350 2202 4419 quod
2224 4350 2372 4405 inter
2394 4353 2605 4408 vezires
2629 4354 2821 4408 ordine
2849 4355 3133 4424 proximus
3166 4365 3317 4411 esset
3373 4357 3443 4411 ab
3491 4358 3646 4412 Ach-

2061 4453 2202 4499 mete
2263 4444 2422 4499 hassa
2469 4446 2825 4508 vezirazeme.
2878 4462 3053 4516 nuper
3112 4459 3364 4513 mortuo;
3413 4451 3642 4520 partim,

2059 4540 2203 4606 quod
2253 4540 2432 4596 atatis
2500 4549 2647 4595 esset
2705 4540 3095 4611 provectioris,
3162 4541 3645 4610 humanarumque

2061 4632 2269 4701 pariter
2326 4647 2391 4687 ac
2447 4632 2765 4686 bellicarum
2820 4648 3004 4688 rerum
3069 4635 3369 4690 nt‘aximum
3409 4635 3647 4691 haberet

2063 4738 2248 4777 nsum.
2282 4723 2387 4776 Sed
2410 4724 2514 4777 ista
2538 4738 2666 4792 spes
2694 4722 2966 4778 hominem
2999 4724 3160 4793 plane
3186 4724 3399 4780 fefellit.
3422 4726 3644 4796 Quippe

2062 4816 2308 4870 sultanus
2367 4815 2605 4870 Mur-otes
2675 4813 2865 4869 Sinani
2915 4817 3089 4871 bassm
3160 4817 3643 4886 ConstantinOpoii

2063 4910 2398 4978 profecturo.
2435 4921 2530 4976 per
2580 4907 3034 4977 (Zapizilariorum
3104 4892 3355 4963 Kihaiam
3396 4909 3641 4978 εῑείίικιιι

2061 5017 2220 5053 suum
2242 4999 2540 5068 ituperiale,
2565 5014 2695 5055 cum
2722 4998 2992 5069 dignitate
3016 5000 3215 5055 velit-is
3243 5000 3448 5054 azetnis
3475 5039 3489 5063 ,
3535 5017 3641 5071 pro

2062 5107 2213 5145 more
2234 5091 2407 5145 misit.

2132 5183 2374 5247 Discedit
2430 5198 2562 5252 ergo
2626 5183 2794 5240 Sinon
2853 5184 2923 5240 ab
2979 5185 3114 5239 urbe
3171 5185 3242 5239 25
3285 5186 3372 5240 die
3433 5186 3643 5240 mensis

2063 5280 2286 5350 Aprilis,
2356 5293 2481 5330 cum
2534 5277 2761 5334 Muri-tis
2836 5294 3053 5333 manum
3109 5278 3434 5340 osculatus,
3486 5262 3641 5348 quod

2063 5372 2429 5426 valediccntes
2482 5369 2663 5425 facere
2706 5368 2926 5435 solent,
2966 5369 3195 5424 acinace
3251 5370 3432 5439 magni
3477 5369 3646 5437 pretii

2064 5462 2280 5515 cinctus
2329 5462 2399 5515 ab
2457 5476 2524 5515 eo
2588 5461 2816 5526 fuisset,
2889 5460 3256 5530 vexillumque
3312 5461 3640 5530 prtetorinnt

2064 5570 2186 5609 cum
2209 5569 2353 5624 equo
2380 5570 2650 5624 generoso
2676 5555 2995 5625 accepisset.
3025 5555 3102 5608 Ad
3138 5570 3263 5609 eum
3295 5569 3359 5609 ex
3385 5553 3641 5608 Anatolia

2065 5656 2175 5700 tota
2244 5651 2448 5717 passim
2519 5646 3122 5719 conﬂuxeremtilitum
3168 5646 3380 5714 copiae,
3435 5644 3641 5699 Tataro

2064 5724 2279 5808 quoque
2310 5755 2448 5795 nova
2483 5739 2730 5793 subsidia
2778 5746 3028 5809 parante.

2135 5830 2459 5903 Quanquam
2490 5847 2616 5887 vero
2654 5832 2846 5888 melius
2875 5831 3259 5889 administrare
3279 5830 3479 5888 bellum
3528 5827 3642 5891 hoc
