4126 6422
382 433 493 497 689-

1500 428 2196 513 SUl'l’l.E.\l.‘AI\‘i\'.-‘.l.
2234 428 2530 489 'tt'tzcm.
3145 428 3169 446 θ

3543 417 3647 478 6(ὶῦ

385 561 645 630 cupiebat
687 559 858 613 Sinau
898 560 1084 618 bassa,
1118 571 1282 624 quam
1348 556 1555 609 factum
1593 570 1620 607 a
1680 552 1961 622 Mustapha
1995 550 2039 607 Α
2065 565 2220 603 extra
2262 554 2552 604 Sit-vanum
2616 549 2791 617 [insita
2852 547 2968 598 iura
3035 542 3421 608 tmritoriaque
3471 538 3641 591 retiu-

390 654 610 720 fuisset,
685 661 864 706 tamen
914 658 1135 718 propter
1183 649 1597 716 ahsnmptormu
1645 647 1822 699 inedia
1871 661 1964 715 pe-

396 753 590 812 eteque
622 744 848 798 militum
883 741 1236 810 paucitatem,
1265 739 1400 793 nihil
1426 736 1722 792 admodum
1752 751 1962 790 memo-

398 836 476 890 ria
510 837 726 903 dignum
768 833 989 887 efticere
1027 833 1223 900 potuit,
1258 832 1359 886 nisi
1398 832 1539 897 quod
1589 832 1643 884 in
1699 829 1961 898 Georgia-

400 944 591 981 no:um
638 928 903 981 limitibus
950 926 1091 981 duos
1154 926 1526 996 begicrbegos,
1577 940 1700 979 cum
1751 924 1968 978 duobus

392 1018 803 1087 dephterdaris.
870 1018 1174 1078 constituit,
1232 1016 1438 1070 alteros
1496 1017 1563 1070 ad
1610 1015 1967 1080 Socliumam,

390 1114 595 1167 alteros
644 1113 711 1166 ad
757 1112 1033 1165 Batiunm.
1080 1109 1155 1162 Ea
1217 1109 1501 1164 civitatum
1557 1108 1612 1163 in
1646 1108 1714 1164 iis
1769 1109 1968 1164 finibus

389 1204 611 1259 nomina
638 1216 791 1261 sunt.
824 1203 1248 1273 Begierbcgatus
1274 1212 1452 1256 tamen
1492 1202 1569 1256 illi
1602 1218 1708 1257 non
1767 1218 1968 1269 magno

391 1294 697 1350 mstimandi
741 1294 994 1349 ven‘iunt.
1051 1292 1244 1347 Plures
1303 1295 1559 1348 nimirum
1621 1295 1674 1348 in
1717 1294 1783 1348 iis
1834 1294 1973 1348 locis

392 1385 692 1441 limitaneis
723 1386 1134 1455 beglerbegatus
1177 1385 1411 1439 instituti
1444 1385 1617 1449 fuere,
1647 1401 1808 1455 quam
1846 1401 1971 1440 san-

394 1479 662 1547 giaratns.
711 1476 856 1533 Idem
893 1479 1061 1534 Siuan
1114 1479 1296 1542 bassa,
1356 1493 1482 1532 cum
1534 1479 1830 1547 aliquando
1889 1494 1975 1533 re-

390 1572 610 1640 gionem
656 1570 1085 1641 Curgginorum,
1128 1571 1179 1624 id
1240 1580 1326 1625 est
1370 1569 1830 1642 Ccorgianorum,
1890 1571 1974 1625 iu-

391 1677 685 1728 grcssurus
706 1672 875 1724 esset,
904 1679 1127 1730 gravem
1193 1678 1420 1716 suorum
1452 1664 1663 1717 cladem
1714 1674 1972 1732 expertus

394 1751 518 1815 fuit,
550 1752 737 1806 multis
773 1752 972 1807 ibidem
1007 1755 1276 1808 machinis
1301 1756 1464 1807 etiam
1496 1754 1707 1809 bellicis
1745 1755 1971 1809 relictis.

393 1844 459 1898 Et
486 1845 593 1899 alio
621 1854 889 1915 tempore,
927 1862 1052 1900 cum
1080 1848 1428 1915 'fiphiisium,
1458 1849 1605 1917 quod
1629 1851 1697 1903 ab
1723 1849 1973 1903 hostibus

395 1936 771 2003 obsidebatur,
803 1939 1094 1993 auxiliares
1132 1942 1322 2009 copias
1356 1952 1519 2008 atque
1545 1941 1809 2009 pecunias
1837 1941 1964 1995 mit-

400 2038 559 2096 teret,
599 2039 754 2086 tanto
779 2046 901 2086 cum
951 2030 1156 2101 impetu
1212 2049 1242 2086 a
1301 2031 1483 2088 Persis
1542 2041 1595 2087 ct
1647 2032 2005 2101 Ccorgiuuis,

395 2120 623 2177 inVasus
656 2121 761 2177 fuit
803 2122 976 2192 ipsius
1028 2123 1323 2189 exercitus,
1387 2134 1441 2178 ut
1501 2126 1757 2180 omnibus
1809 2130 1970 2182 rebus

398 2215 637 2280 antissis,
665 2228 835 2283 prope
869 2216 1052 2270 nullus
1079 2231 1144 2270 ex
1174 2217 1255 2271 eis
1314 2217 1499 2271 Saluis
1553 2223 1617 2271 ad
1650 2229 1828 2275 castra
1881 2221 1969 2274 Si-

403 2307 559 2359 nanis
585 2316 972 2361 reverteretur.
1017 2307 1138 2372 Quo
1197 2307 1423 2369 factum.
1488 2320 1546 2364 ut
1582 2311 1721 2365 intra
1760 2311 1972 2382 Tipbli~

400 2396 547 2450 sium
571 2396 773 2453 obsessi
800 2396 966 2452 Turci
1001 2399 1118 2452 dira
1181 2399 1350 2461 fame.
1418 2401 1647 2471 gustatis
1679 2404 1841 2457 etiam
1877 2420 1968 2459 ra-

399 2504 529 2544 num
562 2492 906 2558 muriumque
937 2493 1220 2557 carnibus,
1254 2497 1752 2565 exsduguercutur.

467 2583 629 2654 373
657 2585 750 2638 Die
772 2595 970 2653 quarto
994 2586 1198 2641 mensis
1227 2588 1650 2657 Augusti,-anno
1680 2588 1783 2643 9S7
1811 2588 1966 2660 (Chr.

396 2675 580 2741 1580),
616 2673 1154 2749 Constantinopolim
1207 2680 1411 2735 venita
1488 2682 1694 2736 scacho
1748 2680 1970 2737 Persico

394 2767 596 2822 uissus
622 2778 827 2834 orator,
864 2770 1128 2825 Maxudes
1158 2772 1323 2837 chan,
1356 2772 1448 2841 qui
1473 2773 1614 2843 regis
1639 2774 1723 2827 sui
1750 2775 1970 2829 nomine

396 2857 616 2912 sultano
646 2858 841 2913 Murati
898 2862 1290 2931 componendae
1344 2866 1495 2930 pacis
1546 2872 1741 2918 auctor
1798 2876 1967 2922 esset.

395 2945 679 3019 Magniﬁce
719 2965 751 3004 a
784 2949 1068 3021 Mustapha
1097 2952 1255 3009 bassa
1283 2965 1338 3009 et
1368 2954 1491 3009 aliis
1518 2953 1696 3012 Portte
1725 2958 1970 3027 proceri-

398 3036 501 3095 bus
523 3053 788 3111 exceptus
818 3042 941 3098 fuit.

469 3116 721 3204 Ejusdem
762 3136 966 3191 mensis
1005 3136 1094 3192 die
1137 3147 1294 3193 sexto
1356 3140 1593 3195 moritur
1654 3140 1970 3211 Mustaphas

2070 655 2317 713 quorum.
2343 643 2544 713 quibus
2586 643 2687 694 hoc
2712 638 2855 692 bello
2884 640 3063 691 calt-cs
3098 637 3193 703 (ita
3233 635 3375 700 loqui
3440 633 3644 684 scienti

2070 754 2248 806 cqtms
2282 736 2577 804 ilustaphae
2610 736 2786 789 bassm
2833 746 2959 786 snas
2995 729 3391 797 impressissvt.
3430 727 3483 780 ld
3522 742 3646 776 \t'rn

2070 847 2351 898 nunquam
2388 829 2582 882 facturi
2655 829 2908 880 videntur
2968 823 3170 885 Pcrszc,
3224 822 3317 889 qui
3375 820 3475 872 hac
3534 821 3647 885 lege,

2070 924 2394 979 dicuntillis
2426 939 2484 977 se
2540 923 2679 977 locis
2736 936 2997 975 cessuros
3043 918 3353 972 Osmauiem
3401 913 3642 970 familia‘.

2070 1019 2335 1087 siquidem
2368 1033 2428 1071 ea
2452 1015 2618 1070 Turci
2655 1025 2763 1068 tam
2792 1014 2961 1068 armis
2988 1014 3043 1065 in
3110 1019 3430 1080 potes'atem
3499 1009 3645 1059 redi—

2070 1127 2217 1178 gere,
2251 1125 2412 1179 quam
2446 1109 2625 1180 gladio
2665 1108 2806 1161 tueri
2840 1110 2903 1161 ac
2933 1106 3168 1161 retinere
3204 1104 3438 1170 possint.
3494 1102 3640 1154 Prae—

2073 1214 2155 1256 ter
2186 1204 2343 1257 hanc.
2375 1202 2662 1256 nullamsc
2688 1200 2840 1268 pacis
2886 1199 3049 1252 aliam
3074 1199 3247 1265 legem
3280 1194 3643 1249 admissuros.

2073 1294 2365 1363 aliquoties
2395 1308 2653 1359 expresse
2683 1291 3101 1345 denuntiarunt.
3154 1288 3423 1343 Cmterum
3455 1287 3639 1340 Maxu-

2072 1384 2170 1438 (ινδ
2204 1382 2293 1437 ille
2319 1383 2457 1437 chau
2491 1383 2765 1450 legatione
2793 1395 2891 1434 sua
2947 1378 3263 1438 defunctus.
3290 1386 3342 1430 et
3370 1379 3435 1429 ad
3498 1375 3645 1442 prin-

2073 1474 2245 1544 cipem
2278 1489 2438 1530 suum
2468 1489 2748 1538 reversus,
2778 1473 3060 1542 aliquanto
3099 1482 3222 1540 post
3250 1470 3643 1540 pt‘rtitlt'iiinttis

2076 1570 2285 1623 crimen
2316 1568 2568 1633 incurrit,
2605 1576 2664 1621 et
2703 1567 2836 1621 hero
2879 1581 2980 1619 suo
3010 1566 3248 1629 deserto,
3300 1562 3526 1616 Muralis
3589 1578 3648 1615 se

2077 1661 2195 1714 fidei
2231 1660 2497 1730 permisit,
2534 1659 2932 1727 Ferhatemquc
2990 1658 3213 1712 bassam
3275 1656 3534 1723 deinceps
3576 1657 3640 1709 ad

2078 1751 2277 1804 bellum
2334 1751 2612 1806 Persicum
2658 1750 3092 1820 proﬁciscentem
3151 1759 3376 1802 secutus
3417 1757 3523 1808 est,
3586 1756 3644 1799 ut

2080 1840 2316 1909 aliquem
2353 1840 2598 1896 nancisci
2653 1840 3027 1909 sangiacatum
3058 1840 3109 1893 in
3156 1838 3265 1894 illis
3294 1838 3493 1892 nuituis
3517 1852 3644 1907 pos-

2073 1944 2176 1987 50!.

2146 2030 2304 2084 Auno
2333 2030 2609 2099 988(Chr.
2637 2031 2819 2099 l58i),
2865 2031 2995 2085 nihil
3030 2029 3139 2083 fere
3170 2036 3383 2098 gestum
3438 2040 3647 2080 memo-

2075 2124 2270 2186 rabile,
2306 2135 2528 2194 propter
2555 2134 2853 2180 extremam
2885 2127 2938 2179 in
3001 2125 3274 2178 limitibus
3327 2129 3382 2174 et
3446 2118 3644 2175 castris

2074 2215 2316 2285 inopiam
2342 2234 2356 2281 ;
2385 2218 2520 2287 ipsis
2542 2219 2705 2273 etiam
2736 2219 3002 2273 militibus
3031 2217 3099 2272 ab
3130 2218 3232 2269 hoc
3257 2214 3395 2269 bello
3419 2228 3644 2283 prorsus

2071 2309 2287 2373 alienis,
2329 2318 2735 2380 etqnacunque
2784 2311 2997 2364 ratione
3051 2317 3373 2377 possent,se
3430 2306 3643 2361 subdu-

2073 2402 2353 2463 centibus.
2384 2402 2556 2456 Siuan
2589 2418 2808 2472 quoque
2845 2403 3004 2458 bassa
3034 2402 3158 2456 belli
3182 2409 3471 2469 pertresus,
3493 2398 3638 2468 quod

2074 2495 2230 2548 nullo
2262 2508 2385 2549 cum
2416 2494 2595 2549 fructu
2619 2503 2925 2565 gereretur,
2991 2502 3044 2548 et
3095 2494 3274 2548 redire
3328 2492 3646 2545 Constanti-

2074 2588 2318 2654 nopolim
2371 2588 2623 2657 cupiens,
2688 2587 2779 2641 ubi
2838 2586 3049 2654 majora
3092 2585 3159 2640 de
3215 2585 3647 2639 vetitazcmatus

2071 2679 2250 2734 ollicio
2273 2679 2561 2735 commoda
2595 2686 2950 2748 percepturus
2985 2684 3152 2741 esset,
3181 2683 3238 2730 ut
3278 2684 3395 2729 erat
3427 2676 3647 2744 ingenio

2073 2773 2282 2841 sagaci,
2312 2787 2419 2827 nou
2449 2773 2653 2828 bellum
2690 2778 2885 2827 contra
2918 2769 3142 2825 Persam
3180 2769 3644 2833 continuandum,

2073 2861 2167 2917 sed
2197 2877 2387 2933 pacem
2420 2862 2601 2932 aliqua
2635 2863 2843 2917 ratione
2881 2861 3071 2918 statuit
3112 2860 3438 2916 iucundam.
3474 2852 3671 2924 Easde'

2072 2967 2241 3010 causa
2275 2954 2464 3010 missis
2492 2955 2557 3009 ad
2583 2970 2764 3023 regem
2800 2953 3088 3009 Persarum
3130 2952 3346 3009 Zausiis
3372 2962 3535 3024 atque
3566 2956 3653 3008 lit—

2075 3048 2226 3111 teris,
2266 3048 2560 3117 significat,
2608 3048 2880 3117 siquidem
2917 3063 3019 3103 suo
3045 3061 3168 3102 cum
3232 3048 3484 3118 principe
3552 3062 3649 3117 pa-

2074 3158 2193 3198 cem
2229 3142 2410 3199 liicere
2433 3144 2615 3207 vellet,
2653 3142 2892 3211 legatum
2956 3141 3120 3197 modo
3178 3142 3527 3209 prudentem,
3595 3150 3653 3195 ct

400 3228 584 3292 bassa,
617 3242 740 3282 cum
779 3228 941 3283 biduo
963 3229 1229 3284 duntaxat
1261 3239 1419 3285 antea
1476 3232 1726 3286 morbum
1754 3243 1970 3288 contra-
1999 3239 2042 3295 C
2075 3234 2421 3289 auctoritatis
2448 3236 2684 3302 eximize,
2724 3242 2985 3301 tantoque
3004 3235 3223 3303 negotio
3257 3249 3467 3302 parem,
3501 3236 3649 3289 able-

403 3321 576 3374 xisset
595 3336 661 3374 ex
689 3335 782 3373 esu
814 3320 1233 3389 mclopepouum
1265 3325 1532 3388 avidiore,
1584 3326 1787 3394 quibus
1815 3343 1972 3395 aquae

402 3425 631 3466 sacrare
660 3412 839 3467 dilutae
867 3411 1085 3481 ('l‘urcis
1115 3428 1177 3467 ea
1210 3413 1485 3468 Zerbetum
1510 3415 1733 3487 dicitur)
1761 3417 1971 3483 copiam

407 3503 697 3572 largiorem
775 3504 1242 3575 superitrfuderat.
1321 3507 1606 3578 Plerisque
1681 3510 1974 3577 putabatur

406 3596 641 3663 ipsemet
661 3596 764 3652 sibi
814 3607 1045 3654 mortem
1098 3600 1377 3664 attulisse,
1434 3609 1656 3671 sumpto
1715 3610 1973 3671 praeterea

406 3704 638 3753 veneno,
673 3699 815 3746 metu
852 3693 1142 3762 supplicii;
1180 3694 1326 3763 quod
1386 3704 1690 3761 vereretur,
1739 3711 1805 3749 ne
1831 3688 1977 3763 prio?

404 3797 493 3836 res
520 3782 586 3835 a.l
612 3797 831 3850 causas,
867 3785 938 3839 ob
971 3801 1109 3854 quas
1136 3786 1336 3840 suitani
1381 3785 1612 3842 Muralis
1644 3788 1974 3857 indignatio-

401 3886 528 3925 nem
560 3871 884 3940 incurrerat,
934 3875 1231 3930 accedente
1277 3875 1482 3931 Persici
1527 3879 1764 3933 oratoris
1809 3895 1973 3934 accu-

403 3962 636 4025 satione,
660 3964 727 4018 de
758 3965 1070 4033 suppressis
1110 3967 1321 4035 aliquot
1360 3968 1502 4037 regis
1536 3967 1619 4023 sui
1686 3970 1976 4040 legatiooi-

405 4053 528 4119 bus,
553 4069 750 4123 magna
777 4071 899 4109 cum
962 4057 1185 4112 infamia
1250 4062 1371 4115 vita:
1420 4062 1721 4130 periculum
1780 4065 1975 4119 adiret.

403 4146 672 4202 Constans
698 4142 919 4217 quidem
956 4150 1005 4204 id
1040 4153 1306 4221 temporis
1338 4163 1456 4207 erat
1499 4154 1641 4209 fama
1700 4171 1794 4224 per
1851 4159 1974 4210 un“:—

405 4255 617 4295 versam
644 4241 1204 4313 ConstantinOpolim,
1258 4245 1527 4309 fuittrnnt,
1559 4257 1619 4301 ut
1662 4251 1976 4319 strangula-

407 4342 578 4386 retur.
607 4332 915 4389 Facultates
947 4338 1148 4389 mortui
1175 4336 1307 4392 fisco
1365 4323 1591 4393 fuerunt
1631 4340 1816 4403 illatas,
1853 4357 1980 4409 por-

404 4424 552 4479 tione
581 4424 817 4494 quadam
847 4427 1141 4495 nepotibus
1176 4428 1389 4494 relicta,
1453 4430 1547 4499 qui
1606 4440 1742 4487 tunc
1798 4434 1979 4487 adhuc

407 4513 719 4582 impuberes
745 4515 813 4570 ad
853 4515 1030 4573 Porta:
1089 4516 1394 4573 ministeria
1434 4520 1666 4575 traducti
1729 4520 1974 4574 fuerunt.

405 4604 546 4660 Olim
601 4607 853 4663 sultauus
905 4607 1135 4664 Selimes
1178 4610 1459 4666 secundus
1515 4625 1585 4666 eo
1636 4620 1976 4682 prmceptorc

406 4695 583 4752 fuerat
607 4714 761 4754 usus.
786 4696 913 4754 lude
941 4715 1066 4754 cum
1102 4700 1462 4770 beglerbegus
1481 4700 1761 4755 Cairensis
1797 4699 1977 4756 factus

404 4799 576 4852 esset,
605 4806 795 4859 parum
841 4791 1039 4855 abfuit,
1094 4793 1394 4863 quominus
1446 4792 1607 4863 jussu
1644 4791 1864 4847 Sclitnis
1896 4792 1979 4846 in-

406 4879 772 4938 terficeretur.
807 4882 1013 4955 Dignus
1072 4885 1319 4948 omnino,
1354 4884 1446 4954 qui
1492 4883 1714 4938 sibimet
1763 4883 1979 4938 tandem

409 4975 561 5027 fieret
589 4973 855 5037 carnifex,
881 4976 953 5029 ob
978 4972 1304 5040 ext-rcitaiu,
1334 4987 1494 5046 capta
1524 4974 1882 5042 Famagusta,
1920 4974 1977 5028 in

408 5060 775 5129 Bragadiumu
800 5076 854 5120 et
884 5066 1022 5121 alios
1043 5066 1352 5135 perfidiam,
1390 5080 1459 5121 ac
1496 5065 1792 5121 belluinam
1817 5079 1978 5135 pror-

407 5170 501 5208 sus
516 5155 936 5212 immanitatem.

479 5245 575 5301 Die
604 5248 824 5304 decimo
873 5249 1109 5316 septimo
1141 5249 1345 5304 mensis
1397 5249 1651 5318 Augusti,
1718 5262 1982 5303 concessa

409 5337 727 5394 fuitoratori
766 5341 987 5397 Persico
1022 5343 1310 5411 legationis
1344 5344 1680 5411 exponendas:
1704 5340 1982 5408 facultas;

407 5443 530 5498 qua:
562 5431 689 5485 licet
715 5432 786 5487 ab
812 5433 971 5487 initio
1000 5449 1095 5504 per
1116 5449 1236 5489 esse
1294 5443 1446 5503 grata
1501 5433 1723 5487 sultano
1782 5432 1980 5487 Murali

410 5524 706 5589 videretur,
748 5526 904 5579 omni
959 5537 1140 5580 tamen
1202 5527 1377 5578 fructu
1435 5526 1632 5578 caruit.
1675 5524 1984 5590 Quominus

410 5617 552 5672 enim
578 5634 681 5686 pax
715 5619 866 5672 coire
902 5627 1106 5688 posset,
1131 5620 1244 5672 iure
1274 5627 1389 5672 erat
1420 5633 1584 5672 causa
1610 5657 1625 5679 ,
1683 5617 1827 5686 quod
1857 5634 1978 5671 eam

410 5706 685 5765 Osmaniei
722 5712 963 5763 maximo
998 5727 1121 5764 eum
1155 5728 1255 5764 suo
1277 5712 1590 5776 commodo,
1656 5708 1981 5765 Persarum-

412 5816 516 5870 que
552 5802 900 5867 detrimento,
931 5801 1110 5856 facere
1162 5802 1360 5856 vellent
1394 5819 1412 5867 ;
1456 5802 1712 5855 nimirum
1745 5801 1819 5855 nti
1852 5801 1983 5856 Pcr-

412 5910 487 5948 ξω
511 5893 709 5949 Turcis
739 5895 922 5950 omnia
944 5904 1050 5949 tam
1086 5892 1319 5950 Sirvano
1371 5896 1791 5965 cun'tprcbcnsa,
1821 5910 1983 5965 quam

2076 3335 2272 3397 garct:
2316 3326 2389 3380 ita
2423 3326 2667 3380 futurum
2726 3326 2869 3380 haud
2899 3327 3084 3392 dubie,
3145 3326 3375 3381 feliciter
3419 3327 3496 3381 liti
3548 3342 3653 3396 pax

2076 3417 2216 3472 inter
2254 3426 2514 3486 utrosque
2534 3418 2918 3480 conficeretur,
2951 3429 3002 3472 et
3023 3433 3176 3472 arma
3218 3420 3651 3488 deponerentur.

2075 3506 2285 3561 Interea
2326 3521 2455 3559 vero
2502 3509 2814 3577 pangendas
2884 3508 3173 3572 inducias,
3225 3524 3346 3578 qua:
3398 3512 3653 3571 utrinque

2078 3596 2219 3649 bona
2274 3594 2376 3649 fide
2426 3605 2835 3650 servarentury
2888 3594 3062 3649 Simul
3126 3598 3191 3650 ad
3242 3602 3653 3665 componendas

2075 3685 2246 3751 aequis
2281 3684 2492 3754 legibus
2524 3685 2836 3741 discordias
2876 3701 3042 3740 omne
3100 3686 3348 3740 studium
3401 3704 3648 3756 operam-

2076 3792 2184 3846 que
2219 3794 2371 3831 suam
2407 3773 2785 3847 pollicebatur.
2823 3778 2937 3833 Non
2969 3780 3180 3847 ingrata
3202 3781 3403 3835 scacho
3428 3781 3650 3835 Persico

2077 3870 2227 3939 pacis
2255 3886 2316 3924 ea
2345 3871 2548 3923 mentio
2577 3869 2695 3937 fuit,
2759 3871 2992 3941 ideoque
3057 3888 3181 3926 mox
3253 3874 3540 3928 concessis
3597 3884 3653 3927 et

2078 3962 2393 4033 approba'is
2424 3962 2679 4026 imluciis,
2721 3975 2997 4018 oratorem
3039 3979 3097 4017 se
3130 3967 3455 4029 missurum,
3482 3982 3653 4021 causa

2080 4056 2233 4125 prius
2262 4054 2586 4119 deliberata,
2618 4055 2924 4125 respondit.
2987 4054 3085 4109 His
3142 4056 3405 4125 perfectis
3461 4059 3650 4121 rebus,

2079 4156 2258 4201 eaStra
2280 4146 2445 4201 Siuan
2473 4146 2631 4201 bassa
2684 4148 2968 4218 relinquit,
3001 4157 3056 4204 et
3116 4148 3648 4218 Constantinopolim

2082 4236 2380 4307 profectus,
2417 4237 2521 4291 sub
2550 4237 2788 4292 medium
2815 4252 3059 4292 mensem
3114 4235 3320 4292 .lulium
3380 4238 3653 4304 exquisita

2079 4348 2200 4386 cum
2234 4347 2454 4401 pompa,
2488 4330 2891 4401 prodeuntibus
2941 4330 3162 4386 obviam
3229 4330 3408 4388 Portre
3467 4348 3654 4401 prore-

2081 4425 2254 4488 ribus,
2275 4425 2459 4478 urbem
2494 4425 2817 4495 ingreditur.

2154 4518 2317 4571 initio
2346 4515 2512 4582 veris,
2544 4531 2690 4571 anno
2724 4516 2973 4583 sequenti
3009 4515 3115 4571 989
3155 4516 3310 4586 (Chr.
3345 4510 3531 4581 1582),
3566 4518 3654 4569 die

2078 4603 2260 4659 Martii
2302 4605 2509 4661 mensis
2570 4604 2835 4660 vicesimo
2885 4619 3049 4668 nono.
3110 4603 3316 4659 missus
3377 4618 3406 4658 a
3454 4606 3657 4659 scacho

2080 4696 2417 4752 Mucltemcte
2442 4700 2664 4768 quidam
2684 4712 2757 4765 ex
2791 4711 3075 4767 procerum
3138 4695 3484 4752 Persicorum
3549 4715 3655 4753 un-

2078 4804 2252 4856 mero,
2286 4790 2374 4845 cui
2398 4806 2591 4845 nomen
2621 4790 2924 4845 lbrahimes
2972 4790 3136 4851 chao,
3182 4787 3651 4858 Constantinopo-

2077 4880 2171 4935 lim
2196 4889 2478 4952 magnoet
2515 4881 2716 4951 insigni
2771 4894 2897 4935 cum
2953 4879 3218 4936 comitatu
3282 4888 3652 4936 treeentormu

2076 4974 2203 5045 pius
2237 4974 2417 5029 minus
2440 4974 2687 5041 equitum
2751 4971 2947 5027 venit:
3012 4973 3212 5040 partim
3266 4971 3347 5027 uti
3407 4973 3475 5028 de
3524 4988 3656 5041 pace

2079 5081 2206 5122 cum
2239 5066 2460 5121 sultano
2493 5065 2704 5119 Murate
2736 5072 3015 5127 tractaret,
3039 5063 3241 5130 partim
3275 5073 3334 5117 ut
3366 5063 3658 5119 interesset

2080 5157 2423 5212 caeremonias
2459 5155 2888 5218 Musulmauicae,
2940 5170 3048 5224 qua
3088 5154 3322 5209 Muralis
3351 5156 3499 5209 filius
3534 5155 3654 5208 Mn-

2081 5250 2381 5313 cbemetes,
2424 5247 2700 5304 sexdecim
2745 5247 2868 5316 plus
2912 5248 3095 5302 minus
3139 5261 3407 5301 annorum
3466 5246 3655 5299 adole-

2080 5356 2266 5402 scens,
2288 5338 2518 5394 solemni
2547 5339 2652 5391 ritu
2674 5336 3150 5391 circumcidendus
3172 5346 3313 5390 erat.
3334 5335 3429 5389 Die
3451 5335 3657 5390 mensis

2086 5432 2211 5486 Maii
2250 5429 2508 5485 vicesimo
2533 5439 2732 5484 octavo
2764 5431 2929 5499 erepit
2961 5429 3202 5483 inaudita
3226 5429 3430 5484 saccqu
3463 5435 3657 5482 nostro

2084 5524 2374 5579 celebritas
2481 5520 2929 5576 circumcisionis
3002 5520 3206 5591 hujus,
3302 5521 3661 5589 pra-sentibus

2084 5613 2558 5682 Constantinopoli
2616 5614 2983 5667 maximorum
3065 5626 3235 5681 prOpe
3264 5591 3458 5668 ἰοιίιιε
3510 5616 3662 5670 orbis

2086 5708 2396 5781 principum
2423 5706 2639 5775 legatis,
2665 5703 2939 5773 Rudolpbi
2971 5702 3198 5758 secundi
3217 5702 3659 5759 CitriStianoruiu
3728 5714 3733 5717 “

2088 5798 2440 5870 imperatoris
2484 5797 2730 5865 augusti,
2790 5794 3012 5850 ilenrici
3069 5792 3215 5848 tertii
3273 5794 3464 5851 Calliae
3516 5795 3664 5864 regis

2093 5892 2272 5964 (cujus
2306 5900 2491 5948 tamen
2524 5897 2709 5955 orator
2742 5886 3057 5944 Gertuinius
3083 5884 3443 5944 Ccrmolltcus
3467 5899 3666 5941 secun-
