4126 6424
355 383 462 448 693

360 494 526 547 lebat.
565 489 834 544 adversus
888 502 1068 558 regem
1144 490 1286 559 regis
1347 504 1488 561 opus
1544 509 1667 548 esse
1732 510 1953 564 opera;

358 587 634 653 planeque
661 582 978 637 necessario
1022 582 1226 652 requiri
1253 584 1317 637 ad
1347 583 1709 639 obtinendam
1763 587 1831 641 de
1863 588 1960 641 ho-

365 691 452 734 ste
477 676 785 738 victoriam,
824 683 883 727 ιιι
919 676 1035 744 ipse.
1061 675 1318 731 sullanus
1386 676 1627 733 Murates
1660 680 1771 733 dux
1827 680 1953 734 belli

369 771 632 823 adversus
663 767 1057 820 Muchemetem
1082 765 1373 822 Persarum
1407 769 1568 840 375
1607 785 1790 839 regem
1823 788 1952 840 pro-

374 861 729 914 ticisceretur.
775 858 1017 912 Murates
1052 873 1119 913 eo
1161 858 1383 915 Sinanis
1424 872 1651 933 accepto
1682 881 1953 934 responso

371 967 488 1003 ιιιος
515 949 787 1004 sultanam
816 959 1049 1002 matrem
1080 949 1218 1015 adit,
1255 961 1310 1005 et
1343 952 1412 1005 ab
1437 968 1499 1006 ea
1553 956 1846 1009 consilium
1900 961 1952 1011 in

276 1075 286 1083 -
367 1046 466 1096 hac
494 1057 656 1095 causa
690 1042 808 1095 dari
834 1041 940 1096 sibi
1000 1043 1153 1112 petit.
1218 1042 1355 1098 Tum
1389 1047 1477 1101 illa
1531 1065 1542 1101 :
1580 1048 1646 1102 Mi
1715 1052 1813 1113 fili,
1850 1051 1949 1112 ait,

366 1132 605 1185 hmrcinc
666 1143 796 1185 sunt
846 1134 936 1187 illa
1017 1135 1309 1199 magniﬁca
1364 1142 1635 1206 promissa
1683 1138 1954 1197 Sillanis?

363 1223 507 1276 itane
537 1223 821 1293 pollicitus
853 1237 940 1279 est
963 1227 1168 1281 iturum
1205 1243 1265 1282 se
1288 1233 1538 1299 rapiendi
1576 1233 1778 1290 Persici
1853 1253 1945 1292 re-

362 1315 445 1383 gis
478 1316 776 1381 causa,vel
814 1316 882 1372 ad
932 1318 1182 1373 intimam
1213 1320 1502 1376 Persarum
1543 1328 1746 1395 regiam
1814 1329 1947 1381 Cas-

365 1407 578 1460 minum
607 1423 621 1470 ;
654 1416 709 1462 et
736 1424 882 1464 nunc
919 1420 1115 1464 auctor
1135 1427 1256 1465 esse
1286 1414 1400 1466 vult
1464 1416 1581 1479 lilii,
1617 1430 1673 1471 ut
1718 1419 1950 1487 ipsemet

365 1497 432 1551 ad
458 1499 758 1569 gerendum
788 1501 890 1557 hoc
926 1503 1125 1557 bellqu
1156 1506 1570 1574 proﬁciscaris?
1600 1510 1718 1564 Non
1750 1511 1951 1578 dignus

365 1601 474 1657 est,
537 1594 630 1659 qui
697 1593 960 1664 deinceps
1019 1612 1246 1651 munere
1335 1601 1536 1653 veziris
1606 1605 1811 1657 azemis
1867 1605 1943 1658 tui

367 1684 646 1753 fungatur.
698 1686 817 1753 Quo
862 1689 1101 1742 consilio
1153 1691 1386 1746 sultatta:
1449 1694 1949 1751 matrisintellecto

367 1778 727 1847 probatoque,
789 1780 1079 1834 confestim
1128 1781 1365 1838 Muratcs
1430 1785 1691 1840 Siuauem
1756 1787 1942 1841 Masu-

367 1872 472 1924 lem
507 1873 853 1940 pronuntiat.
911 1873 1017 1955 hoc
1075 1883 1182 1939 cst,
1236 1876 1540 1930 honoribus
1587 1879 1842 1932 omnibus
1897 1895 1961 1932 ac

367 1964 674 2036 prtesertirn
726 1964 991 2031 dipn'tate
1063 1968 1306 2036 supremi
1367 1969 1565 2023 veziris
1635 1973 1809 2028 exuit.
1860 1972 1961 2026 Pa-

371 1981 682 2109 prteserttgl
726 1981 991 2031 etputare
1063 1981 1306 2036 supremi
1367 1985 1565 2023 veztrts
1635 1981 1809 2028 exuit.
1860 1981 1961 2026 l’a-

371 2070 492 2108 rum
518 2054 633 2123 quit.
691 2072 739 2109 ιιι
765 2057 961 2125 abfuit,
1001 2059 1133 2127 quin
1193 2061 1564 2115 occideretur.
1625 2062 1768 2118 Bona
1830 2080 1961 2119 cou-

369 2146 611 2201 demuati
638 2147 773 2203 ﬁsco
802 2147 1343 2219 fueruntapplieata.
1372 2153 1668 2221 Releitatus
1698 2165 1751 2208 et
1774 2157 1953 2211 exsul.

375 2241 643 2310 hodieque
676 2240 927 2313 Malagrze
959 2244 1125 2315 degit,
1145 2247 1290 2313 quol
1317 2248 1441 2314 uppi
1468 2247 1579 2298 lttut
1612 2247 1660 2299 ιι
1680 2248 1951 2301 tcedouise

379 2333 544 2387 situm
562 2343 646 2389 est
679 2337 731 2389 in
767 2336 987 2400 itinere,
1008 2353 1119 2407 quo
1137 2337 1616 2408 Constantinopoli
1653 2340 1960 2409 ltagusium

379 2428 509 2481 itur.
547 2427 735 2483 Sinani
765 2428 1039 2485 suffectus
1067 2430 1173 2485 fuit
1205 2431 1259 2484 in
1317 2433 1758 2487 vezirazematus
1786 2433 1964 2488 cilicio

375 2519 597 2574 Siauses
644 2520 825 2585 bassa,
873 2522 1099 2575 natione
1140 2521 1415 2592 ngarus,
1487 2540 1728 2595 quorum
1795 2534 1961 2595 nupta

372 2612 575 2667 snltaui
603 2612 834 2668 Muralis
868 2630 1030 2670 soror
1052 2629 1191 2671 erat.
1229 2616 1384 2683 Quod
1446 2634 1627 2673 mores
1699 2630 1751 2673 et
1815 2621 1973 2681 iuge-'

376 2707 525 2760 nium
561 2706 784 2762 Sinanis
805 2710 1021 2771 attinet,
1075 2710 1351 2763 crudi-lem
1380 2719 1676 2764 etavarum
1704 2726 1763 2767 se
1796 2709 1965 2781 gessit

371 2813 501 2867 erga
520 2800 769 2868 quosvis,
801 2814 928 2869 erga
967 2799 1319 2855 Christianos
1381 2800 1823 2867 infestissimum,
1874 2817 1965 2856 su-

376 2892 604 2960 perbum
646 2899 701 2945 et
728 2902 1079 2961 arrogantem
1107 2908 1237 2962 erga
1288 2893 1527 2962 majores
1558 2903 1611 2946 et
1639 2908 1820 2961 pares.
1875 2891 1963 2947 Ja-

377 2982 581 3036 clantia
616 2993 764 3037 tanta
812 2982 942 3045 fuit.
991 2991 1051 3039 ut
1104 2999 1227 3039 cum
1274 2984 1572 3053 aliquando
1614 2988 1963 3053 negotiorum

379 3076 725 3147 publicorum
764 3092 929 3132 causa
976 3078 1363 3134 conveniretur
1394 3080 1460 3131 ab
1492 3078 1692 3132 illustri
1722 3087 1773 3131 et
1806 3093 1964 3149 gene-

1483 385 1856 450 SUl‘l‘l.El\l.
1892 388 2169 452 ANNAL.
2210 388 2517 450 'l'UllClC.

3537 385 3647 449 6M

1991 503 2032 559 Α
2064 507 2188 551 octo
2223 497 2480 550 tlecemvc
2541 495 2750 550 dierum
2789 495 2892 548 iter
2926 495 2991 547 ab
3029 493 3160 562 ipsis
3201 495 3396 549 vastati
3436 494 3644 560 Persis,

2065 604 2237 657 usque
2272 590 2410 643 adeo
2435 586 2640 642 redacti
2680 597 2811 642 sunt
2842 588 2907 640 ad
2976 587 3306 641 Solitudines
3334 628 3348 651 ,
3417 587 3504 641 vix
3575 589 3650 641 uti

2060 682 2281 749 paulum
2319 695 2476 749 aqum
2507 678 2837 748 reperiatur,
2890 678 3090 731 nedum
3142 679 3299 746 panis
3330 687 3424 730 aut
3453 692 3651 730 carnes

2059 781 2154 826 aut
2183 771 2303 827 alite
2330 787 2438 837 res,
2483 783 2593 825 tam
2624 771 2691 825 ad
2718 772 2921 825 victum
2987 770 3295 832 lmrniuum,
3340 786 3506 837 quam
3562 770 3651 838 ju-

2060 873 2373 919 tncntorum
2428 864 2693 919 alimenta
2747 864 3099 918 necessariae.
3148 863 3280 928 Qum
3344 863 3459 914 sola
3503 872 3653 915 certe:

2057 969 2353 1024 causaest,
2388 957 2747 1026 quamobrem
2778 958 3046 1012 hactenus
3108 956 3422 1010 Ostuauidre
3475 955 3528 1008 in
3587 956 3653 1008 iis

2058 1050 2190 1105 locis
2229 1065 2462 1103 annona:
2485 1050 2716 1104 caritate
2751 1047 3143 1101 laboraverint.
3174 1047 3251 1100 Ac
3283 1044 3410 1098 suht
3442 1046 3492 1099 in
3534 1046 3651 1113 ipsa

2056 1140 2257 1195 Turcia
2293 1140 2386 1210 qui
2412 1140 2754 1202 existiment,
2814 1123 3027 1193 Turcos
3062 1136 3165 1192 hoc
3235 1135 3379 1191 bello
3432 1152 3681 1205 semper.

2056 1234 2344 1289 inferiores
2376 1233 2617 1300 futuros,
2645 1235 2769 1287 licet
2810 1232 2994 1303 plures
3021 1235 3087 1287 ad
3110 1248 3284 1285 annos
3303 1230 3463 1285 etiam
3486 1230 3537 1284 in
3558 1246 3656 1300 po-

2054 1335 2262 1379 sterum
2302 1327 2681 1380 contionetur.

2078 1429 2091 1438 '
2126 1416 2323 1471 Verum
2356 1435 2421 1472 ne
2447 1418 2662 1487 longius
2690 1429 2845 1472 extra
2872 1420 3044 1483 oleas,
3084 1416 3227 1486 quod
3250 1416 3422 1479 aiunt,
3457 1418 3523 1469 ad
3561 1432 3655 1466 an-

2053 1510 2256 1564 nalium
2278 1512 2474 1565 seriem
2505 1511 2819 1566 redeamus.
2860 1509 3005 1564 Misit
3038 1511 3347 1562 secundum
3384 1508 3499 1560 hinc
3551 1508 3655 1559 ali-

2052 1604 2267 1671 quoties
2294 1605 2497 1658 Osmatt
2531 1603 2692 1657 bassa
2730 1604 2956 1673 petitum
2993 1602 3196 1656 soltaui
3235 1599 3464 1653 Muralis
3492 1615 3648 1667 opem

2053 1708 2219 1762 atque
2256 1695 2480 1759 auxilia,
2515 1711 2635 1764 qua:
2667 1695 3016 1764 suppeditata
3046 1709 3169 1747 cum
3222 1694 3478 1756 fuissent,
3513 1691 3657 1758 jam-

2052 1799 2157 1852 que
2212 1784 2580 1855 Temircapim
2637 1787 3021 1848 acceSsESsent,
3093 1785 3158 1838 ad
3220 1783 3438 1837 Sirvaui
3521 1781 3656 1833 lines

1996 1854 2036 1910 υ
2065 1878 2342 1933 civitatem
2382 1854 2737 1935 Somachiam
2775 1880 2939 1946 cepit.
2975 1877 3157 1947 ibique
3188 1876 3573 1945 beglcrbegum
3608 1882 3662 1927 et

2063 1972 2483 2041 deplucrdarnut
2523 1973 2833 2027 collocavit.
2866 1971 3131 2025 Praeterea
3169 1970 3349 2024 locum
3380 1967 3545 2021 alium
3573 1981 3661 2018 re-

2063 2065 2209 2135 degit
2248 2066 2298 2119 iu
2340 2076 2691 2133 poteszatem,
2755 2067 2843 2121 cui
2894 2082 3001 2120 non
3057 2065 3220 2133 longe
3262 2078 3290 2116 a
3351 2058 3659 2127 'l'emirmpi

2064 2159 2255 2213 dissitu
2289 2174 2487 2212 nomen
2533 2166 2618 2212 est
2657 2157 3025 2212 Tabassaran.
3070 2156 3239 2209 Paulo
3289 2161 3408 2222 post
3458 2150 3658 2203 ibidem

2065 2261 2118 2304 ct
2159 2251 2318 2304 aliam
2349 2250 2624 2305 civitatem
2683 2250 2995 2321 occupavit,
3057 2263 3178 2319 qua:
3211 2248 3396 2301 (Iabba
3433 2245 3656 2301 dicitur.

2065 2342 2121 2399 in
2154 2343 2409 2399 omnibus
2443 2344 2595 2398 hisce
2639 2342 2773 2398 locis
2801 2344 3199 2414 gubernatores
3242 2347 3297 2393 et
3350 2336 3660 2409 pra'fectos.

2066 2436 2282 2491 idoneis
2310 2451 2434 2490 cum
2468 2435 2761 2506 praesidiis,
2793 2434 3064 2490 machinis
3115 2431 3349 2494 bellicis,
3392 2429 3558 2484 rebus
3593 2430 3659 2480 ad

2067 2542 2159 2581 eas
2192 2528 2522 2581 necessariis
2570 2528 2916 2597 annonisque
2963 2526 3206 2595 reliquit.
3245 2523 3408 2579 Turci
3440 2524 3659 2593 quidem

2066 2618 2242 2677 aiunt.
2302 2616 2598 2672 Osmanem
2656 2629 2851 2688 przetcr
2900 2619 3135 2673 iudicata
3184 2617 3299 2671 loca
3344 2626 3397 2671 et
3440 2615 3661 2685 oppida.

2066 2709 2382 2779 complures
2407 2710 2545 2763 alias
2566 2726 2785 2781 quoque
2811 2709 3063 2765 civitates
3096 2721 3150 2765 et
3180 2709 3402 2764 castella
3429 2707 3661 2777 cepisse.

2067 2800 2209 2869 Quin
2242 2804 2406 2856 etiam
2469 2811 2707 2869 constat,
2748 2801 3043 2857 Osmancm
3106 2801 3354 2861 bassam,
3408 2814 3553 2854 anno
3579 2814 3667 2853 se-

2067 2896 2254 2964 qui-nti
2308 2898 2582 2966 proximo,
2638 2911 2749 2966 quo
2805 2906 3051 2964 tempore
3121 2892 3663 2959 Constantinopolim
3727 2917 3737 2925 ο

2070 2986 2367 3055 profectus,
2423 3003 2645 3041 manum
2698 2987 2924 3041 sttltano
2970 2984 3164 3039 Murali
3212 2982 3661 3046 deosculabatur,

2070 3079 2211 3132 inter
2246 3079 2350 3132 alia
2383 3095 2637 3145 munera,
2682 3096 2807 3149 qua:
2851 3093 2949 3149 pro
2981 3077 3200 3133 snltano
3230 3069 3442 3130 Mttrﬁte
3476 3091 3661 3129 secum

377 3180 510 3223 roso
537 3167 810 3238 Rudolphi
838 3171 1064 3225 secundi
1120 3170 1353 3241 Augusti
1388 3170 1590 3240 legato,
1662 3168 1962 3224 Frcderico
1993 3196 2035 3252 α
2071 3170 2388 3239 advexerat,
2420 3171 2599 3226 eidem
2635 3172 2899 3227 obtulisse
2960 3170 3346 3240 septemdecim
3382 3168 3506 3239 plus
3564 3168 3667 3220 mi-

379 3260 663 3328 Breinero,
704 3261 917 3318 Barone
942 3261 1286 3329 Fladizzano,
1346 3261 1719 3317 inverecunde
1772 3262 1968 3331 praedi-

381 3363 561 3417 caret,
602 3368 690 3418 se,
719 3370 972 3424 suprema
1015 3370 1140 3409 cum
1207 3362 1483 3421 potestate
1539 3351 1845 3421 profectum
1899 3351 1965 3406 ad

387 3444 683 3499 Persarum
715 3447 870 3513 lines,
913 3456 1127 3501 tantum
1168 3464 1219 3500 ιιι
1249 3447 1317 3501 iis
1351 3447 1489 3501 locis
1544 3460 1850 3515 occupasse
1885 3461 1968 3500 re-

389 3538 641 3608 gionum,
682 3548 740 3591 ut
772 3541 1121 3609 saugiacatus
1151 3539 1299 3594 ibide
1324 3557 1354 3591 n
1394 3543 1795 3609 quinquaginta
1833 3552 1968 3591 con-

391 3629 650 3685 stitucrit.
685 3630 739 3685 id
771 3647 896 3687 vero
925 3644 1131 3701 quanta
1196 3647 1322 3688 cum
1382 3632 1627 3686 vanitate
1689 3630 1859 3685 fuerit
1902 3630 1971 3683 ab

389 3727 510 3791 ipso
540 3724 766 3788 dictum,
803 3726 886 3780 vel
918 3741 985 3780 ex
1016 3740 1082 3780 eo
1111 3735 1281 3795 patet,
1358 3724 1504 3794 quod
1563 3726 1821 3778 univetsa
1859 3719 1971 3773 liu-

387 3816 572 3883 melia,
614 3831 719 3887 qua
753 3828 935 3872 tamen
964 3817 1325 3887 amplissima:
1355 3818 1679 3886 provinciae,
1733 3830 1831 3867 nec
1865 3828 1974 3867 uno

388 3928 415 3960 ιι
444 3907 641 3963 Turcis
707 3910 997 3980 acquisita:
1040 3912 1268 3974 sarculo,
1321 3910 1580 3974 Thracia,
1628 3905 1975 3968 Macedonia,

390 4000 606 4065 Scrvia,
640 4000 916 4073 Bulgaria.
966 4001 1220 4069 Albania,
1253 4000 1564 4066 Thessalia,
1628 4001 1807 4053 .‘ilorea
1860 3998 1977 4053 sive

398 4095 825 4164 l'eIOpounesus,
874 4097 1077 4150 Achaia
1110 4099 1225 4149 sive
1284 4095 1533 4159 Livadia,
1604 4091 1806 4147 IEtolia
1865 4090 1978 4145 sive

397 4187 723 4258 l).-spotatus
783 4204 906 4243 cum
968 4189 1092 4242 aliis
1153 4189 1528 4250 continentur,
1588 4186 1729 4238 ultra
1792 4183 1977 4253 \igittti

393 4285 532 4336 duos
557 4282 1040 4352 sangiacatusuon
1100 4283 1317 4335 habeat.
1356 4280 1470 4335 luto
1523 4287 1762 4340 constat,
1823 4276 1982 4330 Sina-

394 4391 516 4430 ncm
544 4375 600 4429 in
621 4375 686 4429 iis
706 4376 839 4430 locis
863 4374 1307 4428 nihilad-nodum
1338 4370 1697 4426 memorabile
1721 4369 1981 4438 gessisse,

392 4470 498 4521 nisi
536 4469 680 4536 quod
717 4484 885 4521 unum
920 4477 973 4521 ct
1010 4469 1240 4521 alterum
1263 4463 1706 4534 beglerbcgatuxu
1732 4454 1984 4515 instillth

397 4567 492 4615 rit.
527 4562 595 4614 At
624 4562 814 4630 quales
837 4558 1292 4631 beglerl;egatus?
1319 4556 1454 4609 Alba
1483 4554 1668 4609 Grteei
1710 4556 1789 4607 vel
1844 4554 1980 4607 Alba

390 4636 636 4721 regalis;
674 4651 1011 4721 Strigonium
1069 4651 1155 4705 vel
1212 4647 1630 4717 Sigetivarum;
1682 4661 1805 4713 qua:
1860 4643 1978 4697 loca

390 4744 813 4815 saugiacatuum
848 4743 1072 4796 nomine
1106 4736 1487 4794 tantummodo
1528 4741 1825 4791 censentur
1856 4736 1983 4789 hac-

394 4853 585 4904 tenus,
623 4836 1162 4908 reetejudicautium
1210 4834 1469 4903 opinione
1510 4833 1721 4903 singula
1787 4830 1983 4900 praefe-

399 4931 572 4985 renda
605 4928 833 4985 v’euiunt
862 4941 1105 4999 quatuor
1153 4926 1429 4998 ejusmodi
1469 4924 1550 4977 rel
1597 4924 1843 4992 quinque
1896 4924 1989 4974 lte-

400 5020 980 5090 glerbegatithident
1030 5021 1252 5090 quidem
1321 5029 1471 5072 certe
1510 5018 1607 5069 viri
1664 5017 1986 5084 prudentes,

406 5129 707 5182 rerumque
751 5111 1110 5168 Turciearutn
1171 5122 1226 5164 et
1273 5111 1492 5165 illorum
1558 5109 1745 5163 tinium
1806 5106 1986 5176 periti,

404 5224 534 5261 cum
572 5208 788 5261 recitari
830 5216 908 5260 tut
943 5206 1360 5274 beglerbegatus
1399 5219 1587 5255 co:tttn
1619 5203 1863 5256 locorum
1892 5216 1989 5252 au-

402 5295 568 5350 tiiunt
592 5314 603 5349 :
630 5294 989 5366 Tiphlisium,
1016 5293 1393 5356 'l'sclitldiritn,
1434 5292 1793 5355 Soehuntatn,
1852 5289 1991 5343 Car-

402 5388 1161 5452 setttn,Batinum,etalios.
1239 5386 1517 5439 lieVanum
1575 5383 1735 5438 facile
1792 5397 1990 5437 nomen

408 5484 515 5536 ltoc
552 5491 755 5537 tttctur.
787 5481 980 5536 Itidem
1017 5482 1308 5534 Sirmnum
1332 5496 1547 5548 quoque
1576 5478 1991 5547 bcglerbegalns

411 5576 630 5628 titulum
665 5583 992 5638 mereretur,
1020 5574 1065 5628 si
1098 5573 1405 5627 Turcorutn
1449 5581 1593 5625 esset
1626 5571 1676 5623 iu
1703 5578 1994 5637 potestate.

413 5667 875 5738 quemadmodum
915 5666 1070 5720 initio
1103 5666 1251 5730 belli,
1299 5665 1469 5741 ductu
1498 5663 1798 5732 Mustaplue
1821 5661 1997 5717 bassze

417 5762 615 5817 veziris
680 5759 1106 5816 Ostnauidarutn
1164 5760 1397 5827 imperio
1461 5758 1641 5811 fuerat
1695 5756 1993 5825 adjectum.

422 5852 528 5911 Sed
563 5854 978 5926 bcglcrbcgatus
1034 5851 1214 5908 exteri
1241 5852 1356 5908 suis
1383 5867 1503 5907 cum
1565 5848 1880 5918 tcrritoriis,
1929 5848 1995 5905 ad

2072 3280 2241 3319 nusve
2268 3265 2449 3320 claves
2481 3273 2790 3335 argenteas.
2832 3265 2898 3318 Et
2929 3263 3162 3332 singulis
3194 3261 3663 3317 clavibus'inscri.

2071 3366 2221 3425 ptum
2254 3371 2452 3411 nomen
2478 3365 2642 3410 certte
2666 3356 2904 3411 civitatis
2932 3364 3027 3408 aut
3060 3354 3292 3417 castelli,
3331 3353 3399 3407 ab
3424 3350 3668 3407 Osniaue

2074 3447 2128 3500 iu
2163 3456 2491 3515 potestatem
2530 3448 2759 3503 redacti.
2821 3448 3144 3513 Signiﬁcare
3193 3447 3451 3501 nimirum
3503 3445 3666 3512 hujus

2073 3541 2352 3595 oblatione
2408 3542 2535 3595 doni
2594 3542 2982 3611 septemdecim
3040 3540 3278 3594 clavium
3333 3538 3571 3602 volebat,
3610 3556 3668 3591 se

2077 3635 2295 3689 totidem
2320 3636 2531 3703 cepisse
2560 3636 2639 3686 vel
2680 3634 2899 3702 oppida.
2939 3633 3020 3685 vel
3064 3641 3267 3692 castra,
3311 3638 3447 3699 quot
3482 3640 3669 3683 essvnt

2079 3726 2209 3796 ipsa:
2232 3742 2462 3781 numero
2510 3727 2713 3779 claves.
2736 3725 2892 3790 Quod
2927 3726 3178 3794 equidem
3219 3718 3441 3776 tuemini
3472 3723 3666 3791 pleris-

2077 3833 2184 3888 que
2212 3817 2343 3871 viris
2374 3817 2760 3887 prudentibus,
2785 3824 2839 3869 et
2878 3814 3443 3870 rt‘rtttuTurelcarttm
3478 3815 3667 3882 gnatis

2082 3926 2424 3980 nequaquam
2481 3925 2606 3963 vero
2668 3909 2844 3962 visum
2895 3908 3071 3963 simile
3132 3924 3145 3961 :
3199 3922 3322 3961 cum
3381 3906 3561 3975 potius
3602 3922 3665 3957 ea

2080 4019 2343 4075 pagorum
2376 4016 2502 4056 esse
2531 4001 2841 4070 jndicarcnt
2889 4000 3133 4063 timuiita,
3188 4015 3350 4069 quam
3390 4000 3473 4054 vel
3520 4000 3671 4065 opp‘-.

2082 4096 2300 4161 dorum,
2322 4093 2404 4149 vel
2430 4093 2803 4148 castellorum.
2839 4091 2948 4147 Sed
2983 4091 3128 4146 enim
3164 4107 3259 4161 per
3292 4105 3379 4144 me
3438 4090 3665 4144 liberum

2084 4186 2187 4241 hac
2213 4187 2277 4240 de
2302 4200 2359 4238 re
2386 4183 2657 4254 judicitun
2691 4182 2866 4237 cuivis
2897 4188 3036 4237 esto.

2156 4277 2292 4332 Cum
2324 4276 2413 4331 hic
2465 4293 2644 4330 rerum
2693 4276 2745 4329 in
2778 4278 2843 4330 iis
2879 4277 3012 4330 locis
3044 4290 3337 4330 successus
3366 4282 3530 4338 esset,
3565 4276 3631 4328 de
3652 4305 3671 4313 ο

2088 4383 2198 4421 ιιιιο
2225 4382 2355 4421 suos
2396 4368 2460 4419 ad
2498 4366 2777 4421 sultauum
2811 4365 3077 4420 Muratcm
3135 4366 3283 4419 misit
3315 4365 3544 4431 Osmau,
3581 4366 3671 4432 qui

2089 4468 2338 4528 peterent
2366 4467 2425 4513 ιιι
2446 4460 2748 4528 ipsumtuet
2776 4457 3013 4511 'l‘ataritc
3076 4472 3258 4524 regem
3283 4455 3671 4515 Muchetnctetp

2018 4535 2234 4607 Dferre
2293 4551 2397 4605 sibi
2454 4551 2739 4621 suppetias
2792 4549 3029 4619 juberet.
3092 4545 3242 4600 Fecit
3296 4547 3396 4598 hoc
3453 4545 3672 4613 quidrni

2087 4643 2348 4700 Ostnauis
2376 4653 2563 4713 rogatu
2599 4643 2861 4706 Muratcs,
2899 4640 2991 4695 sed
3036 4623 3268 4693 Tatarus
3293 4637 3409 4691 suis
3443 4638 3675 4690 homini~

2089 4742 2191 4795 bus
2241 4740 2306 4794 ad
2362 4739 2629 4794 Muratetu
2685 4738 2976 4805 ablegatis,
3022 4734 3192 4788 libere
3247 4733 3551 4801 respondit,
3614 4750 3671 4787 se

2094 4832 2354 4887 mandato
2388 4832 2616 4887 Muralis
2671 4814 3052 4899 superioribus
3107 4825 3269 4880 annis
3311 4825 3450 4879 duos
3483 4825 3677 4880 fratres

2092 4944 2222 4982 suos
2261 4941 2386 4981 cutn
2426 4926 2614 4980 multis
2640 4924 2884 4978 millibus
2914 4922 3197 4975 hominum
3228 4918 3443 4974 misisse
3466 4917 3678 4972 'l‘cmir-

2093 5020 2272 5089 capitn
2313 5035 2328 5075 :
2362 5033 2597 5088 quorum
2635 5030 2793 5071 nemo
2822 5030 2944 5069 curn
2976 5013 3161 5067 salvus
3186 5013 3405 5066 domum
3433 5012 3674 5068 redierit.

2093 5112 2259 5167 etiam
2312 5110 2544 5164 fratrum
2598 5109 2770 5162 altero
2812 5120 2977 5165 exeso,
3032 5106 3206 5157 altero
3262 5103 3314 5156 itt
3367 5103 3679 5157 carceribus

2094 5206 2234 5271 apud
2266 5205 2452 5257 hostes
2486 5207 2720 5263 mortuo,
2752 5197 2921 5253 videri
2954 5197 3056 5251 sibi
3093 5211 3294 5250 novum
3329 5193 3495 5264 376
3518 5192 3677 5260 quid--

2095 5300 2218 5351 tiam
2243 5304 2297 5348 et
2320 5293 2586 5358 insolens,
2611 5307 2668 5345 se
2696 5288 3108 5360 quoqucjuberi
3134 5287 3350 5340 tandem
3382 5285 3451 5339 ad
3479 5284 3678 5349 bellum

2102 5393 2205 5442 hoc
2239 5383 2537 5457 proficisci,
2565 5382 2705 5452 quod
2743 5397 2837 5449 per
2866 5383 3074 5448 legatos
3106 5377 3220 5446 geri
3268 5377 3455 5445 possit.
3504 5374 3682 5428 Nihilo

2103 5493 2280 5534 tamen
2316 5477 2500 5533 minus
2540 5492 2618 5539 se,
2653 5474 2872 5543 quando
2923 5472 3161 5525 Muratcs
3209 5469 3281 5522 ita
3325 5483 3421 5538 pro
3439 5466 3540 5535 ,βιιί
3586 5481 3681 5520 au-

2102 5573 2356 5627 ctoritate
2384 5566 2598 5637 imperii
2631 5565 2972 5637 praeciperet,
3000 5570 3385 5630 suscepturum
3422 5559 3562 5612 hanc
3588 5573 3684 5612 ex-

2103 5666 2432 5738 peditionem
2466 5679 2478 5715 :
2505 5660 2665 5715 modo
2683 5660 2785 5714 sibi
2810 5658 2947 5712 mitti
2978 5662 3196 5711 curaret
3219 5669 3393 5716 arma,
3424 5653 3683 5721 pecunias

2106 5761 2157 5814 in
2190 5759 2420 5811 tnilituut
2447 5752 2743 5824 stipendia,
2789 5765 2913 5806 cmn
2959 5748 3082 5804 aliis
3135 5749 3300 5801 rebus
3348 5744 3657 5801 IlCt'L‘SS'JflS

2118 5851 2378 5920 Mut‘atcs,
2407 5855 2630 5921 accepto
2660 5844 2842 5901 Tatari
2876 5857 3163 5912 responso,-
3193 5857 3304 5895 rcm
3339 5855 3462 5895 cum
3494 5846 3688 5907 supre-
